3538 5364
543 282 676 348 550
1212 273 1396 329 Tract.
1424 275 1517 330 IX.
1545 273 1615 328 dc
1642 274 1857 335 ordine.
1888 274 2197 330 Corollaria.
2223 273 2492 346 practica.

540 463 725 523 ritus:
773 482 955 539 quare
998 463 1143 539 ipsis
1189 462 1596 539 satagendum,
1643 464 1714 520 ut
1757 462 2050 521 formetur
2094 462 2159 520 in
2189 462 2467 521 fidelibus
2499 461 2769 536 Christus
2801 463 2924 524 Gal.
2961 472 3018 534 4,
3065 474 3164 526 19.

541 551 735 621 Quare
754 553 982 611 viscera
999 552 1260 628 pietatiS,
1295 571 1553 611 amorem
1572 556 1906 628 paternum,
1941 556 2273 610 maternam
2293 551 2760 611 sollicitudinem
2792 570 2931 629 erga
2962 551 3171 611 fideles

538 641 786 700 induere
817 645 880 700 et
909 658 1047 701 oves
1070 641 1414 700 aberrantes
1445 641 1567 699 zelo
1598 641 1924 716 apostolico
1955 641 2028 699 ad
2060 659 2269 699 verum
2300 644 2595 717 pastorem
2630 641 2962 699 animarum
2982 641 3164 699 redu-

537 747 668 789 cere
712 730 959 789 debent:
1007 730 1382 789 obsecrantes
1428 748 1534 806 pro
1579 729 1830 800 Christo,
1878 733 1950 788 ut
1992 729 2449 789 reconcilientur
2493 730 2614 788 Deo
2665 739 2719 793 2.
2767 730 2891 788 Cor.
2929 740 2986 801 5,
3041 739 3161 797 20;

537 820 736 878 omnia
765 819 1043 878 omuibus
1076 819 1205 878 fieri
1235 819 1470 890 debent,
1504 822 1576 877 nt
1607 836 1814 877 omnes
1846 818 2067 877 faciant
2100 819 2293 878 salvos
2322 830 2375 881 1.
2399 818 2527 881 Cor.
2548 828 2605 888 9,
2633 827 2749 889 223
2781 819 2983 893 verbe,
3018 819 3162 883 fide-

534 908 713 979 libus,
735 908 855 967 imo
869 908 1279 984 peccatoribus
1296 908 1570 966 exhibere
1589 906 1653 965 in
1673 926 1734 966 se
1756 908 1978 967 debent
1991 908 2190 985 ipsum
2207 907 2525 978 Christum,
2547 908 2640 983 cuj
2649 925 2720 966 us
2743 911 2963 986 gerunt
2981 908 3168 967 vices-

712 1028 775 1099 3.
819 1033 1184 1109 Funguntur
1227 1033 1533 1111 legatione
1563 1053 1674 1110 pro
1706 1034 1936 1093 Christo
1980 1034 2045 1092 in
2089 1033 2298 1092 ordine
2352 1032 3047 1092 sanctificationis
3099 1038 3170 1092 et

534 1120 762 1180 ratione
794 1122 1219 1195 sacrificii,
1263 1124 1422 1199 qnod
1454 1123 1695 1182 nomine
1728 1123 1946 1197 Christi
1977 1124 2237 1182 offerunt
2266 1122 2445 1184 Hebr.
2483 1132 2536 1191 5,
2578 1133 2603 1184 1
2643 1116 2716 1205 (Ι,
2759 1133 2780 1183 1
2810 1142 2825 1191 3
2856 1123 2942 1183 th.
2979 1118 3159 1203 237),

534 1210 706 1285 cujus
739 1211 1159 1286 praestantiam
1191 1215 1253 1271 et
1282 1212 1596 1271 efficaciam
1630 1212 1846 1290 collige
1876 1231 1945 1270 ex
1978 1212 2153 1271 dictis
2186 1231 2243 1270 u.
2280 1213 2494 1281 328¹⁰‚
2542 1214 2605 1269 et
2634 1211 2866 1269 ratione
2897 1229 3160 1270 sacra-

531 1301 995 1358 mentorum:
1044 1303 1189 1359 sunt
1220 1301 1376 1359 enim
1411 1301 1851 1377 dispensatores
1884 1301 2304 1377 mysteriorum
2337 1300 2445 1359 Dei
2485 1312 2535 1363 1.
2568 1300 2694 1358 Cor.
2730 1310 2785 1370 4,
2828 1311 2850 1363 1
2879 1322 2894 1369 3
2940 1319 3163 1359 manus

530 1389 592 1446 et
622 1387 830 1465 lingua
861 1388 1097 1459 Christi,
1145 1390 1250 1464 qui
1282 1408 1487 1448 eorum
1521 1391 1966 1465 operationibus
1997 1391 2196 1448 utitur
2225 1393 2534 1465 tamquam
2567 1389 2693 1448 suis
2726 1389 2787 1447 in
2821 1389 3161 1448 animarum

532 1476 785 1535 salntem
831 1472 914 1559 (n.
964 1474 1153 1559 260):
1202 1479 1261 1537 in
1313 1497 1568 1555 persona
1618 1480 1839 1539 Christi
1884 1483 2073 1556 agunt
2120 1487 2175 1541 2.
2221 1479 2345 1537 Cor.
2381 1487 2436 1548 2,
2480 1489 2576 1540 10.
2644 1476 2836 1546 Quare
2882 1479 3163 1538 sacerdos

526 1568 810 1624 strenuus
841 1568 904 1624 et
934 1566 1267 1626 animarum
1299 1568 1422 1626 zelo
1454 1568 1688 1628 fervens
1720 1571 1814 1626 est
1845 1568 2016 1643 quasi
2047 1568 2179 1626 fons
2211 1586 2320 1626 seu
2350 1567 2565 1625 melius
2597 1567 2855 1625 canali
2874 1585 2901 1625 s
2933 1568 3156 1643 gratia-

526 1673 659 1712 rum
690 1654 1082 1714 inexhaustus
1115 1656 1180 1715 in
1210 1657 1518 1724 bominum
1539 1657 1885 1719 utilitatem.
1917 1655 2300 1716 Meminerint
2329 1660 2564 1714 tamen:
2601 1655 2808 1715 Gratis
2838 1659 3159 1731 accepistis,

525 1745 714 1818 qratia
744 1745 876 1802 date
907 1745 1116 1804 Matth.
1157 1756 1255 1813 10,
1292 1756 1350 1810 8.

708 1896 851 1951 586.
885 1883 1010 1952 IV.
1046 1888 1110 1948 Si
1142 1890 1474 1949 sacerdotes
1506 1909 1613 1966 pro
1646 1890 1881 1953 Christo
1913 1889 2211 1967 legatione
2244 1890 2604 1965 funguntur,
2640 1887 2715 1946 ad
2746 1905 2847 1946 eos
2879 1891 3161 1963 spectant

524 1976 732 2035 verba:
768 1977 930 2035 Sicut
959 1997 1047 2035 me
1078 1981 1232 2037 misit
1264 1978 1459 2054 Pater,
1491 1987 1544 2046 et
1575 1998 1672 2056 eqo
1704 1981 1865 2038 mitto
1896 1998 1993 2038 vos
2024 1979 2115 2039 Jo.
2157 1988 2259 2048 20,
2297 1987 2397 2040 21.
2464 1978 2795 2037 Mittuntur
2825 1977 2952 2038 scil.

707 2095 767 2161 l.
814 2120 850 2158 a
892 2101 1140 2172 Christo,
1191 2103 1276 2161 ita
1323 2108 1396 2163 ut
1439 2106 1569 2180 ejus
1615 2103 2135 2163 auctoritatis
2182 2101 2510 2161 reddantur
2540 2101 2602 2159 vi
2632 2102 2814 2176 hujus
2846 2101 3156 2159 missionis

523 2188 874 2265 participes;
907 2194 969 2249 et
1000 2191 1237 2267 quidem
1272 2210 1335 2256 a.
1370 2193 1443 2251 ad
1473 2193 1832 2252 docendum:
1865 2193 2004 2251 hinc
2032 2192 2187 2251 dixit
2215 2191 2289 2250 ad
2321 2209 2451 2250 eos:
2491 2191 2645 2250 Data
2676 2198 2756 2249 est
2786 2191 2930 2247 mihi
2959 2192 3158 2248 omnia

511 2284 770 2355 potestas
801 2281 861 2337 in
893 2282 1038 2339 coelo
1070 2288 1120 2339 et
1151 2282 1213 2339 in
1245 2289 1403 2340 terra
1421 2304 1442 2341 .·
1471 2288 1664 2341 euntes
1693 2301 1826 2360 erqo
1857 2282 2043 2340 docete
2072 2298 2269 2339 omnes
2298 2288 2486 2357 yentes
2517 2280 2723 2343 Matth.
2749 2288 2852 2351 28,
2894 2286 2990 2342 18.
3032 2288 3146 2349 19;

522 2363 595 2429 b.
628 2366 702 2425 ad
734 2368 1604 2433 sanctificandumzhinc
1634 2391 1771 2430 mox
1802 2373 1941 2447 post
1972 2371 2071 2428 illa
2104 2370 2283 2429 verba
2303 2370 2520 2439 J0.·2O,
2547 2378 2618 2431 21
2667 2368 2916 2444 subjicit
2948 2387 3002 2427 v.
3030 2376 3149 2429 22:

520 2456 778 2521 Accipite
798 2456 1087 2533 Spiritum
1117 2476 1187 2533 s.,
1221 2479 1464 2536 quorum
1484 2462 1822 2519 remiseritis
1830 2468 2093 2539 peccata,
2126 2461 2504 2517 remittuntur
2533 2459 2643 2531 eis;
2674 2471 2736 2522 c.
2767 2456 2841 2515 ad
2874 2475 2953 2515 re
2968 2476 3058 2534 ge
3075 2475 3145 2514 n-

519 2545 559 2602 d
573 2565 615 2603 u
632 2565 687 2603 m
706 2565 719 2603 :
741 2565 1107 2625 quaecunque
1124 2550 1504 2626 alliqaveritis
1521 2558 1955 2626 superterram,
1976 2555 2145 2607 erunt
2163 2549 2342 2623 liqata
2362 2554 2414 2605 et
2432 2549 2495 2605 in
2515 2548 2662 2604 coelo
2684 2546 2892 2604 Matth.
2912 2557 2935 2607 1
2955 2555 3010 2615 8,
3037 2558 3062 2608 1
3078 2555 3150 2615 ὃς,

517 2653 689 2713 pasce
717 2654 897 2712 aynae
926 2655 1077 2697 meos
1107 2638 1199 2698 Jo.
1236 2647 1336 2709 21,
1379 2649 1473 2702 16.
1537 2638 1727 2709 Quare
1759 2639 1970 2699 vices
2004 2637 2223 2697 Christi
2255 2639 2475 2714 gerunt
2503 2637 2567 2695 in
2600 2638 2776 2694 terra.

694 2756 762 2822 2.
796 2760 961 2818 Misit
990 2778 1090 2820 eos
1120 2780 1258 2835 eum
1288 2762 1353 2820 in
1383 2762 1650 2835 finem,
1683 2762 1756 2820 ad
1790 2781 1968 2839 quem
1985 2761 2115 2837 ipse
2133 2761 2330 2820 venit:
2364 2759 2429 2821 in
2459 2760 2768 2819 hominum
2802 2761 3146 2830 salutem,

517 2866 803 2922 quaerere
834 2849 960 2913 scil.
1007 2855 1069 2908 et
1113 2851 1344 2909 salvare
1390 2851 1553 2927 quod
1585 2852 1845 2927 perierat
1875 2852 2082 2913 Matth.
2125 2861 2219 2920 18,
2261 2861 2372 2920 113
2424 2852 2495 2908 ut
2543 2852 2748 2908 essent
2795 2850 3145 2908 bominibus

516 2936 638 2994 via
667 2937 956 3014 regimine
987 2943 1050 2997 et
1078 2939 1362 3015 exemplo,
1409 2940 1709 3000 veritas
1740 2939 2107 3018 magisteriO,
2156 2940 2320 2998 vita
2352 2935 2855 2997 sacramentorum
2886 2938 3142 2997 admini-

515 3026 835 3085 stratione:
886 3046 1038 3102 quae
1068 3030 1297 3087 vocatio
1329 3029 1596 3088 omnium
1642 3032 1737 3088 est
1779 3029 2177 3088 nobilissima:
2228 3027 2487 3089 nobilior
2535 3042 2597 3091 a.
2648 3030 2776 3086 arte
2825 3028 3137 3096 medici,

514 3114 619 3188 qui
652 3132 855 3174 curare
886 3119 1124 3175 tantum
1155 3121 1356 3192 potest
1385 3119 1622 3178 morbos
1654 3119 1936 3195 corporis,
1983 3118 2166 3193 idque
2211 3117 2284 3176 ad
2330 3120 2587 3191 tempus,
2621 3133 2816 3192 neque
2847 3115 3142 3175 infallibi-

512 3202 682 3273 liter;
730 3204 869 3261 dum
904 3204 1275 3264 sacerdotum
1307 3211 1400 3265 est
1430 3227 1635 3266 curare
1667 3207 1820 3266 vitia
1851 3207 2051 3275 animi,
2098 3206 2389 3265 suscitare
2419 3204 2819 3280 spiritualiter
2848 3208 3135 3274 mortuoS,

512 3290 731 3350 donare
762 3292 902 3363 vita,
935 3297 1225 3369 quantum
1259 3299 1351 3354 est
1381 3315 1450 3354 ex
1482 3315 1563 3367 se,
1596 3300 1866 3366 aeterna3
1913 3296 2174 3356 nobilior
2205 3293 2274 3360 b.
2305 3298 2432 3353 arte
2464 3292 2925 3363 architecti,
2963 3295 3138 3370 cujus

511 3382 604 3437 est
633 3384 974 3440 construere
1006 3383 1179 3441 aedes
1212 3385 1517 3459 superbas,
1549 3389 1817 3462 tempore
1848 3389 2049 3444 tamen
2080 3385 2407 3461 perituras:
2442 3382 2586 3441 dum
2619 3382 2890 3442 sacerdos
2924 3401 3137 3459 coope-

510 3471 680 3526 ratur
714 3468 789 3528 ad
835 3470 1143 3529 condenda
1172 3474 1398 3549 templa
1430 3475 1687 3551 Spiritus
1721 3493 1767 3533 s.
1819 3476 1881 3533 in
1928 3474 2195 3533 fidelium
2241 3472 2536 3538 cordibus,
2589 3471 2663 3529 ad
2712 3470 3134 3530 aedificandam

509 3557 847 3629 Ecclesiam,
895 3561 1179 3618 adversus
1214 3580 1393 3635 qnam
1424 3566 1627 3639 portae
1656 3563 1834 3622 inferi
1866 3583 1987 3623 non
2017 3562 2448 3638 praevalebunt
2478 3560 2689 3622 Matth.
2730 3571 2827 3631 16,
2867 3569 2944 3623 18
2966 3584 2995 3630 ;·
3028 3580 3133 3619 no-

507 3646 687 3704 bilior
737 3661 797 3712 c.
846 3650 973 3706 arte
1022 3649 1390 3719 militari,
1446 3654 1617 3727 cujus
1666 3655 1777 3725 est,
1830 3671 1949 3729 qno
1993 3656 2088 3712 est
2132 3651 2400 3724 validior,
2448 3667 2725 3726 spargere
2758 3650 3133 3726 sanguinem,

507 3737 799 3811 complere
820 3737 1013 3796 ruinis
1035 3739 1251 3808 omnia,
1287 3740 1614 3818 subjugare
1644 3746 1705 3801 et
1737 3743 1996 3818 spoliare
2017 3740 2303 3817 populos:
2338 3737 2479 3797 dnm
2500 3738 2819 3796 sacerdotis
2853 3741 2947 3796 est
2978 3739 3131 3797 libe·

506 3843 635 3883 rare
679 3845 714 3883 a
749 3826 900 3903 jugo
946 3827 1169 3902 peccati
1201 3831 1265 3886 et
1294 3829 1613 3901 daemonis,
1661 3850 1732 3890 ex
1776 3831 1996 3891 inferni
2027 3829 2297 3889 faucibus
2328 3830 2677 3903 peccatores,
2734 3844 2831 3886 eos
2882 3826 3134 3885 reddere

506 3912 656 3972 filios
690 3914 813 3984 Dei,
867 3914 1058 3974 ditare
1092 3916 1260 3976 bonis
1294 3920 1602 3994 supernis;
1653 3921 1915 3980 nobilior
1965 3915 2034 3984 d.
2081 3936 2330 3977 munere
2380 3914 2716 3974 docendi
2765 3935 2883 3991 quo
2932 3917 3132 3984 altior,

504 4002 736 4072 certior,
773 4004 1083 4074 salubrior,
1117 4005 1378 4065 nobilior
1408 4011 1502 4066 est
1533 4009 1783 4068 scientia
1814 4009 2028 4069 salutis
2048 4008 2260 4084 quavis
2282 4004 2535 4065 scientia
2554 4003 2835 4080 profana;
2868 4004 3131 4064 nobilior

502 4090 742 4149 demum
774 4104 837 4156 θ.
873 4094 1082 4168 quavis
1115 4095 1233 4152 alia
1262 4099 1417 4167 arte,
1441 4117 1703 4169 munere,
1738 4098 2053 4175 dignitate,
2089 4116 2207 4173 quo
2238 4094 2499 4154 nobilior
2527 4093 2663 4151 finis
2684 4092 2896 4152 salutis
2914 4096 3132 4169 quovis

504 4179 637 4240 alio,
704 4179 897 4249 Quare
948 4183 1217 4242 sacerdos
1267 4184 1383 4243 sibi
1431 4185 1590 4245 dicta
1634 4191 1869 4246 censeat
1911 4187 2093 4247 verba
2125 4184 2349 4260 Moysis
2381 4182 2456 4241 ad
2487 4182 2671 4240 Josue
2706 4182 2877 4241 Deut.
2915 4193 3016 4252 31,
3058 4195 3124 4246 7:

509 4267 850 4341 Censor-tare
880 4278 929 4329 et
961 4279 1076 4330 esto
1096 4273 1401 4332 robustus:
1434 4283 1496 4333 tu
1527 4278 1677 4338 em'm
1700 4278 2032 4335 introduces
2053 4276 2340 4351 populum
2370 4274 2543 4330 istum
2577 4272 2641 4329 in
2675 4277 2915 4348 terram,
2951 4292 3130 4350 quam

503 4357 780 4418 daturum
811 4379 870 4417 se
897 4361 1167 4435 patribus
1195 4381 1392 4421 eorum
1422 4365 1641 4436 juravit
1673 4366 1958 4425 Dominus
1969 4387 1994 4439 ;
2027 4367 2119 4423 vel
2150 4365 2256 4423 illa
2286 4363 2358 4421 Is.
2393 4371 2494 4430 40,
2532 4370 2599 4422 9:
2654 4359 2847 4436 Super
2877 4369 3124 4421 montem

503 4448 781 4505 excelsum
811 4450 1047 4507 ascende
1077 4458 1155 4526 tu,
1191 4454 1293 4528 qui
1323 4456 1671 4530 evanqelizas
1698 4456 1878 4530 Sion,·
1908 4455 2098 4513 exalta
2128 4456 2190 4511 in
2223 4446 2565 4527 fortitudine
2593 4466 2778 4508 vocem
2808 4457 2989 4527 tuam,
3025 4453 3130 4528 qui

502 4538 851 4612 evanqelizas
896 4540 1225 4598 Jerusalem
1241 4563 1267 4615 ‚·
1312 4544 1522 4616 exalta,
1570 4545 1688 4603 noli
1738 4546 1954 4602 timere.
2023 4543 2137 4602 Dic
2182 4539 2510 4600 civitatibus
2553 4537 2754 4596 Juda:
2799 4558 2917 4598 ecce
2963 4541 3126 4598 Deus

504 4632 718 4695 vester,·
764 4625 866 4683 sed
912 4630 974 4684 et
1014 4646 1237 4686 memor
1268 4630 1348 4688 sit
1380 4632 1696 4691 verborum
1732 4633 1913 4692 Oscae
1950 4642 2004 4702 4,
2043 4643 2109 4694 6:
2174 4632 2324 4704 Quia
2376 4636 2436 4686 lu
2486 4628 2783 4686 Scimlt'am
2833 4630 3124 4703 repuli-32¹⁶,

501 4714 772 4788 repellam
802 4723 870 4790 te,
905 4735 974 4773 ne
1004 4719 1320 4777 sacerdotio
1346 4709 1623 4798 funqari's
1654 4723 1813 4781 mihi.
