3538 5364
1080 300 1330 367 potestas
1356 296 1704 351 concedendi
1731 295 2143 367 indulgentias.
2786 305 2924 370 509

301 489 544 543 eatenus
579 487 829 554 tantum,
876 485 1172 560 quatenus
1204 484 1530 542 conficiunt
1560 485 1942 559 sacramenta,
1990 483 2209 559 quibus
2242 483 2618 558 applicantur
2650 484 2708 542 vi
2743 485 2917 542 insti·

299 577 553 633 tutionis
583 574 801 632 Christi
835 592 942 649 pro
973 574 1161 648 ipsius
1207 576 1363 631 nutu
1408 579 1469 631 et
1514 571 1761 631 arbitrio
1797 591 1905 631 sua
1936 573 2163 631 merita.
2227 572 2508 641 Quocirca
2550 590 2670 630 non
2717 576 2809 631 est
2854 574 2916 631 in

299 662 545 721 arbitrio
578 662 896 721 sacerdotis
926 662 1053 720 sive
1085 663 1234 721 hanc
1263 662 1718 738 applicationem
1766 662 1889 720 sive
1911 677 1916 681 ·
1935 663 2063 736 ejus
2095 662 2357 720 fructum
2402 666 2462 719 et
2507 663 2781 721 effectum
2812 662 2913 720 de-

298 752 618 810 terminare
663 752 747 809 ita
792 752 933 822 scil„
980 755 1050 809 ut
1095 755 1330 809 tantum
1364 749 1489 809 sive
1521 751 1747 827 gratiae
1780 751 2130 819 conferatur,
2176 751 2300 809 sive
2330 769 2552 826 poenae
2584 752 2915 810 relaxetur:

297 844 504 900 contra
539 841 603 898 in
647 840 1034 917 indulgentiis
1067 841 1443 916 applicantur
1476 839 1909 898 satisfactiones
1944 839 2158 898 Christi
2192 843 2355 898 extra
2386 845 2821 898 sacramentum
2854 846 2915 898 et

297 949 405 1006 pro
436 929 679 988 arbitrio
712 929 1063 988 conferentis
1103 929 1527 1005 indulgentias,
1575 929 1679 1005 qui
1726 931 1928 1004 potest
1973 932 2209 987 tantum
2259 929 2574 1004 applicare,
2622 933 2915 1004 quantum

296 1019 628 1093 requiritur
673 1019 746 1077 ad
792 1018 1172 1077 relaxandum
1207 1036 1380 1076 omne
1411 1018 1682 1077 debitum
1714 1019 1813 1076 vel
1844 1017 2032 1077 debiti
2065 1021 2312 1093 partem.
2379 1018 2457 1079 cf.
2506 1036 2552 1079 s,
2598 1019 2916 1077 Tnomas

296 1108 495 1183 suppl.
540 1127 595 1183 q.
633 1117 710 1171 25
759 1128 808 1166 a.
846 1117 879 1169 2
928 1108 1002 1166 ad
1043 1119 1092 1170 1.
1156 1107 1381 1166 Deinde
1428 1108 1761 1166 sacerdotes
1809 1107 2027 1165 debent
2060 1107 2388 1165 secundum
2422 1107 2713 1166 Ecclesiae
2746 1127 2924 1182 prae-

295 1197 580 1272 scriptum
616 1197 922 1271 imponere
953 1196 1357 1272 poenitentias
1395 1197 1466 1254 ad
1515 1196 1997 1255 satisfaciendum
2032 1195 2268 1254 divinae
2295 1196 2572 1272 justitiae
2608 1192 2793 1278 (sicut
2813 1198 2915 1272 ju·

295 1285 457 1345 dices
489 1284 766 1365 poenas):
800 1286 900 1344 sed
931 1285 1161 1344 easdem
1193 1285 1522 1362 indulgere,
1556 1286 1816 1344 relaxare
1845 1305 1977 1345 cum
2000 1284 2213 1344 effectu
2233 1304 2426 1344 coram
2449 1286 2567 1344 Deo
2587 1291 2915 1362 nequeunt,

295 1374 459 1433 sicut
488 1393 681 1450 neque
703 1375 937 1450 judices
970 1374 1281 1433 inferiores
1314 1393 1532 1450 poenas
1559 1374 1886 1434 secundum
1921 1376 2082 1451 leges
2115 1374 2231 1432 reis
2264 1374 2572 1449 impositas
2605 1375 2919 1452 indulgere

291 1466 567 1539 possunt.
642 1464 1079 1522 Satisfactiones
1126 1466 1324 1523 autem
1376 1464 1658 1523 thesauro
1707 1464 2005 1522 Ecclesiae
2056 1466 2366 1522 contentas
2417 1463 2574 1522 hunc
2623 1465 2687 1522 in
2742 1465 2923 1523 finem,

292 1553 590 1628 applicare
629 1553 794 1611 illius
839 1556 1073 1612 tantum
1120 1556 1230 1623 est,
1277 1556 1348 1611 ut
1392 1553 1669 1623 diximuS,
1718 1553 1822 1628 qui
1855 1553 2145 1612 Ecclesiae
2176 1558 2422 1628 praeest.
2489 1554 2569 1611 cf.
2604 1554 2923 1612 Bellar-

295 1643 550 1700 minus
580 1641 627 1712 Ι,
664 1653 719 1704 4.

476 1781 1074 1864 530.Proposit10
1109 1780 1192 1846 V.
1256 1779 1629 1844 Tenendum
1676 1780 1740 1842 in
1793 1781 2014 1861 primis
2062 1786 2177 1856 est,
2224 1780 2628 1863 iudulqentiis
2674 1781 2921 1843 nullum

291 1888 527 1950 remitti
544 1894 891 1968 peccatum.
956 1885 1037 1951 Ut
1067 1886 1602 1967 indulgentiarum
1659 1887 1939 1951 indolem
1972 1887 2198 1952 melius
2232 1905 2671 1970 assequamur,
2706 1887 2771 1951 in
2803 1907 2914 1953 ea-

291 2012 441 2056 rum
472 1994 864 2076 inquiremus
897 1994 1302 2059 effectum.
1366 1993 1622 2058 Veritas
1670 1994 2045 2058 assertionis
2078 2000 2340 2059 nostrae
2391 1994 2538 2059 inde
2583 1995 2915 2075 colligitur,

296 2100 469 2182 quod
500 2100 931 2182 indulgentiae
963 2119 1094 2165 non
1125 2108 1274 2165 sunt
1304 2106 1732 2174 sacramenta,
1766 2108 1831 2165 et
1861 2100 1943 2164 ad
1978 2106 2391 2182 peccatorum
2413 2103 2779 2166 mortalium
2811 2123 2913 2168 re-

299 2207 667 2271 missionem
697 2208 988 2272 instituta
1019 2216 1168 2271 sunt
1191 2209 1326 2289 jam
1358 2216 1768 2272 sacramenta
1801 2207 2103 2288 baptismi
2157 2214 2222 2272 et
2251 2208 2718 2288 poenitentiae3
2766 2210 2913 2274 dein

299 2314 380 2377 ad
411 2314 754 2378 lucrandas
785 2314 1213 2395 indulgentias
1246 2314 1458 2380 velex
1489 2314 1864 2396 pontificum
1910 2313 2347 2379 declaratione
2388 2315 2522 2395 jam
2573 2317 2919 2398 requiritur

293 2428 504 2484 status
537 2422 814 2500 gratiae;
866 2428 932 2485 et
981 2413 1177 2486 etiam
1225 2428 1498 2503 peccata
1545 2421 1826 2485 venialia
1874 2422 2285 2485 remittuntur
2336 2428 2587 2485 tantum
2632 2423 2732 2486 vel
2764 2432 2911 2487 actu

291 2530 493 2610 ipsius
525 2528 802 2591 hominis
833 2528 933 2593 vel
965 2535 1517 2593 sacramentorum
1553 2529 1804 2592 virtute.
1865 2528 2109 2592 Verum
2158 2527 2418 2609 quidem
2466 2534 2564 2592 est
2613 2547 2911 2594 nonnun-

292 2652 493 2718 quam
524 2635 646 2715 legi
677 2634 742 2699 in
773 2636 1190 2700 concessione
1210 2635 1777 2716 indulgentiarum:
1811 2633 2237 2699 Concedimus
2258 2634 2719 2717 indulgentiam
2752 2655 2911 2713 ,om-

290 2744 472 2807 nium
494 2750 946 2824 peecatorum:
975 2743 1356 2817 relaxamus,
1389 2744 1665 2818 ,tertiam
1689 2750 1939 2824 partem
1974 2748 2412 2823 peccatorum‘
2441 2742 2856 2818 ,absolvimus
2874 2762 2910 2807 a

292 2851 487 2932 culpa
520 2858 584 2916 et
614 2868 655 2914 a
685 2862 916 2933 poena‘
948 2859 1066 2917 etc.
1130 2850 1258 2917 Sed
1289 2872 1349 2921 a.
1384 2851 1696 2932 ejusmodi
1743 2850 2172 2931 indulgentiae
2217 2868 2413 2931 saepe
2459 2857 2608 2913 sunt
2641 2867 2912 2932 apocry-

291 2958 483 3039 phae,
516 2964 589 3022 ut
620 2959 835 3024 videre
867 2966 965 3022 est
996 2977 1074 3023 ex
1107 2956 1557 3022 Clementis
1588 2956 1661 3020 V.
1696 2956 1890 3021 Clem.
1932 2964 1982 3025 1.
2018 2956 2096 3020 de
2130 2956 2365 3036 poenit.
2399 2963 2464 3020 et
2483 2956 2726 3021 remiss
2750 2963 2813 3021 et
2834 2976 2912 3021 ex

292 3064 601 3128 chronico
635 3082 869 3145 magno
901 3065 1035 3128 Bel
1053 3065 1177 3144 gii,
1212 3064 1320 3127 ubi
1352 3063 1431 3127 de
1463 3062 1637 3126 card.
1671 3060 1927 3126 Cusano
1949 3081 2064 3143 per
2084 3060 2497 3126 Germaniam
2519 3065 2914 3145 apostolicae

292 3171 466 3235 sedis
496 3171 709 3251 legato
741 3170 1041 3235 refertur:
1085 3170 1259 3251 „Ipse
1290 3171 1354 3233 in
1387 3169 1636 3251 synodo
1669 3168 2043 3250 provinciali
2076 3169 2264 3232 nobis
2297 3169 2702 3236 audientibus
2735 3171 2912 3247 Mag-

293 3279 564 3359 deburgi
614 3299 728 3360 per
777 3280 983 3362 ipsum
1033 3278 1359 3344 celebrata
1409 3279 1693 3342 dicebat:
1763 3276 2001 3352 ‚Sedes
2053 3280 2407 3360 apostolica
2452 3279 2585 3342 suis
2629 3277 2842 3343 verbis
2875 3297 2914 3341 a

292 3404 512 3467 poena
543 3394 607 3451 et
636 3388 874 3468 culpa
903 3386 1328 3467 indulgentias
1361 3403 1690 3467 nunquam
1724 3385 1880 3449 dare
1912 3387 2298 3450 consuevit«
2341 3385 2742 3467 Quandoque
2759 3403 2914 3451 vero

294 3495 369 3560 b.
404 3511 566 3557 voce
597 3494 848 3575 peccati
878 3493 1248 3573 designatur
1296 3500 1563 3574 poena
1613 3492 1896 3573 peccatis
1947 3491 2165 3556 debita
2213 3500 2283 3556 ut
2329 3496 2386 3559 2.
2420 3492 2622 3556 Mach.
2660 3497 2760 3567 12,
2794 3498 2911 3565 46³

300 3608 354 3669 1.
389 3600 556 3666 Petr.
591 3608 649 3677 2,
684 3608 768 3671 24
802 3609 917 3668 etc.
950 3601 1165 3681 Quare
1197 3600 1317 3665 illis
1348 3601 1560 3666 verbis
1591 3602 1693 3664 hic
1726 3600 1950 3665 subest
1984 3619 2242 3664 sensus:
2276 3598 2549 3665 relaxari
2583 3599 2683 3662 vel
2710 3606 2910 3661 totam

297 3726 576 3789 poenam
620 3708 1040 3790 temporalem
1071 3727 1188 3790 pro
1221 3709 1501 3790 peccatis
1533 3709 1816 3772 remissis
1864 3708 2073 3771 adhuc
2119 3706 2419 3781 debitam,
2453 3706 2552 3769 vel
2587 3706 2748 3769 illius
2784 3712 2912 3769 ter-

299 3816 456 3878 tiam
487 3820 753 3896 partem.
817 3814 1115 3880 Ceterum
1147 3835 1211 3885 c.
1246 3834 1392 3879 cum
1424 3815 1507 3879 ad
1539 3811 1962 3895 indulgentias
1995 3813 2336 3877 lucrandas
2369 3811 2685 3876 confessio
2719 3829 2913 3892 saepe

298 3923 585 4003 exigitur,
618 3941 772 3987 vero
804 3923 1084 4005 quodam
1116 3942 1309 3988 sensu
1355 3923 1478 3986 dici
1522 3929 1751 4003 potest,
1800 3921 2203 4002 indulgentiis
2253 3919 2527 3984 relaxari
2560 3919 2814 3999 culpam
2849 3926 2915 3981 et

297 4047 610 4110 poenam3
642 4030 810 4093 hanc
842 4030 971 4093 scil.
1005 4030 1260 4105 directe,
1293 4030 1467 4093 illam
1498 4029 1830 4104 indirecte,
1864 4034 2181 4109 quatenus
2214 4026 2685 4091 confessionem
2718 4025 2914 4089 habet

299 4135 688 4216 adjunctam.
750 4136 908 4198 Hinc
934 4136 1066 4217 jam
1101 4136 1395 4199 Eckius
1447 4136 1511 4198 in
1560 4134 1796 4213 celebri
1842 4134 2275 4215 disputatione
2307 4132 2557 4214 Lipsiae
2604 4131 2911 4196 adversus

299 4242 647 4306 Lutherum
679 4242 901 4306 habita
932 4243 1099 4305 hanc
1131 4242 1632 4323 propositionem
1682 4241 1988 4305 tuendam
2020 4240 2274 4304 statuit:
2345 4236 2450 4313 ,Si
2482 4238 2913 4318 indulgentiae

300 4350 597 4412 dicantur
626 4348 781 4422 dari,
814 4357 885 4413 ut
919 4348 1332 4412 absolvantur
1363 4367 1403 4411 a
1434 4366 1644 4429 poena
1694 4355 1759 4411 et
1806 4348 1994 4428 culpa
2044 4365 2153 4411 eas
2188 4352 2671 4428 consequentes
2703 4345 2913 4408 nullus

301 4456 652 4521 existimari
684 4456 892 4533 debet,
926 4455 1349 4536 indulgentias
1383 4455 1704 4519 remittere
1738 4455 2012 4535 culpam,
2059 4453 2171 4516 sed
2219 4453 2370 4534 quia
2400 4470 2570 4533 papa
2600 4452 2913 4528 concedit,

302 4571 372 4627 ut
404 4581 444 4626 a
474 4565 663 4645 culpa
682 4564 1060 4651 (reservata)
1095 4563 1416 4628 mediante
1436 4567 1843 4626 sacramento
1864 4560 2297 4642 poenitentiae
2319 4578 2359 4622 a
2377 4559 2698 4640 deputatis
2731 4577 2911 4621 com-

303 4671 609 4734 missariis
641 4670 1073 4747 absolvantur,
1107 4677 1171 4734 et
1201 4669 1431 4734 deinde
1477 4668 1903 4747 indulgentias
1938 4668 1971 4730 i.
2008 4685 2059 4731 e.
2093 4684 2450 4747 poenarum
2498 4666 2914 4730 remissiones
