<?xml version="1.0" encoding="UTF-8"?>
<!DOCTYPE html PUBLIC "-//W3C//DTD XHTML 1.0 Transitional//EN"
    "http://www.w3.org/TR/xhtml1/DTD/xhtml1-transitional.dtd">
<html xmlns="http://www.w3.org/1999/xhtml" xml:lang="en" lang="en">
 <head>
  <title>
</title>
<meta http-equiv="Content-Type" content="text/html;charset=utf-8" />
  <meta name='ocr-system' content='tesseract 3.04.00' />
  <meta name='ocr-capabilities' content='ocr_page ocr_carea ocr_par ocr_line ocrx_word'/>
</head>
<body>
  <div class='ocr_page' id='page_1' title='image "./theologiaedogma00hurtgoog_0038.png"; bbox 0 0 3538 5364; ppageno 0'>
   <div class='ocr_carea' id='block_1_1' title="bbox 551 224 2762 302">
    <p class='ocr_par' dir='ltr' id='par_1_1' title="bbox 551 224 2762 302">
     <span class='ocr_line' id='line_1_1' title="bbox 551 224 2762 302; baseline -0 -21"><span class='ocrx_word' id='word_1_1' title='bbox 551 238 635 302; x_wconf 82' lang='lat'><strong>26</strong></span> <span class='ocrx_word' id='word_1_2' title='bbox 972 228 1154 281; x_wconf 86' lang='lat' dir='ltr'><strong>Tract.</strong></span> <span class='ocrx_word' id='word_1_3' title='bbox 1186 228 1331 280; x_wconf 87' lang='lat' dir='ltr'><strong>VIII.</strong></span> <span class='ocrx_word' id='word_1_4' title='bbox 1359 228 1427 280; x_wconf 90' lang='lat' dir='ltr'><strong>de</strong></span> <span class='ocrx_word' id='word_1_5' title='bbox 1454 227 1661 299; x_wconf 82' lang='lat' dir='ltr'><strong>gratia.</strong></span> <span class='ocrx_word' id='word_1_6' title='bbox 1688 226 1890 281; x_wconf 85' lang='lat' dir='ltr'><strong>Thesis</strong></span> <span class='ocrx_word' id='word_1_7' title='bbox 1915 226 2201 281; x_wconf 87' lang='lat' dir='ltr'><strong>CLXXIV.</strong></span> <span class='ocrx_word' id='word_1_8' title='bbox 2231 224 2430 280; x_wconf 82' lang='lat' dir='ltr'>Gratia</span> <span class='ocrx_word' id='word_1_9' title='bbox 2456 225 2762 280; x_wconf 72' lang='lat' dir='ltr'>necessitas</span> 
     </span>
    </p>
   </div>
   <div class='ocr_carea' id='block_1_2' title="bbox 538 407 3169 4771">
    <p class='ocr_par' dir='ltr' id='par_1_2' title="bbox 538 407 3167 1227">
     <span class='ocr_line' id='line_1_2' title="bbox 538 407 3163 496; baseline -0.002 -21"><span class='ocrx_word' id='word_1_10' title='bbox 538 412 925 494; x_wconf 79' lang='lat' dir='ltr'><strong>patiamini;</strong></span> <span class='ocrx_word' id='word_1_11' title='bbox 956 409 1108 492; x_wconf 91' lang='lat' dir='ltr'><strong>Eph.</strong></span> <span class='ocrx_word' id='word_1_12' title='bbox 1144 415 1201 486; x_wconf 82' lang='grc'><strong>2,</strong></span> <span class='ocrx_word' id='word_1_13' title='bbox 1236 413 1276 478; x_wconf 86' lang='grc'>8</span> <span class='ocrx_word' id='word_1_14' title='bbox 1311 409 1589 496; x_wconf 88' lang='lat' dir='ltr'><strong>(supra);</strong></span> <span class='ocrx_word' id='word_1_15' title='bbox 1624 408 2092 491; x_wconf 24' lang='lat' dir='ltr'><strong>oratione-m</strong></span> <span class='ocrx_word' id='word_1_16' title='bbox 2123 407 2308 472; x_wconf 90' lang='lat' dir='ltr'><strong>Rom.</strong></span> <span class='ocrx_word' id='word_1_17' title='bbox 2342 413 2401 484; x_wconf 84' lang='lat'><strong>8,</strong></span> <span class='ocrx_word' id='word_1_18' title='bbox 2436 412 2554 477; x_wconf 82' lang='lat'><strong>26:</strong></span> <span class='ocrx_word' id='word_1_19' title='bbox 2618 407 2922 474; x_wconf 78' lang='lat' dir='ltr'><strong><em>Similiter</em></strong></span> <span class='ocrx_word' id='word_1_20' title='bbox 2954 413 3163 472; x_wconf 81' lang='lat' dir='ltr'><strong>autem</strong></span> 
     </span>
     <span class='ocr_line' id='line_1_3' title="bbox 549 515 3167 601; baseline -0.002 -20"><span class='ocrx_word' id='word_1_21' title='bbox 549 524 606 581; x_wconf 80' lang='lat' dir='ltr'><strong>et</strong></span> <span class='ocrx_word' id='word_1_22' title='bbox 637 519 916 601; x_wconf 77' lang='lat' dir='ltr'><strong><em>Spiritus</em></strong></span> <span class='ocrx_word' id='word_1_23' title='bbox 947 518 1213 600; x_wconf 77' lang='lat' dir='ltr'><strong>adjuvat</strong></span> <span class='ocrx_word' id='word_1_24' title='bbox 1242 517 1673 599; x_wconf 77' lang='lat' dir='ltr'><strong>infirmitatem</strong></span> <span class='ocrx_word' id='word_1_25' title='bbox 1706 523 2007 582; x_wconf 75' lang='lat' dir='ltr'><strong>nostram.</strong></span> <span class='ocrx_word' id='word_1_26' title='bbox 2043 515 2212 580; x_wconf 85' lang='lat' dir='ltr'><strong>Nam</strong></span> <span class='ocrx_word' id='word_1_27' title='bbox 2245 516 2396 600; x_wconf 78' lang='lat' dir='ltr'><strong>quid</strong></span> <span class='ocrx_word' id='word_1_28' title='bbox 2428 535 2692 597; x_wconf 71' lang='lat' dir='ltr'><strong>oremuS,</strong></span> <span class='ocrx_word' id='word_1_29' title='bbox 2723 518 2884 580; x_wconf 78' lang='lat' dir='ltr'><strong>sicut</strong></span> <span class='ocrx_word' id='word_1_30' title='bbox 2914 522 3167 600; x_wconf 78' lang='lat' dir='ltr'><strong><em>oportet,</em></strong></span> 
     </span>
     <span class='ocr_line' id='line_1_4' title="bbox 548 620 3162 710; baseline -0.001 -23"><span class='ocrx_word' id='word_1_31' title='bbox 548 624 868 702; x_wconf 48' lang='lat' dir='ltr'><strong>nescimus</strong></span> <span class='ocrx_word' id='word_1_32' title='bbox 903 623 1008 686; x_wconf 80' lang='lat' dir='ltr'><strong>sed</strong></span> <span class='ocrx_word' id='word_1_33' title='bbox 1037 624 1169 705; x_wconf 82' lang='lat' dir='ltr'><strong>ipse</strong></span> <span class='ocrx_word' id='word_1_34' title='bbox 1205 623 1483 707; x_wconf 73' lang='lat' dir='ltr'><strong>Spiritus</strong></span> <span class='ocrx_word' id='word_1_35' title='bbox 1502 623 1789 709; x_wconf 75' lang='lat' dir='ltr'><strong>postulat</strong></span> <span class='ocrx_word' id='word_1_36' title='bbox 1808 643 1934 705; x_wconf 80' lang='lat' dir='ltr'><strong>pro</strong></span> <span class='ocrx_word' id='word_1_37' title='bbox 1965 623 2139 686; x_wconf 79' lang='lat' dir='ltr'><strong>nobis</strong></span> <span class='ocrx_word' id='word_1_38' title='bbox 2171 621 2526 707; x_wconf 89' lang='lat' dir='ltr'><strong>(postulare</strong></span> <span class='ocrx_word' id='word_1_39' title='bbox 2559 640 2679 685; x_wconf 92' lang='lat' dir='ltr'><strong>nos</strong></span> <span class='ocrx_word' id='word_1_40' title='bbox 2711 620 2885 710; x_wconf 86' lang='lat' dir='ltr'><strong>facit)</strong></span> <span class='ocrx_word' id='word_1_41' title='bbox 2931 623 3162 705; x_wconf 55' lang='lat' dir='ltr'><strong>qemitiss</strong></span> 
     </span>
     <span class='ocr_line' id='line_1_5' title="bbox 549 726 3167 810; baseline -0.001 -17"><span class='ocrx_word' id='word_1_42' title='bbox 549 731 661 793; x_wconf 77' lang='lat' dir='ltr'><strong>bus</strong></span> <span class='ocrx_word' id='word_1_43' title='bbox 678 728 1250 810; x_wconf 76' lang='lat' dir='ltr'><strong>inenarrabilibus;</strong></span> <span class='ocrx_word' id='word_1_44' title='bbox 1281 729 1469 793; x_wconf 89' lang='lat' dir='ltr'><strong>Zach.</strong></span> <span class='ocrx_word' id='word_1_45' title='bbox 1497 735 1597 806; x_wconf 83' lang='grc'><strong>12,</strong></span> <span class='ocrx_word' id='word_1_46' title='bbox 1636 734 1746 805; x_wconf 81' lang='grc' dir='ltr'><strong>1ος</strong></span> <span class='ocrx_word' id='word_1_47' title='bbox 1775 728 2490 810; x_wconf 83' lang='lat' dir='ltr'><strong>justificationem</strong></span> <span class='ocrx_word' id='word_1_48' title='bbox 2521 727 2703 791; x_wconf 88' lang='lat' dir='ltr'><strong>Rom.</strong></span> <span class='ocrx_word' id='word_1_49' title='bbox 2738 732 2795 804; x_wconf 86' lang='lat'><strong>3,</strong></span> <span class='ocrx_word' id='word_1_50' title='bbox 2818 731 2935 796; x_wconf 82' lang='lat'><strong>24:</strong></span> <span class='ocrx_word' id='word_1_51' title='bbox 2966 726 3167 791; x_wconf 70' lang='lat' dir='ltr'><strong>Justi-</strong></span> 
     </span>
     <span class='ocr_line' id='line_1_6' title="bbox 545 826 3167 921; baseline -0.001 -20"><span class='ocrx_word' id='word_1_52' title='bbox 545 836 724 919; x_wconf 77' lang='lat' dir='ltr'><strong>ficati</strong></span> <span class='ocrx_word' id='word_1_53' title='bbox 748 837 955 919; x_wconf 67' lang='lat' dir='ltr'><strong>gyratis</strong></span> <span class='ocrx_word' id='word_1_54' title='bbox 987 857 1110 920; x_wconf 80' lang='lat' dir='ltr'><strong>per</strong></span> <span class='ocrx_word' id='word_1_55' title='bbox 1154 839 1436 919; x_wconf 74' lang='lat' dir='ltr'><strong>qratiam</strong></span> <span class='ocrx_word' id='word_1_56' title='bbox 1488 838 1686 921; x_wconf 80' lang='lat' dir='ltr'><strong>ipsius</strong></span> <span class='ocrx_word' id='word_1_57' title='bbox 1735 843 1886 911; x_wconf 84' lang='lat' dir='ltr'><strong>etc.;</strong></span> <span class='ocrx_word' id='word_1_58' title='bbox 1938 836 2380 900; x_wconf 86' lang='lat' dir='ltr'><strong>caritatem</strong></span> <span class='ocrx_word' id='word_1_59' title='bbox 2423 834 2504 898; x_wconf 89' lang='lat' dir='ltr'><strong>ib.</strong></span> <span class='ocrx_word' id='word_1_60' title='bbox 2537 838 2598 912; x_wconf 84' lang='lat'><strong>5,</strong></span> <span class='ocrx_word' id='word_1_61' title='bbox 2631 840 2705 904; x_wconf 82' lang='lat'><strong>5:</strong></span> <span class='ocrx_word' id='word_1_62' title='bbox 2757 826 3012 899; x_wconf 65' lang='lat' dir='ltr'><strong>Caritas</strong></span> <span class='ocrx_word' id='word_1_63' title='bbox 3045 835 3167 900; x_wconf 73' lang='lat' dir='ltr'><strong>Dei</strong></span> 
     </span>
     <span class='ocr_line' id='line_1_7' title="bbox 549 941 3167 1028; baseline -0 -21"><span class='ocrx_word' id='word_1_64' title='bbox 549 944 789 1028; x_wconf 81' lang='lat' dir='ltr'><strong>diffusa</strong></span> <span class='ocrx_word' id='word_1_65' title='bbox 822 949 908 1008; x_wconf 81' lang='lat' dir='ltr'><strong>est</strong></span> <span class='ocrx_word' id='word_1_66' title='bbox 938 945 1007 1005; x_wconf 83' lang='lat' dir='ltr'><strong>in</strong></span> <span class='ocrx_word' id='word_1_67' title='bbox 1037 943 1324 1007; x_wconf 81' lang='lat' dir='ltr'><strong>cordibus</strong></span> <span class='ocrx_word' id='word_1_68' title='bbox 1353 945 1583 1006; x_wconf 77' lang='lat' dir='ltr'><strong>nostris</strong></span> <span class='ocrx_word' id='word_1_69' title='bbox 1605 963 1728 1028; x_wconf 80' lang='lat' dir='ltr'><strong>per</strong></span> <span class='ocrx_word' id='word_1_70' title='bbox 1763 942 2072 1027; x_wconf 75' lang='lat' dir='ltr'><strong>Spiritum</strong></span> <span class='ocrx_word' id='word_1_71' title='bbox 2103 962 2172 1025; x_wconf 67' lang='lat' dir='ltr'><strong>a,</strong></span> <span class='ocrx_word' id='word_1_72' title='bbox 2205 944 2312 1026; x_wconf 79' lang='lat' dir='ltr'><strong>qui</strong></span> <span class='ocrx_word' id='word_1_73' title='bbox 2344 942 2532 1006; x_wconf 82' lang='lat' dir='ltr'><strong>datus</strong></span> <span class='ocrx_word' id='word_1_74' title='bbox 2562 948 2650 1005; x_wconf 81' lang='lat' dir='ltr'><strong>est</strong></span> <span class='ocrx_word' id='word_1_75' title='bbox 2682 942 2858 1006; x_wconf 79' lang='lat' dir='ltr'><strong>nobis</strong></span> <span class='ocrx_word' id='word_1_76' title='bbox 2871 965 2900 1022; x_wconf 84' lang='lat'><em>;</em></span> <span class='ocrx_word' id='word_1_77' title='bbox 2930 946 2993 1008; x_wconf 88' lang='lat' dir='ltr'><strong>et</strong></span> <span class='ocrx_word' id='word_1_78' title='bbox 3027 941 3167 1006; x_wconf 82' lang='lat' dir='ltr'><strong>aliis</strong></span> 
     </span>
     <span class='ocr_line' id='line_1_8' title="bbox 549 1048 3165 1131; baseline -0.001 -16"><span class='ocrx_word' id='word_1_79' title='bbox 549 1051 802 1115; x_wconf 89' lang='lat' dir='ltr'><strong>omissis</strong></span> <span class='ocrx_word' id='word_1_80' title='bbox 853 1051 1201 1131; x_wconf 83' lang='lat' dir='ltr'><strong>gloriam</strong></span> <span class='ocrx_word' id='word_1_81' title='bbox 1234 1050 1314 1114; x_wconf 89' lang='lat' dir='ltr'><strong>ib.</strong></span> <span class='ocrx_word' id='word_1_82' title='bbox 1349 1056 1408 1126; x_wconf 84' lang='lat'><strong>6,</strong></span> <span class='ocrx_word' id='word_1_83' title='bbox 1442 1055 1560 1119; x_wconf 82' lang='lat'><strong>32:</strong></span> <span class='ocrx_word' id='word_1_84' title='bbox 1611 1050 1843 1115; x_wconf 72' lang='lat' dir='ltr'><strong>Gratia</strong></span> <span class='ocrx_word' id='word_1_85' title='bbox 1894 1059 2101 1115; x_wconf 81' lang='lat' dir='ltr'><strong>autem</strong></span> <span class='ocrx_word' id='word_1_86' title='bbox 2150 1050 2273 1114; x_wconf 83' lang='lat' dir='ltr'><strong>Dei</strong></span> <span class='ocrx_word' id='word_1_87' title='bbox 2320 1052 2446 1114; x_wconf 76' lang='lat' dir='ltr'><strong>vita</strong></span> <span class='ocrx_word' id='word_1_88' title='bbox 2498 1057 2754 1114; x_wconf 76' lang='lat' dir='ltr'><strong>aeterna</strong></span> <span class='ocrx_word' id='word_1_89' title='bbox 2803 1051 2872 1113; x_wconf 83' lang='lat' dir='ltr'><strong>in</strong></span> <span class='ocrx_word' id='word_1_90' title='bbox 2924 1048 3165 1113; x_wconf 72' lang='lat' dir='ltr'><strong>Christo</strong></span> 
     </span>
     <span class='ocr_line' id='line_1_9' title="bbox 549 1157 840 1227; baseline 0.017 -5"><span class='ocrx_word' id='word_1_91' title='bbox 549 1158 610 1222; x_wconf 82' lang='lat' dir='ltr'><strong>J.</strong></span> <span class='ocrx_word' id='word_1_92' title='bbox 646 1157 726 1223; x_wconf 90' lang='lat' dir='ltr'><strong>D.</strong></span> <span class='ocrx_word' id='word_1_93' title='bbox 763 1158 840 1227; x_wconf 92' lang='lat' dir='ltr'><strong>N.</strong></span> 
     </span>
    </p>

    <p class='ocr_par' dir='ltr' id='par_1_3' title="bbox 543 1262 3169 3590">
     <span class='ocr_line' id='line_1_10' title="bbox 725 1262 3164 1347; baseline -0.002 -15"><span class='ocrx_word' id='word_1_94' title='bbox 725 1269 791 1334; x_wconf 83' lang='lat'><strong>4.</strong></span> <span class='ocrx_word' id='word_1_95' title='bbox 826 1262 1147 1328; x_wconf 86' lang='lat' dir='ltr'><strong>Probatur</strong></span> <span class='ocrx_word' id='word_1_96' title='bbox 1178 1263 1531 1328; x_wconf 85' lang='lat' dir='ltr'>luculenter</span> <span class='ocrx_word' id='word_1_97' title='bbox 1547 1281 1626 1328; x_wconf 88' lang='lat' dir='ltr'><strong>ex</strong></span> <span class='ocrx_word' id='word_1_98' title='bbox 1644 1262 1845 1328; x_wconf 79' lang='lat' dir='ltr'><strong>verbo</strong></span> <span class='ocrx_word' id='word_1_99' title='bbox 1866 1263 1982 1329; x_wconf 91' lang='lat' dir='ltr'><strong>Dei</strong></span> <span class='ocrx_word' id='word_1_100' title='bbox 2012 1263 2195 1327; x_wconf 90' lang='lat' dir='ltr'><strong>trad</strong></span> <span class='ocrx_word' id='word_1_101' title='bbox 2215 1263 2348 1340; x_wconf 91' lang='lat' dir='ltr'><strong>ito,</strong></span> <span class='ocrx_word' id='word_1_102' title='bbox 2382 1263 2557 1347; x_wconf 88' lang='lat' dir='ltr'><strong>quod</strong></span> <span class='ocrx_word' id='word_1_103' title='bbox 2588 1264 2952 1329; x_wconf 77' lang='lat' dir='ltr'><strong>continetur</strong></span> <span class='ocrx_word' id='word_1_104' title='bbox 2980 1280 3164 1327; x_wconf 75' lang='lat' dir='ltr'><strong>con·-</strong></span> 
     </span>
     <span class='ocr_line' id='line_1_11' title="bbox 548 1368 3161 1457; baseline 0 -23"><span class='ocrx_word' id='word_1_105' title='bbox 548 1371 930 1435; x_wconf 89' lang='lat' dir='ltr'><strong>ciliorum</strong></span> <span class='ocrx_word' id='word_1_106' title='bbox 962 1371 1234 1436; x_wconf 81' lang='lat' dir='ltr'><strong>decretis</strong></span> <span class='ocrx_word' id='word_1_107' title='bbox 1267 1371 1355 1457; x_wconf 88' lang='lat' dir='ltr'><strong>(n.</strong></span> <span class='ocrx_word' id='word_1_108' title='bbox 1395 1371 1527 1456; x_wconf 84' lang='lat'><strong>30),</strong></span> <span class='ocrx_word' id='word_1_109' title='bbox 1558 1368 2409 1435; x_wconf 87' lang='lat' dir='ltr'><strong>fideliumorationibus</strong></span> <span class='ocrx_word' id='word_1_110' title='bbox 2443 1377 2508 1436; x_wconf 90' lang='lat' dir='ltr'><strong>et</strong></span> <span class='ocrx_word' id='word_1_111' title='bbox 2537 1378 2863 1452; x_wconf 90' lang='lat' dir='ltr'><strong>patrum</strong></span> <span class='ocrx_word' id='word_1_112' title='bbox 2895 1371 3161 1452; x_wconf 75' lang='lat' dir='ltr'><strong>scriptis</strong></span> 
     </span>
     <span class='ocr_line' id='line_1_12' title="bbox 548 1476 3165 1559; baseline -0.001 -18"><span class='ocrx_word' id='word_1_113' title='bbox 548 1477 941 1558; x_wconf 89' lang='lat' dir='ltr'><strong>Argumento</strong></span> <span class='ocrx_word' id='word_1_114' title='bbox 976 1496 1054 1542; x_wconf 83' lang='lat' dir='ltr'><strong>ex</strong></span> <span class='ocrx_word' id='word_1_115' title='bbox 1086 1477 1408 1543; x_wconf 82' lang='lat' dir='ltr'><strong>Ecclesiae</strong></span> <span class='ocrx_word' id='word_1_116' title='bbox 1439 1476 1734 1559; x_wconf 88' lang='lat' dir='ltr'><strong>precibus</strong></span> <span class='ocrx_word' id='word_1_117' title='bbox 1754 1476 1954 1541; x_wconf 89' lang='lat' dir='ltr'><strong>utitur</strong></span> <span class='ocrx_word' id='word_1_118' title='bbox 1974 1493 2152 1540; x_wconf 88' lang='lat' dir='ltr'><strong>conc.</strong></span> <span class='ocrx_word' id='word_1_119' title='bbox 2184 1477 2836 1558; x_wconf 84' lang='lat' dir='ltr'><strong>carthaginense</strong></span> <span class='ocrx_word' id='word_1_120' title='bbox 2868 1478 2933 1541; x_wconf 89' lang='lat' dir='ltr'><strong>in</strong></span> <span class='ocrx_word' id='word_1_121' title='bbox 2964 1476 3165 1559; x_wconf 41' lang='lat' dir='ltr'><strong>eprad</strong></span> 
     </span>
     <span class='ocr_line' id='line_1_13' title="bbox 547 1583 3164 1666; baseline 0 -18"><span class='ocrx_word' id='word_1_122' title='bbox 547 1585 986 1650; x_wconf 90' lang='lat' dir='ltr'><strong>Innocentium</strong></span> <span class='ocrx_word' id='word_1_123' title='bbox 1018 1584 1058 1648; x_wconf 93' lang='lat'><strong>1.</strong></span> <span class='ocrx_word' id='word_1_124' title='bbox 1091 1604 1153 1648; x_wconf 92' lang='lat' dir='ltr'><strong>n.</strong></span> <span class='ocrx_word' id='word_1_125' title='bbox 1185 1589 1229 1652; x_wconf 89' lang='grc'>4</span> <span class='ocrx_word' id='word_1_126' title='bbox 1260 1605 1326 1660; x_wconf 89' lang='lat' dir='ltr'><strong>s.,</strong></span> <span class='ocrx_word' id='word_1_127' title='bbox 1361 1590 1425 1649; x_wconf 91' lang='lat' dir='ltr'><strong>et</strong></span> <span class='ocrx_word' id='word_1_128' title='bbox 1454 1585 1547 1647; x_wconf 88' lang='lat' dir='ltr'><strong>ita</strong></span> <span class='ocrx_word' id='word_1_129' title='bbox 1591 1584 1971 1665; x_wconf 86' lang='lat' dir='ltr'><strong>proponitur</strong></span> <span class='ocrx_word' id='word_1_130' title='bbox 2014 1585 2080 1647; x_wconf 94' lang='lat' dir='ltr'><strong>in</strong></span> <span class='ocrx_word' id='word_1_131' title='bbox 2128 1583 2417 1647; x_wconf 82' lang='lat' dir='ltr'><strong>auctorit.</strong></span> <span class='ocrx_word' id='word_1_132' title='bbox 2469 1585 2962 1666; x_wconf 90' lang='lat' dir='ltr'><strong>praeteritorum</strong></span> <span class='ocrx_word' id='word_1_133' title='bbox 2995 1584 3164 1648; x_wconf 90' lang='lat' dir='ltr'><strong>sedis</strong></span> 
     </span>
     <span class='ocr_line' id='line_1_14' title="bbox 549 1686 3163 1774; baseline 0.002 -20"><span class='ocrx_word' id='word_1_134' title='bbox 549 1709 648 1773; x_wconf 90' lang='lat' dir='ltr'><strong>ap.</strong></span> <span class='ocrx_word' id='word_1_135' title='bbox 682 1692 873 1773; x_wconf 88' lang='lat' dir='ltr'><strong>episc.</strong></span> <span class='ocrx_word' id='word_1_136' title='bbox 905 1711 965 1755; x_wconf 90' lang='lat' dir='ltr'><strong>n.</strong></span> <span class='ocrx_word' id='word_1_137' title='bbox 1005 1696 1117 1759; x_wconf 83' lang='lat'><strong>12:</strong></span> <span class='ocrx_word' id='word_1_138' title='bbox 1158 1686 1733 1766; x_wconf 88' lang='lat' dir='ltr'><strong>,Obsecrationum</strong></span> <span class='ocrx_word' id='word_1_139' title='bbox 1766 1711 2023 1774; x_wconf 90' lang='lat' dir='ltr'><strong>quoque</strong></span> <span class='ocrx_word' id='word_1_140' title='bbox 2074 1691 2572 1755; x_wconf 86' lang='lat' dir='ltr'><strong>sacerdotalium</strong></span> <span class='ocrx_word' id='word_1_141' title='bbox 2622 1698 3031 1756; x_wconf 88' lang='lat' dir='ltr'><strong>sacramenta</strong></span> <span class='ocrx_word' id='word_1_142' title='bbox 3059 1711 3163 1759; x_wconf 82' lang='lat' dir='ltr'><strong>re·</strong></span> 
     </span>
     <span class='ocr_line' id='line_1_15' title="bbox 549 1797 3166 1881; baseline -0 -19"><span class='ocrx_word' id='word_1_143' title='bbox 549 1798 911 1881; x_wconf 79' lang='lat' dir='ltr'><strong>spiciamuS,</strong></span> <span class='ocrx_word' id='word_1_144' title='bbox 945 1816 1112 1880; x_wconf 89' lang='lat' dir='ltr'><strong>quae</strong></span> <span class='ocrx_word' id='word_1_145' title='bbox 1143 1798 1226 1861; x_wconf 92' lang='lat' dir='ltr'><strong>ab</strong></span> <span class='ocrx_word' id='word_1_146' title='bbox 1261 1798 1570 1880; x_wconf 91' lang='lat' dir='ltr'><strong>apostolis</strong></span> <span class='ocrx_word' id='word_1_147' title='bbox 1602 1797 1841 1862; x_wconf 89' lang='lat' dir='ltr'><strong>tradita</strong></span> <span class='ocrx_word' id='word_1_148' title='bbox 1870 1798 1937 1861; x_wconf 90' lang='lat' dir='ltr'><strong>in</strong></span> <span class='ocrx_word' id='word_1_149' title='bbox 1956 1804 2093 1862; x_wconf 88' lang='lat' dir='ltr'><strong>toto</strong></span> <span class='ocrx_word' id='word_1_150' title='bbox 2116 1797 2357 1861; x_wconf 89' lang='lat' dir='ltr'><strong>mundo</strong></span> <span class='ocrx_word' id='word_1_151' title='bbox 2381 1803 2580 1879; x_wconf 90' lang='lat' dir='ltr'><strong>atque</strong></span> <span class='ocrx_word' id='word_1_152' title='bbox 2599 1798 2664 1861; x_wconf 92' lang='lat' dir='ltr'><strong>in</strong></span> <span class='ocrx_word' id='word_1_153' title='bbox 2688 1798 2863 1861; x_wconf 90' lang='lat' dir='ltr'><strong>omni</strong></span> <span class='ocrx_word' id='word_1_154' title='bbox 2882 1797 3166 1862; x_wconf 88' lang='lat' dir='ltr'><strong>Ecclesia</strong></span> 
     </span>
     <span class='ocr_line' id='line_1_16' title="bbox 549 1904 3165 1986; baseline -0.001 -16"><span class='ocrx_word' id='word_1_155' title='bbox 549 1906 869 1971; x_wconf 87' lang='lat' dir='ltr'><strong>catholica</strong></span> <span class='ocrx_word' id='word_1_156' title='bbox 898 1905 1294 1970; x_wconf 71' lang='lat' dir='ltr'><strong>uniformiter</strong></span> <span class='ocrx_word' id='word_1_157' title='bbox 1326 1905 1750 1981; x_wconf 88' lang='lat' dir='ltr'><strong>celebrantur,</strong></span> <span class='ocrx_word' id='word_1_158' title='bbox 1800 1911 1869 1969; x_wconf 92' lang='lat' dir='ltr'><strong>ut</strong></span> <span class='ocrx_word' id='word_1_159' title='bbox 1913 1905 2120 1986; x_wconf 90' lang='lat' dir='ltr'><strong>legem</strong></span> <span class='ocrx_word' id='word_1_160' title='bbox 2166 1904 2468 1969; x_wconf 89' lang='lat' dir='ltr'><strong>credendi</strong></span> <span class='ocrx_word' id='word_1_161' title='bbox 2517 1905 2620 1970; x_wconf 85' lang='lat' dir='ltr'><strong>lex</strong></span> <span class='ocrx_word' id='word_1_162' title='bbox 2652 1909 2896 1968; x_wconf 85' lang='lat' dir='ltr'><strong>statuat</strong></span> <span class='ocrx_word' id='word_1_163' title='bbox 2927 1904 3165 1986; x_wconf 86' lang='lat' dir='ltr'><strong>suppli-</strong></span> 
     </span>
     <span class='ocr_line' id='line_1_17' title="bbox 548 2009 3165 2093; baseline 0 -16"><span class='ocrx_word' id='word_1_164' title='bbox 548 2014 753 2077; x_wconf 90' lang='lat' dir='ltr'><strong>candi.</strong></span> <span class='ocrx_word' id='word_1_165' title='bbox 787 2012 948 2077; x_wconf 88' lang='lat' dir='ltr'><strong>Cum</strong></span> <span class='ocrx_word' id='word_1_166' title='bbox 980 2013 1152 2077; x_wconf 90' lang='lat' dir='ltr'><strong>enim</strong></span> <span class='ocrx_word' id='word_1_167' title='bbox 1184 2019 1557 2076; x_wconf 90' lang='lat' dir='ltr'><strong>sanctarum</strong></span> <span class='ocrx_word' id='word_1_168' title='bbox 1576 2012 1860 2093; x_wconf 90' lang='lat' dir='ltr'><strong>plebium</strong></span> <span class='ocrx_word' id='word_1_169' title='bbox 1878 2009 2209 2093; x_wconf 90' lang='lat' dir='ltr'><strong>praesules</strong></span> <span class='ocrx_word' id='word_1_170' title='bbox 2230 2011 2540 2076; x_wconf 86' lang='lat' dir='ltr'><strong>mandata</strong></span> <span class='ocrx_word' id='word_1_171' title='bbox 2561 2011 2816 2076; x_wconf 91' lang='lat' dir='ltr'><strong>sibimet</strong></span> <span class='ocrx_word' id='word_1_172' title='bbox 2847 2010 3165 2092; x_wconf 88' lang='lat' dir='ltr'><strong>legatione</strong></span> 
     </span>
     <span class='ocr_line' id='line_1_18' title="bbox 549 2118 3169 2203; baseline 0.001 -20"><span class='ocrx_word' id='word_1_173' title='bbox 549 2121 907 2202; x_wconf 86' lang='lat' dir='ltr'><strong>fungantur,</strong></span> <span class='ocrx_word' id='word_1_174' title='bbox 941 2121 1110 2203; x_wconf 90' lang='lat' dir='ltr'><strong>apud</strong></span> <span class='ocrx_word' id='word_1_175' title='bbox 1162 2120 1444 2183; x_wconf 87' lang='lat' dir='ltr'><strong>divinam</strong></span> <span class='ocrx_word' id='word_1_176' title='bbox 1495 2119 1904 2183; x_wconf 86' lang='lat' dir='ltr'><strong>clementiam</strong></span> <span class='ocrx_word' id='word_1_177' title='bbox 1953 2118 2220 2182; x_wconf 91' lang='lat' dir='ltr'><strong>humani</strong></span> <span class='ocrx_word' id='word_1_178' title='bbox 2267 2119 2515 2199; x_wconf 86' lang='lat' dir='ltr'><strong>generis</strong></span> <span class='ocrx_word' id='word_1_179' title='bbox 2560 2125 2757 2199; x_wconf 88' lang='lat' dir='ltr'><strong>agunt</strong></span> <span class='ocrx_word' id='word_1_180' title='bbox 2787 2135 3069 2196; x_wconf 90' lang='lat' dir='ltr'><strong>causam,</strong></span> <span class='ocrx_word' id='word_1_181' title='bbox 3102 2126 3169 2185; x_wconf 90' lang='lat' dir='ltr'><strong>et</strong></span> 
     </span>
     <span class='ocr_line' id='line_1_19' title="bbox 552 2225 3166 2308; baseline -0 -17"><span class='ocrx_word' id='word_1_182' title='bbox 552 2233 690 2292; x_wconf 92' lang='lat' dir='ltr'><strong>tota</strong></span> <span class='ocrx_word' id='word_1_183' title='bbox 719 2246 943 2291; x_wconf 90' lang='lat' dir='ltr'><strong>secum</strong></span> <span class='ocrx_word' id='word_1_184' title='bbox 974 2227 1259 2293; x_wconf 88' lang='lat' dir='ltr'><strong>Ecclesia</strong></span> <span class='ocrx_word' id='word_1_185' title='bbox 1290 2227 1806 2308; x_wconf 88' lang='lat' dir='ltr'><strong>congemiscente</strong></span> <span class='ocrx_word' id='word_1_186' title='bbox 1836 2226 2167 2308; x_wconf 90' lang='lat' dir='ltr'><strong>postulant</strong></span> <span class='ocrx_word' id='word_1_187' title='bbox 2198 2232 2263 2292; x_wconf 90' lang='lat' dir='ltr'><strong>et</strong></span> <span class='ocrx_word' id='word_1_188' title='bbox 2290 2233 2656 2307; x_wconf 81' lang='lat' dir='ltr'><strong>precantur,</strong></span> <span class='ocrx_word' id='word_1_189' title='bbox 2707 2231 2778 2290; x_wconf 89' lang='lat' dir='ltr'><strong>ut</strong></span> <span class='ocrx_word' id='word_1_190' title='bbox 2808 2225 3166 2291; x_wconf 85' lang='lat' dir='ltr'><strong>infidelibus</strong></span> 
     </span>
     <span class='ocr_line' id='line_1_20' title="bbox 550 2332 3166 2415; baseline 0 -18"><span class='ocrx_word' id='word_1_191' title='bbox 550 2334 827 2399; x_wconf 89' lang='lat' dir='ltr'><strong>donetur</strong></span> <span class='ocrx_word' id='word_1_192' title='bbox 857 2334 1034 2410; x_wconf 82' lang='lat' dir='ltr'><strong>fideS,</strong></span> <span class='ocrx_word' id='word_1_193' title='bbox 1067 2342 1138 2398; x_wconf 91' lang='lat' dir='ltr'><strong>ut</strong></span> <span class='ocrx_word' id='word_1_194' title='bbox 1168 2333 1547 2400; x_wconf 86' lang='lat' dir='ltr'><strong>idololatrae</strong></span> <span class='ocrx_word' id='word_1_195' title='bbox 1593 2334 1677 2398; x_wconf 89' lang='lat' dir='ltr'><strong>ab</strong></span> <span class='ocrx_word' id='word_1_196' title='bbox 1723 2333 2068 2415; x_wconf 88' lang='lat' dir='ltr'><strong>impietatis</strong></span> <span class='ocrx_word' id='word_1_197' title='bbox 2113 2351 2271 2398; x_wconf 88' lang='lat' dir='ltr'><strong>suae</strong></span> <span class='ocrx_word' id='word_1_198' title='bbox 2317 2332 2668 2398; x_wconf 88' lang='lat' dir='ltr'><strong>liberentur</strong></span> <span class='ocrx_word' id='word_1_199' title='bbox 2715 2332 3062 2409; x_wconf 89' lang='lat' dir='ltr'><strong>erroribus,</strong></span> <span class='ocrx_word' id='word_1_200' title='bbox 3096 2341 3166 2398; x_wconf 92' lang='lat' dir='ltr'><strong>ut</strong></span> 
     </span>
     <span class='ocr_line' id='line_1_21' title="bbox 543 2439 3163 2521; baseline 0 -17"><span class='ocrx_word' id='word_1_201' title='bbox 543 2440 796 2521; x_wconf 89' lang='lat' dir='ltr'><strong>judaeis</strong></span> <span class='ocrx_word' id='word_1_202' title='bbox 830 2441 1049 2505; x_wconf 89' lang='lat' dir='ltr'><strong>ablato</strong></span> <span class='ocrx_word' id='word_1_203' title='bbox 1080 2440 1295 2505; x_wconf 91' lang='lat' dir='ltr'><strong>cordis</strong></span> <span class='ocrx_word' id='word_1_204' title='bbox 1325 2441 1640 2505; x_wconf 86' lang='lat' dir='ltr'><strong>velamine</strong></span> <span class='ocrx_word' id='word_1_205' title='bbox 1673 2441 1782 2504; x_wconf 82' lang='lat' dir='ltr'><strong>lux</strong></span> <span class='ocrx_word' id='word_1_206' title='bbox 1815 2439 2101 2504; x_wconf 85' lang='lat' dir='ltr'><strong>veritatis</strong></span> <span class='ocrx_word' id='word_1_207' title='bbox 2134 2445 2463 2521; x_wconf 86' lang='lat' dir='ltr'><strong>appareat,</strong></span> <span class='ocrx_word' id='word_1_208' title='bbox 2497 2446 2570 2503; x_wconf 90' lang='lat' dir='ltr'><strong>ut</strong></span> <span class='ocrx_word' id='word_1_209' title='bbox 2598 2439 2908 2504; x_wconf 89' lang='lat' dir='ltr'><strong>haeretici</strong></span> <span class='ocrx_word' id='word_1_210' title='bbox 2938 2441 3163 2504; x_wconf 91' lang='lat' dir='ltr'><strong>catho-</strong></span> 
     </span>
     <span class='ocr_line' id='line_1_22' title="bbox 547 2546 3165 2633; baseline -0.001 -21"><span class='ocrx_word' id='word_1_211' title='bbox 547 2547 711 2613; x_wconf 89' lang='lat' dir='ltr'><strong>licae</strong></span> <span class='ocrx_word' id='word_1_212' title='bbox 741 2547 888 2612; x_wconf 89' lang='lat' dir='ltr'><strong>fidei</strong></span> <span class='ocrx_word' id='word_1_213' title='bbox 919 2549 1333 2633; x_wconf 87' lang='lat' dir='ltr'><strong>perceptione</strong></span> <span class='ocrx_word' id='word_1_214' title='bbox 1364 2548 1759 2629; x_wconf 78' lang='lat' dir='ltr'><strong>resipiscant,</strong></span> <span class='ocrx_word' id='word_1_215' title='bbox 1793 2552 1866 2610; x_wconf 92' lang='lat' dir='ltr'><strong>ut</strong></span> <span class='ocrx_word' id='word_1_216' title='bbox 1897 2546 2288 2611; x_wconf 86' lang='lat' dir='ltr'><strong>schismatici</strong></span> <span class='ocrx_word' id='word_1_217' title='bbox 2319 2547 2611 2629; x_wconf 89' lang='lat' dir='ltr'><strong>spiritum</strong></span> <span class='ocrx_word' id='word_1_218' title='bbox 2641 2546 2967 2611; x_wconf 87' lang='lat' dir='ltr'><strong>redivivae</strong></span> <span class='ocrx_word' id='word_1_219' title='bbox 2998 2548 3165 2610; x_wconf 90' lang='lat' dir='ltr'><strong>cari-</strong></span> 
     </span>
     <span class='ocr_line' id='line_1_23' title="bbox 547 2647 3166 2737; baseline -0 -18"><span class='ocrx_word' id='word_1_220' title='bbox 547 2655 697 2719; x_wconf 87' lang='lat' dir='ltr'><strong>tatis</strong></span> <span class='ocrx_word' id='word_1_221' title='bbox 730 2655 1065 2737; x_wconf 88' lang='lat' dir='ltr'><strong>accipiant,</strong></span> <span class='ocrx_word' id='word_1_222' title='bbox 1116 2661 1187 2719; x_wconf 90' lang='lat' dir='ltr'><strong>ut</strong></span> <span class='ocrx_word' id='word_1_223' title='bbox 1234 2655 1430 2737; x_wconf 89' lang='lat' dir='ltr'><strong>lapsis</strong></span> <span class='ocrx_word' id='word_1_224' title='bbox 1479 2647 1915 2735; x_wconf 86' lang='lat' dir='ltr'><strong>poenitentiae</strong></span> <span class='ocrx_word' id='word_1_225' title='bbox 1963 2653 2251 2719; x_wconf 89' lang='lat' dir='ltr'><strong>remedia</strong></span> <span class='ocrx_word' id='word_1_226' title='bbox 2300 2652 2730 2728; x_wconf 86' lang='lat' dir='ltr'><strong>conferantur,</strong></span> <span class='ocrx_word' id='word_1_227' title='bbox 2774 2660 2846 2718; x_wconf 91' lang='lat' dir='ltr'><strong>ut</strong></span> <span class='ocrx_word' id='word_1_228' title='bbox 2891 2653 3166 2737; x_wconf 89' lang='lat' dir='ltr'><strong>denique</strong></span> 
     </span>
     <span class='ocr_line' id='line_1_24' title="bbox 549 2760 3166 2843; baseline -0.001 -17"><span class='ocrx_word' id='word_1_229' title='bbox 549 2763 1031 2831; x_wconf 86' lang='lat' dir='ltr'><strong>catechumenis</strong></span> <span class='ocrx_word' id='word_1_230' title='bbox 1062 2762 1145 2826; x_wconf 89' lang='lat' dir='ltr'><strong>ad</strong></span> <span class='ocrx_word' id='word_1_231' title='bbox 1176 2760 1679 2843; x_wconf 89' lang='lat' dir='ltr'><strong>regenerationis</strong></span> <span class='ocrx_word' id='word_1_232' title='bbox 1730 2768 2145 2825; x_wconf 88' lang='lat' dir='ltr'><strong>sacramenta</strong></span> <span class='ocrx_word' id='word_1_233' title='bbox 2193 2761 2516 2841; x_wconf 88' lang='lat' dir='ltr'><strong>perductis</strong></span> <span class='ocrx_word' id='word_1_234' title='bbox 2567 2761 2866 2825; x_wconf 86' lang='lat' dir='ltr'><strong>coelestis</strong></span> <span class='ocrx_word' id='word_1_235' title='bbox 2916 2760 3166 2825; x_wconf 90' lang='lat' dir='ltr'><strong>miseri-</strong></span> 
     </span>
     <span class='ocr_line' id='line_1_25' title="bbox 549 2866 3166 2949; baseline -0.001 -16"><span class='ocrx_word' id='word_1_236' title='bbox 549 2871 809 2935; x_wconf 90' lang='lat' dir='ltr'><strong>cordiae</strong></span> <span class='ocrx_word' id='word_1_237' title='bbox 842 2870 992 2934; x_wconf 89' lang='lat' dir='ltr'><strong>aula</strong></span> <span class='ocrx_word' id='word_1_238' title='bbox 1022 2875 1361 2933; x_wconf 89' lang='lat' dir='ltr'><strong>reseretur.</strong></span> <span class='ocrx_word' id='word_1_239' title='bbox 1422 2868 1597 2933; x_wconf 92' lang='lat' dir='ltr'><strong>Haec</strong></span> <span class='ocrx_word' id='word_1_240' title='bbox 1647 2873 1867 2931; x_wconf 86' lang='lat' dir='ltr'><strong>autem</strong></span> <span class='ocrx_word' id='word_1_241' title='bbox 1916 2887 2048 2931; x_wconf 92' lang='lat' dir='ltr'><strong>non</strong></span> <span class='ocrx_word' id='word_1_242' title='bbox 2094 2867 2524 2949; x_wconf 79' lang='lat' dir='ltr'><strong>perfunctorie</strong></span> <span class='ocrx_word' id='word_1_243' title='bbox 2573 2885 2783 2948; x_wconf 91' lang='lat' dir='ltr'><strong>neque</strong></span> <span class='ocrx_word' id='word_1_244' title='bbox 2816 2866 3092 2932; x_wconf 90' lang='lat' dir='ltr'><strong>inaniter</strong></span> <span class='ocrx_word' id='word_1_245' title='bbox 3123 2886 3166 2930; x_wconf 90' lang='lat' dir='ltr'><strong>a</strong></span> 
     </span>
     <span class='ocr_line' id='line_1_26' title="bbox 548 2973 3165 3062; baseline -0.002 -22"><span class='ocrx_word' id='word_1_246' title='bbox 548 2976 821 3041; x_wconf 90' lang='lat' dir='ltr'><strong>Domino</strong></span> <span class='ocrx_word' id='word_1_247' title='bbox 868 2976 999 3058; x_wconf 89' lang='lat' dir='ltr'><strong>peti</strong></span> <span class='ocrx_word' id='word_1_248' title='bbox 1042 2994 1257 3040; x_wconf 87' lang='lat' dir='ltr'><strong>rerum</strong></span> <span class='ocrx_word' id='word_1_249' title='bbox 1302 2976 1587 3056; x_wconf 89' lang='lat' dir='ltr'><strong>ipsarum</strong></span> <span class='ocrx_word' id='word_1_250' title='bbox 1631 2980 1950 3039; x_wconf 89' lang='lat' dir='ltr'><strong>monstrat</strong></span> <span class='ocrx_word' id='word_1_251' title='bbox 1996 2975 2260 3039; x_wconf 83' lang='lat' dir='ltr'><strong>effectus</strong></span> <span class='ocrx_word' id='word_1_252' title='bbox 2308 2975 2550 3062; x_wconf 90' lang='lat' dir='ltr'><strong>(opusc.</strong></span> <span class='ocrx_word' id='word_1_253' title='bbox 2581 2973 2794 3050; x_wconf 89' lang='lat' dir='ltr'><strong>XVIII,</strong></span> <span class='ocrx_word' id='word_1_254' title='bbox 2828 2975 3040 3060; x_wconf 81' lang='lat'>266).‹</span> <span class='ocrx_word' id='word_1_255' title='bbox 3077 3012 3165 3023; x_wconf 93' lang='grc'><strong>--</strong></span> 
     </span>
     <span class='ocr_line' id='line_1_27' title="bbox 547 3080 3162 3165; baseline -0.001 -19"><span class='ocrx_word' id='word_1_256' title='bbox 547 3083 635 3146; x_wconf 85' lang='lat' dir='ltr'><strong>Ex</strong></span> <span class='ocrx_word' id='word_1_257' title='bbox 668 3090 922 3165; x_wconf 90' lang='lat' dir='ltr'><strong>patrum</strong></span> <span class='ocrx_word' id='word_1_258' title='bbox 975 3081 1228 3161; x_wconf 90' lang='lat' dir='ltr'><strong>scriptis</strong></span> <span class='ocrx_word' id='word_1_259' title='bbox 1279 3080 1599 3145; x_wconf 86' lang='lat' dir='ltr'><strong>sufficiant</strong></span> <span class='ocrx_word' id='word_1_260' title='bbox 1646 3080 1904 3145; x_wconf 87' lang='lat' dir='ltr'><strong>interim</strong></span> <span class='ocrx_word' id='word_1_261' title='bbox 1956 3081 2160 3146; x_wconf 89' lang='lat' dir='ltr'><strong>verba</strong></span> <span class='ocrx_word' id='word_1_262' title='bbox 2191 3081 2620 3148; x_wconf 90' lang='lat' dir='ltr'><strong>Vincentii</strong></span> <span class='ocrx_word' id='word_1_263' title='bbox 2650 3081 2742 3145; x_wconf 89' lang='lat' dir='ltr'><strong>lir.</strong></span> <span class='ocrx_word' id='word_1_264' title='bbox 2796 3081 3162 3145; x_wconf 88' lang='lat' dir='ltr'><strong>commonit.</strong></span> 
     </span>
     <span class='ocr_line' id='line_1_28' title="bbox 547 3187 3164 3270; baseline 0 -18"><span class='ocrx_word' id='word_1_265' title='bbox 547 3207 598 3252; x_wconf 88' lang='lat' dir='ltr'><strong>c.</strong></span> <span class='ocrx_word' id='word_1_266' title='bbox 633 3192 749 3256; x_wconf 82' lang='lat'><strong>24:</strong></span> <span class='ocrx_word' id='word_1_267' title='bbox 821 3188 1014 3268; x_wconf 75' lang='lat' dir='ltr'><strong>„Quis</strong></span> <span class='ocrx_word' id='word_1_268' title='bbox 1065 3206 1351 3270; x_wconf 90' lang='lat' dir='ltr'><strong>unquam</strong></span> <span class='ocrx_word' id='word_1_269' title='bbox 1401 3193 1553 3253; x_wconf 90' lang='lat' dir='ltr'><strong>ante</strong></span> <span class='ocrx_word' id='word_1_270' title='bbox 1601 3187 1943 3269; x_wconf 89' lang='lat' dir='ltr'><strong>profanum</strong></span> <span class='ocrx_word' id='word_1_271' title='bbox 1992 3188 2170 3252; x_wconf 89' lang='lat' dir='ltr'><strong>illum</strong></span> <span class='ocrx_word' id='word_1_272' title='bbox 2201 3188 2527 3270; x_wconf 85' lang='lat' dir='ltr'><strong>Pelagium</strong></span> <span class='ocrx_word' id='word_1_273' title='bbox 2578 3195 2830 3254; x_wconf 88' lang='lat' dir='ltr'><strong>tantam</strong></span> <span class='ocrx_word' id='word_1_274' title='bbox 2861 3189 3164 3252; x_wconf 85' lang='lat' dir='ltr'><strong>virtutem</strong></span> 
     </span>
     <span class='ocr_line' id='line_1_29' title="bbox 547 3294 3165 3377; baseline 0 -19"><span class='ocrx_word' id='word_1_275' title='bbox 547 3295 734 3359; x_wconf 89' lang='lat' dir='ltr'><strong>liberi</strong></span> <span class='ocrx_word' id='word_1_276' title='bbox 765 3295 1196 3377; x_wconf 89' lang='lat' dir='ltr'><strong>praesumpsit</strong></span> <span class='ocrx_word' id='word_1_277' title='bbox 1227 3294 1497 3370; x_wconf 84' lang='lat' dir='ltr'><strong>arbitrii,</strong></span> <span class='ocrx_word' id='word_1_278' title='bbox 1530 3301 1602 3359; x_wconf 89' lang='lat' dir='ltr'><strong>ut</strong></span> <span class='ocrx_word' id='word_1_279' title='bbox 1632 3295 1715 3358; x_wconf 88' lang='lat' dir='ltr'><strong>ad</strong></span> <span class='ocrx_word' id='word_1_280' title='bbox 1746 3295 1872 3358; x_wconf 93' lang='lat' dir='ltr'><strong>hoc</strong></span> <span class='ocrx_word' id='word_1_281' title='bbox 1922 3295 1988 3359; x_wconf 90' lang='lat' dir='ltr'><strong>in</strong></span> <span class='ocrx_word' id='word_1_282' title='bbox 2037 3295 2224 3359; x_wconf 89' lang='lat' dir='ltr'><strong>bonis</strong></span> <span class='ocrx_word' id='word_1_283' title='bbox 2274 3295 2465 3359; x_wconf 87' lang='lat' dir='ltr'><strong>rebus</strong></span> <span class='ocrx_word' id='word_1_284' title='bbox 2515 3315 2630 3377; x_wconf 92' lang='lat' dir='ltr'><strong>per</strong></span> <span class='ocrx_word' id='word_1_285' title='bbox 2661 3302 2848 3360; x_wconf 90' lang='lat' dir='ltr'><strong>actus</strong></span> <span class='ocrx_word' id='word_1_286' title='bbox 2881 3295 3165 3376; x_wconf 85' lang='lat' dir='ltr'><strong>singulos</strong></span> 
     </span>
     <span class='ocr_line' id='line_1_30' title="bbox 547 3400 3165 3484; baseline -0 -18"><span class='ocrx_word' id='word_1_287' title='bbox 547 3401 984 3482; x_wconf 85' lang='lat' dir='ltr'><strong>adjuvandum</strong></span> <span class='ocrx_word' id='word_1_288' title='bbox 1015 3400 1450 3466; x_wconf 86' lang='lat' dir='ltr'><strong>necessariam</strong></span> <span class='ocrx_word' id='word_1_289' title='bbox 1485 3401 1599 3472; x_wconf 89' lang='lat' dir='ltr'><strong>Dei</strong></span> <span class='ocrx_word' id='word_1_290' title='bbox 1645 3403 1921 3482; x_wconf 89' lang='lat' dir='ltr'><strong>gratiam</strong></span> <span class='ocrx_word' id='word_1_291' title='bbox 1953 3421 2085 3466; x_wconf 92' lang='lat' dir='ltr'><strong>non</strong></span> <span class='ocrx_word' id='word_1_292' title='bbox 2115 3405 2455 3484; x_wconf 74' lang='lat' dir='ltr'><strong>putaretP‘</strong></span> <span class='ocrx_word' id='word_1_293' title='bbox 2525 3401 2720 3467; x_wconf 90' lang='lat' dir='ltr'><strong>Plura</strong></span> <span class='ocrx_word' id='word_1_294' title='bbox 2751 3403 2879 3466; x_wconf 91' lang='lat' dir='ltr'><strong>alia</strong></span> <span class='ocrx_word' id='word_1_295' title='bbox 2910 3409 3165 3483; x_wconf 91' lang='lat' dir='ltr'><strong>patrum</strong></span> 
     </span>
     <span class='ocr_line' id='line_1_31' title="bbox 547 3508 2022 3590; baseline -0.001 -18"><span class='ocrx_word' id='word_1_296' title='bbox 547 3509 923 3573; x_wconf 88' lang='lat' dir='ltr'><strong>testimonia</strong></span> <span class='ocrx_word' id='word_1_297' title='bbox 953 3508 1404 3590; x_wconf 83' lang='lat' dir='ltr'><strong>disputationis</strong></span> <span class='ocrx_word' id='word_1_298' title='bbox 1439 3527 1634 3572; x_wconf 90' lang='lat' dir='ltr'><strong>cursu</strong></span> <span class='ocrx_word' id='word_1_299' title='bbox 1666 3508 2022 3573; x_wconf 75' lang='lat' dir='ltr'><strong>audiemus</strong></span> 
     </span>
    </p>

    <p class='ocr_par' dir='ltr' id='par_1_4' title="bbox 544 3615 3166 4771">
     <span class='ocr_line' id='line_1_32' title="bbox 726 3615 3165 3698; baseline -0.002 -16"><span class='ocrx_word' id='word_1_300' title='bbox 726 3619 787 3686; x_wconf 83' lang='lat'><strong>5.</strong></span> <span class='ocrx_word' id='word_1_301' title='bbox 821 3615 1248 3679; x_wconf 86' lang='lat' dir='ltr'><strong>Confirmatur</strong></span> <span class='ocrx_word' id='word_1_302' title='bbox 1287 3615 1619 3681; x_wconf 88' lang='lat' dir='ltr'><strong>ratione</strong></span> <span class='ocrx_word' id='word_1_303' title='bbox 1662 3615 2041 3697; x_wconf 64' lang='lat' dir='ltr'><strong>theologica,</strong></span> <span class='ocrx_word' id='word_1_304' title='bbox 2076 3635 2270 3698; x_wconf 89' lang='lat' dir='ltr'><strong>quam</strong></span> <span class='ocrx_word' id='word_1_305' title='bbox 2304 3616 2395 3679; x_wconf 90' lang='lat' dir='ltr'><strong>ita</strong></span> <span class='ocrx_word' id='word_1_306' title='bbox 2424 3616 2726 3698; x_wconf 88' lang='lat' dir='ltr'><strong>proponit</strong></span> <span class='ocrx_word' id='word_1_307' title='bbox 2757 3636 2806 3680; x_wconf 78' lang='lat' dir='ltr'><strong>s,</strong></span> <span class='ocrx_word' id='word_1_308' title='bbox 2839 3616 3165 3679; x_wconf 89' lang='lat' dir='ltr'><strong>Thomas</strong></span> 
     </span>
     <span class='ocr_line' id='line_1_33' title="bbox 553 3722 3164 3805; baseline 0 -20"><span class='ocrx_word' id='word_1_309' title='bbox 553 3729 604 3790; x_wconf 89' lang='lat'><strong>1.</strong></span> <span class='ocrx_word' id='word_1_310' title='bbox 640 3728 680 3791; x_wconf 82' lang='grc'>2</span> <span class='ocrx_word' id='word_1_311' title='bbox 714 3743 769 3805; x_wconf 90' lang='lat' dir='ltr'><strong>q.</strong></span> <span class='ocrx_word' id='word_1_312' title='bbox 810 3729 933 3792; x_wconf 87' lang='lat'><strong>109</strong></span> <span class='ocrx_word' id='word_1_313' title='bbox 967 3740 1022 3786; x_wconf 90' lang='lat' dir='ltr'><strong>a.</strong></span> <span class='ocrx_word' id='word_1_314' title='bbox 1056 3728 1130 3791; x_wconf 84' lang='lat'><strong>5:</strong></span> <span class='ocrx_word' id='word_1_315' title='bbox 1170 3722 1409 3796; x_wconf 77' lang='lat' dir='ltr'><strong>„Actus</strong></span> <span class='ocrx_word' id='word_1_316' title='bbox 1441 3723 1869 3802; x_wconf 86' lang='lat' dir='ltr'><strong>perducentes</strong></span> <span class='ocrx_word' id='word_1_317' title='bbox 1903 3723 1985 3786; x_wconf 88' lang='lat' dir='ltr'><strong>ad</strong></span> <span class='ocrx_word' id='word_1_318' title='bbox 2016 3722 2210 3787; x_wconf 88' lang='lat' dir='ltr'><strong>finem</strong></span> <span class='ocrx_word' id='word_1_319' title='bbox 2231 3729 2486 3805; x_wconf 87' lang='lat' dir='ltr'><strong>oportet</strong></span> <span class='ocrx_word' id='word_1_320' title='bbox 2507 3741 2649 3788; x_wconf 88' lang='lat' dir='ltr'><strong>esse</strong></span> <span class='ocrx_word' id='word_1_321' title='bbox 2670 3722 2781 3787; x_wconf 89' lang='lat' dir='ltr'><strong>fini</strong></span> <span class='ocrx_word' id='word_1_322' title='bbox 2799 3722 3164 3804; x_wconf 87' lang='lat' dir='ltr'><strong>proportio-</strong></span> 
     </span>
     <span class='ocr_line' id='line_1_34' title="bbox 546 3829 3162 3912; baseline 0.001 -21"><span class='ocrx_word' id='word_1_323' title='bbox 546 3834 772 3905; x_wconf 83' lang='lat' dir='ltr'><strong>natos3</strong></span> <span class='ocrx_word' id='word_1_324' title='bbox 805 3829 1015 3893; x_wconf 92' lang='lat' dir='ltr'><strong>nullus</strong></span> <span class='ocrx_word' id='word_1_325' title='bbox 1049 3836 1267 3894; x_wconf 90' lang='lat' dir='ltr'><strong>autem</strong></span> <span class='ocrx_word' id='word_1_326' title='bbox 1298 3837 1484 3893; x_wconf 88' lang='lat' dir='ltr'><strong>actus</strong></span> <span class='ocrx_word' id='word_1_327' title='bbox 1519 3830 1775 3895; x_wconf 82' lang='lat' dir='ltr'><strong>excedit</strong></span> <span class='ocrx_word' id='word_1_328' title='bbox 1804 3830 2287 3912; x_wconf 90' lang='lat' dir='ltr'><strong>proportionem</strong></span> <span class='ocrx_word' id='word_1_329' title='bbox 2320 3830 2612 3912; x_wconf 91' lang='lat' dir='ltr'><strong>principii</strong></span> <span class='ocrx_word' id='word_1_330' title='bbox 2662 3831 2871 3906; x_wconf 87' lang='lat' dir='ltr'><strong>activi,</strong></span> <span class='ocrx_word' id='word_1_331' title='bbox 2919 3836 2985 3894; x_wconf 91' lang='lat' dir='ltr'><strong>et</strong></span> <span class='ocrx_word' id='word_1_332' title='bbox 3015 3829 3162 3894; x_wconf 85' lang='lat' dir='ltr'><strong>ideo</strong></span> 
     </span>
     <span class='ocr_line' id='line_1_35' title="bbox 546 3935 3166 4019; baseline 0 -21"><span class='ocrx_word' id='word_1_333' title='bbox 546 3935 838 4000; x_wconf 86' lang='lat' dir='ltr'><strong>videmus</strong></span> <span class='ocrx_word' id='word_1_334' title='bbox 868 3936 933 3999; x_wconf 93' lang='lat' dir='ltr'><strong>in</strong></span> <span class='ocrx_word' id='word_1_335' title='bbox 966 3936 1159 4001; x_wconf 87' lang='lat' dir='ltr'><strong>rebus</strong></span> <span class='ocrx_word' id='word_1_336' title='bbox 1191 3936 1610 4013; x_wconf 81' lang='lat' dir='ltr'><strong>naturalibuS,</strong></span> <span class='ocrx_word' id='word_1_337' title='bbox 1645 3937 1818 4017; x_wconf 90' lang='lat' dir='ltr'><strong>quod</strong></span> <span class='ocrx_word' id='word_1_338' title='bbox 1851 3937 2026 4000; x_wconf 88' lang='lat' dir='ltr'><strong>nulla</strong></span> <span class='ocrx_word' id='word_1_339' title='bbox 2048 3956 2152 4002; x_wconf 88' lang='lat' dir='ltr'><strong>res</strong></span> <span class='ocrx_word' id='word_1_340' title='bbox 2173 3944 2385 4018; x_wconf 87' lang='lat' dir='ltr'><strong>potest</strong></span> <span class='ocrx_word' id='word_1_341' title='bbox 2404 3936 2710 4019; x_wconf 87' lang='lat' dir='ltr'><strong>perficere</strong></span> <span class='ocrx_word' id='word_1_342' title='bbox 2733 3937 3030 4002; x_wconf 88' lang='lat' dir='ltr'><strong>effectum</strong></span> <span class='ocrx_word' id='word_1_343' title='bbox 3049 3955 3166 4016; x_wconf 93' lang='lat' dir='ltr'><strong>per</strong></span> 
     </span>
     <span class='ocr_line' id='line_1_36' title="bbox 546 4042 3166 4124; baseline 0 -18"><span class='ocrx_word' id='word_1_344' title='bbox 546 4061 731 4106; x_wconf 89' lang='lat' dir='ltr'><strong>suam</strong></span> <span class='ocrx_word' id='word_1_345' title='bbox 765 4042 1221 4123; x_wconf 88' lang='lat' dir='ltr'><strong>operationem,</strong></span> <span class='ocrx_word' id='word_1_346' title='bbox 1256 4043 1367 4124; x_wconf 90' lang='lat' dir='ltr'><strong>qui</strong></span> <span class='ocrx_word' id='word_1_347' title='bbox 1398 4043 1671 4108; x_wconf 87' lang='lat' dir='ltr'><strong>excedat</strong></span> <span class='ocrx_word' id='word_1_348' title='bbox 1700 4043 2003 4109; x_wconf 85' lang='lat' dir='ltr'><strong>virtutem</strong></span> <span class='ocrx_word' id='word_1_349' title='bbox 2037 4046 2422 4108; x_wconf 87' lang='lat' dir='ltr'><strong>activam...</strong></span> <span class='ocrx_word' id='word_1_350' title='bbox 2455 4044 2609 4109; x_wconf 86' lang='lat' dir='ltr'><strong>Vita</strong></span> <span class='ocrx_word' id='word_1_351' title='bbox 2649 4051 2863 4108; x_wconf 88' lang='lat' dir='ltr'><strong>autem</strong></span> <span class='ocrx_word' id='word_1_352' title='bbox 2898 4050 3166 4108; x_wconf 89' lang='lat' dir='ltr'><strong>aeterna</strong></span> 
     </span>
     <span class='ocr_line' id='line_1_37' title="bbox 547 4149 3164 4231; baseline 0 -19"><span class='ocrx_word' id='word_1_353' title='bbox 547 4155 647 4213; x_wconf 86' lang='lat' dir='ltr'><strong>est</strong></span> <span class='ocrx_word' id='word_1_354' title='bbox 680 4149 821 4213; x_wconf 85' lang='lat' dir='ltr'><strong>finis</strong></span> <span class='ocrx_word' id='word_1_355' title='bbox 854 4151 1177 4215; x_wconf 87' lang='lat' dir='ltr'><strong>excedens</strong></span> <span class='ocrx_word' id='word_1_356' title='bbox 1208 4150 1691 4231; x_wconf 89' lang='lat' dir='ltr'><strong>proportionem</strong></span> <span class='ocrx_word' id='word_1_357' title='bbox 1725 4155 1996 4214; x_wconf 88' lang='lat' dir='ltr'><strong>naturae</strong></span> <span class='ocrx_word' id='word_1_358' title='bbox 2028 4151 2374 4227; x_wconf 87' lang='lat' dir='ltr'><strong>humanae,</strong></span> <span class='ocrx_word' id='word_1_359' title='bbox 2408 4202 2420 4213; x_wconf 92' lang='lat'><strong>.</strong></span> <span class='ocrx_word' id='word_1_360' title='bbox 2458 4201 2469 4213; x_wconf 96' lang='lat'>.</span> <span class='ocrx_word' id='word_1_361' title='bbox 2502 4202 2514 4213; x_wconf 91' lang='lat'><strong>.</strong></span> <span class='ocrx_word' id='word_1_362' title='bbox 2547 4158 2613 4215; x_wconf 90' lang='lat' dir='ltr'><strong>et</strong></span> <span class='ocrx_word' id='word_1_363' title='bbox 2644 4150 2788 4215; x_wconf 89' lang='lat' dir='ltr'><strong>ideo</strong></span> <span class='ocrx_word' id='word_1_364' title='bbox 2821 4151 3017 4214; x_wconf 92' lang='lat' dir='ltr'><strong>homo</strong></span> <span class='ocrx_word' id='word_1_365' title='bbox 3048 4169 3164 4231; x_wconf 92' lang='lat' dir='ltr'><strong>per</strong></span> 
     </span>
     <span class='ocr_line' id='line_1_38' title="bbox 548 4256 3163 4340; baseline 0 -20"><span class='ocrx_word' id='word_1_366' title='bbox 548 4275 670 4320; x_wconf 90' lang='lat' dir='ltr'><strong>sua</strong></span> <span class='ocrx_word' id='word_1_367' title='bbox 701 4257 1026 4320; x_wconf 88' lang='lat' dir='ltr'><strong>naturalia</strong></span> <span class='ocrx_word' id='word_1_368' title='bbox 1055 4276 1186 4321; x_wconf 90' lang='lat' dir='ltr'><strong>non</strong></span> <span class='ocrx_word' id='word_1_369' title='bbox 1217 4264 1430 4338; x_wconf 91' lang='lat' dir='ltr'><strong>potest</strong></span> <span class='ocrx_word' id='word_1_370' title='bbox 1461 4256 1821 4337; x_wconf 87' lang='lat' dir='ltr'><strong>producere</strong></span> <span class='ocrx_word' id='word_1_371' title='bbox 1867 4275 2066 4339; x_wconf 89' lang='lat' dir='ltr'><strong>opera</strong></span> <span class='ocrx_word' id='word_1_372' title='bbox 2113 4258 2439 4322; x_wconf 85' lang='lat' dir='ltr'><strong>meritoria</strong></span> <span class='ocrx_word' id='word_1_373' title='bbox 2468 4257 2960 4340; x_wconf 86' lang='lat' dir='ltr'><strong>proportionata</strong></span> <span class='ocrx_word' id='word_1_374' title='bbox 2989 4256 3163 4321; x_wconf 87' lang='lat' dir='ltr'><strong>vitae</strong></span> 
     </span>
     <span class='ocr_line' id='line_1_39' title="bbox 548 4362 3159 4446; baseline 0 -21"><span class='ocrx_word' id='word_1_375' title='bbox 548 4369 870 4438; x_wconf 90' lang='lat' dir='ltr'><strong>aeternae,</strong></span> <span class='ocrx_word' id='word_1_376' title='bbox 901 4363 1015 4427; x_wconf 91' lang='lat' dir='ltr'><strong>sed</strong></span> <span class='ocrx_word' id='word_1_377' title='bbox 1047 4363 1130 4426; x_wconf 88' lang='lat' dir='ltr'><strong>ad</strong></span> <span class='ocrx_word' id='word_1_378' title='bbox 1162 4364 1287 4427; x_wconf 91' lang='lat' dir='ltr'><strong>hoc</strong></span> <span class='ocrx_word' id='word_1_379' title='bbox 1308 4363 1580 4444; x_wconf 84' lang='lat' dir='ltr'><strong>exigitur</strong></span> <span class='ocrx_word' id='word_1_380' title='bbox 1600 4363 1788 4427; x_wconf 87' lang='lat' dir='ltr'><strong>altior</strong></span> <span class='ocrx_word' id='word_1_381' title='bbox 1808 4363 2031 4436; x_wconf 84' lang='lat' dir='ltr'><strong>virtus,</strong></span> <span class='ocrx_word' id='word_1_382' title='bbox 2053 4381 2218 4446; x_wconf 89' lang='lat' dir='ltr'><strong>quae</strong></span> <span class='ocrx_word' id='word_1_383' title='bbox 2239 4370 2340 4428; x_wconf 89' lang='lat' dir='ltr'><strong>est</strong></span> <span class='ocrx_word' id='word_1_384' title='bbox 2359 4363 2564 4428; x_wconf 87' lang='lat' dir='ltr'><strong>virtus</strong></span> <span class='ocrx_word' id='word_1_385' title='bbox 2585 4363 2882 4444; x_wconf 73' lang='lat' dir='ltr'><strong>gratiae&lt;</strong></span> <span class='ocrx_word' id='word_1_386' title='bbox 2922 4362 3159 4445; x_wconf 89' lang='lat' dir='ltr'><strong>Loqui-</strong></span> 
     </span>
     <span class='ocr_line' id='line_1_40' title="bbox 549 4469 3164 4553; baseline 0.001 -21"><span class='ocrx_word' id='word_1_387' title='bbox 549 4476 652 4533; x_wconf 90' lang='lat' dir='ltr'><strong>tur</strong></span> <span class='ocrx_word' id='word_1_388' title='bbox 683 4470 940 4553; x_wconf 87' lang='lat' dir='ltr'><strong>quidem</strong></span> <span class='ocrx_word' id='word_1_389' title='bbox 972 4490 1018 4534; x_wconf 91' lang='lat' dir='ltr'><strong>s.</strong></span> <span class='ocrx_word' id='word_1_390' title='bbox 1053 4471 1333 4534; x_wconf 89' lang='lat' dir='ltr'><strong>Thomas</strong></span> <span class='ocrx_word' id='word_1_391' title='bbox 1379 4470 1458 4533; x_wconf 90' lang='lat' dir='ltr'><strong>de</strong></span> <span class='ocrx_word' id='word_1_392' title='bbox 1491 4469 1745 4535; x_wconf 88' lang='lat' dir='ltr'><strong>actibus</strong></span> <span class='ocrx_word' id='word_1_393' title='bbox 1780 4469 2139 4546; x_wconf 81' lang='lat' dir='ltr'><strong>meritoriiS,</strong></span> <span class='ocrx_word' id='word_1_394' title='bbox 2188 4470 2415 4535; x_wconf 87' lang='lat' dir='ltr'><strong>eadem</strong></span> <span class='ocrx_word' id='word_1_395' title='bbox 2450 4478 2667 4535; x_wconf 88' lang='lat' dir='ltr'><strong>tamen</strong></span> <span class='ocrx_word' id='word_1_396' title='bbox 2699 4469 2862 4534; x_wconf 87' lang='lat' dir='ltr'><strong>ratio</strong></span> <span class='ocrx_word' id='word_1_397' title='bbox 2894 4471 3068 4534; x_wconf 79' lang='lat' dir='ltr'><strong>valet</strong></span> <span class='ocrx_word' id='word_1_398' title='bbox 3097 4477 3164 4534; x_wconf 90' lang='lat' dir='ltr'><strong>et</strong></span> 
     </span>
     <span class='ocr_line' id='line_1_41' title="bbox 546 4576 3163 4660; baseline 0 -20"><span class='ocrx_word' id='word_1_399' title='bbox 546 4577 626 4642; x_wconf 92' lang='lat' dir='ltr'><strong>de</strong></span> <span class='ocrx_word' id='word_1_400' title='bbox 657 4576 932 4653; x_wconf 88' lang='lat' dir='ltr'><strong>actibus,</strong></span> <span class='ocrx_word' id='word_1_401' title='bbox 965 4577 1075 4660; x_wconf 90' lang='lat' dir='ltr'><strong>qui</strong></span> <span class='ocrx_word' id='word_1_402' title='bbox 1107 4578 1454 4659; x_wconf 89' lang='lat' dir='ltr'><strong>disponunt</strong></span> <span class='ocrx_word' id='word_1_403' title='bbox 1486 4576 1571 4640; x_wconf 88' lang='lat' dir='ltr'><strong>ad</strong></span> <span class='ocrx_word' id='word_1_404' title='bbox 1594 4576 2138 4657; x_wconf 85' lang='lat' dir='ltr'><strong>justificationem,</strong></span> <span class='ocrx_word' id='word_1_405' title='bbox 2185 4596 2332 4641; x_wconf 89' lang='lat' dir='ltr'><strong>cum</strong></span> <span class='ocrx_word' id='word_1_406' title='bbox 2364 4583 2430 4643; x_wconf 87' lang='lat' dir='ltr'><strong>et</strong></span> <span class='ocrx_word' id='word_1_407' title='bbox 2459 4578 2622 4642; x_wconf 89' lang='lat' dir='ltr'><strong>haec</strong></span> <span class='ocrx_word' id='word_1_408' title='bbox 2663 4577 2747 4640; x_wconf 90' lang='lat' dir='ltr'><strong>sit</strong></span> <span class='ocrx_word' id='word_1_409' title='bbox 2778 4583 3163 4659; x_wconf 88' lang='lat' dir='ltr'><strong>supernatu-</strong></span> 
     </span>
     <span class='ocr_line' id='line_1_42' title="bbox 544 4681 3157 4771; baseline -0 -24"><span class='ocrx_word' id='word_1_410' title='bbox 544 4684 696 4748; x_wconf 90' lang='lat' dir='ltr'><strong>ralis</strong></span> <span class='ocrx_word' id='word_1_411' title='bbox 730 4686 798 4771; x_wconf 93' lang='lat' dir='ltr'><strong>(t.</strong></span> <span class='ocrx_word' id='word_1_412' title='bbox 830 4684 896 4748; x_wconf 91' lang='grc' dir='ltr'><strong>ΙΙ.</strong></span> <span class='ocrx_word' id='word_1_413' title='bbox 932 4705 989 4748; x_wconf 90' lang='lat' dir='ltr'><strong>n.</strong></span> <span class='ocrx_word' id='word_1_414' title='bbox 1026 4690 1171 4753; x_wconf 86' lang='lat'>319.</span> <span class='ocrx_word' id='word_1_415' title='bbox 1208 4685 1381 4769; x_wconf 83' lang='lat'>340).</span> <span class='ocrx_word' id='word_1_416' title='bbox 1448 4681 1787 4748; x_wconf 88' lang='lat' dir='ltr'><strong>Geminam</strong></span> <span class='ocrx_word' id='word_1_417' title='bbox 1834 4685 2153 4750; x_wconf 89' lang='lat' dir='ltr'><strong>rationem</strong></span> <span class='ocrx_word' id='word_1_418' title='bbox 2199 4684 2499 4769; x_wconf 90' lang='lat' dir='ltr'><strong>proponit</strong></span> <span class='ocrx_word' id='word_1_419' title='bbox 2532 4703 2588 4765; x_wconf 88' lang='lat' dir='ltr'><strong>q.</strong></span> <span class='ocrx_word' id='word_1_420' title='bbox 2623 4691 2707 4754; x_wconf 81' lang='grc'><strong>62</strong></span> <span class='ocrx_word' id='word_1_421' title='bbox 2742 4703 2796 4747; x_wconf 90' lang='lat' dir='ltr'><strong>a.</strong></span> <span class='ocrx_word' id='word_1_422' title='bbox 2832 4690 2871 4751; x_wconf 82' lang='lat'>2</span> <span class='ocrx_word' id='word_1_423' title='bbox 2905 4690 2968 4749; x_wconf 88' lang='lat' dir='ltr'><strong>et</strong></span> <span class='ocrx_word' id='word_1_424' title='bbox 2999 4702 3050 4748; x_wconf 92' lang='lat' dir='ltr'><strong>c.</strong></span> <span class='ocrx_word' id='word_1_425' title='bbox 3085 4681 3157 4748; x_wconf 90' lang='lat' dir='ltr'><strong>G.</strong></span> 
     </span>
    </p>
   </div>
   <div class='ocr_carea' id='block_1_3' title="bbox 3536 0 3538 584">
    <p class='ocr_par' dir='ltr' id='par_1_5' title="bbox 3536 0 3538 584">
     <span class='ocr_line' id='line_1_43' title="bbox 3536 0 3538 584; baseline 0 0"><span class='ocrx_word' id='word_1_426' title='bbox 3536 0 3538 584; x_wconf 95' lang='lat' dir='ltr'><strong> </strong></span> 
     </span>
    </p>
   </div>
   <div class='ocr_carea' id='block_1_4' title="bbox 3535 1305 3538 2314">
    <p class='ocr_par' dir='ltr' id='par_1_6' title="bbox 3535 1305 3538 2314">
     <span class='ocr_line' id='line_1_44' title="bbox 3535 1305 3538 2314; baseline 0 0"><span class='ocrx_word' id='word_1_427' title='bbox 3535 1305 3538 2314; x_wconf 95' lang='lat' dir='ltr'><strong> </strong></span> 
     </span>
    </p>
   </div>
  </div>
 </body>
</html>
