3538 5364
1222 299 1305 355 De
1325 299 1550 372 gratiae
1577 297 2000 354 distributione.
2829 305 2914 370 67

294 494 520 573 Paule,
551 497 937 577 praesertim
970 498 1151 564 Rom.
1186 504 1245 576 9,
1279 504 1379 563 est
1408 518 1456 563 s.
1502 497 2017 580 Augustinus
2063 497 2130 561 in
2173 497 2305 561 suis
2338 496 2646 561 adversus
2678 496 2921 577 gratiae

294 602 595 666 inimicos
629 604 948 685 operibus.

1279 802 1762 870 Articulus
1812 802 1957 870 111.

1046 924 1152 991 De
1200 926 1519 1006 gratiae
1564 926 2188 991 distributione.

475 1055 584 1118 73.
619 1047 925 1131 Maynum
950 1052 1202 1135 qratiae
1232 1051 1613 1136 mysterium.
1643 1089 1733 1101 --
1763 1048 1976 1114 Unum
2017 1067 2096 1114 ex
2127 1048 2486 1131 praecipuis
2521 1048 2719 1112 totius
2754 1054 2923 1112 trac-

296 1162 474 1219 tatus
508 1156 838 1238 mysteriis
870 1157 1289 1238 aggredimur,
1310 1156 1482 1240 quod
1506 1157 1752 1238 gratiae
1773 1156 2219 1221 distributione
2252 1156 2633 1220 continetur.
2666 1152 2735 1219 Si
2755 1155 2925 1220 enim

294 1263 652 1345 quaeritur,
685 1281 884 1345 quare
929 1264 1098 1328 Deus
1142 1264 1396 1345 parcius
1443 1283 1595 1330 suas
1636 1264 2028 1330 distribuerit
2072 1264 2311 1344 gratias
2359 1270 2510 1329 ante
2543 1262 2778 1327 Christi
2810 1262 2925 1326 ad-

296 1377 585 1446 ventum,
619 1376 689 1434 et
722 1388 923 1453 quare
955 1370 1149 1435 etiam
1193 1389 1365 1435 nunc
1409 1388 1604 1453 parce
1652 1371 1994 1435 distribuat
2039 1370 2214 1435 illam
2263 1376 2360 1434 tot
2391 1371 2685 1452 gentibus
2719 1369 2929 1434 adhuc

296 1476 363 1538 in
394 1476 687 1540 tenebris
719 1483 787 1542 et
817 1477 882 1540 in
913 1477 1145 1541 umbra
1173 1478 1401 1541 mortis
1432 1477 1837 1554 sedentibus;
1888 1495 2088 1559 quare
2119 1495 2320 1541 unum
2350 1477 2445 1541 sic
2475 1482 2682 1552 vocet,
2713 1482 2783 1540 ut
2815 1494 2927 1541 ve-

296 1583 452 1656 niat,
482 1601 621 1647 non
655 1601 811 1647 vero
863 1584 1152 1659 alterum,
1200 1601 1349 1648 cum
1396 1590 1616 1650 tamen
1664 1584 1902 1666 possit;
1953 1602 2153 1667 quare
2203 1602 2240 1648 e
2292 1583 2544 1648 duobus
2576 1583 2928 1648 eorundem

306 1689 629 1754 scelerum
664 1690 793 1754 reis
811 1691 999 1754 unius
1020 1691 1417 1769 misereatur,
1439 1692 1712 1756 alterum
1744 1692 1810 1754 in
1842 1709 1963 1755 sua
1991 1691 2312 1773 relinquat
2341 1690 2747 1755 induratione
2780 1696 2929 1754 etc.:

298 1813 688 1877 responsum
719 1795 893 1859 aliud
925 1796 1081 1863 dare
1110 1816 1243 1861 non
1273 1815 1618 1879 possumus
1650 1815 1847 1879 quam
1879 1796 2030 1861 illud
2051 1795 2234 1860 Pauli
2254 1798 2436 1861 Rom.
2464 1803 2563 1873 11,
2585 1800 2704 1866 33:
2746 1797 2799 1860 Ο
2831 1797 2928 1861 al-

300 1903 500 1965 titudo
532 1903 903 1967 divitiarum
932 1905 1280 1987 sapientiae
1309 1912 1365 1967 et
1396 1905 1687 1967 scientiae
1716 1902 1855 1985 Dei,
1896 1924 2084 1988 quam
2114 1902 2754 1988 incomprehensibilia
2786 1909 2931 1966 sunt

304 2011 550 2091 judicia
586 2009 733 2091 ejus.
767 2010 905 2074 Hoc
935 2011 1309 2092 mysterium
1339 2017 1555 2092 patres
1586 2010 1830 2092 passim
1876 2010 2292 2086 admirantur,
2337 2010 2403 2073 in
2452 2009 2674 2091 primis
2705 2016 2933 2074 auctor

299 2134 403 2197 op.
436 2116 520 2181 de
553 2117 900 2181 vocatione
932 2118 1219 2182 omnium
1252 2118 1532 2199 gentium
1547 2119 1613 2205 ¹).
1666 2113 2114 2200 Opportunum
2145 2122 2363 2182 autem
2396 2117 2532 2194 erit,
2563 2117 2630 2180 in
2663 2134 2741 2181 eo
2773 2133 2931 2180 con-

312 2222 690 2304 templando
740 2241 898 2305 prae
948 2224 1149 2287 oculis
1191 2224 1433 2289 habere
1462 2230 1721 2306 patrum
1752 2224 2129 2301 doctrinam,
2175 2240 2373 2306 quam
2417 2222 2930 2305 Augustinus

297 2330 392 2393 ita
424 2331 747 2412 expressit
777 2348 872 2412 ep.
911 2335 1037 2399 194
1068 2350 1128 2394 n.
1163 2337 1279 2399 21:
1349 2328 1558 2406 ,Satis
1602 2331 1686 2396 sit
1730 2331 1985 2397 interim
2031 2331 2380 2395 christiano
2427 2348 2507 2395 ex
2551 2329 2675 2394 fide
2720 2329 2931 2393 adhuc

303 2436 544 2500 viventi
598 2444 665 2501 et
710 2438 999 2502 nondum
1049 2438 1352 2513 cernenti,
1387 2437 1559 2519 quod
1608 2436 1962 2520 perfectum
2013 2443 2128 2515 est,
2178 2436 2293 2501 sed
2343 2454 2422 2501 ex
2473 2443 2656 2519 parte
2689 2435 2930 2512 scienti,

303 2560 500 2607 nosse
533 2543 638 2608 vel
670 2543 949 2622 credere,
981 2544 1153 2627 quod
1185 2544 1507 2610 neminem
1541 2544 1710 2609 Deus
1740 2544 1986 2621 liberet,
2031 2544 2155 2608 nisi
2184 2543 2465 2624 gratuita
2493 2542 2933 2608 misericordia

303 2667 420 2731 per
454 2649 524 2713 D.
561 2648 634 2714 N.
667 2650 720 2715 J.
755 2648 1094 2729 Christum,
1127 2658 1193 2717 et
1222 2651 1545 2718 neminem
1577 2651 1858 2729 damnet,
1904 2651 2026 2715 nisi
2071 2650 2460 2734 aequissima
2504 2650 2774 2715 veritate
2806 2648 2930 2736 (ju-

308 2756 506 2840 stitia)
542 2775 663 2838 per
693 2758 969 2823 eundem
1001 2758 1069 2822 D.
1102 2758 1175 2823 N.
1206 2758 1258 2824 J.
1292 2757 1670 2823 Christum.‘
1728 2758 1837 2840 Ep.
1871 2764 1957 2827 95
1990 2778 2050 2822 n.
2083 2765 2157 2828 6:
2227 2757 2393 2832 ,Cur
2438 2763 2655 2822 autem
2688 2756 2790 2822 ille
2821 2757 2932 2833 sic,

308 2863 404 2928 ille
437 2870 666 2928 autem
698 2866 790 2928 sic
823 2865 1157 2947 adjuvetur
1186 2866 1290 2931 vel
1321 2884 1453 2930 non
1471 2865 1827 2947 adjuvetur,
1847 2866 2098 2941 nesci03
2132 2864 2196 2927 id
2215 2870 2434 2929 tamen
2455 2864 2659 2930 Deum
2678 2880 2931 2927 summa

308 2970 558 3053 sibique
591 2978 751 3036 nota
769 2973 1092 3054 aequitate
1111 2972 1322 3038 facere
1341 2973 1531 3037 scios
1572 2970 1659 3037 Cf.
1692 2971 2179 3052 Fulgentius
2209 2970 2246 3035 l.
2286 2977 2318 3038 1
2355 2971 2434 3035 de
2454 2971 2724 3037 veritate
2742 2987 2932 3051 prae-

304 3076 501 3154 dest.;
556 3097 608 3141 s.
643 3076 1002 3160 Prosper
1044 3097 1237 3143 carm.
1270 3080 1350 3144 de
1381 3080 1644 3161 ingratis
1675 3096 1728 3142 c.
1764 3085 1849 3149 18
1897 3079 2140 3166 (opusc.
2184 3077 2446 3165 XXIV);
2493 3095 2573 3142 ex
2620 3076 2934 3156 theologis

309 3182 712 3248 Palmieri
763 3185 849 3249 th.
905 3191 1023 3261 62;
1085 3186 1543 3267 Atzberger
1574 3188 1609 3271 ξ
1645 3189 1793 3256 315.
1827 3191 1976 3254 316.
2037 3184 2203 3266 Quid
2253 3203 2407 3250 vero
2458 3183 2538 3249 de
2587 3184 2934 3265 gratiarum

304 3290 765 3356 distributione
798 3293 1145 3357 tenendum
1178 3294 1276 3370 sit,
1310 3293 1533 3358 ordine
1577 3293 2056 3375 progredientes
2103 3300 2168 3357 et
2210 3299 2390 3357 certa
2430 3309 2471 3355 a
2502 3290 2712 3354 minus
2743 3289 2935 3354 certis

305 3405 726 3464 secernentes
759 3398 1070 3463 distinctis
1101 3399 1389 3465 thesibus
1422 3418 1835 3482 exponemus,

494 3545 598 3608 74·
632 3541 888 3609 'rhesis
923 3541 1463 3611 CLXXXVIII·
1502 3565 1732 3619 «Iustis
1783 3565 2129 3628 omnibus,
2163 3565 2593 3631 praesertim
2631 3576 2796 3616 vero
2819 3577 2936 3616 vo-

308 3652 620 3705 lentibus
658 3657 723 3705 et
761 3654 1195 3720 conantibus,
1229 3660 1521 3720 umente
1552 3659 1927 3722 praecepto
1979 3657 2197 3710 datur
2231 3667 2280 3706 a
2319 3654 2465 3706 Deo
2503 3654 2742 3718 aratia
2775 3665 2935 3706 vere

309 3755 394 3793 ac
429 3740 755 3808 relative,
786 3743 1117 3805 proxume
1154 3742 1262 3795 vel
1286 3747 1546 3797 remote
1570 3743 1928 3807 sufficiens
1950 3744 2047 3797 ad
2069 3745 2424 3798 servanda
2454 3743 2693 3796 omnia
2717 3755 2935 3808 prae-

310 3834 536 3896 cepta,
576 3834 642 3882 et
679 3835 1176 3897 consequenter
1209 3833 1306 3886 ad
1336 3835 1959 3899 perseverandum.

493 3952 917 4021 Declaratio
950 3972 1018 4038 p.
1052 3953 1114 4020 1.
1147 3951 1373 4018 Thesis
1404 3959 1503 4018 est
1532 3952 1613 4017 de
1643 3951 1786 4028 fide,
1817 3958 1890 4016 ut
1926 3958 2105 4034 patet
2137 3970 2217 4017 ex
2255 3949 2674 4015 damnatione
2692 3968 2871 4031 prop.
2897 3955 2930 4017 1

308 4059 347 4123 J
364 4059 727 4123 ansenii:
785 4057 1052 4141 ‚Aliqua
1102 4058 1217 4124 Dei
1259 4064 1606 4141 praecepta
1652 4057 2023 4123 hominibus
2067 4059 2253 4140 justis
2302 4056 2664 4123 volentibus
2710 4063 2776 4122 et
2822 4074 2935 4120 co-

318 4165 629 4229 nantibus
662 4164 1017 4229 secundum
1047 4172 1441 4247 praesenteS,
1471 4183 1633 4247 quas
1664 4164 1926 4242 habent,
1959 4165 2127 4230 vires
2158 4171 2308 4229 sunt
2338 4164 2789 4247 impossibilia:
2821 4162 2935 4228 de-

318 4280 416 4336 est
445 4290 707 4355 quoque
737 4270 858 4335 illis
890 4272 1113 4352 gratia,
1147 4290 1275 4355 qua
1304 4272 1633 4354 possibilia
1663 4271 1876 4349 fiant,‘
1920 4290 2086 4353 quae
2107 4270 2436 4337 declarata
2456 4277 2554 4336 est
2575 4271 2935 4346 temeraria,

540 4531 579 4598 Ι)
606 4526 694 4581 Cf.
720 4542 805 4582 ex.
831 4544 918 4597 gr.
942 4526 980 4583 l.
1010 4543 1088 4582 oc.
1118 4532 1200 4583 13.
1232 4534 1313 4582 15.
1346 4532 1425 4583 16.
1454 4528 1617 4585 2121.
1643 4533 1676 4582 2
1701 4543 1780 4581 cc.
1813 4535 1859 4582 l.
1886 4532 1935 4583 3.
1964 4532 2015 4583 9.
2041 4527 2111 4583 37
2136 4528 2243 4580 etc.
2269 4527 2356 4580 lta
2383 4542 2516 4580 vero
2543 4524 2582 4580 1.
2609 4531 2660 4579 2.
2687 4542 2732 4580 c.
2755 4535 2786 4581 5
2807 4525 2937 4578 scri-

323 4607 438 4662 bit:
468 4607 661 4673 „Quae
686 4607 918 4679 (gratia)
944 4607 1054 4662 etsi
1076 4606 1302 4679 parcior
1326 4609 1461 4660 ante
1485 4609 1661 4675 atque
1687 4605 1962 4661 occultior
1987 4605 2118 4671 fuit,
2138 4606 2317 4660 nullis
2337 4608 2528 4658 tamen
2545 4605 2747 4661 seculis
2768 4621 2825 4658 se
2846 4622 2937 4658 ne-

325 4688 499 4758 gavit,
528 4686 747 4742 virtute
774 4703 908 4752 una,
936 4686 1262 4755 quantitate
1288 4685 1531 4750 diversa,
1570 4684 1808 4740 consilio
1849 4683 2324 4750 incommutabili,
2351 4701 2518 4755 opere
2543 4683 2935 4739 multiformis·

326 4766 405 4821 cf.
431 4787 473 4822 s.
500 4767 706 4822 Frano.
736 4766 1039 4823 Salesiu
1057 4784 1083 4820 s
1108 4766 1300 4821 Traite
1325 4767 1395 4820 de
1423 4766 1682 4820 l’Amour
1708 4765 1778 4818 de
1805 4764 1951 4820 Dieu
1978 4765 2017 4818 1.
2044 4770 2076 4818 2
2103 4782 2148 4819 c.
2177 4766 2228 4821 ⁶7.

2549 4858 2606 4910 ⁵·
