3538 5364
1412 316 1669 371 sacrificii
1702 316 1923 371 missae.
2840 328 2916 391 41
2943 331 2968 390 l

358 501 429 571 (1.
461 498 735 564 fructum
785 497 1436 582 propitiationis
1487 505 1551 562 et
1598 498 2261 580 impetrationi53
2313 506 2377 564 et
2409 499 2684 582 denique
2735 521 2799 569 e.
2848 502 2976 565 alia

359 613 554 690 atque
586 606 712 671 alia
743 606 1051 688 subjecta,
1074 605 1304 689 quibus
1325 604 1705 669 sacrificium
1742 605 2048 686 applicari
2079 612 2305 687 potest,
2339 613 2410 671 ut
2442 614 2592 671 sunt
2618 607 2789 688 Justi,
2822 626 2974 690 pec-

359 721 631 790 catoreS,
678 713 934 777 animae
979 713 1328 794 purgatorii
1362 718 1480 777 etc.
1543 710 1787 791 Quibus
1837 712 2206 795 praemissis
2255 713 2319 775 in
2370 732 2604 794 genere
2655 713 2976 779 affirmare

358 822 506 885 licet
534 821 659 884 hoc
691 818 1003 884 sacrificio
1030 819 1266 901 jugiter
1296 819 1659 883 continuari
1692 825 1756 884 et
1789 819 2118 901 adimpleri
2161 820 2333 902 quod
2366 820 2735 885 cecinerunt
2765 822 2977 901 angeli

361 926 703 990 occasione
735 926 1086 990 nativitatis
1119 925 1381 992 Christi:
1427 926 1651 989 Gloria
1683 928 1750 989 in
1782 927 2032 990 excelsis
2065 927 2197 991 Deo
2229 932 2286 990 et
2316 929 2383 991 in
2417 935 2586 991 terra
2609 949 2748 1012 pax
2779 929 2973 992 homa·-

357 1035 541 1098 nibus
590 1033 783 1097 bonae
830 1035 1165 1097 voluntatis
1215 1032 1387 1117 (Luc.
1422 1037 1481 1109 2,
1519 1034 1644 1118 14).
1720 1031 1850 1096 Pro
1901 1032 2230 1114 multiplici
2283 1040 2498 1097 tamen
2549 1034 2976 1107 distinctione,

360 1159 553 1222 quam
586 1141 925 1217 innuimuS,
959 1139 1123 1204 aliae
1157 1147 1351 1221 atque
1400 1140 1565 1204 aliae
1615 1140 1941 1204 enunciari
1987 1146 2257 1221 possunt
2304 1140 2775 1221 propositiones
2825 1160 2977 1224 spe-

358 1248 571 1312 ciales.
637 1246 716 1311 Ut
748 1265 898 1328 ergo
934 1246 1157 1311 ordine
1189 1246 1633 1328 procedamus,

538 1375 601 1441 1.
636 1373 976 1438 statuimus
1007 1371 1387 1436 sacrificium
1420 1372 1546 1435 hoc
1579 1388 1723 1435 esse
1755 1372 1822 1434 in
1854 1371 2073 1452 primis
2094 1378 2310 1435 actum
2342 1373 2633 1448 cultuS,
2667 1372 2790 1454 qui,
2814 1391 2974 1455 qua-

361 1486 550 1545 tenus
582 1480 1026 1544 consideratur
1058 1478 1346 1543 Christus
1379 1480 1671 1555 offerenS,
1693 1479 2158 1544 aestimationis
2191 1486 2290 1543 est
2320 1478 2635 1543 infinitae:
2666 1480 2980 1561 repetitur

359 1587 528 1651 enim
561 1606 639 1652 eo
674 1587 968 1651 adoratio
1003 1592 1067 1651 et
1095 1586 1236 1650 laus
1268 1587 1466 1651 semel
1513 1584 1801 1651 exhibita
1847 1586 1912 1648 in
1958 1604 2148 1651 cruce
2179 1586 2432 1650 divinae
2464 1586 2785 1667 majestati
2817 1604 2974 1650 con-

358 1694 579 1773 digna:
614 1701 930 1775 quatenus
963 1712 1116 1758 vero
1150 1694 1640 1757 considerantur
1669 1693 1964 1756 homines
1998 1692 2338 1758 offerentes
2357 1694 2597 1774 pariter
2611 1693 2861 1757 ratione
2881 1695 2974 1756 rei

359 1800 618 1866 oblatae
648 1801 838 1864 insita
869 1819 989 1865 sua
1019 1808 1256 1865 natura
1288 1800 1754 1866 aestimationis
1781 1805 1877 1864 est
1909 1817 2266 1882 supremae.
2316 1799 2493 1863 Unde
2525 1800 2818 1866 homines
2849 1800 2977 1864 hoc

358 1906 671 1971 sacrificio
702 1905 1067 1989 plenissime
1088 1914 1152 1972 et
1173 1907 1488 1987 condigne
1511 1905 1881 1970 satisfacere
1901 1912 2172 1988 possunt
2193 1925 2311 1971 suo
2344 1907 2384 1970 d
2402 1926 2437 1971 e
2453 1906 2624 1970 bito
2659 1907 2973 1971 adorandi

360 2020 423 2079 et
454 2013 705 2079 colendi
736 2012 940 2079 Deum
989 2014 1174 2096 eique
1214 2014 1455 2094 gratias
1504 2013 1850 2079 referendi:
1903 2013 2073 2096 quod
2125 2014 2224 2078 vel
2278 2011 2487 2077 solum
2537 2013 2975 2078 nobilissimus

358 2121 719 2202 summique
751 2120 935 2202 pretii
967 2125 1067 2185 est
1099 2119 1337 2184 fructus
1370 2120 1557 2201 hujus
1589 2119 1901 2183 sacrificii.
1953 2119 2044 2183 Eo
2077 2120 2217 2201 ipso
2252 2125 2470 2183 autem
2505 2121 2677 2201 quod
2708 2121 2832 2185 hoc
2865 2140 2972 2183 sa-

358 2228 594 2291 crificio
627 2226 1060 2291 nobilissimus
1095 2225 1357 2309 Deoque
1391 2227 1793 2307 gratissimus
1832 2226 2171 2290 exhibetur
2201 2226 2427 2301 cultuS,
2460 2226 2581 2291 erit
2615 2228 2763 2291 illud

534 2354 600 2421 2.
632 2371 710 2417 ex
743 2370 884 2415 sese
917 2352 1318 2416 utilissimum
1351 2350 1752 2415 hominibus:
1787 2350 1928 2415 sons
1962 2352 2130 2417 enim
2164 2352 2412 2416 exsistit
2446 2351 2806 2418 uberrimus
2825 2373 2974 2434 gra-

359 2460 592 2523 tiarum
625 2466 688 2523 et
719 2458 1237 2524 benedictionum
1270 2477 1386 2540 pro
1420 2477 1652 2539 genere
1684 2460 1990 2533 human0,
2010 2459 2198 2523 utvel
2218 2458 2448 2524 exinde
2468 2458 2972 2524 luculentissime

356 2573 555 2648 patet,
588 2566 758 2648 quod
790 2567 977 2648 hujus
1009 2566 1298 2631 sacrificii
1332 2566 1593 2630 victima
1638 2566 1807 2631 cedit
1851 2566 2140 2630 fidelibus
2186 2566 2251 2629 in
2283 2566 2498 2630 cibum
2529 2568 2727 2630 vitam
2758 2574 2973 2632 aeter-

357 2694 511 2739 nam
544 2673 959 2756 elargientem
993 2684 1215 2759 estque
1252 2681 1730 2740 sacramentum
1779 2676 2063 2740 omnium
2097 2674 2722 2758 praestantissimum
2754 2674 2975 2755 gratiis

357 2782 761 2847 redundans:
809 2783 958 2846 hinc
990 2783 1314 2848 mediante
1349 2789 1758 2847 sacramento
1793 2788 1992 2846 causa
2024 2791 2124 2847 est
2154 2783 2442 2846 omnium
2475 2781 2832 2857 effectuum,
2866 2783 2973 2863 qui

360 2888 785 2953 eucharistiae
835 2895 1244 2954 sacramento
1293 2897 1681 2971 competunt.
1746 2889 1860 2953 Hic
1911 2890 2141 2971 duplex
2195 2889 2436 2953 fructus
2487 2907 2617 2952 non
2667 2887 2824 2952 satis
2875 2889 2975 2950 in-

359 2996 593 3060 culcari
625 2995 805 3072 solet,
839 3013 985 3060 cum
1019 3016 1232 3061 sermo
1268 3002 1364 3060 est
1397 2997 1476 3060 de
1508 2996 1801 3060 sacrificii
1834 2997 2068 3061 missae
2103 2995 2424 3062 fructibus·

535 3124 598 3190 3.
631 3118 984 3185 Statuimus
1017 3120 1141 3184 hoc
1172 3120 1552 3184 sacrificium
1588 3139 1664 3185 ex
1697 3128 1880 3203 parte
1915 3119 2144 3184 Christi
2192 3120 2385 3183 modo
2432 3139 2560 3183 non
2609 3137 2751 3184 esse
2781 3120 2975 3183 meri-

358 3227 592 3291 torium
629 3234 693 3293 et
722 3225 1246 3304 satisfactorium,
1281 3246 1425 3291 cum
1460 3227 1595 3309 ipse
1628 3246 1758 3290 non
1794 3227 2067 3308 amplius
2113 3227 2195 3290 sit
2227 3227 2290 3290 in
2324 3231 2494 3289 statu
2526 3226 2703 3301 viae3
2749 3243 2973 3289 verum

354 3353 474 3416 per
504 3335 654 3399 illud
676 3340 882 3399 totam
903 3334 1404 3398 satisfactionem
1429 3335 1858 3416 meritumque
1892 3334 2100 3396 crucis
2121 3332 2434 3397 sacrificio
2456 3340 2974 3397 consummatum

354 3440 590 3505 valoris
634 3441 857 3505 infiniti
903 3448 1217 3505 renovata
1264 3439 1593 3505 oblatione
1626 3439 1758 3504 Deo
1794 3438 1969 3504 Patri
2001 3447 2446 3521 repraesentat
2490 3447 2552 3504 et
2585 3440 2843 3505 exhibet
2874 3448 2976 3503 at-

357 3567 481 3630 que
515 3548 881 3612 hominibus
915 3547 1246 3629 applica
1267 3556 1305 3612 t.

533 3673 599 3741 4.
636 3670 1031 3737 Sacrificium
1063 3673 1315 3747 missae,
1364 3679 1679 3755 quatenus
1712 3672 1795 3736 ab
1829 3671 2113 3736 Ecclesia
2143 3691 2258 3754 per
2289 3673 2662 3737 sacerdotes
2697 3671 2976 3736 offertur.

356 3797 488 3841 non
520 3779 776 3860 quidem
825 3778 1323 3844 satisfactorium
1374 3777 1475 3843 vel
1527 3778 1923 3842 meritorium
1975 3785 2089 3854 est,
2141 3778 2255 3844 sed
2305 3778 2973 3861 impetratorium

355 3904 736 3968 semperque
768 3892 1139 3967 acceptatur
1170 3904 1210 3950 a
1244 3885 1376 3949 Deo
1401 3886 1464 3948 in
1488 3886 1754 3950 odorem
1775 3885 2142 3950 suavitatis:
2178 3893 2242 3950 et
2256 3886 2584 3967 quiahaec
2604 3886 2975 3967 impetratio

356 4145 570 4200 dicitur
594 4151 945 4202 sacramenta
970 4150 1303 4213 conferre,
1331 4147 1609 4217 operari
1636 4151 1739 4201 etc.
1768 4149 2016 4218 gratiam
2044 4152 2119 4220 (n.
2151 4152 2319 4221 259²),
2349 4148 2450 4211 „de
2477 4149 2752 4202 sacrificio
2779 4151 2971 4202 autem

353 4225 613 4293 loquens,
641 4243 754 4280 non
780 4231 930 4281 recte
957 4243 1273 4295 quaereres,
1302 4231 1496 4282 utrum
1535 4227 1763 4297 aliquid
1805 4229 2018 4282 efficiat
2058 4245 2124 4282 ex
2152 4244 2319 4298 opere
2347 4231 2598 4298 operato,
2626 4227 2723 4282 sed
2751 4227 2975 4286 melius·

352 4308 546 4359 utrum
576 4306 824 4361 valorem
852 4306 1062 4362 habeat
1086 4307 1454 4363 latreuticum
1483 4308 1570 4361 vel
1597 4306 2053 4377 impetratorium
2081 4308 2301 4363 ratione
2329 4311 2556 4362 tantum
2582 4307 2784 4363 habita
2809 4309 2974 4362 devo-

350 4384 528 4439 tionis
553 4385 849 4440 hominum
867 4387 1246 4450 offerentium,
1272 4404 1347 4440 an
1376 4387 1549 4442 etiam
1577 4386 2032 4457 independenter
2068 4405 2103 4440 a
2147 4386 2451 4442 devotione
2477 4386 2582 4441 illa.
2609 4404 2675 4440 ex
2701 4388 2810 4443 hoc
2835 4388 2973 4450 soIO,

351 4465 507 4534 quod
535 4465 720 4521 valide
745 4465 1044 4537 peragitur
1068 4468 1355 4523 conforme
1381 4468 1454 4521 ad
1482 4468 1668 4537 legem
1695 4467 2079 4523 institutionis
2106 4482 2290 4524 ωηεν·
2344 4469 2410 4521 In
2436 4468 2544 4524 hac
2571 4467 2968 4538 praerogativa

347 4545 572 4600 ratione
600 4546 940 4615 principalis
966 4547 1255 4601 offerentis
1281 4551 1338 4600 et
1364 4547 1630 4601 victimae
1652 4548 2093 4619 pretiosissimae
2122 4565 2296 4616 quam
2322 4546 2565 4602 maxime
2592 4546 2978 4618 distinguitur

348 4625 689 4681 sacrificium
717 4631 920 4681 missae
947 4644 981 4681 a
1007 4627 1299 4682 sacrificiis
1326 4628 1403 4681 V:
1420 4628 1481 4682 Τ.
1533 4628 1683 4683 Hinc
1723 4630 1890 4684 docet
1914 4645 2070 4683 conc.
2096 4628 2476 4683 tridentinum
2504 4646 2634 4685 sess.
2663 4634 2730 4683 22
2758 4644 2878 4698 cap.
2914 4637 2936 4684 1
2961 4649 2971 4678 ;

352 4706 460 4768 ..Et
483 4708 622 4761 haec
643 4707 875 4776 quidem
902 4708 1003 4762 illa
1028 4709 1245 4762 munda
1272 4707 1487 4763 oblatio
1510 4713 1611 4773 est,
1640 4725 1788 4777 quae
1809 4709 1969 4763 nulla
1991 4707 2340 4779 indignitate
2367 4712 2471 4762 aut
2497 4708 2718 4763 malitia
2740 4710 2975 4763 offeren-

348 4787 498 4843 tium
524 4787 821 4855 inquinari
845 4791 1083 4859 potest.“
