3538 5364
1220 292 1282 346 in
1311 291 1607 348 attritione
1635 291 1711 345 sit
1735 291 2071 346 necessaria.
2820 303 2947 367 461

514 477 576 545 3.
610 474 895 557 Denique
927 475 1088 538 haec
1120 474 1413 557 quaestio
1446 474 1647 538 relate
1696 473 1778 536 ad
1825 473 2040 554 plures
2088 473 2423 554 theologos
2469 474 2719 539 videtur
2751 494 2951 558 quae-

332 582 459 645 stio
492 583 695 662 magis
727 577 806 645 de
840 583 1166 646 nomine
1199 600 1394 664 quam
1428 581 1507 645 de
1539 600 1624 646 re.
1692 578 1760 644 Si
1793 581 1964 644 enim
1997 580 2240 644 amoris
2283 580 2648 645 initialis
2689 584 2953 646 nomine

333 706 483 752 eum
513 687 884 769 intelligunt,
917 689 1026 770 qui
1046 686 1347 769 implicite
1378 688 1551 763 latet,
1586 695 1668 762 et,
1701 694 1773 751 ut
1805 687 1892 750 ita
1913 687 2142 763 dicam,
2162 686 2494 751 imbibitur
2513 689 2577 751 in
2601 689 2949 763 attritione,

333 800 651 876 quatenus
701 794 942 858 attritio
995 802 1093 859 est
1124 815 1185 864 a.
1220 801 1400 858 actus
1451 794 1750 858 salutaris
1799 793 2273 877 voluntatisque
2325 795 2432 876 pia
2477 795 2695 872 moti0‚
2744 797 2951 859 omnis

332 907 549 965 autem
580 901 688 982 pia
717 902 916 965 motio
951 902 1144 965 modo
1176 901 1479 984 loquendi
1524 901 1748 981 Augu
1771 907 1843 964 st
1866 901 1977 964 ini
2024 901 2260 964 caritas
2292 901 2414 964 dici
2446 902 2674 982 possit;
2724 909 2949 983 quate-

331 1026 453 1070 nus
485 1009 553 1075 b.
587 1007 829 1072 attritio
863 1027 941 1073 ex
972 1009 1182 1088 gratia
1211 1007 1649 1090 proficiscitur,
1685 1026 1851 1090 quae
1886 1007 2160 1073 finaliter
2193 1008 2274 1072 ad
2310 1009 2643 1072 caritatem
2674 1009 2953 1090 aspirat;

332 1119 648 1194 quatenus
682 1134 742 1185 c.
775 1123 1065 1180 removet
1096 1115 1348 1180 obicem
1397 1116 1684 1181 caritatis
1732 1116 1769 1178 i.
1820 1134 1871 1180 e.
1918 1123 2261 1197 peccatum
2309 1123 2373 1180 et
2417 1116 2820 1197 propositum
2850 1115 2951 1179 in-

329 1220 527 1284 cludit
559 1222 858 1286 servandi
889 1222 1003 1288 Dei
1035 1223 1359 1299 mandata,
1391 1224 1557 1288 inter
1589 1241 1755 1305 quae
1790 1230 1887 1287 est
1918 1223 2068 1287 illud
2104 1222 2184 1288 de
2218 1223 2540 1303 diligendo
2574 1222 2740 1299 Deo;
2789 1241 2949 1305 qua-

331 1333 518 1391 tenus
551 1329 621 1395 d.
658 1329 874 1393 odium
905 1330 1151 1412 peccati
1186 1330 1627 1411 complectitur
1659 1337 1724 1394 et
1755 1348 1938 1411 spem
1958 1329 2201 1406 veniae,
2224 1348 2391 1411 quae
2411 1329 2725 1410 implicite
2742 1330 2951 1394 oritur

329 1453 411 1498 ex
444 1453 666 1500 amore
697 1435 1110 1501 beatitudinis
1156 1443 1220 1501 et
1270 1438 1446 1518 pacis
1479 1454 1624 1501 curn
1659 1436 1793 1501 Deo
1828 1443 1981 1501 etc.:
2029 1436 2084 1499 si
2116 1437 2258 1513 hoc,
2290 1438 2572 1519 inquam,
2605 1455 2798 1501 sensu
2830 1456 2951 1501 ne-

329 1543 696 1608 cessitatem
730 1551 1032 1609 tueantur
1065 1545 1303 1608 amoris
1353 1544 1627 1620 initialis,
1662 1545 1871 1608 nullus
1906 1544 2025 1609 erit
2055 1545 2642 1618 attritionistarum‚
2675 1543 2782 1625 qui
2818 1561 2949 1606 non

329 1649 396 1711 in
429 1651 701 1715 eandem
733 1652 1057 1733 conspiret
1090 1651 1500 1716 sententiam.

509 1798 589 1857 cf.
622 1799 707 1857 Vi
728 1819 808 1857 va
839 1800 902 1857 in
936 1818 1161 1875 propos,
1205 1810 1275 1862 15
1311 1799 1385 1856 ab
1418 1798 1855 1857 Alexandro
1889 1798 2045 1860 VIII.
2079 1799 2432 1868 damnatam,
2487 1798 2591 1873 qui
2625 1797 2708 1855 ita
2742 1797 2951 1856 scribit

327 1905 387 1944 n.
414 1896 525 1948 26:
561 1887 747 1957 ‚Quis
778 1888 937 1946 enim
969 1891 1148 1965 neget
1180 1888 1543 1946 voluntatem
1565 1886 1883 1945 adhibendi
1916 1887 2107 1946 media
2138 1888 2211 1945 ad
2244 1887 2780 1946 reconciliationem
2813 1905 2950 1945 cum

329 1975 532 2050 aliquo
563 1995 692 2036 esse
723 1977 1034 2053 aliqualem
1069 1977 1235 2035 illius
1269 1979 1567 2035 amorem?
1631 1975 1968 2034 Includitur
1999 1977 2176 2035 etiam
2224 1977 2286 2034 in
2335 1977 2642 2053 proposito
2676 1975 2946 2034 servandi

329 2065 395 2122 in
425 2069 730 2139 posterum
762 2066 868 2125 Dei
899 2066 1177 2124 mandata
1216 2070 1279 2125 et
1321 2084 1441 2124 non
1476 2065 1733 2140 amplius
1764 2066 2072 2140 peccandi:
2120 2069 2355 2124 constat
2399 2066 2554 2124 enim
2602 2064 2946 2140 hujusmodi

328 2155 698 2229 propositum
731 2174 856 2214 esse
887 2156 1112 2231 pariter
1142 2154 1459 2230 aliqualem
1491 2158 1553 2213 et
1589 2154 1934 2212 inchoatum
1967 2155 2072 2213 Dei
2104 2171 2380 2224 amorem,
2430 2173 2564 2213 cum
2598 2155 2758 2212 enim
2789 2153 2953 2212 inter

329 2248 644 2320 praecepta
674 2244 850 2304 detur
878 2248 1260 2320 praeceptum
1306 2243 1672 2302 dilectionis:
1721 2243 1826 2318 qui
1874 2244 2152 2319 proponit
2198 2262 2431 2301 servare
2478 2245 2806 2319 praecepta,
2854 2243 2945 2301 in-

329 2328 537 2391 choate
582 2338 642 2391 et
687 2333 750 2391 in
796 2353 972 2392 cansa
1015 2333 1228 2409 diligit.
1296 2334 1602 2391 Praeterea
1634 2333 1695 2390 in
1726 2331 1860 2407 ipso
1892 2332 2026 2391 odio
2057 2332 2281 2408 peccati
2314 2332 2587 2407 quamvis
2622 2351 2690 2390 ex
2725 2332 2949 2390 motivo

327 2438 654 2496 poenarum
685 2426 965 2499 concepto
995 2422 1329 2481 includitur
1358 2422 1537 2480 etiam
1569 2422 1847 2495 aliqualis
1880 2421 2122 2481 dilectio
2155 2425 2216 2480 et
2247 2422 2460 2480 caritas
2492 2422 2781 2484 inchoata.
2831 2419 2944 2489 Qui

329 2510 490 2568 enim
533 2511 661 2570 odit
704 2513 957 2587 alicujus
990 2513 1230 2582 malum,
1278 2511 1621 2586 aliqualiter
1651 2511 1824 2569 illum
1857 2515 2015 2569 amat
2047 2529 2243 2570 amore
2275 2511 2465 2568 veluti
2495 2511 2791 2586 negative,
2841 2527 2947 2567 no-

330 2599 491 2658 lendi
524 2600 647 2658 scil.
680 2601 770 2659 illi
804 2602 1056 2659 malum:
1103 2605 1227 2659 esto
1271 2619 1391 2659 non
1424 2599 1570 2658 velit
1600 2599 1692 2657 illi
1724 2599 1981 2677 positive
2012 2600 2235 2659 bonum
2266 2599 2728 2658 condistinctum
2773 2618 2808 2656 a
2852 2616 2946 2656 ca-

329 2690 524 2747 rentia
553 2691 690 2750 talis
729 2691 931 2749 mali.‘
995 2690 1357 2749 Liberius
1403 2709 1437 2747 a
1466 2689 1617 2748 Jesu
1647 2692 1689 2747 t.
1726 2701 1760 2752 4
1795 2692 1964 2749 tract.
2002 2700 2034 2752 5
2072 2690 2143 2749 de
2174 2690 2395 2766 poenit.
2430 2689 2580 2764 disp.
2617 2698 2650 2752 3
2689 2709 2736 2746 a.
2778 2698 2801 2750 l
2844 2687 2945 2747 de-

329 2796 455 2836 cem
487 2782 543 2837 et
578 2783 800 2855 septem
822 2779 1155 2838 rationibus
1175 2779 1390 2837 nititur
1410 2778 1733 2850 ostendere,
1769 2778 2138 2837 attritionem
2171 2797 2239 2837 ex
2272 2782 2436 2837 metu
2457 2779 2760 2854 gehennae
2782 2776 2971 2852 posse'

329 2866 448 2925 dici
483 2868 586 2926 Dei
617 2868 991 2927 dilectionem
1024 2868 1354 2927 inchoative
1387 2871 1446 2925 et
1478 2868 1541 2925 in
1571 2867 1787 2926 radice.
1855 2868 1935 2925 Cf.
1967 2868 2342 2927 Palmieri
2374 2868 2459 2928 th.
2498 2876 2573 2929 25
2613 2885 2688 2931 ss,

328 3141 575 3208 patrum,
603 3138 705 3207 qui
730 3139 1016 3209 putabant
1053 3137 1126 3191 ad
1153 3137 1555 3192 contritionem
1603 3154 1704 3208 pro
1747 3137 2138 3207 poenitentiae
2179 3142 2531 3196 sacramento
2571 3136 2948 3189 sufficientem

329 3218 707 3272 necessarium
733 3234 851 3271 esse
877 3218 1126 3286 aliquem
1153 3217 1478 3271 dilectionis
1503 3221 1711 3283 actum,
1743 3220 2094 3289 provocabat
2119 3218 2191 3271 ad
2220 3234 2348 3271 sess,
2380 3224 2413 3273 6
2440 3234 2562 3288 cap.
2593 3227 2641 3271 5.

539 3318 595 3373 8.
627 3315 1130 3377 „Adversariorum
1156 3317 1464 3388 explicatio
1492 3334 1537 3371 c.
1566 3324 1598 3374 6
1625 3334 1754 3371 sess.
1774 3324 1807 3373 6
1833 3317 2166 3370 adversatur
2183 3316 2391 3387 agendi
2412 3317 2579 3369 modo
2602 3314 2833 3369 concilii
2854 3333 2952 3369 no·

326 3395 500 3449 lentis
526 3396 762 3449 definire
788 3397 1200 3451 controversias
1221 3397 1635 3452 scholasticas.“
1669 3397 1740 3450 Hi
1750 3415 1818 3450 nc
1846 3396 1998 3450 card.
2029 3396 2069 3448 P
2087 3396 2193 3448 all
2212 3412 2244 3447 a
2263 3395 2332 3448 vi
2351 3395 2507 3449 cini
2535 3394 2697 3449 illam
2724 3396 2950 3465 ignora-

328 3476 417 3529 vit
439 3478 498 3529 et
522 3478 714 3529 tamen
739 3476 861 3544 ipse
884 3476 1034 3532 nihil
1060 3477 1280 3531 omittit
1319 3494 1533 3541 eorum,
1579 3493 1728 3545 quae
1777 3493 1912 3531 suae
1958 3476 2157 3529 favent
2195 3475 2457 3545 opinioni
2508 3475 2576 3528 de
2618 3476 2952 3530 necessitate

326 3554 651 3610 dilectionis
677 3554 922 3608 initialis
948 3556 1021 3609 ad
1048 3558 1465 3610 sacramentum
1494 3555 1910 3627 poenitentiae.

540 3655 598 3710 4.
627 3653 779 3708 Haec
805 3653 1111 3724 explicatio
1132 3654 1466 3708 adversatur
1486 3654 1718 3708 concilii
1747 3654 2077 3719 intentioni,
2112 3654 2266 3722 quod
2295 3652 2548 3707 intendit
2575 3654 2773 3705 docere
2796 3670 2949 3723 prae-

327 3734 642 3805 parationis
669 3735 899 3788 modum
924 3734 997 3787 ad
1016 3733 1488 3802 justificationem
1520 3734 1580 3787 in
1606 3751 1811 3804 genere
1840 3734 1956 3789 sive
1984 3738 2159 3798 extra,
2188 3733 2305 3787 sive
2331 3732 2486 3786 intra
2513 3736 2946 3788 sacramentum.

541 3836 597 3890 ὅ.
627 3832 741 3894 „Ex
785 3832 1062 3886 antithesi
1092 3833 1524 3887 lutheranorum
1556 3833 1744 3900 liquet
1773 3834 1946 3887 verba
1978 3833 2289 3903 ,incipiunt
2328 3831 2609 3901 diligere‘,
2649 3846 2767 3884 esse
2808 3831 2948 3883 acci-

327 3914 636 4047 g{‡??5v?1;e
676 3913 984 3968 dilectione
1025 3913 1275 3983 perfecta
1295 3928 1338 3967 :⁸⁶
1383 3916 1442 3966 et
1466 3930 1532 3967 ex
1563 3913 1837 3967 Thoma
1863 3920 1911 3970 3.
1941 3932 1978 3982 q
2005 3921 2072 3969 85
2099 3931 2149 3970 a.
2178 3923 2227 3977 5,
2270 3913 2422 3966 unde
2463 3927 2618 3965 conc.
2659 3909 2949 3963 decretum

539 4094 597 4149 6.
625 4090 773 4146 Huic
812 4091 1155 4162 expositioni
1196 4108 1310 4146 non
1349 4092 1726 4145 adversantur
1767 4092 1940 4145 verba
1981 4090 2208 4144 concilii
2239 4090 2492 4158 ejusdem
2521 4086 2759 4157 capitis:
2814 4086 2957 4147 „Per

329 4188 454 4224 eam
480 4170 909 4242 poenitentiam,
937 4188 1109 4239 quam
1136 4174 1270 4224 ante
1297 4171 1648 4242 baptismum
1678 4171 1776 4241 agi
1803 4173 2076 4240 oportet.“
2135 4169 2286 4221 Haec
2327 4167 2479 4221 enim
2506 4165 2770 4237 apposita
2798 4170 2950 4230 sunt,

330 4269 447 4305 non
475 4253 540 4305 ut
566 4251 920 4321 significetur
948 4251 1320 4321 poenitentia,
1349 4268 1496 4318 quae
1541 4269 1667 4306 cum
1716 4250 1933 4305 actuali
1978 4247 2251 4320 baptismi
2297 4246 2658 4316 susceptione
2686 4246 2953 4311 sufficiat,

330 4331 426 4385 sed
455 4333 521 4384 ut
545 4331 940 4402 distinguatur
963 4331 1037 4383 ab
1063 4348 1145 4395 ea,
1175 4348 1320 4400 quae
1348 4330 1662 4399 requiritur
1687 4331 1760 4383 ad
1789 4332 2202 4384 sacramentum
2233 4327 2641 4398 poenitentiae.

545 4430 600 4486 7.
627 4427 1011 4498 Explicationi
1040 4427 1367 4497 propositae
1395 4427 1744 4496 suffragatur
1758 4426 2136 4480 catechismus
2158 4441 2424 4479 romanus
2440 4441 2496 4492 p.
2516 4432 2546 4479 2
2562 4442 2607 4479 c.
2628 4434 2659 4481 5
2676 4444 2729 4480 n.
2747 4432 2781 4477 8
2799 4446 2809 4479 ς
2840 4426 2948 4478 suf-

332 4509 633 4578 fragantur
658 4509 715 4561 et
741 4507 996 4577 theologi
1023 4507 1265 4563 concilio
1294 4509 1488 4561 coaevi
1528 4507 1694 4576 eique
1735 4523 2010 4577 suppares
2055 4507 2126 4559 ad
2169 4506 2337 4558 finem
2381 4521 2561 4573 usque
2603 4504 2779 4558 seculi
2806 4505 2953 4557 XVI.

328 4588 413 4643 Cf.
441 4588 614 4642 etiam
643 4590 729 4643 Su
747 4605 912 4641 arez
941 4589 1008 4642 de
1036 4588 1251 4642 incarn.
1279 4590 1425 4658 disp.
1457 4597 1489 4643 4
1516 4597 1650 4642 sect.
1678 4594 1728 4642 8.
