<?xml version="1.0" encoding="UTF-8"?>
<!DOCTYPE html PUBLIC "-//W3C//DTD XHTML 1.0 Transitional//EN"
    "http://www.w3.org/TR/xhtml1/DTD/xhtml1-transitional.dtd">
<html xmlns="http://www.w3.org/1999/xhtml" xml:lang="en" lang="en">
 <head>
  <title>
</title>
<meta http-equiv="Content-Type" content="text/html;charset=utf-8" />
  <meta name='ocr-system' content='tesseract 3.04.00' />
  <meta name='ocr-capabilities' content='ocr_page ocr_carea ocr_par ocr_line ocrx_word'/>
</head>
<body>
  <div class='ocr_page' id='page_1' title='image "./theologiaedogma00hurtgoog_0427.png"; bbox 0 0 3538 5364; ppageno 0'>
   <div class='ocr_carea' id='block_1_1' title="bbox 1227 250 2958 321">
    <p class='ocr_par' dir='ltr' id='par_1_1' title="bbox 1227 250 2958 321">
     <span class='ocr_line' id='line_1_1' title="bbox 1227 250 2958 321; baseline 0.003 -17"><span class='ocrx_word' id='word_1_1' title='bbox 1227 253 1568 321; x_wconf 83' lang='lat' dir='ltr'><strong>argumenta</strong></span> <span class='ocrx_word' id='word_1_2' title='bbox 1594 250 1664 304; x_wconf 89' lang='lat' dir='ltr'><strong>de</strong></span> <span class='ocrx_word' id='word_1_3' title='bbox 1692 250 2058 305; x_wconf 74' lang='lat' dir='ltr'><strong>eucharistia.</strong></span> <span class='ocrx_word' id='word_1_4' title='bbox 2826 254 2958 320; x_wconf 81' lang='lat'><strong>415</strong></span> 
     </span>
    </p>
   </div>
   <div class='ocr_carea' id='block_1_2' title="bbox 335 432 2958 688">
    <p class='ocr_par' dir='ltr' id='par_1_2' title="bbox 335 432 2958 688">
     <span class='ocr_line' id='line_1_2' title="bbox 515 432 2958 514; baseline -0.004 -14"><span class='ocrx_word' id='word_1_5' title='bbox 515 435 583 504; x_wconf 75' lang='lat' dir='ltr'><strong>(l.</strong></span> <span class='ocrx_word' id='word_1_6' title='bbox 629 437 770 514; x_wconf 89' lang='lat' dir='ltr'><strong>quia</strong></span> <span class='ocrx_word' id='word_1_7' title='bbox 816 436 1116 514; x_wconf 78' lang='lat' dir='ltr'><strong>speciatim</strong></span> <span class='ocrx_word' id='word_1_8' title='bbox 1164 438 1255 494; x_wconf 85' lang='lat' dir='ltr'><strong>est</strong></span> <span class='ocrx_word' id='word_1_9' title='bbox 1300 435 1778 495; x_wconf 77' lang='lat' dir='ltr'><strong>commemoratio</strong></span> <span class='ocrx_word' id='word_1_10' title='bbox 1812 435 2082 495; x_wconf 88' lang='lat' dir='ltr'><strong>sacrificii</strong></span> <span class='ocrx_word' id='word_1_11' title='bbox 2115 433 2347 493; x_wconf 90' lang='lat' dir='ltr'><strong>cruenti</strong></span> <span class='ocrx_word' id='word_1_12' title='bbox 2380 432 2599 491; x_wconf 79' lang='lat' dir='ltr'><strong>Christi</strong></span> <span class='ocrx_word' id='word_1_13' title='bbox 2646 433 2709 490; x_wconf 92' lang='lat' dir='ltr'><strong>in</strong></span> <span class='ocrx_word' id='word_1_14' title='bbox 2754 450 2958 492; x_wconf 90' lang='lat' dir='ltr'><strong>cruce:</strong></span> 
     </span>
     <span class='ocr_line' id='line_1_3' title="bbox 335 521 2957 603; baseline -0.003 -16"><span class='ocrx_word' id='word_1_15' title='bbox 335 533 396 587; x_wconf 90' lang='lat' dir='ltr'><strong>et</strong></span> <span class='ocrx_word' id='word_1_16' title='bbox 429 528 667 603; x_wconf 87' lang='lat' dir='ltr'><strong>quidem</strong></span> <span class='ocrx_word' id='word_1_17' title='bbox 698 530 820 584; x_wconf 85' lang='lat' dir='ltr'><strong>tam</strong></span> <span class='ocrx_word' id='word_1_18' title='bbox 853 524 1144 584; x_wconf 87' lang='lat' dir='ltr'><strong>mirabilis</strong></span> <span class='ocrx_word' id='word_1_19' title='bbox 1176 528 1237 583; x_wconf 85' lang='lat' dir='ltr'><strong>et</strong></span> <span class='ocrx_word' id='word_1_20' title='bbox 1266 524 1484 594; x_wconf 84' lang='lat' dir='ltr'><strong>efficax,</strong></span> <span class='ocrx_word' id='word_1_21' title='bbox 1517 527 1589 583; x_wconf 91' lang='lat' dir='ltr'><strong>ut</strong></span> <span class='ocrx_word' id='word_1_22' title='bbox 1623 542 1728 599; x_wconf 90' lang='lat' dir='ltr'><strong>per</strong></span> <span class='ocrx_word' id='word_1_23' title='bbox 1758 525 1948 600; x_wconf 90' lang='lat' dir='ltr'><strong>ipsam</strong></span> <span class='ocrx_word' id='word_1_24' title='bbox 1970 525 2275 583; x_wconf 86' lang='lat' dir='ltr'><strong>fructuum</strong></span> <span class='ocrx_word' id='word_1_25' title='bbox 2308 523 2473 581; x_wconf 89' lang='lat' dir='ltr'><strong>illius</strong></span> <span class='ocrx_word' id='word_1_26' title='bbox 2506 521 2610 581; x_wconf 88' lang='lat' dir='ltr'><strong>fiat</strong></span> <span class='ocrx_word' id='word_1_27' title='bbox 2641 521 2957 597; x_wconf 78' lang='lat' dir='ltr'><strong>applicatio</strong></span> 
     </span>
     <span class='ocr_line' id='line_1_4' title="bbox 336 611 2274 688; baseline -0.001 -12"><span class='ocrx_word' id='word_1_28' title='bbox 336 638 392 677; x_wconf 92' lang='lat' dir='ltr'><strong>n.</strong></span> <span class='ocrx_word' id='word_1_29' title='bbox 430 626 587 687; x_wconf 78' lang='lat'><strong>4283</strong></span> <span class='ocrx_word' id='word_1_30' title='bbox 620 616 817 674; x_wconf 88' lang='lat' dir='ltr'><strong>alatur</strong></span> <span class='ocrx_word' id='word_1_31' title='bbox 845 616 908 672; x_wconf 91' lang='lat' dir='ltr'><strong>in</strong></span> <span class='ocrx_word' id='word_1_32' title='bbox 939 613 1202 673; x_wconf 74' lang='lat' dir='ltr'><strong>Ecclesia</strong></span> <span class='ocrx_word' id='word_1_33' title='bbox 1232 614 1481 688; x_wconf 89' lang='lat' dir='ltr'><strong>spiritus</strong></span> <span class='ocrx_word' id='word_1_34' title='bbox 1516 613 1787 672; x_wconf 86' lang='lat' dir='ltr'><strong>sacrificii</strong></span> <span class='ocrx_word' id='word_1_35' title='bbox 1819 633 1877 672; x_wconf 90' lang='lat' dir='ltr'><strong>n.</strong></span> <span class='ocrx_word' id='word_1_36' title='bbox 1914 623 2057 677; x_wconf 82' lang='lat'><strong>389.</strong></span> <span class='ocrx_word' id='word_1_37' title='bbox 2094 611 2274 676; x_wconf 78' lang='lat'><strong>405⁸.</strong></span> 
     </span>
    </p>
   </div>
   <div class='ocr_carea' id='block_1_3' title="bbox 338 752 2963 1365">
    <p class='ocr_par' dir='ltr' id='par_1_3' title="bbox 338 752 2963 1365">
     <span class='ocr_line' id='line_1_5' title="bbox 519 752 2960 831; baseline -0.004 -11"><span class='ocrx_word' id='word_1_38' title='bbox 519 767 664 821; x_wconf 83' lang='lat'><strong>433.</strong></span> <span class='ocrx_word' id='word_1_39' title='bbox 697 752 798 819; x_wconf 80' lang='grc' dir='ltr'><strong>ΙΙ.</strong></span> <span class='ocrx_word' id='word_1_40' title='bbox 834 755 1002 825; x_wconf 82' lang='lat' dir='ltr'><strong>Quod</strong></span> <span class='ocrx_word' id='word_1_41' title='bbox 1034 759 1127 814; x_wconf 91' lang='lat' dir='ltr'><strong>est</strong></span> <span class='ocrx_word' id='word_1_42' title='bbox 1157 773 1282 814; x_wconf 91' lang='lat' dir='ltr'><strong>cor</strong></span> <span class='ocrx_word' id='word_1_43' title='bbox 1313 755 1376 813; x_wconf 90' lang='lat' dir='ltr'><strong>in</strong></span> <span class='ocrx_word' id='word_1_44' title='bbox 1409 773 1648 831; x_wconf 91' lang='lat' dir='ltr'><strong>corpore</strong></span> <span class='ocrx_word' id='word_1_45' title='bbox 1680 774 1788 830; x_wconf 90' lang='lat' dir='ltr'><strong>pro</strong></span> <span class='ocrx_word' id='word_1_46' title='bbox 1820 756 1947 814; x_wconf 81' lang='lat' dir='ltr'><strong>vita</strong></span> <span class='ocrx_word' id='word_1_47' title='bbox 1976 755 2252 825; x_wconf 88' lang='lat' dir='ltr'><strong>humana,</strong></span> <span class='ocrx_word' id='word_1_48' title='bbox 2285 756 2375 813; x_wconf 90' lang='lat' dir='ltr'><strong>est</strong></span> <span class='ocrx_word' id='word_1_49' title='bbox 2399 754 2507 812; x_wconf 89' lang='lat' dir='ltr'><strong>hoc</strong></span> <span class='ocrx_word' id='word_1_50' title='bbox 2530 755 2960 811; x_wconf 88' lang='lat' dir='ltr'><strong>sacramentum</strong></span> 
     </span>
     <span class='ocr_line' id='line_1_6' title="bbox 338 842 2962 923; baseline -0.003 -17"><span class='ocrx_word' id='word_1_51' title='bbox 338 850 400 906; x_wconf 90' lang='lat' dir='ltr'><strong>in</strong></span> <span class='ocrx_word' id='word_1_52' title='bbox 430 866 670 923; x_wconf 87' lang='lat' dir='ltr'><strong>corpore</strong></span> <span class='ocrx_word' id='word_1_53' title='bbox 691 845 907 904; x_wconf 86' lang='lat' dir='ltr'><strong>Christi</strong></span> <span class='ocrx_word' id='word_1_54' title='bbox 928 845 1179 921; x_wconf 84' lang='lat' dir='ltr'><strong>mystico</strong></span> <span class='ocrx_word' id='word_1_55' title='bbox 1199 863 1306 920; x_wconf 90' lang='lat' dir='ltr'><strong>pro</strong></span> <span class='ocrx_word' id='word_1_56' title='bbox 1328 845 1449 904; x_wconf 83' lang='lat' dir='ltr'><strong>vita</strong></span> <span class='ocrx_word' id='word_1_57' title='bbox 1470 845 1932 920; x_wconf 79' lang='lat' dir='ltr'><strong>supernaturali.</strong></span> <span class='ocrx_word' id='word_1_58' title='bbox 1966 844 2133 903; x_wconf 90' lang='lat' dir='ltr'><strong>Sicut</strong></span> <span class='ocrx_word' id='word_1_59' title='bbox 2165 843 2324 901; x_wconf 90' lang='lat' dir='ltr'><strong>enim</strong></span> <span class='ocrx_word' id='word_1_60' title='bbox 2357 862 2426 902; x_wconf 87' lang='lat' dir='ltr'><strong>ex</strong></span> <span class='ocrx_word' id='word_1_61' title='bbox 2458 842 2633 901; x_wconf 91' lang='lat' dir='ltr'><strong>corde</strong></span> <span class='ocrx_word' id='word_1_62' title='bbox 2666 842 2962 900; x_wconf 86' lang='lat' dir='ltr'><strong>redundat</strong></span> 
     </span>
     <span class='ocr_line' id='line_1_7' title="bbox 338 930 2963 1013; baseline -0.003 -17"><span class='ocrx_word' id='word_1_63' title='bbox 338 938 403 996; x_wconf 90' lang='lat' dir='ltr'><strong>in</strong></span> <span class='ocrx_word' id='word_1_64' title='bbox 424 936 663 1013; x_wconf 88' lang='lat' dir='ltr'><strong>singula</strong></span> <span class='ocrx_word' id='word_1_65' title='bbox 682 933 944 1011; x_wconf 89' lang='lat' dir='ltr'><strong>corporis</strong></span> <span class='ocrx_word' id='word_1_66' title='bbox 964 933 1228 992; x_wconf 89' lang='lat' dir='ltr'><strong>membra</strong></span> <span class='ocrx_word' id='word_1_67' title='bbox 1266 934 1530 1010; x_wconf 90' lang='lat' dir='ltr'><strong>sanguis,</strong></span> <span class='ocrx_word' id='word_1_68' title='bbox 1564 952 1681 1008; x_wconf 89' lang='lat' dir='ltr'><strong>quo</strong></span> <span class='ocrx_word' id='word_1_69' title='bbox 1708 952 1777 991; x_wconf 90' lang='lat' dir='ltr'><strong>ea</strong></span> <span class='ocrx_word' id='word_1_70' title='bbox 1805 934 2101 1003; x_wconf 85' lang='lat' dir='ltr'><strong>foventur,</strong></span> <span class='ocrx_word' id='word_1_71' title='bbox 2136 932 2529 1002; x_wconf 83' lang='lat' dir='ltr'><strong>vivificantur,</strong></span> <span class='ocrx_word' id='word_1_72' title='bbox 2564 931 2843 989; x_wconf 87' lang='lat' dir='ltr'><strong>aluntur:</strong></span> <span class='ocrx_word' id='word_1_73' title='bbox 2878 930 2963 987; x_wconf 86' lang='lat' dir='ltr'><strong>ita</strong></span> 
     </span>
     <span class='ocr_line' id='line_1_8' title="bbox 339 1018 2961 1097; baseline -0.003 -13"><span class='ocrx_word' id='word_1_74' title='bbox 339 1046 407 1084; x_wconf 82' lang='lat' dir='ltr'><strong>ex</strong></span> <span class='ocrx_word' id='word_1_75' title='bbox 441 1027 551 1085; x_wconf 91' lang='lat' dir='ltr'><strong>hoc</strong></span> <span class='ocrx_word' id='word_1_76' title='bbox 582 1026 943 1083; x_wconf 88' lang='lat' dir='ltr'><strong>sacramento</strong></span> <span class='ocrx_word' id='word_1_77' title='bbox 976 1023 1159 1080; x_wconf 89' lang='lat' dir='ltr'><strong>alitur</strong></span> <span class='ocrx_word' id='word_1_78' title='bbox 1190 1022 1313 1080; x_wconf 85' lang='lat' dir='ltr'><strong>vita</strong></span> <span class='ocrx_word' id='word_1_79' title='bbox 1344 1022 1812 1097; x_wconf 85' lang='lat' dir='ltr'><strong>supernaturalis</strong></span> <span class='ocrx_word' id='word_1_80' title='bbox 1845 1026 1906 1081; x_wconf 89' lang='lat' dir='ltr'><strong>et</strong></span> <span class='ocrx_word' id='word_1_81' title='bbox 1937 1022 2278 1080; x_wconf 88' lang='lat' dir='ltr'><strong>christiana.</strong></span> <span class='ocrx_word' id='word_1_82' title='bbox 2312 1021 2388 1079; x_wconf 88' lang='lat' dir='ltr'><strong>Et</strong></span> <span class='ocrx_word' id='word_1_83' title='bbox 2418 1019 2756 1096; x_wconf 88' lang='lat' dir='ltr'><strong>quotuplici</strong></span> <span class='ocrx_word' id='word_1_84' title='bbox 2789 1018 2961 1077; x_wconf 87' lang='lat' dir='ltr'><strong>modo</strong></span> 
     </span>
     <span class='ocr_line' id='line_1_9' title="bbox 339 1108 2961 1186; baseline -0.003 -13"><span class='ocrx_word' id='word_1_85' title='bbox 339 1116 500 1173; x_wconf 85' lang='lat' dir='ltr'><strong>fovet</strong></span> <span class='ocrx_word' id='word_1_86' title='bbox 530 1115 637 1172; x_wconf 91' lang='lat' dir='ltr'><strong>hoc</strong></span> <span class='ocrx_word' id='word_1_87' title='bbox 669 1115 1102 1171; x_wconf 86' lang='lat' dir='ltr'><strong>sacramentum</strong></span> <span class='ocrx_word' id='word_1_88' title='bbox 1134 1111 1318 1169; x_wconf 87' lang='lat' dir='ltr'><strong>vitam</strong></span> <span class='ocrx_word' id='word_1_89' title='bbox 1350 1111 1911 1186; x_wconf 77' lang='lat' dir='ltr'><strong>supernaturalem?</strong></span> <span class='ocrx_word' id='word_1_90' title='bbox 1977 1110 2248 1170; x_wconf 87' lang='lat' dir='ltr'><strong>Proderit</strong></span> <span class='ocrx_word' id='word_1_91' title='bbox 2293 1109 2436 1168; x_wconf 88' lang='lat' dir='ltr'><strong>haec</strong></span> <span class='ocrx_word' id='word_1_92' title='bbox 2472 1108 2843 1184; x_wconf 83' lang='lat' dir='ltr'><strong>expendisse,</strong></span> <span class='ocrx_word' id='word_1_93' title='bbox 2892 1112 2961 1166; x_wconf 84' lang='lat' dir='ltr'><strong>ut</strong></span> 
     </span>
     <span class='ocr_line' id='line_1_10' title="bbox 340 1199 2961 1280; baseline -0.002 -19"><span class='ocrx_word' id='word_1_94' title='bbox 340 1205 583 1280; x_wconf 86' lang='lat' dir='ltr'><strong>liqueat,</strong></span> <span class='ocrx_word' id='word_1_95' title='bbox 629 1200 923 1278; x_wconf 89' lang='lat' dir='ltr'><strong>quomodo</strong></span> <span class='ocrx_word' id='word_1_96' title='bbox 956 1206 1018 1259; x_wconf 91' lang='lat' dir='ltr'><strong>et</strong></span> <span class='ocrx_word' id='word_1_97' title='bbox 1047 1201 1111 1257; x_wconf 92' lang='lat' dir='ltr'><strong>in</strong></span> <span class='ocrx_word' id='word_1_98' title='bbox 1144 1200 1252 1259; x_wconf 91' lang='lat' dir='ltr'><strong>hoc</strong></span> <span class='ocrx_word' id='word_1_99' title='bbox 1283 1203 1646 1259; x_wconf 87' lang='lat' dir='ltr'><strong>sacramento</strong></span> <span class='ocrx_word' id='word_1_100' title='bbox 1678 1200 2058 1259; x_wconf 86' lang='lat' dir='ltr'><strong>constituerit</strong></span> <span class='ocrx_word' id='word_1_101' title='bbox 2092 1199 2360 1259; x_wconf 88' lang='lat' dir='ltr'><strong>Christus</strong></span> <span class='ocrx_word' id='word_1_102' title='bbox 2392 1199 2618 1257; x_wconf 89' lang='lat' dir='ltr'><strong>fontem</strong></span> <span class='ocrx_word' id='word_1_103' title='bbox 2651 1216 2838 1272; x_wconf 88' lang='lat' dir='ltr'><strong>aquae</strong></span> <span class='ocrx_word' id='word_1_104' title='bbox 2870 1215 2961 1255; x_wconf 89' lang='lat' dir='ltr'><strong>sa·</strong></span> 
     </span>
     <span class='ocr_line' id='line_1_11' title="bbox 339 1286 2959 1365; baseline -0.002 -15"><span class='ocrx_word' id='word_1_105' title='bbox 339 1292 543 1351; x_wconf 88' lang='lat' dir='ltr'><strong>lientis</strong></span> <span class='ocrx_word' id='word_1_106' title='bbox 575 1291 639 1349; x_wconf 91' lang='lat' dir='ltr'><strong>in</strong></span> <span class='ocrx_word' id='word_1_107' title='bbox 672 1290 856 1349; x_wconf 78' lang='lat' dir='ltr'><strong>vitam</strong></span> <span class='ocrx_word' id='word_1_108' title='bbox 887 1292 1183 1348; x_wconf 89' lang='lat' dir='ltr'><strong>aeternam</strong></span> <span class='ocrx_word' id='word_1_109' title='bbox 1205 1289 1244 1347; x_wconf 90' lang='lat' dir='ltr'><strong>J</strong></span> <span class='ocrx_word' id='word_1_110' title='bbox 1247 1307 1297 1349; x_wconf 91' lang='grc' dir='ltr'><strong>ο.</strong></span> <span class='ocrx_word' id='word_1_111' title='bbox 1321 1299 1378 1359; x_wconf 86' lang='lat'><strong>4,</strong></span> <span class='ocrx_word' id='word_1_112' title='bbox 1419 1299 1512 1360; x_wconf 75' lang='lat'><strong>14,</strong></span> <span class='ocrx_word' id='word_1_113' title='bbox 1547 1291 1619 1347; x_wconf 91' lang='lat' dir='ltr'><strong>ut</strong></span> <span class='ocrx_word' id='word_1_114' title='bbox 1649 1289 1992 1348; x_wconf 86' lang='lat' dir='ltr'><strong>hauriamus</strong></span> <span class='ocrx_word' id='word_1_115' title='bbox 2024 1306 2207 1365; x_wconf 87' lang='lat' dir='ltr'><strong>aquas</strong></span> <span class='ocrx_word' id='word_1_116' title='bbox 2240 1287 2304 1347; x_wconf 89' lang='lat' dir='ltr'><strong>in</strong></span> <span class='ocrx_word' id='word_1_117' title='bbox 2334 1287 2556 1364; x_wconf 87' lang='lat' dir='ltr'><strong>gaudio</strong></span> <span class='ocrx_word' id='word_1_118' title='bbox 2589 1287 2662 1345; x_wconf 92' lang='lat' dir='ltr'><strong>de</strong></span> <span class='ocrx_word' id='word_1_119' title='bbox 2694 1286 2959 1345; x_wconf 85' lang='lat' dir='ltr'><strong>fontibus</strong></span> 
     </span>
    </p>
   </div>
   <div class='ocr_carea' id='block_1_4' title="bbox 340 1376 2962 1544">
    <p class='ocr_par' dir='ltr' id='par_1_4' title="bbox 340 1376 2962 1544">
     <span class='ocr_line' id='line_1_12' title="bbox 342 1376 2962 1454; baseline -0.002 -15"><span class='ocrx_word' id='word_1_120' title='bbox 342 1381 662 1439; x_wconf 81' lang='lat' dir='ltr'><strong>Salvatoris</strong></span> <span class='ocrx_word' id='word_1_121' title='bbox 709 1379 788 1438; x_wconf 92' lang='lat' dir='ltr'><strong>Is.</strong></span> <span class='ocrx_word' id='word_1_122' title='bbox 845 1391 868 1441; x_wconf 89' lang='lat'>1</span> <span class='ocrx_word' id='word_1_123' title='bbox 887 1388 942 1447; x_wconf 85' lang='lat'><strong>2,</strong></span> <span class='ocrx_word' id='word_1_124' title='bbox 1009 1388 1063 1441; x_wconf 90' lang='grc'><strong>3.</strong></span> <span class='ocrx_word' id='word_1_125' title='bbox 1144 1379 1327 1437; x_wconf 85' lang='lat' dir='ltr'><strong>Fovet</strong></span> <span class='ocrx_word' id='word_1_126' title='bbox 1383 1377 1493 1436; x_wconf 92' lang='lat' dir='ltr'><strong>hoc</strong></span> <span class='ocrx_word' id='word_1_127' title='bbox 1543 1380 1976 1437; x_wconf 79' lang='lat' dir='ltr'><strong>sacramentum</strong></span> <span class='ocrx_word' id='word_1_128' title='bbox 2028 1378 2210 1436; x_wconf 87' lang='lat' dir='ltr'><strong>vitam</strong></span> <span class='ocrx_word' id='word_1_129' title='bbox 2264 1376 2780 1454; x_wconf 86' lang='lat' dir='ltr'><strong>supernaturalem</strong></span> <span class='ocrx_word' id='word_1_130' title='bbox 2832 1393 2962 1434; x_wconf 87' lang='lat' dir='ltr'><strong>eam</strong></span> 
     </span>
     <span class='ocr_line' id='line_1_13' title="bbox 340 1466 1601 1544; baseline -0.003 -16"><span class='ocrx_word' id='word_1_131' title='bbox 340 1469 664 1541; x_wconf 88' lang='lat' dir='ltr'><strong>tuendo,</strong></span> <span class='ocrx_word' id='word_1_132' title='bbox 698 1467 1083 1544; x_wconf 80' lang='lat' dir='ltr'><strong>augendo,</strong></span> <span class='ocrx_word' id='word_1_133' title='bbox 1118 1466 1601 1543; x_wconf 82' lang='lat' dir='ltr'><strong>explicando.</strong></span> 
     </span>
    </p>
   </div>
   <div class='ocr_carea' id='block_1_5' title="bbox 342 1589 2965 2201">
    <p class='ocr_par' dir='ltr' id='par_1_5' title="bbox 342 1589 2965 2201">
     <span class='ocr_line' id='line_1_14' title="bbox 523 1589 2965 1668; baseline -0.004 -12"><span class='ocrx_word' id='word_1_134' title='bbox 523 1591 583 1656; x_wconf 93' lang='grc'><strong>1.</strong></span> <span class='ocrx_word' id='word_1_135' title='bbox 616 1593 860 1653; x_wconf 87' lang='lat' dir='ltr'><strong>Tuendo</strong></span> <span class='ocrx_word' id='word_1_136' title='bbox 894 1594 1187 1668; x_wconf 85' lang='lat' dir='ltr'><strong>quatenus</strong></span> <span class='ocrx_word' id='word_1_137' title='bbox 1220 1605 1286 1653; x_wconf 80' lang='lat' dir='ltr'><strong>a.</strong></span> <span class='ocrx_word' id='word_1_138' title='bbox 1321 1593 1781 1665; x_wconf 85' lang='lat' dir='ltr'><strong>praeservat</strong></span> <span class='ocrx_word' id='word_1_139' title='bbox 1813 1611 1848 1649; x_wconf 90' lang='lat' dir='ltr'><strong>a</strong></span> <span class='ocrx_word' id='word_1_140' title='bbox 1877 1591 2150 1666; x_wconf 77' lang='lat' dir='ltr'><strong>peccatiS,</strong></span> <span class='ocrx_word' id='word_1_141' title='bbox 2191 1593 2384 1649; x_wconf 91' lang='lat' dir='ltr'><strong>morte</strong></span> <span class='ocrx_word' id='word_1_142' title='bbox 2418 1589 2738 1665; x_wconf 79' lang='lat' dir='ltr'><strong>spirituali,</strong></span> <span class='ocrx_word' id='word_1_143' title='bbox 2773 1589 2965 1647; x_wconf 90' lang='lat' dir='ltr'><strong>instar</strong></span> 
     </span>
     <span class='ocr_line' id='line_1_15' title="bbox 342 1677 2963 1759; baseline -0.002 -18"><span class='ocrx_word' id='word_1_144' title='bbox 342 1683 511 1742; x_wconf 90' lang='lat' dir='ltr'><strong>illius</strong></span> <span class='ocrx_word' id='word_1_145' title='bbox 543 1682 693 1759; x_wconf 90' lang='lat' dir='ltr'><strong>ligni</strong></span> <span class='ocrx_word' id='word_1_146' title='bbox 725 1683 881 1740; x_wconf 80' lang='lat' dir='ltr'><strong>vitae</strong></span> <span class='ocrx_word' id='word_1_147' title='bbox 915 1680 1094 1757; x_wconf 91' lang='lat' dir='ltr'><strong>positi</strong></span> <span class='ocrx_word' id='word_1_148' title='bbox 1125 1680 1189 1738; x_wconf 90' lang='lat' dir='ltr'><strong>in</strong></span> <span class='ocrx_word' id='word_1_149' title='bbox 1219 1679 1513 1755; x_wconf 87' lang='lat' dir='ltr'><strong>paradiso,</strong></span> <span class='ocrx_word' id='word_1_150' title='bbox 1546 1678 1618 1737; x_wconf 90' lang='lat' dir='ltr'><strong>de</strong></span> <span class='ocrx_word' id='word_1_151' title='bbox 1651 1699 1769 1755; x_wconf 90' lang='lat' dir='ltr'><strong>quo</strong></span> <span class='ocrx_word' id='word_1_152' title='bbox 1803 1679 1854 1738; x_wconf 92' lang='lat' dir='ltr'><strong>si</strong></span> <span class='ocrx_word' id='word_1_153' title='bbox 1885 1680 2238 1754; x_wconf 85' lang='lat' dir='ltr'><strong>sumpsisset</strong></span> <span class='ocrx_word' id='word_1_154' title='bbox 2259 1679 2462 1749; x_wconf 87' lang='lat' dir='ltr'><strong>Adam,</strong></span> <span class='ocrx_word' id='word_1_155' title='bbox 2497 1678 2746 1737; x_wconf 82' lang='lat' dir='ltr'><strong>vixisset</strong></span> <span class='ocrx_word' id='word_1_156' title='bbox 2776 1677 2837 1735; x_wconf 91' lang='lat' dir='ltr'><strong>in</strong></span> <span class='ocrx_word' id='word_1_157' title='bbox 2871 1697 2963 1736; x_wconf 87' lang='lat' dir='ltr'><strong>ae·</strong></span> 
     </span>
     <span class='ocr_line' id='line_1_16' title="bbox 343 1766 2961 1844; baseline -0.002 -14"><span class='ocrx_word' id='word_1_158' title='bbox 343 1777 583 1831; x_wconf 88' lang='lat' dir='ltr'><strong>ternum</strong></span> <span class='ocrx_word' id='word_1_159' title='bbox 616 1772 757 1830; x_wconf 87' lang='lat' dir='ltr'><strong>Gen.</strong></span> <span class='ocrx_word' id='word_1_160' title='bbox 793 1781 850 1841; x_wconf 91' lang='lat'><strong>3,</strong></span> <span class='ocrx_word' id='word_1_161' title='bbox 888 1778 967 1831; x_wconf 85' lang='lat'><strong>22</strong></span> <span class='ocrx_word' id='word_1_162' title='bbox 1004 1773 1070 1843; x_wconf 90' lang='lat' dir='ltr'><strong>(t.</strong></span> <span class='ocrx_word' id='word_1_163' title='bbox 1091 1768 1163 1826; x_wconf 94' lang='lat'><strong>11.</strong></span> <span class='ocrx_word' id='word_1_164' title='bbox 1186 1788 1243 1831; x_wconf 90' lang='lat' dir='ltr'><strong>n.</strong></span> <span class='ocrx_word' id='word_1_165' title='bbox 1267 1766 1436 1844; x_wconf 86' lang='lat'><strong>335).</strong></span> <span class='ocrx_word' id='word_1_166' title='bbox 1480 1767 1634 1826; x_wconf 85' lang='lat' dir='ltr'><strong>Hinc</strong></span> <span class='ocrx_word' id='word_1_167' title='bbox 1665 1768 1771 1826; x_wconf 89' lang='lat' dir='ltr'><strong>illa</strong></span> <span class='ocrx_word' id='word_1_168' title='bbox 1804 1768 2020 1828; x_wconf 83' lang='lat' dir='ltr'><strong>Christi</strong></span> <span class='ocrx_word' id='word_1_169' title='bbox 2052 1768 2231 1827; x_wconf 77' lang='lat' dir='ltr'><strong>verba</strong></span> <span class='ocrx_word' id='word_1_170' title='bbox 2263 1768 2352 1827; x_wconf 90' lang='lat' dir='ltr'><strong>J0.</strong></span> <span class='ocrx_word' id='word_1_171' title='bbox 2390 1778 2446 1839; x_wconf 80' lang='grc'><strong>6,</strong></span> <span class='ocrx_word' id='word_1_172' title='bbox 2484 1777 2597 1830; x_wconf 87' lang='lat'><strong>54:</strong></span> <span class='ocrx_word' id='word_1_173' title='bbox 2631 1766 2764 1825; x_wconf 72' lang='lat' dir='ltr'><strong>Nisi</strong></span> <span class='ocrx_word' id='word_1_174' title='bbox 2795 1787 2961 1825; x_wconf 84' lang='lat' dir='ltr'><strong>man-</strong></span> 
     </span>
     <span class='ocr_line' id='line_1_17' title="bbox 344 1853 2965 1933; baseline -0.002 -14"><span class='ocrx_word' id='word_1_175' title='bbox 344 1862 694 1919; x_wconf 77' lang='lat' dir='ltr'><strong>ducaveritis</strong></span> <span class='ocrx_word' id='word_1_176' title='bbox 729 1904 741 1915; x_wconf 93' lang='lat'><strong>.</strong></span> <span class='ocrx_word' id='word_1_177' title='bbox 776 1904 789 1917; x_wconf 92' lang='lat'><strong>.</strong></span> <span class='ocrx_word' id='word_1_178' title='bbox 823 1904 836 1917; x_wconf 90' lang='lat'><strong>.</strong></span> <span class='ocrx_word' id='word_1_179' title='bbox 882 1877 995 1917; x_wconf 83' lang='lat' dir='ltr'><strong>non</strong></span> <span class='ocrx_word' id='word_1_180' title='bbox 1040 1858 1311 1915; x_wconf 77' lang='lat' dir='ltr'><strong>habebitis</strong></span> <span class='ocrx_word' id='word_1_181' title='bbox 1354 1859 1530 1915; x_wconf 81' lang='lat' dir='ltr'><strong>vitam</strong></span> <span class='ocrx_word' id='word_1_182' title='bbox 1560 1876 1617 1919; x_wconf 91' lang='lat' dir='ltr'><strong>n.</strong></span> <span class='ocrx_word' id='word_1_183' title='bbox 1654 1866 1812 1927; x_wconf 84' lang='lat'>387;</span> <span class='ocrx_word' id='word_1_184' title='bbox 1865 1853 1936 1921; x_wconf 82' lang='lat' dir='ltr'><strong>b.</strong></span> <span class='ocrx_word' id='word_1_185' title='bbox 1989 1857 2476 1933; x_wconf 90' lang='lat' dir='ltr'><strong>protegendo</strong></span> <span class='ocrx_word' id='word_1_186' title='bbox 2527 1876 2562 1914; x_wconf 90' lang='lat' dir='ltr'><strong>a</strong></span> <span class='ocrx_word' id='word_1_187' title='bbox 2611 1856 2965 1915; x_wconf 86' lang='lat' dir='ltr'><strong>daemonum</strong></span> 
     </span>
     <span class='ocr_line' id='line_1_18' title="bbox 344 1945 2965 2023; baseline -0.002 -15"><span class='ocrx_word' id='word_1_188' title='bbox 344 1950 575 2009; x_wconf 87' lang='lat' dir='ltr'><strong>insidiis</strong></span> <span class='ocrx_word' id='word_1_189' title='bbox 607 1950 798 2006; x_wconf 87' lang='lat' dir='ltr'><strong>instar</strong></span> <span class='ocrx_word' id='word_1_190' title='bbox 830 1946 1139 2023; x_wconf 83' lang='lat' dir='ltr'><strong>sanguinis</strong></span> <span class='ocrx_word' id='word_1_191' title='bbox 1170 1946 1310 2023; x_wconf 88' lang='lat' dir='ltr'><strong>agni</strong></span> <span class='ocrx_word' id='word_1_192' title='bbox 1341 1946 1653 2022; x_wconf 89' lang='lat' dir='ltr'><strong>paschalis,</strong></span> <span class='ocrx_word' id='word_1_193' title='bbox 1689 1965 1807 2020; x_wconf 89' lang='lat' dir='ltr'><strong>quo</strong></span> <span class='ocrx_word' id='word_1_194' title='bbox 1842 1946 1969 2005; x_wconf 77' lang='lat' dir='ltr'><strong>viso</strong></span> <span class='ocrx_word' id='word_1_195' title='bbox 2003 1947 2065 2005; x_wconf 92' lang='lat' dir='ltr'><strong>in</strong></span> <span class='ocrx_word' id='word_1_196' title='bbox 2097 1946 2347 2005; x_wconf 84' lang='lat' dir='ltr'><strong>aedibus</strong></span> <span class='ocrx_word' id='word_1_197' title='bbox 2369 1945 2768 2004; x_wconf 86' lang='lat' dir='ltr'><strong>israelitarum</strong></span> <span class='ocrx_word' id='word_1_198' title='bbox 2799 1949 2965 2004; x_wconf 87' lang='lat' dir='ltr'><strong>tran·</strong></span> 
     </span>
     <span class='ocr_line' id='line_1_19' title="bbox 346 2035 2965 2115; baseline -0 -18"><span class='ocrx_word' id='word_1_199' title='bbox 346 2038 454 2098; x_wconf 86' lang='lat' dir='ltr'><strong>siit</strong></span> <span class='ocrx_word' id='word_1_200' title='bbox 485 2038 753 2115; x_wconf 83' lang='lat' dir='ltr'><strong>angelus,</strong></span> <span class='ocrx_word' id='word_1_201' title='bbox 787 2036 891 2111; x_wconf 91' lang='lat' dir='ltr'><strong>qui</strong></span> <span class='ocrx_word' id='word_1_202' title='bbox 924 2035 1337 2113; x_wconf 81' lang='lat' dir='ltr'><strong>aegyptiorum</strong></span> <span class='ocrx_word' id='word_1_203' title='bbox 1370 2035 1769 2112; x_wconf 85' lang='lat' dir='ltr'><strong>primogenita</strong></span> <span class='ocrx_word' id='word_1_204' title='bbox 1800 2035 2100 2094; x_wconf 85' lang='lat' dir='ltr'><strong>interfecit</strong></span> <span class='ocrx_word' id='word_1_205' title='bbox 2131 2035 2232 2093; x_wconf 86' lang='lat' dir='ltr'><strong>Ex.</strong></span> <span class='ocrx_word' id='word_1_206' title='bbox 2272 2046 2298 2098; x_wconf 92' lang='lat'>1</span> <span class='ocrx_word' id='word_1_207' title='bbox 2317 2044 2370 2105; x_wconf 89' lang='grc'><strong>2,</strong></span> <span class='ocrx_word' id='word_1_208' title='bbox 2415 2045 2487 2097; x_wconf 89' lang='grc'><strong>13</strong></span> <span class='ocrx_word' id='word_1_209' title='bbox 2525 2054 2582 2094; x_wconf 84' lang='grc' dir='ltr'><strong>ιι.</strong></span> <span class='ocrx_word' id='word_1_210' title='bbox 2606 2041 2779 2098; x_wconf 74' lang='lat'>350⁸.</span> <span class='ocrx_word' id='word_1_211' title='bbox 2805 2044 2925 2098; x_wconf 84' lang='grc'><strong>387</strong></span> <span class='ocrx_word' id='word_1_212' title='bbox 2952 2055 2965 2104; x_wconf 88' lang='lat'><strong>;</strong></span> 
     </span>
     <span class='ocr_line' id='line_1_20' title="bbox 347 2124 1836 2201; baseline -0.005 -11"><span class='ocrx_word' id='word_1_213' title='bbox 347 2143 405 2191; x_wconf 74' lang='lat'><strong>(³.</strong></span> <span class='ocrx_word' id='word_1_214' title='bbox 438 2125 870 2186; x_wconf 81' lang='lat' dir='ltr'><strong>alliciendo</strong></span> <span class='ocrx_word' id='word_1_215' title='bbox 905 2125 967 2182; x_wconf 90' lang='lat' dir='ltr'><strong>in</strong></span> <span class='ocrx_word' id='word_1_216' title='bbox 999 2126 1260 2182; x_wconf 90' lang='lat' dir='ltr'><strong>nostram</strong></span> <span class='ocrx_word' id='word_1_217' title='bbox 1291 2124 1545 2182; x_wconf 89' lang='lat' dir='ltr'><strong>tutelam</strong></span> <span class='ocrx_word' id='word_1_218' title='bbox 1577 2125 1836 2201; x_wconf 81' lang='lat' dir='ltr'><strong>angelos.</strong></span> 
     </span>
    </p>
   </div>
   <div class='ocr_carea' id='block_1_6' title="bbox 345 2247 2968 2863">
    <p class='ocr_par' dir='ltr' id='par_1_6' title="bbox 345 2247 2968 2863">
     <span class='ocr_line' id='line_1_21' title="bbox 523 2247 2964 2326; baseline -0.002 -15"><span class='ocrx_word' id='word_1_219' title='bbox 523 2247 586 2314; x_wconf 71' lang='lat'><strong>2.</strong></span> <span class='ocrx_word' id='word_1_220' title='bbox 620 2251 802 2309; x_wconf 83' lang='lat' dir='ltr'><strong>Fovet</strong></span> <span class='ocrx_word' id='word_1_221' title='bbox 832 2248 1190 2307; x_wconf 86' lang='lat' dir='ltr'><strong>eucharistia</strong></span> <span class='ocrx_word' id='word_1_222' title='bbox 1220 2248 1401 2306; x_wconf 80' lang='lat' dir='ltr'><strong>vitam</strong></span> <span class='ocrx_word' id='word_1_223' title='bbox 1436 2248 1662 2325; x_wconf 87' lang='lat' dir='ltr'><strong>gratiae</strong></span> <span class='ocrx_word' id='word_1_224' title='bbox 1693 2268 1821 2311; x_wconf 87' lang='lat' dir='ltr'><strong>eam</strong></span> <span class='ocrx_word' id='word_1_225' title='bbox 1852 2265 1918 2312; x_wconf 80' lang='lat' dir='ltr'><strong>a.</strong></span> <span class='ocrx_word' id='word_1_226' title='bbox 1952 2249 2243 2325; x_wconf 89' lang='lat' dir='ltr'><strong>augend0,</strong></span> <span class='ocrx_word' id='word_1_227' title='bbox 2292 2248 2527 2324; x_wconf 86' lang='lat' dir='ltr'><strong>quoties</strong></span> <span class='ocrx_word' id='word_1_228' title='bbox 2561 2247 2739 2326; x_wconf 85' lang='lat' dir='ltr'><strong>digne</strong></span> <span class='ocrx_word' id='word_1_229' title='bbox 2774 2250 2964 2307; x_wconf 88' lang='lat' dir='ltr'><strong>susci-</strong></span> 
     </span>
     <span class='ocr_line' id='line_1_22' title="bbox 345 2334 2966 2415; baseline -0.002 -16"><span class='ocrx_word' id='word_1_230' title='bbox 345 2342 544 2415; x_wconf 80' lang='lat' dir='ltr'><strong>pitur3</strong></span> <span class='ocrx_word' id='word_1_231' title='bbox 591 2342 764 2399; x_wconf 78' lang='lat' dir='ltr'><strong>aucta</strong></span> <span class='ocrx_word' id='word_1_232' title='bbox 808 2338 1000 2415; x_wconf 88' lang='lat' dir='ltr'><strong>gratia</strong></span> <span class='ocrx_word' id='word_1_233' title='bbox 1044 2334 1113 2403; x_wconf 83' lang='lat' dir='ltr'><strong>b.</strong></span> <span class='ocrx_word' id='word_1_234' title='bbox 1145 2337 1546 2396; x_wconf 87' lang='lat' dir='ltr'><strong>intenduntur</strong></span> <span class='ocrx_word' id='word_1_235' title='bbox 1578 2337 1851 2407; x_wconf 84' lang='lat' dir='ltr'><strong>virtutes,</strong></span> <span class='ocrx_word' id='word_1_236' title='bbox 1899 2356 2050 2413; x_wconf 87' lang='lat' dir='ltr'><strong>quae</strong></span> <span class='ocrx_word' id='word_1_237' title='bbox 2082 2355 2211 2396; x_wconf 90' lang='lat' dir='ltr'><strong>eam</strong></span> <span class='ocrx_word' id='word_1_238' title='bbox 2242 2342 2710 2412; x_wconf 87' lang='lat' dir='ltr'><strong>consequuntur,</strong></span> <span class='ocrx_word' id='word_1_239' title='bbox 2754 2338 2966 2396; x_wconf 87' lang='lat' dir='ltr'><strong>multi-</strong></span> 
     </span>
     <span class='ocr_line' id='line_1_23' title="bbox 348 2426 2966 2505; baseline -0.001 -18"><span class='ocrx_word' id='word_1_240' title='bbox 348 2430 650 2505; x_wconf 85' lang='lat' dir='ltr'><strong>plicantur</strong></span> <span class='ocrx_word' id='word_1_241' title='bbox 681 2427 906 2505; x_wconf 86' lang='lat' dir='ltr'><strong>gratiae</strong></span> <span class='ocrx_word' id='word_1_242' title='bbox 938 2427 1187 2495; x_wconf 80' lang='lat' dir='ltr'><strong>auxilia3</strong></span> <span class='ocrx_word' id='word_1_243' title='bbox 1234 2445 1428 2502; x_wconf 89' lang='lat' dir='ltr'><strong>neque</strong></span> <span class='ocrx_word' id='word_1_244' title='bbox 1459 2426 1676 2484; x_wconf 84' lang='lat' dir='ltr'><strong>mirum</strong></span> <span class='ocrx_word' id='word_1_245' title='bbox 1711 2440 1776 2489; x_wconf 79' lang='lat' dir='ltr'><strong>c.</strong></span> <span class='ocrx_word' id='word_1_246' title='bbox 1810 2445 1942 2485; x_wconf 90' lang='lat' dir='ltr'><strong>cum</strong></span> <span class='ocrx_word' id='word_1_247' title='bbox 1977 2426 2201 2484; x_wconf 89' lang='lat' dir='ltr'><strong>arctius</strong></span> <span class='ocrx_word' id='word_1_248' title='bbox 2235 2443 2469 2501; x_wconf 88' lang='lat' dir='ltr'><strong>semper</strong></span> <span class='ocrx_word' id='word_1_249' title='bbox 2499 2445 2605 2502; x_wconf 90' lang='lat' dir='ltr'><strong>per</strong></span> <span class='ocrx_word' id='word_1_250' title='bbox 2635 2445 2760 2485; x_wconf 91' lang='lat' dir='ltr'><strong>eam</strong></span> <span class='ocrx_word' id='word_1_251' title='bbox 2795 2427 2966 2485; x_wconf 87' lang='lat' dir='ltr'><strong>unia-</strong></span> 
     </span>
     <span class='ocr_line' id='line_1_24' title="bbox 347 2515 2967 2593; baseline -0.002 -15"><span class='ocrx_word' id='word_1_252' title='bbox 347 2538 484 2578; x_wconf 91' lang='lat' dir='ltr'><strong>mur</strong></span> <span class='ocrx_word' id='word_1_253' title='bbox 516 2524 587 2577; x_wconf 90' lang='lat' dir='ltr'><strong>ut</strong></span> <span class='ocrx_word' id='word_1_254' title='bbox 615 2516 897 2593; x_wconf 89' lang='lat' dir='ltr'><strong>palmites</strong></span> <span class='ocrx_word' id='word_1_255' title='bbox 929 2535 1064 2577; x_wconf 90' lang='lat' dir='ltr'><strong>cum</strong></span> <span class='ocrx_word' id='word_1_256' title='bbox 1084 2516 1317 2575; x_wconf 86' lang='lat' dir='ltr'><strong>Christo</strong></span> <span class='ocrx_word' id='word_1_257' title='bbox 1337 2515 1475 2585; x_wconf 82' lang='lat' dir='ltr'><strong>vite,</strong></span> <span class='ocrx_word' id='word_1_258' title='bbox 1510 2517 1580 2572; x_wconf 90' lang='lat' dir='ltr'><strong>ut</strong></span> <span class='ocrx_word' id='word_1_259' title='bbox 1600 2515 1860 2573; x_wconf 90' lang='lat' dir='ltr'><strong>membra</strong></span> <span class='ocrx_word' id='word_1_260' title='bbox 1881 2533 2016 2573; x_wconf 90' lang='lat' dir='ltr'><strong>cum</strong></span> <span class='ocrx_word' id='word_1_261' title='bbox 2036 2515 2263 2573; x_wconf 89' lang='lat' dir='ltr'><strong>Christo</strong></span> <span class='ocrx_word' id='word_1_262' title='bbox 2285 2516 2493 2590; x_wconf 89' lang='lat' dir='ltr'><strong>capite,</strong></span> <span class='ocrx_word' id='word_1_263' title='bbox 2525 2533 2592 2573; x_wconf 87' lang='lat' dir='ltr'><strong>ex</strong></span> <span class='ocrx_word' id='word_1_264' title='bbox 2625 2534 2743 2590; x_wconf 91' lang='lat' dir='ltr'><strong>quo</strong></span> <span class='ocrx_word' id='word_1_265' title='bbox 2774 2517 2967 2574; x_wconf 86' lang='lat' dir='ltr'><strong>omnis</strong></span> 
     </span>
     <span class='ocr_line' id='line_1_25' title="bbox 348 2600 2967 2680; baseline -0 -15"><span class='ocrx_word' id='word_1_266' title='bbox 348 2610 542 2667; x_wconf 85' lang='lat' dir='ltr'><strong>virtus</strong></span> <span class='ocrx_word' id='word_1_267' title='bbox 562 2607 825 2665; x_wconf 81' lang='lat' dir='ltr'><strong>dimanat</strong></span> <span class='ocrx_word' id='word_1_268' title='bbox 845 2626 901 2664; x_wconf 92' lang='grc' dir='ltr'><strong>ιι.</strong></span> <span class='ocrx_word' id='word_1_269' title='bbox 927 2607 1121 2676; x_wconf 75' lang='lat'><strong>335⁴;</strong></span> <span class='ocrx_word' id='word_1_270' title='bbox 1154 2608 1335 2680; x_wconf 87' lang='lat' dir='ltr'><strong>atque</strong></span> <span class='ocrx_word' id='word_1_271' title='bbox 1369 2604 1452 2662; x_wconf 90' lang='lat' dir='ltr'><strong>ita</strong></span> <span class='ocrx_word' id='word_1_272' title='bbox 1484 2600 1553 2668; x_wconf 84' lang='lat' dir='ltr'><strong>d.</strong></span> <span class='ocrx_word' id='word_1_273' title='bbox 1585 2604 1905 2663; x_wconf 87' lang='lat' dir='ltr'><strong>crescimus</strong></span> <span class='ocrx_word' id='word_1_274' title='bbox 1936 2622 2003 2662; x_wconf 92' lang='lat' dir='ltr'><strong>ac</strong></span> <span class='ocrx_word' id='word_1_275' title='bbox 2034 2603 2441 2662; x_wconf 82' lang='lat' dir='ltr'><strong>confortamur</strong></span> <span class='ocrx_word' id='word_1_276' title='bbox 2459 2604 2524 2662; x_wconf 91' lang='lat' dir='ltr'><strong>in</strong></span> <span class='ocrx_word' id='word_1_277' title='bbox 2545 2603 2812 2675; x_wconf 91' lang='lat' dir='ltr'><strong>Domin0,</strong></span> <span class='ocrx_word' id='word_1_278' title='bbox 2844 2623 2967 2664; x_wconf 92' lang='lat' dir='ltr'><strong>non</strong></span> 
     </span>
     <span class='ocr_line' id='line_1_26' title="bbox 349 2693 2966 2770; baseline -0.002 -13"><span class='ocrx_word' id='word_1_279' title='bbox 349 2717 518 2757; x_wconf 87' lang='lat' dir='ltr'><strong>secus</strong></span> <span class='ocrx_word' id='word_1_280' title='bbox 568 2715 634 2755; x_wconf 87' lang='lat' dir='ltr'><strong>ac</strong></span> <span class='ocrx_word' id='word_1_281' title='bbox 682 2696 831 2755; x_wconf 87' lang='lat' dir='ltr'><strong>cibis</strong></span> <span class='ocrx_word' id='word_1_282' title='bbox 878 2695 1148 2754; x_wconf 89' lang='lat' dir='ltr'><strong>homines</strong></span> <span class='ocrx_word' id='word_1_283' title='bbox 1194 2693 1515 2753; x_wconf 86' lang='lat' dir='ltr'><strong>secuudum</strong></span> <span class='ocrx_word' id='word_1_284' title='bbox 1563 2712 1775 2769; x_wconf 88' lang='lat' dir='ltr'><strong>corpus</strong></span> <span class='ocrx_word' id='word_1_285' title='bbox 1807 2697 2080 2752; x_wconf 86' lang='lat' dir='ltr'><strong>crescunt</strong></span> <span class='ocrx_word' id='word_1_286' title='bbox 2124 2696 2185 2753; x_wconf 91' lang='lat' dir='ltr'><strong>et</strong></span> <span class='ocrx_word' id='word_1_287' title='bbox 2228 2694 2605 2764; x_wconf 87' lang='lat' dir='ltr'><strong>roborantur,</strong></span> <span class='ocrx_word' id='word_1_288' title='bbox 2655 2693 2966 2770; x_wconf 83' lang='lat' dir='ltr'><strong>magisque</strong></span> 
     </span>
     <span class='ocr_line' id='line_1_27' title="bbox 350 2782 2968 2863; baseline -0.002 -18"><span class='ocrx_word' id='word_1_289' title='bbox 350 2804 585 2863; x_wconf 84' lang='lat' dir='ltr'><strong>semper</strong></span> <span class='ocrx_word' id='word_1_290' title='bbox 618 2801 681 2849; x_wconf 81' lang='lat' dir='ltr'><strong>e.</strong></span> <span class='ocrx_word' id='word_1_291' title='bbox 712 2782 1269 2843; x_wconf 86' lang='lat' dir='ltr'><strong>transformabimur</strong></span> <span class='ocrx_word' id='word_1_292' title='bbox 1289 2783 1350 2841; x_wconf 91' lang='lat' dir='ltr'><strong>in</strong></span> <span class='ocrx_word' id='word_1_293' title='bbox 1372 2783 1673 2840; x_wconf 86' lang='lat' dir='ltr'><strong>Christum</strong></span> <span class='ocrx_word' id='word_1_294' title='bbox 1694 2784 2021 2841; x_wconf 90' lang='lat' dir='ltr'><strong>secundum</strong></span> <span class='ocrx_word' id='word_1_295' title='bbox 2049 2782 2483 2860; x_wconf 86' lang='lat' dir='ltr'><strong>Augustini</strong></span> <span class='ocrx_word' id='word_1_296' title='bbox 2513 2784 2694 2842; x_wconf 83' lang='lat' dir='ltr'><strong>verba</strong></span> <span class='ocrx_word' id='word_1_297' title='bbox 2707 2802 2766 2847; x_wconf 90' lang='lat' dir='ltr'><strong>n.</strong></span> <span class='ocrx_word' id='word_1_298' title='bbox 2787 2783 2968 2846; x_wconf 70' lang='lat'><strong>3872.</strong></span> 
     </span>
    </p>
   </div>
   <div class='ocr_carea' id='block_1_7' title="bbox 349 2906 2977 4764">
    <p class='ocr_par' dir='ltr' id='par_1_7' title="bbox 349 2906 2977 4764">
     <span class='ocr_line' id='line_1_28' title="bbox 529 2906 2969 2983; baseline -0.002 -11"><span class='ocrx_word' id='word_1_299' title='bbox 529 2906 595 2972; x_wconf 82' lang='lat'><strong>3.</strong></span> <span class='ocrx_word' id='word_1_300' title='bbox 642 2910 826 2968; x_wconf 81' lang='lat' dir='ltr'><strong>Fovet</strong></span> <span class='ocrx_word' id='word_1_301' title='bbox 869 2908 1220 2967; x_wconf 79' lang='lat' dir='ltr'><strong>eucharistia</strong></span> <span class='ocrx_word' id='word_1_302' title='bbox 1265 2907 1451 2966; x_wconf 85' lang='lat' dir='ltr'><strong>vitam</strong></span> <span class='ocrx_word' id='word_1_303' title='bbox 1497 2907 1726 2983; x_wconf 82' lang='lat' dir='ltr'><strong>gratiae</strong></span> <span class='ocrx_word' id='word_1_304' title='bbox 1773 2927 1901 2966; x_wconf 87' lang='lat' dir='ltr'><strong>eam</strong></span> <span class='ocrx_word' id='word_1_305' title='bbox 1940 2907 2251 2966; x_wconf 85' lang='lat' dir='ltr'><strong>excitando</strong></span> <span class='ocrx_word' id='word_1_306' title='bbox 2297 2912 2367 2966; x_wconf 90' lang='lat' dir='ltr'><strong>ut</strong></span> <span class='ocrx_word' id='word_1_307' title='bbox 2411 2912 2627 2967; x_wconf 81' lang='lat' dir='ltr'><strong>ventus</strong></span> <span class='ocrx_word' id='word_1_308' title='bbox 2672 2908 2969 2968; x_wconf 79' lang='lat' dir='ltr'><strong>flammam</strong></span> 
     </span>
     <span class='ocr_line' id='line_1_29' title="bbox 349 2996 2972 3076; baseline -0.001 -19"><span class='ocrx_word' id='word_1_309' title='bbox 349 3000 529 3076; x_wconf 88' lang='lat' dir='ltr'><strong>ignis,</strong></span> <span class='ocrx_word' id='word_1_310' title='bbox 578 3003 647 3056; x_wconf 90' lang='lat' dir='ltr'><strong>ut</strong></span> <span class='ocrx_word' id='word_1_311' title='bbox 691 3017 753 3056; x_wconf 89' lang='lat' dir='ltr'><strong>se</strong></span> <span class='ocrx_word' id='word_1_312' title='bbox 799 2998 1032 3056; x_wconf 83' lang='lat' dir='ltr'><strong>evolvat</strong></span> <span class='ocrx_word' id='word_1_313' title='bbox 1076 3001 1137 3056; x_wconf 90' lang='lat' dir='ltr'><strong>et</strong></span> <span class='ocrx_word' id='word_1_314' title='bbox 1183 2996 1437 3071; x_wconf 69' lang='lat' dir='ltr'><strong>explicet</strong></span> <span class='ocrx_word' id='word_1_315' title='bbox 1468 2997 1744 3055; x_wconf 85' lang='lat' dir='ltr'><strong>exercitio</strong></span> <span class='ocrx_word' id='word_1_316' title='bbox 1778 2998 2093 3066; x_wconf 85' lang='lat' dir='ltr'><strong>virtutum,</strong></span> <span class='ocrx_word' id='word_1_317' title='bbox 2131 3016 2267 3055; x_wconf 91' lang='lat' dir='ltr'><strong>nam</strong></span> <span class='ocrx_word' id='word_1_318' title='bbox 2303 2999 2519 3072; x_wconf 89' lang='lat' dir='ltr'><strong>sponte</strong></span> <span class='ocrx_word' id='word_1_319' title='bbox 2554 3015 2661 3055; x_wconf 88' lang='lat' dir='ltr'><strong>sua</strong></span> <span class='ocrx_word' id='word_1_320' title='bbox 2693 3001 2972 3073; x_wconf 78' lang='lat' dir='ltr'><strong>provocat</strong></span> 
     </span>
     <span class='ocr_line' id='line_1_30' title="bbox 350 3085 2967 3163; baseline 0.002 -17"><span class='ocrx_word' id='word_1_321' title='bbox 350 3104 416 3152; x_wconf 80' lang='lat' dir='ltr'><strong>a.</strong></span> <span class='ocrx_word' id='word_1_322' title='bbox 465 3088 539 3146; x_wconf 91' lang='lat' dir='ltr'><strong>ad</strong></span> <span class='ocrx_word' id='word_1_323' title='bbox 584 3086 934 3145; x_wconf 79' lang='lat' dir='ltr'><strong>exercitium</strong></span> <span class='ocrx_word' id='word_1_324' title='bbox 980 3085 1207 3157; x_wconf 90' lang='lat' dir='ltr'><strong>fidei,</strong></span> <span class='ocrx_word' id='word_1_325' title='bbox 1261 3088 1354 3143; x_wconf 91' lang='lat' dir='ltr'><strong>est</strong></span> <span class='ocrx_word' id='word_1_326' title='bbox 1403 3085 1561 3143; x_wconf 89' lang='lat' dir='ltr'><strong>enim</strong></span> <span class='ocrx_word' id='word_1_327' title='bbox 1610 3085 1966 3144; x_wconf 80' lang='lat' dir='ltr'><strong>eucharistia</strong></span> <span class='ocrx_word' id='word_1_328' title='bbox 2009 3104 2146 3144; x_wconf 80' lang='lat' dir='ltr'><strong>vere</strong></span> <span class='ocrx_word' id='word_1_329' title='bbox 2178 3085 2532 3163; x_wconf 85' lang='lat' dir='ltr'><strong>mysterium</strong></span> <span class='ocrx_word' id='word_1_330' title='bbox 2566 3085 2700 3143; x_wconf 91' lang='lat' dir='ltr'><strong>fidei</strong></span> <span class='ocrx_word' id='word_1_331' title='bbox 2732 3105 2788 3149; x_wconf 93' lang='lat' dir='ltr'><strong>n.</strong></span> <span class='ocrx_word' id='word_1_332' title='bbox 2825 3094 2967 3157; x_wconf 85' lang='lat'><strong>352,</strong></span> 
     </span>
     <span class='ocr_line' id='line_1_31' title="bbox 352 3170 2968 3252; baseline -0 -17"><span class='ocrx_word' id='word_1_333' title='bbox 352 3196 532 3252; x_wconf 88' lang='lat' dir='ltr'><strong>quam</strong></span> <span class='ocrx_word' id='word_1_334' title='bbox 563 3175 790 3252; x_wconf 89' lang='lat' dir='ltr'><strong>probat,</strong></span> <span class='ocrx_word' id='word_1_335' title='bbox 822 3175 1000 3243; x_wconf 87' lang='lat' dir='ltr'><strong>acuit,</strong></span> <span class='ocrx_word' id='word_1_336' title='bbox 1034 3175 1336 3234; x_wconf 90' lang='lat' dir='ltr'><strong>illuminat</strong></span> <span class='ocrx_word' id='word_1_337' title='bbox 1367 3193 1424 3237; x_wconf 89' lang='lat' dir='ltr'><strong>n.</strong></span> <span class='ocrx_word' id='word_1_338' title='bbox 1463 3175 1651 3237; x_wconf 80' lang='lat'><strong>327⁷:</strong></span> <span class='ocrx_word' id='word_1_339' title='bbox 1691 3173 1929 3233; x_wconf 90' lang='lat' dir='ltr'><strong>roborat</strong></span> <span class='ocrx_word' id='word_1_340' title='bbox 1960 3170 2029 3237; x_wconf 83' lang='lat' dir='ltr'><strong>b.</strong></span> <span class='ocrx_word' id='word_1_341' title='bbox 2063 3174 2136 3232; x_wconf 88' lang='lat' dir='ltr'><strong>ad</strong></span> <span class='ocrx_word' id='word_1_342' title='bbox 2170 3177 2411 3232; x_wconf 88' lang='lat' dir='ltr'><strong>strenue</strong></span> <span class='ocrx_word' id='word_1_343' title='bbox 2442 3174 2752 3233; x_wconf 86' lang='lat' dir='ltr'><strong>subeunda</strong></span> <span class='ocrx_word' id='word_1_344' title='bbox 2783 3179 2968 3234; x_wconf 83' lang='lat' dir='ltr'><strong>certa—</strong></span> 
     </span>
     <span class='ocr_line' id='line_1_32' title="bbox 352 3262 2971 3340; baseline -0.001 -16"><span class='ocrx_word' id='word_1_345' title='bbox 352 3267 515 3324; x_wconf 89' lang='lat' dir='ltr'><strong>mina</strong></span> <span class='ocrx_word' id='word_1_346' title='bbox 546 3284 653 3340; x_wconf 88' lang='lat' dir='ltr'><strong>pro</strong></span> <span class='ocrx_word' id='word_1_347' title='bbox 685 3264 821 3323; x_wconf 89' lang='lat' dir='ltr'><strong>fidei</strong></span> <span class='ocrx_word' id='word_1_348' title='bbox 851 3264 1229 3339; x_wconf 85' lang='lat' dir='ltr'><strong>professione,</strong></span> <span class='ocrx_word' id='word_1_349' title='bbox 1276 3263 1397 3321; x_wconf 90' lang='lat' dir='ltr'><strong>imo</strong></span> <span class='ocrx_word' id='word_1_350' title='bbox 1443 3263 1538 3321; x_wconf 80' lang='lat' dir='ltr'><strong>vel</strong></span> <span class='ocrx_word' id='word_1_351' title='bbox 1569 3263 1644 3321; x_wconf 88' lang='lat' dir='ltr'><strong>ad</strong></span> <span class='ocrx_word' id='word_1_352' title='bbox 1675 3262 2028 3338; x_wconf 85' lang='lat' dir='ltr'><strong>martyrium</strong></span> <span class='ocrx_word' id='word_1_353' title='bbox 2062 3281 2119 3320; x_wconf 89' lang='lat' dir='ltr'><strong>n.</strong></span> <span class='ocrx_word' id='word_1_354' title='bbox 2157 3272 2313 3331; x_wconf 79' lang='lat'>3893</span> <span class='ocrx_word' id='word_1_355' title='bbox 2364 3262 2475 3322; x_wconf 89' lang='lat' dir='ltr'><strong>alit</strong></span> <span class='ocrx_word' id='word_1_356' title='bbox 2521 3278 2581 3326; x_wconf 76' lang='lat'><strong>(3.</strong></span> <span class='ocrx_word' id='word_1_357' title='bbox 2630 3282 2866 3338; x_wconf 86' lang='lat' dir='ltr'><strong>spem:</strong></span> <span class='ocrx_word' id='word_1_358' title='bbox 2920 3264 2971 3322; x_wconf 92' lang='lat' dir='ltr'><strong>si</strong></span> 
     </span>
     <span class='ocr_line' id='line_1_33' title="bbox 352 3351 2973 3428; baseline -0.001 -15"><span class='ocrx_word' id='word_1_359' title='bbox 352 3355 512 3413; x_wconf 88' lang='lat' dir='ltr'><strong>enim</strong></span> <span class='ocrx_word' id='word_1_360' title='bbox 534 3354 804 3412; x_wconf 89' lang='lat' dir='ltr'><strong>Christus</strong></span> <span class='ocrx_word' id='word_1_361' title='bbox 836 3372 941 3428; x_wconf 90' lang='lat' dir='ltr'><strong>per</strong></span> <span class='ocrx_word' id='word_1_362' title='bbox 971 3352 1380 3412; x_wconf 90' lang='lat' dir='ltr'><strong>eucharistiam</strong></span> <span class='ocrx_word' id='word_1_363' title='bbox 1403 3353 1600 3410; x_wconf 88' lang='lat' dir='ltr'><strong>totum</strong></span> <span class='ocrx_word' id='word_1_364' title='bbox 1634 3370 1694 3410; x_wconf 91' lang='lat' dir='ltr'><strong>se</strong></span> <span class='ocrx_word' id='word_1_365' title='bbox 1726 3351 1899 3410; x_wconf 89' lang='lat' dir='ltr'><strong>nobis</strong></span> <span class='ocrx_word' id='word_1_366' title='bbox 1920 3351 2124 3422; x_wconf 86' lang='lat' dir='ltr'><strong>tradit,</strong></span> <span class='ocrx_word' id='word_1_367' title='bbox 2160 3352 2452 3426; x_wconf 91' lang='lat' dir='ltr'><strong>quomodo</strong></span> <span class='ocrx_word' id='word_1_368' title='bbox 2483 3370 2602 3411; x_wconf 91' lang='lat' dir='ltr'><strong>non</strong></span> <span class='ocrx_word' id='word_1_369' title='bbox 2634 3353 2813 3411; x_wconf 89' lang='lat' dir='ltr'><strong>etiam</strong></span> <span class='ocrx_word' id='word_1_370' title='bbox 2846 3372 2973 3412; x_wconf 92' lang='lat' dir='ltr'><strong>om-</strong></span> 
     </span>
     <span class='ocr_line' id='line_1_34' title="bbox 353 3439 2972 3517; baseline -0 -15"><span class='ocrx_word' id='word_1_371' title='bbox 353 3444 451 3502; x_wconf 88' lang='lat' dir='ltr'><strong>nia</strong></span> <span class='ocrx_word' id='word_1_372' title='bbox 482 3443 701 3517; x_wconf 88' lang='lat' dir='ltr'><strong>quibus</strong></span> <span class='ocrx_word' id='word_1_373' title='bbox 733 3442 807 3500; x_wconf 88' lang='lat' dir='ltr'><strong>ad</strong></span> <span class='ocrx_word' id='word_1_374' title='bbox 837 3443 1091 3501; x_wconf 86' lang='lat' dir='ltr'><strong>salutem</strong></span> <span class='ocrx_word' id='word_1_375' title='bbox 1121 3439 1480 3517; x_wconf 84' lang='lat' dir='ltr'><strong>indigemus,</strong></span> <span class='ocrx_word' id='word_1_376' title='bbox 1514 3440 1580 3499; x_wconf 89' lang='lat' dir='ltr'><strong>in</strong></span> <span class='ocrx_word' id='word_1_377' title='bbox 1610 3459 1678 3499; x_wconf 87' lang='lat' dir='ltr'><strong>ea</strong></span> <span class='ocrx_word' id='word_1_378' title='bbox 1707 3443 1771 3499; x_wconf 93' lang='lat' dir='ltr'><strong>et</strong></span> <span class='ocrx_word' id='word_1_379' title='bbox 1801 3459 1905 3516; x_wconf 91' lang='lat' dir='ltr'><strong>per</strong></span> <span class='ocrx_word' id='word_1_380' title='bbox 1934 3459 2063 3498; x_wconf 88' lang='lat' dir='ltr'><strong>eam</strong></span> <span class='ocrx_word' id='word_1_381' title='bbox 2095 3440 2267 3499; x_wconf 91' lang='lat' dir='ltr'><strong>nobis</strong></span> <span class='ocrx_word' id='word_1_382' title='bbox 2301 3440 2547 3500; x_wconf 89' lang='lat' dir='ltr'><strong>donabit</strong></span> <span class='ocrx_word' id='word_1_383' title='bbox 2567 3442 2727 3500; x_wconf 87' lang='lat' dir='ltr'><strong>Rom.</strong></span> <span class='ocrx_word' id='word_1_384' title='bbox 2755 3453 2809 3513; x_wconf 81' lang='lat'><strong>8,</strong></span> <span class='ocrx_word' id='word_1_385' title='bbox 2848 3451 2926 3506; x_wconf 84' lang='lat'><strong>32</strong></span> <span class='ocrx_word' id='word_1_386' title='bbox 2945 3446 2972 3501; x_wconf 71' lang='grc' dir='ltr'><strong>’ἒ</strong></span> 
     </span>
     <span class='ocr_line' id='line_1_35' title="bbox 354 3529 2972 3606; baseline -0.001 -15"><span class='ocrx_word' id='word_1_387' title='bbox 354 3539 417 3591; x_wconf 88' lang='lat' dir='ltr'><strong>et</strong></span> <span class='ocrx_word' id='word_1_388' title='bbox 463 3531 597 3590; x_wconf 90' lang='lat' dir='ltr'><strong>hinc</strong></span> <span class='ocrx_word' id='word_1_389' title='bbox 641 3531 854 3590; x_wconf 90' lang='lat' dir='ltr'><strong>merito</strong></span> <span class='ocrx_word' id='word_1_390' title='bbox 898 3530 1120 3589; x_wconf 90' lang='lat' dir='ltr'><strong>dicitur</strong></span> <span class='ocrx_word' id='word_1_391' title='bbox 1165 3529 1385 3606; x_wconf 90' lang='lat' dir='ltr'><strong>pignus</strong></span> <span class='ocrx_word' id='word_1_392' title='bbox 1435 3529 1672 3587; x_wconf 87' lang='lat' dir='ltr'><strong>futurae</strong></span> <span class='ocrx_word' id='word_1_393' title='bbox 1716 3529 1941 3606; x_wconf 89' lang='lat' dir='ltr'><strong>gloriae</strong></span> <span class='ocrx_word' id='word_1_394' title='bbox 1981 3548 2038 3586; x_wconf 93' lang='lat' dir='ltr'><strong>n.</strong></span> <span class='ocrx_word' id='word_1_395' title='bbox 2077 3537 2199 3593; x_wconf 85' lang='lat'><strong>389</strong></span> <span class='ocrx_word' id='word_1_396' title='bbox 2238 3532 2416 3606; x_wconf 90' lang='lat' dir='ltr'><strong>atque</strong></span> <span class='ocrx_word' id='word_1_397' title='bbox 2449 3530 2739 3606; x_wconf 87' lang='lat' dir='ltr'><strong>gloriosae</strong></span> <span class='ocrx_word' id='word_1_398' title='bbox 2772 3551 2972 3591; x_wconf 88' lang='lat' dir='ltr'><strong>resur-</strong></span> 
     </span>
     <span class='ocr_line' id='line_1_36' title="bbox 353 3613 2972 3695; baseline -0 -16"><span class='ocrx_word' id='word_1_399' title='bbox 353 3620 635 3679; x_wconf 88' lang='lat' dir='ltr'><strong>rectionis</strong></span> <span class='ocrx_word' id='word_1_400' title='bbox 667 3638 725 3677; x_wconf 92' lang='lat' dir='ltr'><strong>n.</strong></span> <span class='ocrx_word' id='word_1_401' title='bbox 762 3619 941 3682; x_wconf 80' lang='lat'><strong>355⁶.</strong></span> <span class='ocrx_word' id='word_1_402' title='bbox 977 3628 1135 3688; x_wconf 78' lang='lat'>3903</span> <span class='ocrx_word' id='word_1_403' title='bbox 1181 3618 1449 3677; x_wconf 87' lang='lat' dir='ltr'><strong>accendit</strong></span> <span class='ocrx_word' id='word_1_404' title='bbox 1494 3613 1563 3684; x_wconf 84' lang='lat' dir='ltr'><strong>(l.</strong></span> <span class='ocrx_word' id='word_1_405' title='bbox 1607 3620 1679 3677; x_wconf 92' lang='lat' dir='ltr'><strong>ut</strong></span> <span class='ocrx_word' id='word_1_406' title='bbox 1721 3636 1830 3695; x_wconf 90' lang='lat' dir='ltr'><strong>per</strong></span> <span class='ocrx_word' id='word_1_407' title='bbox 1873 3636 1933 3676; x_wconf 89' lang='lat' dir='ltr'><strong>se</strong></span> <span class='ocrx_word' id='word_1_408' title='bbox 1965 3621 2130 3693; x_wconf 90' lang='lat' dir='ltr'><strong>patet</strong></span> <span class='ocrx_word' id='word_1_409' title='bbox 2160 3619 2469 3678; x_wconf 88' lang='lat' dir='ltr'><strong>cordialem</strong></span> <span class='ocrx_word' id='word_1_410' title='bbox 2505 3637 2647 3695; x_wconf 88' lang='lat' dir='ltr'><strong>erga</strong></span> <span class='ocrx_word' id='word_1_411' title='bbox 2677 3619 2972 3678; x_wconf 89' lang='lat' dir='ltr'><strong>Christum</strong></span> 
     </span>
     <span class='ocr_line' id='line_1_37' title="bbox 356 3708 2972 3783; baseline 0 -16"><span class='ocrx_word' id='word_1_412' title='bbox 356 3709 770 3767; x_wconf 89' lang='lat' dir='ltr'><strong>caritatem</strong></span> <span class='ocrx_word' id='word_1_413' title='bbox 816 3727 874 3766; x_wconf 93' lang='lat' dir='ltr'><strong>n.</strong></span> <span class='ocrx_word' id='word_1_414' title='bbox 911 3716 1071 3776; x_wconf 78' lang='lat'><strong>3493</strong></span> <span class='ocrx_word' id='word_1_415' title='bbox 1127 3708 1307 3778; x_wconf 77' lang='lat'><strong>3873,</strong></span> <span class='ocrx_word' id='word_1_416' title='bbox 1358 3709 1537 3783; x_wconf 88' lang='lat' dir='ltr'><strong>atque</strong></span> <span class='ocrx_word' id='word_1_417' title='bbox 1587 3722 1650 3770; x_wconf 81' lang='lat' dir='ltr'><strong>e.</strong></span> <span class='ocrx_word' id='word_1_418' title='bbox 1697 3710 2005 3782; x_wconf 89' lang='lat' dir='ltr'><strong>promovet</strong></span> <span class='ocrx_word' id='word_1_419' title='bbox 2047 3708 2351 3766; x_wconf 84' lang='lat' dir='ltr'><strong>caritatem</strong></span> <span class='ocrx_word' id='word_1_420' title='bbox 2397 3709 2822 3767; x_wconf 85' lang='lat' dir='ltr'><strong>fraternam</strong></span> <span class='ocrx_word' id='word_1_421' title='bbox 2862 3709 2972 3774; x_wconf 85' lang='lat' dir='ltr'><strong>ib.;</strong></span> 
     </span>
     <span class='ocr_line' id='line_1_38' title="bbox 355 3793 2973 3874; baseline 0 -19"><span class='ocrx_word' id='word_1_422' title='bbox 355 3801 636 3874; x_wconf 85' lang='lat' dir='ltr'><strong>provocat</strong></span> <span class='ocrx_word' id='word_1_423' title='bbox 669 3793 724 3859; x_wconf 80' lang='lat' dir='ltr'><strong>s.</strong></span> <span class='ocrx_word' id='word_1_424' title='bbox 759 3797 832 3855; x_wconf 89' lang='lat' dir='ltr'><strong>ad</strong></span> <span class='ocrx_word' id='word_1_425' title='bbox 863 3815 1041 3872; x_wconf 89' lang='lat' dir='ltr'><strong>opera</strong></span> <span class='ocrx_word' id='word_1_426' title='bbox 1071 3796 1657 3855; x_wconf 85' lang='lat' dir='ltr'><strong>misericordiae</strong></span> <span class='ocrx_word' id='word_1_427' title='bbox 1688 3799 1750 3856; x_wconf 94' lang='lat' dir='ltr'><strong>et</strong></span> <span class='ocrx_word' id='word_1_428' title='bbox 1781 3796 1973 3855; x_wconf 91' lang='lat' dir='ltr'><strong>omnis</strong></span> <span class='ocrx_word' id='word_1_429' title='bbox 2005 3796 2239 3873; x_wconf 82' lang='lat' dir='ltr'><strong>generis</strong></span> <span class='ocrx_word' id='word_1_430' title='bbox 2272 3795 2553 3856; x_wconf 86' lang='lat' dir='ltr'><strong>sacrificia</strong></span> <span class='ocrx_word' id='word_1_431' title='bbox 2570 3814 2629 3855; x_wconf 90' lang='lat' dir='ltr'><strong>n.</strong></span> <span class='ocrx_word' id='word_1_432' title='bbox 2655 3806 2812 3868; x_wconf 84' lang='lat'>3893</span> <span class='ocrx_word' id='word_1_433' title='bbox 2845 3798 2973 3856; x_wconf 87' lang='lat' dir='ltr'><strong>ani-</strong></span> 
     </span>
     <span class='ocr_line' id='line_1_39' title="bbox 359 3884 2974 3964; baseline 0.001 -21"><span class='ocrx_word' id='word_1_434' title='bbox 359 3889 481 3944; x_wconf 88' lang='lat' dir='ltr'><strong>mat</strong></span> <span class='ocrx_word' id='word_1_435' title='bbox 515 3901 584 3964; x_wconf 87' lang='lat' dir='ltr'><strong>g.</strong></span> <span class='ocrx_word' id='word_1_436' title='bbox 618 3887 915 3945; x_wconf 89' lang='lat' dir='ltr'><strong>cultum</strong></span> <span class='ocrx_word' id='word_1_437' title='bbox 947 3891 1079 3945; x_wconf 88' lang='lat' dir='ltr'><strong>tum</strong></span> <span class='ocrx_word' id='word_1_438' title='bbox 1110 3885 1428 3960; x_wconf 85' lang='lat' dir='ltr'><strong>privatum,</strong></span> <span class='ocrx_word' id='word_1_439' title='bbox 1461 3890 1593 3943; x_wconf 82' lang='lat' dir='ltr'><strong>tum</strong></span> <span class='ocrx_word' id='word_1_440' title='bbox 1623 3885 1949 3961; x_wconf 88' lang='lat' dir='ltr'><strong>publicum.</strong></span> <span class='ocrx_word' id='word_1_441' title='bbox 2013 3885 2176 3944; x_wconf 86' lang='lat' dir='ltr'><strong>Tolle</strong></span> <span class='ocrx_word' id='word_1_442' title='bbox 2208 3884 2367 3943; x_wconf 91' lang='lat' dir='ltr'><strong>enim</strong></span> <span class='ocrx_word' id='word_1_443' title='bbox 2398 3903 2467 3944; x_wconf 84' lang='lat' dir='ltr'><strong>ex</strong></span> <span class='ocrx_word' id='word_1_444' title='bbox 2499 3884 2738 3960; x_wconf 88' lang='lat' dir='ltr'><strong>templis</strong></span> <span class='ocrx_word' id='word_1_445' title='bbox 2768 3886 2974 3945; x_wconf 88' lang='lat' dir='ltr'><strong>altaris</strong></span> 
     </span>
     <span class='ocr_line' id='line_1_40' title="bbox 359 3974 2974 4051; baseline 0 -17"><span class='ocrx_word' id='word_1_446' title='bbox 359 3979 793 4034; x_wconf 88' lang='lat' dir='ltr'><strong>sacramentum</strong></span> <span class='ocrx_word' id='word_1_447' title='bbox 824 3978 885 4033; x_wconf 92' lang='lat' dir='ltr'><strong>et</strong></span> <span class='ocrx_word' id='word_1_448' title='bbox 916 3975 1076 4033; x_wconf 90' lang='lat' dir='ltr'><strong>illico</strong></span> <span class='ocrx_word' id='word_1_449' title='bbox 1110 3974 1363 4033; x_wconf 89' lang='lat' dir='ltr'><strong>cessabit</strong></span> <span class='ocrx_word' id='word_1_450' title='bbox 1392 3974 1631 4032; x_wconf 90' lang='lat' dir='ltr'><strong>illorum</strong></span> <span class='ocrx_word' id='word_1_451' title='bbox 1666 3993 1772 4050; x_wconf 89' lang='lat' dir='ltr'><strong>per</strong></span> <span class='ocrx_word' id='word_1_452' title='bbox 1803 3974 1961 4032; x_wconf 88' lang='lat' dir='ltr'><strong>diem</strong></span> <span class='ocrx_word' id='word_1_453' title='bbox 1994 3974 2356 4051; x_wconf 85' lang='lat' dir='ltr'><strong>frequentia:</strong></span> <span class='ocrx_word' id='word_1_454' title='bbox 2391 3974 2540 4049; x_wconf 91' lang='lat' dir='ltr'><strong>quid</strong></span> <span class='ocrx_word' id='word_1_455' title='bbox 2571 3974 2729 4033; x_wconf 89' lang='lat' dir='ltr'><strong>enim</strong></span> <span class='ocrx_word' id='word_1_456' title='bbox 2762 3976 2974 4050; x_wconf 81' lang='lat' dir='ltr'><strong>quavis</strong></span> 
     </span>
     <span class='ocr_line' id='line_1_41' title="bbox 356 4062 2973 4140; baseline -0.001 -17"><span class='ocrx_word' id='word_1_457' title='bbox 356 4065 519 4134; x_wconf 87' lang='lat' dir='ltr'><strong>hora,</strong></span> <span class='ocrx_word' id='word_1_458' title='bbox 570 4063 687 4123; x_wconf 92' lang='lat' dir='ltr'><strong>imo</strong></span> <span class='ocrx_word' id='word_1_459' title='bbox 731 4083 837 4140; x_wconf 91' lang='lat' dir='ltr'><strong>per</strong></span> <span class='ocrx_word' id='word_1_460' title='bbox 873 4062 1029 4122; x_wconf 88' lang='lat' dir='ltr'><strong>diem</strong></span> <span class='ocrx_word' id='word_1_461' title='bbox 1062 4067 1122 4122; x_wconf 93' lang='lat' dir='ltr'><strong>et</strong></span> <span class='ocrx_word' id='word_1_462' title='bbox 1154 4066 1386 4121; x_wconf 89' lang='lat' dir='ltr'><strong>noctem</strong></span> <span class='ocrx_word' id='word_1_463' title='bbox 1418 4063 1665 4121; x_wconf 88' lang='lat' dir='ltr'><strong>attrahit</strong></span> <span class='ocrx_word' id='word_1_464' title='bbox 1697 4063 1991 4140; x_wconf 86' lang='lat' dir='ltr'><strong>magnetis</strong></span> <span class='ocrx_word' id='word_1_465' title='bbox 2024 4063 2216 4121; x_wconf 76' lang='lat' dir='ltr'><strong>instar</strong></span> <span class='ocrx_word' id='word_1_466' title='bbox 2244 4066 2341 4121; x_wconf 87' lang='lat' dir='ltr'><strong>tot</strong></span> <span class='ocrx_word' id='word_1_467' title='bbox 2369 4063 2594 4121; x_wconf 85' lang='lat' dir='ltr'><strong>animas</strong></span> <span class='ocrx_word' id='word_1_468' title='bbox 2628 4063 2871 4123; x_wconf 87' lang='lat' dir='ltr'><strong>devotas</strong></span> <span class='ocrx_word' id='word_1_469' title='bbox 2903 4066 2973 4122; x_wconf 84' lang='lat' dir='ltr'><strong>ad</strong></span> 
     </span>
     <span class='ocr_line' id='line_1_42' title="bbox 358 4151 2977 4228; baseline 0 -18"><span class='ocrx_word' id='word_1_470' title='bbox 358 4152 698 4211; x_wconf 82' lang='lat' dir='ltr'><strong>invisendas</strong></span> <span class='ocrx_word' id='word_1_471' title='bbox 743 4152 1011 4212; x_wconf 88' lang='lat' dir='ltr'><strong>ecclesias</strong></span> <span class='ocrx_word' id='word_1_472' title='bbox 1058 4170 1235 4226; x_wconf 91' lang='lat' dir='ltr'><strong>quam</strong></span> <span class='ocrx_word' id='word_1_473' title='bbox 1273 4152 1451 4210; x_wconf 90' lang='lat' dir='ltr'><strong>Jesus</strong></span> <span class='ocrx_word' id='word_1_474' title='bbox 1499 4151 1565 4209; x_wconf 89' lang='lat' dir='ltr'><strong>in</strong></span> <span class='ocrx_word' id='word_1_475' title='bbox 1608 4170 1685 4210; x_wconf 88' lang='lat' dir='ltr'><strong>ss.</strong></span> <span class='ocrx_word' id='word_1_476' title='bbox 1731 4155 2140 4211; x_wconf 77' lang='lat' dir='ltr'><strong>sacramento?</strong></span> <span class='ocrx_word' id='word_1_477' title='bbox 2191 4153 2535 4228; x_wconf 87' lang='lat' dir='ltr'><strong>languescet</strong></span> <span class='ocrx_word' id='word_1_478' title='bbox 2583 4152 2870 4211; x_wconf 88' lang='lat' dir='ltr'><strong>orationis</strong></span> <span class='ocrx_word' id='word_1_479' title='bbox 2916 4159 2977 4212; x_wconf 87' lang='lat' dir='ltr'><strong>et</strong></span> 
     </span>
     <span class='ocr_line' id='line_1_43' title="bbox 357 4240 2975 4316; baseline 0 -16"><span class='ocrx_word' id='word_1_480' title='bbox 357 4241 763 4301; x_wconf 86' lang='lat' dir='ltr'><strong>meditationis</strong></span> <span class='ocrx_word' id='word_1_481' title='bbox 796 4241 1097 4311; x_wconf 86' lang='lat' dir='ltr'><strong>studium;</strong></span> <span class='ocrx_word' id='word_1_482' title='bbox 1144 4240 1448 4299; x_wconf 88' lang='lat' dir='ltr'><strong>familiaris</strong></span> <span class='ocrx_word' id='word_1_483' title='bbox 1480 4259 1617 4299; x_wconf 90' lang='lat' dir='ltr'><strong>cum</strong></span> <span class='ocrx_word' id='word_1_484' title='bbox 1650 4241 1767 4299; x_wconf 92' lang='lat' dir='ltr'><strong>Deo</strong></span> <span class='ocrx_word' id='word_1_485' title='bbox 1801 4241 2168 4299; x_wconf 87' lang='lat' dir='ltr'><strong>conversatio</strong></span> <span class='ocrx_word' id='word_1_486' title='bbox 2200 4244 2478 4316; x_wconf 85' lang='lat' dir='ltr'><strong>tepescet,</strong></span> <span class='ocrx_word' id='word_1_487' title='bbox 2540 4240 2704 4300; x_wconf 88' lang='lat' dir='ltr'><strong>Tolle</strong></span> <span class='ocrx_word' id='word_1_488' title='bbox 2751 4261 2820 4300; x_wconf 84' lang='lat' dir='ltr'><strong>ex</strong></span> <span class='ocrx_word' id='word_1_489' title='bbox 2867 4243 2975 4301; x_wconf 88' lang='lat' dir='ltr'><strong>Ec-</strong></span> 
     </span>
     <span class='ocr_line' id='line_1_44' title="bbox 361 4329 2976 4406; baseline 0 -17"><span class='ocrx_word' id='word_1_490' title='bbox 361 4331 540 4389; x_wconf 89' lang='lat' dir='ltr'><strong>clesia</strong></span> <span class='ocrx_word' id='word_1_491' title='bbox 571 4330 773 4388; x_wconf 86' lang='lat' dir='ltr'><strong>altaris</strong></span> <span class='ocrx_word' id='word_1_492' title='bbox 804 4329 1175 4400; x_wconf 88' lang='lat' dir='ltr'><strong>sacrificium,</strong></span> <span class='ocrx_word' id='word_1_493' title='bbox 1223 4329 1296 4389; x_wconf 90' lang='lat' dir='ltr'><strong>ad</strong></span> <span class='ocrx_word' id='word_1_494' title='bbox 1341 4330 1598 4388; x_wconf 90' lang='lat' dir='ltr'><strong>nihilum</strong></span> <span class='ocrx_word' id='word_1_495' title='bbox 1642 4330 1948 4406; x_wconf 88' lang='lat' dir='ltr'><strong>redigetur</strong></span> <span class='ocrx_word' id='word_1_496' title='bbox 1979 4331 2181 4388; x_wconf 89' lang='lat' dir='ltr'><strong>cultus</strong></span> <span class='ocrx_word' id='word_1_497' title='bbox 2216 4330 2322 4388; x_wconf 92' lang='lat' dir='ltr'><strong>Dei</strong></span> <span class='ocrx_word' id='word_1_498' title='bbox 2368 4330 2665 4404; x_wconf 88' lang='lat' dir='ltr'><strong>publicus,</strong></span> <span class='ocrx_word' id='word_1_499' title='bbox 2720 4351 2853 4390; x_wconf 90' lang='lat' dir='ltr'><strong>cum</strong></span> <span class='ocrx_word' id='word_1_500' title='bbox 2903 4332 2976 4389; x_wconf 90' lang='lat' dir='ltr'><strong>ad</strong></span> 
     </span>
     <span class='ocr_line' id='line_1_45' title="bbox 360 4418 2976 4495; baseline 0.001 -17"><span class='ocrx_word' id='word_1_501' title='bbox 360 4420 530 4478; x_wconf 85' lang='lat' dir='ltr'><strong>illius</strong></span> <span class='ocrx_word' id='word_1_502' title='bbox 564 4419 1014 4478; x_wconf 89' lang='lat' dir='ltr'><strong>celebrationem</strong></span> <span class='ocrx_word' id='word_1_503' title='bbox 1048 4434 1168 4475; x_wconf 91' lang='lat' dir='ltr'><strong>non</strong></span> <span class='ocrx_word' id='word_1_504' title='bbox 1200 4418 1391 4477; x_wconf 93' lang='lat' dir='ltr'><strong>solum</strong></span> <span class='ocrx_word' id='word_1_505' title='bbox 1426 4418 1636 4477; x_wconf 88' lang='lat' dir='ltr'><strong>diebus</strong></span> <span class='ocrx_word' id='word_1_506' title='bbox 1668 4418 1979 4476; x_wconf 89' lang='lat' dir='ltr'><strong>dominicis</strong></span> <span class='ocrx_word' id='word_1_507' title='bbox 2010 4423 2073 4477; x_wconf 89' lang='lat' dir='ltr'><strong>et</strong></span> <span class='ocrx_word' id='word_1_508' title='bbox 2117 4419 2305 4489; x_wconf 87' lang='lat' dir='ltr'><strong>sestis,</strong></span> <span class='ocrx_word' id='word_1_509' title='bbox 2355 4419 2457 4477; x_wconf 90' lang='lat' dir='ltr'><strong>sed</strong></span> <span class='ocrx_word' id='word_1_510' title='bbox 2502 4422 2563 4477; x_wconf 92' lang='lat' dir='ltr'><strong>et</strong></span> <span class='ocrx_word' id='word_1_511' title='bbox 2607 4439 2713 4495; x_wconf 91' lang='lat' dir='ltr'><strong>per</strong></span> <span class='ocrx_word' id='word_1_512' title='bbox 2757 4421 2976 4480; x_wconf 90' lang='lat' dir='ltr'><strong>hebdo-</strong></span> 
     </span>
     <span class='ocr_line' id='line_1_46' title="bbox 361 4506 2976 4587; baseline 0 -20"><span class='ocrx_word' id='word_1_513' title='bbox 361 4507 590 4567; x_wconf 86' lang='lat' dir='ltr'><strong>madam</strong></span> <span class='ocrx_word' id='word_1_514' title='bbox 624 4508 899 4583; x_wconf 88' lang='lat' dir='ltr'><strong>frequens</strong></span> <span class='ocrx_word' id='word_1_515' title='bbox 932 4509 1200 4565; x_wconf 86' lang='lat' dir='ltr'><strong>accurrat</strong></span> <span class='ocrx_word' id='word_1_516' title='bbox 1230 4507 1491 4582; x_wconf 88' lang='lat' dir='ltr'><strong>populus</strong></span> <span class='ocrx_word' id='word_1_517' title='bbox 1538 4506 1611 4564; x_wconf 86' lang='lat' dir='ltr'><strong>ad</strong></span> <span class='ocrx_word' id='word_1_518' title='bbox 1657 4507 1847 4565; x_wconf 91' lang='lat' dir='ltr'><strong>Deum</strong></span> <span class='ocrx_word' id='word_1_519' title='bbox 1878 4507 2189 4565; x_wconf 88' lang='lat' dir='ltr'><strong>colendum</strong></span> <span class='ocrx_word' id='word_1_520' title='bbox 2220 4527 2278 4565; x_wconf 90' lang='lat' dir='ltr'><strong>n.</strong></span> <span class='ocrx_word' id='word_1_521' title='bbox 2315 4510 2509 4578; x_wconf 68' lang='lat'>40843</span> <span class='ocrx_word' id='word_1_522' title='bbox 2553 4527 2671 4567; x_wconf 91' lang='lat' dir='ltr'><strong>non</strong></span> <span class='ocrx_word' id='word_1_523' title='bbox 2716 4510 2976 4587; x_wconf 86' lang='lat' dir='ltr'><strong>amplius</strong></span> 
     </span>
     <span class='ocr_line' id='line_1_47' title="bbox 363 4594 2975 4674; baseline 0.001 -19"><span class='ocrx_word' id='word_1_524' title='bbox 363 4597 672 4674; x_wconf 91' lang='lat' dir='ltr'><strong>erigentur</strong></span> <span class='ocrx_word' id='word_1_525' title='bbox 702 4599 823 4654; x_wconf 88' lang='lat' dir='ltr'><strong>tam</strong></span> <span class='ocrx_word' id='word_1_526' title='bbox 858 4595 1169 4671; x_wconf 88' lang='lat' dir='ltr'><strong>splendida</strong></span> <span class='ocrx_word' id='word_1_527' title='bbox 1200 4594 1439 4671; x_wconf 88' lang='lat' dir='ltr'><strong>templa,</strong></span> <span class='ocrx_word' id='word_1_528' title='bbox 1479 4614 1600 4654; x_wconf 91' lang='lat' dir='ltr'><strong>non</strong></span> <span class='ocrx_word' id='word_1_529' title='bbox 1631 4596 1889 4670; x_wconf 81' lang='lat' dir='ltr'><strong>amplius</strong></span> <span class='ocrx_word' id='word_1_530' title='bbox 1923 4595 2239 4655; x_wconf 89' lang='lat' dir='ltr'><strong>certabunt</strong></span> <span class='ocrx_word' id='word_1_531' title='bbox 2271 4599 2428 4656; x_wconf 88' lang='lat' dir='ltr'><strong>artes</strong></span> <span class='ocrx_word' id='word_1_532' title='bbox 2462 4597 2525 4655; x_wconf 87' lang='lat' dir='ltr'><strong>in</strong></span> <span class='ocrx_word' id='word_1_533' title='bbox 2557 4597 2663 4656; x_wconf 92' lang='lat' dir='ltr'><strong>Dei</strong></span> <span class='ocrx_word' id='word_1_534' title='bbox 2697 4600 2975 4658; x_wconf 90' lang='lat' dir='ltr'><strong>honorem</strong></span> 
     </span>
     <span class='ocr_line' id='line_1_48' title="bbox 363 4684 2976 4764; baseline 0.002 -21"><span class='ocrx_word' id='word_1_535' title='bbox 363 4706 420 4748; x_wconf 91' lang='lat' dir='ltr'><strong>n.</strong></span> <span class='ocrx_word' id='word_1_536' title='bbox 447 4685 643 4755; x_wconf 81' lang='lat'>:3252;</span> <span class='ocrx_word' id='word_1_537' title='bbox 677 4685 749 4744; x_wconf 87' lang='lat' dir='ltr'><strong>ad</strong></span> <span class='ocrx_word' id='word_1_538' title='bbox 781 4685 1088 4744; x_wconf 90' lang='lat' dir='ltr'><strong>hominum</strong></span> <span class='ocrx_word' id='word_1_539' title='bbox 1123 4685 1369 4754; x_wconf 90' lang='lat' dir='ltr'><strong>cultum,</strong></span> <span class='ocrx_word' id='word_1_540' title='bbox 1403 4684 1645 4743; x_wconf 85' lang='lat' dir='ltr'><strong>naenias</strong></span> <span class='ocrx_word' id='word_1_541' title='bbox 1677 4685 1772 4742; x_wconf 75' lang='lat' dir='ltr'><strong>vel</strong></span> <span class='ocrx_word' id='word_1_542' title='bbox 1806 4684 2036 4743; x_wconf 84' lang='lat' dir='ltr'><strong>fabulas</strong></span> <span class='ocrx_word' id='word_1_543' title='bbox 2068 4685 2498 4763; x_wconf 84' lang='lat' dir='ltr'><strong>mythologicas</strong></span> <span class='ocrx_word' id='word_1_544' title='bbox 2531 4692 2976 4764; x_wconf 85' lang='lat' dir='ltr'><strong>repraesentan-</strong></span> 
     </span>
    </p>
   </div>
  </div>
 </body>
</html>
