3538 5364
475 310 607 374 300
872 299 1057 352 Tract.
1085 299 1178 353 IX.
1206 299 1274 351 de
1302 297 1669 353 eucharistia.
1697 298 1896 352 'rhesis
1923 297 2131 352 CCXX.
2159 297 2349 351 Realis
2375 299 2698 367 praesentia

477 482 694 559 verba,
729 500 895 564 quae
928 488 1156 562 sponte
1191 498 1310 544 sua
1342 480 1514 543 hunc
1551 478 1980 561 suggerebant
2010 497 2287 556 sensum,
2340 497 2546 560 eaque
2578 479 2863 542 maxima
2895 480 3098 543 incul-

477 589 685 653 cando
707 588 1114 654 solemnitate
1138 586 1543 651 confirmavit
1561 586 1819 649 illorum
1840 585 2464 666 interpretationem;
2484 587 2615 650 imo
2637 585 2874 650 diserte
2893 604 3099 650 enun-

475 697 637 758 ciat:
703 694 869 759 Caro
899 714 1039 758 mea
1070 714 1242 761 vere
1276 700 1364 757 est
1393 693 1582 769 cibus,
1626 699 1681 756 et
1712 695 1973 777 sanquis
2003 713 2173 756 meus
2204 712 2375 760 vere
2408 699 2496 756 est
2513 699 2720 777 potus.
2782 691 3101 773 Quocirca

475 820 908 883 provocamus
941 801 1370 875 adversariOS,
1403 806 1475 864 ut
1508 800 1742 876 dicant,
1780 799 2105 882 quomodo
2140 798 2428 864 Christus
2460 799 2682 882 paucis
2713 798 2949 864 clarius
2980 818 3098 882 po-

476 909 702 974 tuisset
731 908 923 990 loqui,
958 907 1274 990 siquidem
1321 907 1631 971 voluisset
1675 907 2047 988 promittere
2091 907 2331 972 realem
2377 907 2475 970 sui
2521 907 2815 987 corporis
2848 915 2913 971 et
2946 926 3099 972 san-

474 1015 680 1095 guinis
713 1015 778 1078 in
813 1014 1206 1081 eucharistia
1236 1013 1847 1077 manducationem?

656 1162 825 1232 Quod
871 1163 922 1221 si
968 1163 1241 1239 excipia8‚
1279 1162 1530 1238 judaeos
1577 1180 1804 1221 errasse
1850 1161 2006 1221 circa
2049 1162 2346 1220 modum
2393 1162 2576 1239 hujus
2608 1164 3100 1233 manducationiS,

479 1254 762 1329 putantes
795 1251 1012 1310 Christi
1046 1269 1279 1310 carnem
1311 1252 1434 1310 fore
1467 1251 1794 1309 secundum
1826 1251 2017 1326 ipsius
2049 1251 2231 1310 verba
2261 1251 2731 1310 manducandam
2762 1271 2923 1311 more
2953 1253 3099 1312 alio-

475 1362 608 1401 rum
655 1342 943 1413 ciborum,
995 1345 1056 1399 et
1099 1344 1303 1399 tamen
1335 1339 1633 1399 Christum
1681 1358 1782 1399 eos
1825 1359 1945 1398 non
1989 1340 2310 1399 correxisse
2350 1341 2601 1417 ideoque
2647 1360 2768 1401 non
2813 1342 2985 1418 sequi
3029 1361 3100 1401 ex

473 1431 693 1490 Christi
713 1430 952 1489 silentio
973 1430 1460 1506 approbationem
1491 1447 1704 1488 sensus
1736 1429 1994 1505 proprii:
2027 1422 2322 1488 memento
2354 1446 2415 1495 a.
2446 1429 2941 1508 distinguendum
2973 1449 3101 1490 esse

478 1522 636 1580 inter
665 1518 1139 1579 manducationis
1174 1518 1293 1595 obj
1314 1522 1567 1578 ectum
1613 1522 1674 1577 et
1720 1517 2196 1577 manducationis
2228 1520 2555 1589 modum3
2603 1520 2870 1579 Christus
2901 1523 3099 1580 autem

476 1609 671 1668 hocin
692 1627 962 1668 sermone
983 1608 1256 1683 loquitur
1275 1608 1347 1665 de
1367 1607 1843 1667 manducationis
1862 1606 2110 1683 object0,
2145 1609 2412 1666 nondum
2431 1609 2503 1666 de
2523 1610 2653 1684 ejus
2671 1609 2862 1670 modo,
2910 1608 3100 1678 Quare

475 1719 593 1758 non
625 1697 944 1757 tenebatur
974 1698 1269 1774 corrigere
1291 1696 1649 1772 judaeorum
1683 1696 1837 1755 circa
1868 1696 2110 1756 modum
2141 1714 2401 1756 errorem
2444 1715 2563 1757 non
2608 1717 2678 1757 ex
2726 1698 2852 1757 suis
2884 1697 3097 1770 verbiS,

477 1788 578 1847 sed
612 1806 681 1846 ex
706 1786 921 1863 judicii
953 1785 1442 1863 praecipitatione
1477 1789 1694 1846 ortum.
1760 1785 1963 1861 quue
1995 1785 2195 1844 minus
2244 1782 2311 1851 b.
2344 1787 2500 1862 quod
2536 1787 2807 1846 Christus
2837 1789 3004 1846 totus
3035 1788 3100 1846 in

475 1896 542 1937 eo
588 1879 695 1948 est,
743 1878 814 1934 ut
858 1876 1057 1953 exigat
1099 1874 1273 1934 fidem
1320 1875 1384 1933 in
1431 1875 1610 1935 verba
1654 1894 1780 1945 sua,
1827 1875 2071 1934 dedecet
2100 1877 2302 1934 autem
2334 1879 2570 1935 tantum
2601 1876 2975 1954 magistrum,
3008 1880 3102 1936 tot

473 1964 892 2025 credibilitatis
938 1964 1128 2041 signis
1174 1963 1520 2041 fulgentem,
1566 1967 1638 2023 ut
1682 1964 2007 2024 satisfaciat
2046 1963 2499 2039 quaestionibus
2543 1966 2616 2023 ad
2660 1984 2786 2024 rem
2829 1965 3099 2024 nondum

477 2053 825 2115 necessariis
857 2073 927 2113 ex
957 2054 1375 2113 incredulitate
1408 2054 1569 2112 ortis.
1634 2053 1972 2112 Tenebatur
2001 2055 2239 2112 tantum
2272 2068 2336 2117 (3.
2372 2072 2594 2125 cavere,
2635 2073 2712 2113 ne
2743 2054 2870 2113 suis
2900 2054 3099 2114 verbis

475 2149 639 2203 esset
667 2159 846 2202 causa
876 2142 1078 2202 efficax
1110 2142 1341 2211 erroris,
1379 2141 1537 2216 quod
1568 2141 1802 2215 fuisset,
1838 2143 1890 2201 si
1910 2143 2268 2219 judaeorum
2300 2143 2458 2202 circa
2486 2143 2960 2203 manducationis
2993 2143 3098 2202 ob-

468 2235 698 2308 jectum
733 2231 1307 2308 interpretationem,
1353 2250 1531 2306 quam
1581 2231 1774 2306 ipsius
1818 2231 2000 2290 verba
2044 2230 2372 2290 secundum
2419 2250 2623 2291 omnes
2655 2233 2894 2309 regulas
2926 2251 3101 2292 sanae

481 2321 955 2381 hermeneuticae
1003 2324 1212 2397 sponte
1264 2339 1370 2378 sua
1421 2319 1837 2397 suggerebant,
1889 2338 2011 2379 non
2060 2321 2423 2393 correxisset,
2477 2320 2528 2378 si
2577 2319 2793 2380 fuisset
2841 2340 3101 2381 erronea.

477 2411 753 2470 Ceterum
800 2408 865 2475 d.
914 2409 1276 2468 solutionem
1324 2408 1688 2483 quaestionis
1734 2409 1887 2468 circa
1914 2409 2389 2468 manducationis
2420 2409 2661 2468 modum
2707 2410 2852 2469 satis
2898 2411 3103 2470 innuit

478 2515 531 2564 v.
569 2510 669 2562 64.
733 2500 795 2558 Si
841 2518 980 2558 vero
1025 2513 1087 2563 e.
1133 2498 1278 2556 alias
1327 2516 1447 2556 non
1477 2498 1728 2556 correxit
1759 2498 1968 2557 falsam
1993 2498 2348 2574 judaeorum
2380 2498 2937 2574 interpretationem
2969 2519 3100 2559 ver-

479 2590 690 2648 borum
724 2607 969 2648 suorum
1001 2589 1073 2646 ut
1090 2586 1183 2650 J0.
1207 2597 1264 2656 2,
1308 2598 1382 2647 19
1418 2605 1526 2654 se.;
1559 2586 1767 2645 Matth.
1797 2597 1892 2658 15,
1933 2598 2004 2649 11
2045 2590 2174 2656 etc„
2206 2588 2303 2647 vel
2335 2588 2623 2664 agebatur
2654 2588 2726 2647 de
2756 2607 2822 2647 re
2853 2588 3103 2648 minoris

479 2678 783 2750 momenti,
819 2677 909 2737 vel
940 2677 1120 2736 nimis
1153 2674 1397 2735 evidens
1430 2678 1557 2735 erat
1588 2675 1743 2735 mala
1774 2674 2120 2735 auditorum
2139 2676 2435 2748 voluntas,
2471 2677 2564 2737 vel
2598 2677 2809 2738 saltem
2829 2677 3100 2738 Christus

477 2787 598 2827 non
631 2769 716 2827 ita
746 2767 1090 2827 solemniter
1122 2785 1228 2824 sua
1257 2764 1579 2824 inculcavit
1610 2767 1787 2825 verba
1817 2766 1888 2824 ut
1918 2766 2026 2824 hac
2057 2762 2401 2849 occasione}

2914 2867 3091 2887 ‘'7''—

659 2908 725 2974 3.
762 2904 829 2970 Si
861 2906 1065 2970 verba
1101 2904 1336 2969 Christi
1394 2904 1663 2986 figurate
1714 2911 1931 2971 essent
1982 2907 2379 2988 explicanda,
2428 2925 2640 2971 sermo
2692 2906 2829 2987 ejus
2878 2923 3105 2970 revera

475 3020 652 3079 esset
684 3013 899 3089 durus,
932 3012 1246 3089 insolituS‚
1279 3012 1643 3077 nullatenus
1677 3012 1951 3094 pervim,
1973 3020 2044 3078 ut
2060 3013 2294 3095 probat
2312 3013 2807 3095 protestantium
2829 3020 3102 3077 conatus

478 3120 541 3180 in
577 3117 967 3199 expiscando
1002 3124 1067 3181 et
1102 3116 1589 3181 determinando
1628 3135 1827 3182 sensu
1859 3118 2317 3200 metaphorico‚
2351 3137 2541 3200 quem
2574 3117 2863 3183 Christus
2893 3120 3101 3184 inten-

475 3224 656 3287 derit.
721 3223 856 3286 Hoc
903 3242 1056 3287 vero
1107 3223 1431 3287 conciliari
1476 3224 1700 3306 nequit
1729 3242 1878 3287 cum
1914 3224 2146 3288 Christi
2176 3225 2406 3302 indole,
2453 3225 2626 3307 quod
2673 3225 2805 3293 scil.
2835 3226 3105 3291 voluerit

479 3333 569 3396 uti
603 3339 735 3396 tam
769 3331 1049 3396 obscuro
1083 3350 1381 3397 sermone
1413 3332 1480 3396 in
1511 3351 1582 3397 re
1614 3333 1782 3397 tanti
1819 3333 2128 3397 momenti
2158 3332 2334 3397 nulla
2365 3317 2619 3415 adjecta
2651 3333 3100 3415 explicatione;

477 3439 651 3520 quod
682 3438 978 3504 maluerit
999 3439 1370 3520 permittere
1402 3441 1615 3520 potius
1657 3440 2012 3505 discessum
2034 3439 2507 3522 discipulorum,
2527 3441 2657 3504 imo
2691 3458 2972 3505 errorem
3002 3440 3100 3502 in-

479 3562 894 3610 numerorum
927 3544 1206 3611 fidelium
1238 3563 1352 3627 per
1386 3531 1480 3610 tot
1517 3547 1738 3612 secula
1771 3547 1855 3634 (n.
1878 3547 2085 3633 3388),
2119 3566 2312 3630 quam
2346 3566 2496 3611 eum
2516 3548 2832 3629 explicare
2850 3564 3099 3611 sermo-

478 3670 644 3728 nem,
677 3671 869 3734 quem
899 3671 1032 3716 non
1070 3659 1383 3735 poterant
1412 3652 1780 3735 intelligere,
1812 3672 1945 3719 non
1978 3674 2057 3719 ex
2087 3655 2261 3718 mala
2290 3655 2622 3719 voluntate
2640 3653 2742 3718 vel
2760 3652 3100 3717 increduli-

480 3764 629 3835 tate,
662 3759 776 3823 sed
808 3759 960 3841 quia
1006 3766 1147 3823 erat
1177 3760 1586 3842 impropriae,
1620 3760 1955 3839 obscurus,
1971 3761 2160 3843 plane
2177 3761 2484 3838 insolituS,
2498 3778 2829 3843 nunquam
2853 3758 2937 3823 ab
2963 3759 3103 3824 aliis

480 3864 819 3929 adhibitus
882 3865 1111 3930 Mirum
1163 3866 1291 3930 scil.
1350 3886 1483 3930 non
1535 3874 1634 3931 est
1664 3867 1869 3933 Deum
1917 3869 2205 3935 revelare
2255 3869 2578 3951 mysteria,
2625 3885 2792 3951 quae
2835 3868 3103 3932 rationis

478 3981 786 4054 superent
816 3980 1027 4055 caput,
1063 3974 1343 4056 ideoque
1378 3973 1640 4039 turbent
1659 3976 1950 4057 homines
1965 3976 2329 4052 mundanos
2350 3982 2416 4040 et
2434 3976 2777 4040 animales:
2809 3973 2924 4039 sed
2956 3994 3104 4040 eum

477 4079 540 4142 in
573 4099 644 4144 re
678 4081 909 4144 summi
942 4080 1254 4145 momenti
1282 4081 1375 4145 uti
1406 4099 1705 4146 sermone
1737 4083 1995 4148 insolito
2027 4083 2213 4165 quasi
2243 4082 2327 4147 ad
2359 4082 2804 4165 decipiendum
2835 4098 3101 4163 compo-

476 4186 618 4260 site,
654 4186 735 4249 ad
768 4206 960 4268 quem
993 4186 1481 4251 dilucidandum
1515 4189 1860 4271 requiritur
1890 4190 2100 4253 omnis
2134 4189 2453 4254 subtilitas
2472 4189 2895 4270 grammatica
2913 4195 2979 4252 et
2996 4207 3103 4256 sae-

480 4293 720 4370 gacitas
753 4293 1092 4370 rhetorica,
1128 4293 1292 4359 adeo
1325 4301 1396 4358 ut
1429 4301 1640 4359 totum
1684 4296 2061 4378 mysterium
2105 4298 2188 4360 sit
2232 4315 2365 4360 non
2396 4297 2461 4361 in
2492 4315 2580 4374 re,
2627 4295 2741 4361 sed
2775 4296 2840 4359 in
2871 4295 3103 4370 verbiS,

484 4398 806 4463 Christum
826 4401 1203 4480 magistrum
1233 4401 1784 4482 sapientissimum
1818 4421 2014 4485 quam
2033 4404 2313 4469 maxime
2333 4404 2604 4469 dedecet
2633 4401 2748 4490 (Cf.
2777 4403 3104 4468 Bossuet

479 4504 692 4569 medit.
725 4506 790 4568 in
822 4505 1057 4587 Evang.
1090 4508 1192 4572 die
1228 4510 1376 4596 39.).
1439 4509 1605 4590 Ergo
1643 4508 1844 4575 verba
1874 4510 1982 4574 illa
2014 4511 2387 4592 accipienda
2418 4517 2569 4575 sunt
2599 4529 2794 4575 sensu
2824 4510 3102 4591 proprio,

479 4630 605 4692 quo
642 4618 790 4676 sunt
823 4612 1016 4689 clara,
1050 4615 1167 4678 etsi
1205 4617 1583 4697 mysterium
1616 4619 1947 4683 continent
1978 4618 2224 4683 creditu
2254 4637 2518 4700 prorsus
2538 4615 2807 4694 difficile,
2830 4616 2913 4680 ad
2929 4616 3104 4699 quod

478 4718 871 4785 credendum
907 4722 1080 4784 omni
1111 4723 1295 4787 vivae
1331 4722 1476 4788 fidei
1511 4731 1750 4789 conatu
1799 4744 1959 4809 opus
2007 4732 2122 4801 est,
2170 4743 2363 4807 quam
2408 4726 2741 4807 praeclare
2790 4724 3106 4804 expressit
