3538 5364
1279 308 1352 363 ad
1380 307 1649 362 meritum
1676 308 2004 377 requisitae.
2820 317 2940 382 191

311 515 414 571 per
448 498 909 571 praeceptorum
940 494 1429 564 observationem,
1481 512 1635 568 quae
1668 512 1812 553 sane
1854 499 1944 553 est
1979 495 2153 565 bona,
2201 514 2452 566 merere;
2502 496 2620 554 imo
2667 498 2953 555 Suarea

307 585 534 660 probat
551 585 678 651 XII,
720 595 775 655 5,
811 602 960 659 opus
981 586 1358 659 praeceptum
1393 583 1451 658 (a
1482 583 1712 643 fortiori
1732 602 1881 659 opus
1914 603 1983 644 ex
2017 588 2157 644 voto
2189 585 2413 643 factum
2446 586 2516 644 cf.
2549 604 2594 643 s.
2626 585 2945 644 Thomas

310 685 372 736 2.
411 684 447 736 2
485 695 543 749 q.
579 684 659 736 88
695 694 746 735 a.
783 672 847 754 6)
884 673 1092 731 ceteris
1124 672 1366 748 paribus
1389 673 1579 750 magis
1601 692 1729 732 esse
1752 674 2145 743 meritorium,
2180 694 2357 749 quam
2390 693 2509 733 non
2542 682 2942 750 praeceptum,

310 783 456 822 cum
487 762 786 837 ejusmodi
819 780 967 837 opus
999 762 1210 819 melius
1244 766 1354 830 sit;
1387 781 1524 819 nam
1559 767 1936 838 praeceptum
1960 763 2126 821 addit
2145 764 2646 823 circumstantiam
2667 763 2946 823 obedien-

307 853 436 911 tiae
470 852 738 911 formalis
785 870 892 909 seu
935 850 1229 919 virtualiS,
1280 869 1431 925 quae
1471 850 1801 909 bonitatem
1836 853 1995 910 actui
2031 852 2147 928 ipsi
2173 854 2295 929 jam
2330 852 2571 911 insitam
2604 852 2856 928 ideoque
2886 859 2950 911 et

309 943 598 1000 meritum
631 946 831 1017 auget.
897 940 1110 998 Melius
1141 939 1298 998 enim
1331 942 1424 998 est
1455 958 1626 1016 opus,
1669 958 1788 1014 quo
1823 940 2057 1017 duplex,
2094 962 2275 1017 quam
2309 942 2478 1011 illud,
2514 961 2631 1017 quo
2665 962 2785 1001 una
2814 946 2947 1000 tan-

312 1039 448 1089 tum
480 1034 794 1090 exercetur
825 1029 1036 1091 virtus.

497 1151 563 1219 2.
599 1154 741 1213 Non
769 1154 1116 1229 requiritur,
1164 1156 1237 1211 ut
1280 1156 1447 1213 actus
1492 1154 1834 1215 meritorius
1882 1155 1962 1213 sit
2007 1156 2423 1215 difficilis:
2474 1176 2608 1215 nam
2659 1159 2731 1215 ut
2780 1162 2945 1216 actus

322 1246 408 1303 sit
434 1244 794 1314 meritorius,
828 1244 1006 1301 debet
1039 1260 1168 1302 esse
1200 1243 1419 1313 bonus;
1453 1243 1772 1302 difficultas
1793 1250 1993 1303 autem
2021 1264 2141 1304 non
2164 1246 2489 1306 necessario
2509 1249 2603 1305 est
2621 1247 2693 1305 de
2715 1246 2944 1305 ratione

319 1334 474 1394 boni.
542 1334 653 1391 Est
681 1332 922 1407 quidem
955 1331 1302 1402 difficultas·
1345 1351 1497 1406 quae
1530 1337 1727 1409 auget,
1775 1340 1837 1392 et
1881 1333 2159 1405 facilitas,
2192 1354 2345 1411 quae
2376 1336 2601 1394 minuit
2633 1336 2947 1396 meritum:

315 1431 376 1481 et
408 1427 508 1481 est
541 1422 876 1492 difficultas,
910 1440 1061 1496 quae
1091 1422 1331 1490 minuit,
1369 1425 1431 1480 et
1462 1422 1731 1491 facilitaS,
1765 1441 1916 1497 quae
1950 1430 2132 1500 auget
2152 1425 2447 1484 meritum.
2483 1424 2818 1483 Difficultas
2850 1425 2943 1483 vel

313 1511 580 1570 facilitas
612 1510 1006 1586 objectiva
1050 1528 1157 1569 seu
1203 1510 1522 1569 inhaerens
1554 1511 1672 1586 ipsi
1703 1511 1934 1587 objecto
1966 1516 2149 1590 auget
2180 1533 2321 1572 sane
2352 1515 2444 1572 vel
2478 1514 2698 1572 minuit
2731 1515 2942 1572 ceteris

312 1601 572 1676 paribus
604 1601 915 1670 meritum3
951 1618 1086 1657 nam
1120 1599 1258 1657 dare
1292 1604 1530 1658 centum
1563 1600 1812 1659 florenos
1845 1605 1938 1659 est
1969 1603 2161 1681 magis
2194 1603 2567 1662 meritorium
2599 1604 2811 1662 ceteris
2841 1622 2944 1678 pa-

313 1690 491 1748 ribus
526 1708 704 1764 quam
737 1688 874 1747 dare
905 1708 1126 1755 unum;
1173 1688 1258 1746 ita
1302 1689 1485 1746 etiam
1531 1689 1734 1747 subire
1769 1692 2120 1767 martyrium
2154 1711 2332 1767 quam
2364 1692 2662 1767 patienter
2693 1693 2943 1751 tolerare

311 1781 448 1837 leve
483 1776 939 1836 incommodum.
1006 1778 1338 1835 Difficultas
1384 1796 1524 1837 vero
1569 1779 1664 1836 vel
1710 1778 1965 1838 facilitas
2011 1782 2465 1857 subjectiva
2510 1782 2838 1840 consistens
2879 1782 2943 1839 in

313 1867 542 1927 minori
573 1867 854 1941 majorive
879 1866 1200 1936 alacritate,
1235 1886 1354 1941 qua
1385 1885 1637 1942 operans
1670 1886 1821 1943 opus
1853 1870 2043 1943 ponit,
2078 1871 2290 1930 ceteris
2321 1871 2565 1946 paribus
2597 1870 2819 1949 minuit
2850 1871 2944 1928 vel

310 1962 505 2034 auget
536 1955 727 2031 operis
759 1955 1248 2024 aestimationem,
1285 1956 1427 2030 quia
1458 1956 1750 2031 supponit
1771 1957 2058 2017 minorem
2080 1961 2436 2035 majoremve
2468 1960 2775 2018 volitionis
2808 1978 2941 2034 per·

314 2046 655 2111 sectionem,
688 2065 722 2102 a
753 2064 872 2121 qua
891 2045 1088 2103 meriti
1108 2045 1365 2102 intensio
1387 2046 1620 2120 pendet.
1670 2044 1837 2113 Quod
1871 2066 1917 2104 s.
1950 2047 2099 2108 Tho
2117 2069 2171 2105 m
2190 2067 2266 2107 as
2299 2050 2384 2107 ita
2414 2049 2675 2107 breviter
2706 2066 2942 2124 expres-

313 2136 393 2193 sit
427 2135 501 2192 de
534 2134 707 2191 verit.
741 2153 797 2209 q.
833 2143 901 2195 14
935 2154 985 2191 a.
1013 2144 1088 2197 10
1124 2134 1199 2191 ad
1230 2143 1302 2195 12
1323 2179 1336 2191 .
1323 2134 1648 2209 ·,Duplex
1681 2139 1775 2192 est
1806 2136 2145 2206 difficultas,
2180 2156 2345 2213 quae
2336 2140 2468 2196 iam
2504 2157 2573 2196 ex
2607 2138 2943 2197 conditione

315 2224 509 2300 ipsius
541 2223 742 2298 operis
771 2228 833 2280 et
862 2223 1002 2280 talis
1023 2222 1344 2281 difficultas
1366 2227 1652 2298 operatur
1682 2224 1755 2281 ad
1786 2226 2083 2285 meritum.
2116 2227 2252 2285 Alia
2282 2230 2375 2285 est
2404 2246 2472 2285 ex
2491 2227 2942 2302 indispositione

325 2320 387 2371 et
414 2312 703 2371 tarditate
731 2311 1078 2382 voluntatis,
1125 2316 1187 2369 et
1228 2312 1367 2370 talis
1413 2313 1614 2387 potius
1647 2314 1931 2372 diminuit
1961 2316 2243 2374 meritum
2276 2320 2337 2373 et
2367 2316 2517 2374 hanc
2546 2318 2743 2375 aufert
2774 2316 2939 2374 habi-

325 2414 442 2471 tus,
473 2408 530 2459 et
561 2420 684 2459 non
720 2400 1029 2476 primam.‘
1097 2399 1178 2461 Cf.
1227 2400 1299 2459 de
1330 2403 1487 2460 malo
1520 2421 1573 2476 q.
1611 2411 1646 2464 3
1683 2422 1730 2462 a.
1774 2415 1884 2473 113
1934 2415 1983 2467 l.
2019 2413 2053 2466 2
2092 2423 2145 2479 q.
2188 2415 2308 2467 114
2343 2424 2393 2463 a.
2426 2414 2464 2467 4
2497 2404 2569 2464 ad
2607 2413 2661 2467 2.
2693 2439 2781 2449 —
2813 2405 2940 2474 Qua

321 2492 621 2549 occasione
652 2489 918 2548 notanda
948 2494 1038 2548 est
1068 2489 1366 2565 praeclara
1398 2508 1443 2549 s.
1477 2490 1521 2547 Τ
1542 2491 1803 2550 homae
1835 2491 2121 2561 doctrina,
2156 2494 2259 2567 qui
2296 2503 2329 2555 2
2367 2494 2501 2553 dist.
2539 2503 2615 2557 29
2652 2514 2706 2569 q.
2750 2506 2769 2556 1
2814 2514 2863 2555 a.
2901 2505 2936 2556 4

314 2580 527 2655 paucis
559 2580 823 2655 assignat
852 2579 1261 2654 triplicem
1292 2581 1533 2649 fontem,
1580 2598 1612 2638 e
1645 2599 1762 2655 quo
1796 2582 2017 2657 pendet
2046 2583 2247 2640 meriti
2280 2592 2700 2657 augmentum:
2752 2584 2938 2651 ,Cum

315 2669 625 2738 meritum,
657 2667 879 2743 inquit,
913 2687 1033 2728 non
1064 2670 1350 2727 consistat
1382 2669 1442 2727 in
1476 2668 1704 2740 habitu,
1751 2671 1857 2729 sed
1903 2671 1967 2730 in
2011 2675 2169 2742 actu,
2217 2691 2325 2731 nec
2368 2672 2429 2730 in
2475 2678 2612 2731 actu
2652 2672 2936 2748 quolibet,

317 2758 420 2817 sed
454 2760 521 2816 in
555 2777 641 2829 eo,
676 2759 779 2833 qui
814 2776 916 2834 per
946 2757 1214 2816 habitum
1246 2759 1470 2834 gratiae
1502 2757 1889 2819 informatur:
1942 2765 2109 2819 actus
2141 2768 2341 2819 autem
2374 2762 2564 2821 omnis
2597 2762 2935 2821 meritorius

318 2866 382 2904 ex
411 2847 728 2906 voluntate
746 2847 1055 2923 procedat;
1089 2851 1322 2922 oportet
1340 2847 1499 2922 quod
1533 2851 1811 2907 meritum
1847 2850 2074 2925 aliquid
2107 2850 2322 2909 habeat
2353 2872 2385 2908 a
2417 2852 2704 2927 gratia,
2736 2855 2798 2910 et
2827 2852 2935 2909 ali-

321 2935 459 3011 quid
492 2956 529 2994 a
563 2956 599 2995 v
619 2936 1012 3004 oluntate,
1060 2939 1122 2993 et
1165 2936 1393 3010 aliquid
1425 2937 1602 2995 etiam
1646 2938 1720 2995 ab
1767 2939 1891 3013 obj
1911 2946 2077 2998 ecto
2109 2945 2292 3010 actus,
2325 2941 2485 2998 unde
2518 2941 2740 3015 species
2769 2945 2937 2999 actus

317 3025 598 3083 trahitur.
649 3024 726 3083 Et
757 3025 888 3083 ideo
923 3044 990 3082 ex
1024 3025 1116 3083 his
1150 3025 1413 3084 tribus
1445 3025 1703 3084 efficacia
1723 3029 1987 3087 merendi
2008 3029 2339 3087 mensurari
2360 3033 2588 3105 potest:
2622 3049 2690 3088 ex
2722 3029 2932 3106 gratia,

313 3115 625 3173 voluntate
657 3117 720 3172 et
751 3114 1039 3187 object0.‘
1109 3113 1189 3174 Cf.
1222 3114 1597 3173 Schiffini
1631 3135 1685 3177 n.
1723 3125 1867 3179 385.

498 3236 561 3302 3.
593 3239 883 3297 Meritorii
913 3246 1055 3298 sunt
1085 3258 1206 3298 non
1238 3240 1431 3299 solum
1463 3245 1629 3299 actus
1660 3241 1943 3314 caritatis,
1990 3244 2089 3300 sed
2123 3246 2289 3301 actus
2321 3244 2570 3302 aliarum
2605 3244 2784 3302 etiam
2817 3243 2934 3302 vir-

316 3332 537 3396 tutum,
574 3328 830 3404 quodvis
861 3330 1144 3387 bonum
1178 3348 1342 3405 opus,
1377 3333 1449 3387 ut
1479 3330 1635 3388 clare
1666 3330 1839 3388 docet
1869 3332 2181 3390 concilium
2216 3333 2391 3395 trid.
2427 3351 2569 3391 ses-³.
2607 3344 2639 3395 6
2678 3351 2723 3395 c.
2770 3344 2840 3394 16
2876 3336 2937 3390 et

318 3436 436 3475 can.
473 3425 579 3486 32,
626 3418 733 3475 ubi
775 3418 1048 3476 omnibus
1078 3418 1249 3476 bonis
1282 3418 1562 3494 operibus
1587 3420 1888 3495 justorum
1924 3421 2120 3480 meriti
2154 3423 2621 3499 praerogativam
2652 3422 2932 3480 vindicat.

314 3507 524 3581 Neque
556 3507 773 3564 mirum
822 3522 886 3569 a.
936 3526 1070 3565 cum
1116 3506 1296 3566 etiam
1344 3509 1407 3565 in
1456 3507 1677 3565 divinis
1724 3509 1913 3568 literis
1953 3512 2109 3568 sicut
2141 3511 2417 3569 omnibus
2452 3512 2623 3569 malis
2654 3511 2932 3585 operibus

312 3614 504 3669 poena
533 3596 886 3665 intentatur,
934 3597 1020 3654 ita
1065 3596 1236 3654 bonis
1279 3597 1554 3655 omnibus
1600 3599 1988 3672 promittatur
2018 3618 2241 3658 merces
2276 3610 2331 3661 2.
2365 3601 2488 3658 Cor.
2526 3609 2582 3670 5,
2626 3612 2719 3662 10.
2786 3601 2933 3658 Sane

311 3681 386 3747 b.
421 3684 730 3742 conciliari
761 3685 972 3760 nequit
1003 3703 1135 3743 cum
1169 3685 1404 3743 infinita
1433 3686 1701 3745 bonitate
1734 3687 1857 3759 Dei,
1889 3689 1996 3762 qui
2027 3689 2217 3764 magis
2250 3696 2495 3764 paratus
2527 3694 2619 3748 est
2649 3689 2722 3746 ad
2754 3688 2931 3747 bene-

313 3773 650 3832 faciendum
704 3792 881 3848 quam
933 3774 1005 3832 ad
1054 3774 1441 3849 puniendum,
1489 3793 1624 3833 eum
1670 3776 1887 3850 punire
1919 3777 2229 3851 quodlibet
2260 3778 2573 3836 minimum
2605 3785 2929 3853 peccatum,

313 3863 408 3920 vel
458 3861 704 3920 verbum
752 3863 945 3933 inane,
991 3864 1150 3921 nolle
1191 3867 1389 3922 autem
1423 3863 1685 3938 praemio
1717 3865 1947 3924 afficere
1978 3885 2126 3941 opus
2158 3886 2331 3925 omne
2364 3868 2584 3926 bonum
2610 3867 2783 3942 justi,
2843 3868 2931 3925 Ne

314 3969 451 4009 vero
485 3965 554 4014 (3.
586 3950 659 4009 de
690 3953 820 4027 ejus
851 3951 1206 4011 liberalitate
1225 3951 1586 4025 dubitemus,
1620 3972 1893 4028 expresse
1926 3956 2148 4014 mentio
2180 3957 2251 4014 fit
2281 3957 2476 4031 operis
2509 3974 2646 4013 vere
2676 3955 2928 4029 minimi,

318 4042 492 4113 potus
527 4059 716 4114 aquae
748 4041 1013 4117 frigidae,
1061 4041 1165 4116 qui
1213 4059 1334 4099 non
1367 4042 1590 4100 carebit
1620 4044 1881 4117 praemio
1913 4048 2151 4103 aeterno
2185 4045 2391 4102 Mattb.
2432 4056 2529 4112 10,
2565 4054 2666 4107 42.
2733 4045 2808 4102 Et
2838 4064 2929 4103 re-

319 4146 453 4186 vera
483 4124 555 4193 d.
589 4130 740 4188 ratio
773 4130 972 4188 meriti
1003 4130 1244 4188 videtur
1275 4130 1660 4190 indivisibilis
1693 4151 1727 4189 a
1765 4134 1997 4192 ratione
2032 4138 2202 4192 actus
2234 4133 2392 4204 boni,
2440 4134 2726 4208 quamdiu
2758 4134 2931 4192 homo

317 4219 494 4275 estin
529 4221 695 4276 statu
726 4219 873 4281 viae.
935 4219 1121 4294 Atqui
1166 4223 1237 4277 ut
1280 4225 1448 4278 actus
1494 4221 1577 4277 sit
1620 4221 1812 4280 bonus
1857 4241 1977 4281 non
2008 4223 2352 4295 requiritur,
2400 4231 2470 4280 ut
2515 4223 2787 4281 eliciatur
2836 4224 2928 4281 vel

316 4306 641 4380 imperetur
671 4326 707 4365 a
738 4308 1010 4366 caritate:
1048 4308 1313 4381 alioquin
1334 4313 1668 4383 peccatores
1686 4312 1924 4368 nullum
1945 4317 2191 4386 possent
2211 4317 2407 4369 actum
2443 4313 2665 4369 bonum
2697 4313 2925 4382 elicere,

316 4396 625 4470 omnisque
660 4397 766 4455 illa
796 4401 918 4455 tam
950 4401 1223 4455 accurata
1252 4398 1665 4474 theologorum
1698 4401 1760 4456 et
1806 4407 2133 4457 ascetarum
2167 4399 2494 4476 disputatio
2528 4401 2600 4459 de
2633 4402 2928 4459 virtutum

315 4483 694 4544 distinctione
727 4490 789 4544 et
834 4487 1043 4561 preti0‚
1092 4492 1250 4545 esset
1281 4490 1374 4545 sat
1405 4489 1723 4562 superflua,
1774 4488 1825 4546 si
1872 4488 2106 4546 demum
2142 4490 2333 4547 omnis
2367 4509 2569 4547 earum
2602 4490 2835 4548 bonitas
2868 4492 2929 4547 et

315 4575 679 4646 praestantia
711 4576 999 4651 penderet
1032 4595 1066 4633 a
1103 4576 1368 4634 caritatis
1401 4577 1645 4639 influxu.
1713 4577 1903 4645 Quare
1949 4578 2163 4646 omnia,
2213 4597 2365 4651 quae
2398 4578 2593 4636 afferri
2628 4580 2824 4637 solent
2855 4580 2925 4635 de

316 4662 577 4721 caritatis
598 4665 955 4723 necessitate
987 4665 1059 4723 ad
1091 4665 1389 4734 meritum,
1425 4666 1686 4741 intelligi
1718 4667 1957 4741 quidem
1992 4667 2208 4725 debent
2240 4667 2312 4725 de
2345 4668 2698 4726 necessitate
2732 4673 2924 4725 status

320 4756 377 4807 et
419 4752 662 4810 habitus
695 4754 962 4812 caritatis
994 4753 1243 4829 ideoque
1276 4759 1337 4812 et
1373 4755 1597 4831 gratiae
1633 4751 1716 4837 (n.
1753 4753 1905 4837 231)
1953 4755 2025 4813 ad
2070 4756 2349 4814 meritum
2384 4756 2759 4832 condignum,
2807 4775 2926 4813 non
