3538 5364
569 236 659 309 ‘94
870 233 1056 287 Tract.
1090 231 1231 286 VIII.
1256 231 1327 287 de
1353 232 1561 313 gratia.
1587 232 1787 287 'rhesis
1812 232 1994 290 CXCI.
2020 233 2091 287 de
2117 232 2431 287 voluntatis
2456 229 2875 302 cooperatione.

572 440 758 498 actus
791 432 1090 497 salutaris
1141 449 1261 496 nec
1311 431 1553 511 gratiae
1585 432 1856 497 seorsim
1907 448 2027 495 nec
2075 430 2344 496 seorsim
2394 428 2598 493 libero
2648 427 2914 492 arbitrio
2946 433 3046 492 est
3076 428 3194 492 ad-

568 539 964 605 scribendus.
1030 536 1117 602 Cf.
1151 536 1552 601 Mazzella
1583 537 1740 619 disp.
1784 543 1812 606 1
1853 556 1909 601 a.
1947 543 2013 612 ’ῖς
2049 535 2400 618 Ripalda
2432 534 2490 597 d.
2525 538 2610 603 29
2642 554 2690 598 s,

761 686 901 749 104.
945 682 1490 749 nemon-tratio
1525 700 1594 765 p.
1630 680 1751 747 lv.
1820 682 2034 759 Quare
2079 695 2224 742 cum
2257 684 2439 742 actus
2490 677 2807 741 salutares
2838 678 3049 742 neutri
3079 695 3194 741 ex-

570 791 810 853 clusive
832 788 1025 852 tribui
1046 789 1310 870 possint,
1332 787 1618 870 sequitur
1637 788 1777 852 illos
1798 786 2074 850 adscribi
2088 785 2323 851 debere
2340 784 2583 864 gratiae
2603 790 2669 848 et
2687 783 2887 848 libero
2904 784 3188 859 arbitriO,

578 903 897 980 quatenus
943 914 1186 959 unam
1232 895 1661 978 adaequatam
1709 895 2107 959 constituunt
2150 910 2432 968 causam,
2482 889 2797 955 voluntati
2826 890 2956 953 scil.
2989 890 3198 970 gratia

571 1010 982 1086 praeventae,
1034 1010 1480 1084 praeparatae,
1533 1008 1779 1067 auctae.
1846 1001 2162 1082 Quocirca
2206 999 2716 1079 Augustinus
2762 997 3082 1063 disserens
3115 997 3196 1062 de

572 1110 747 1174 bono
780 1110 1123 1191 pudicitiae
1156 1110 1246 1174 ait
1279 1128 1329 1173 c.
1361 1109 1480 1174 Jul.
1513 1109 1550 1172 l.
1585 1117 1625 1175 ἴ)
1660 1127 1711 1172 ο.
1752 1114 1851 1185 16,
1898 1109 2022 1173 hoc
2068 1126 2211 1173 esse
2256 1106 2596 1170 discrimen
2645 1105 2998 1169 catholicos
3029 1105 3195 1169 inter

569 1224 640 1281 et
672 1219 1075 1298 pelagianos:
1117 1236 1272 1291 „vos
1304 1217 1505 1299 ipsius
1540 1217 1738 1281 animi
1768 1216 2012 1280 viribus
2043 1216 2167 1279 hoc
2199 1214 2490 1289 tribuitis,
2524 1231 2641 1293 ego
2667 1213 2927 1295 adjutae
2945 1231 3060 1294 per
3080 1212 3195 1277 Dei

572 1326 848 1403 gratiam
881 1324 1251 1389 voluntatis
1293 1324 1369 1388 Et
1399 1342 1558 1389 sane
1590 1324 1716 1388 hoc
1748 1324 1974 1403 negari
2005 1323 2243 1404 nequit,
2277 1321 2431 1403 quin
2466 1327 2602 1384 tota
2633 1321 2877 1401 gratiae
2910 1338 3192 1387 oecono-

576 1431 708 1493 mia
740 1430 1022 1493 funditus
1069 1437 1484 1512 pervertatur.
1549 1430 1648 1494 Ad
1698 1430 1852 1513 quid
1902 1430 2073 1495 enim
2107 1429 2275 1493 Deus
2325 1427 2599 1509 gratiam
2648 1427 2837 1491 nobis
2881 1428 3191 1504 concedit,

574 1538 697 1601 nisi
730 1538 812 1601 ad
846 1537 1312 1602 sublevandam
1344 1538 1911 1621 roborandamque
1942 1537 2219 1601 hominis
2245 1535 2690 1618 impotentiam
2724 1542 2788 1599 et
2806 1532 3191 1598 insufficien-

570 1645 733 1708 tiam
766 1644 847 1706 ad
879 1651 1062 1708 actus
1094 1646 1455 1711 salutares?
1490 1645 1720 1711 Nonne
1753 1652 1966 1727 potest
1997 1646 2193 1709 homo
2226 1651 2374 1726 post
2411 1644 2713 1725 adeptam
2746 1642 3013 1723 gratiam
3047 1659 3194 1706 cum

574 1749 775 1815 Paulo
809 1751 1048 1817 dicere:
1083 1753 1312 1816 Omnia
1337 1773 1599 1837 possum
1633 1754 1817 1840 (sane
1849 1753 1995 1840 ego)
2030 1754 2097 1815 in
2129 1773 2217 1836 60,
2250 1755 2357 1836 qui
2385 1772 2482 1814 me
2513 1750 2829 1832 confortat
2863 1748 3111 1837 (Philip.
3133 1755 3194 1825 4,

582 1858 735 1943 13)?
766 1858 929 1938 Ergo
963 1859 1160 1922 homo
1193 1877 1307 1923 seu
1340 1860 1639 1924 voluntas
1671 1860 1877 1941 gratia
1908 1866 2103 1924 aucta
2134 1865 2198 1924 et
2226 1859 2538 1923 roborata
2581 1874 2782 1921 causa
2813 1862 2912 1922 est
2956 1857 3194 1922 adae·
3239 1871 3245 1874 ’

575 1984 618 2047 q
634 1985 672 2027 u
691 1982 732 2028 a
748 1971 773 2029 t
791 1983 830 2027 a
860 1972 1043 2030 actus
1061 1967 1375 2032 salutaris.
1410 1966 1590 2031 Unde
1606 1966 1928 2031 corollarii
1942 1967 2137 2031 modo
2159 1967 2461 2049 sequitur,
2484 1967 2549 2029 in
2568 1965 2964 2047 quaestione,
2981 1971 3195 2028 utrum

577 2071 784 2152 gratia
815 2078 880 2135 et
915 2072 1213 2136 voluntas
1249 2081 1447 2154 agant
1478 2073 1666 2138 simul
1699 2082 1915 2139 actum
1948 2074 2386 2149 deliberatum,
2433 2091 2519 2137 an
2562 2073 2646 2138 sit
2691 2071 2856 2137 inter
2888 2090 3001 2136 eas
3034 2072 3193 2136 ordo

577 2178 945 2259 prioritatis,
980 2180 1346 2260 negandum
1383 2196 1524 2246 esse
1560 2182 1989 2263 suppositum:
2023 2182 2185 2247 haec
2216 2182 2385 2247 enim
2406 2182 2697 2263 quaestio
2719 2179 2931 2243 locum
2955 2179 3195 2245 habere

581 2290 833 2349 tantum
864 2293 1099 2367 potest,
1134 2304 1277 2351 cum
1313 2288 1481 2353 duae
1513 2306 1740 2370 reapse
1774 2289 1900 2353 sint
1931 2307 2167 2354 causae
2201 2289 2555 2365 distinctae,
2589 2306 2756 2371 quae
2788 2293 2998 2368 agant.

764 2445 907 2497 105.
942 2430 1319 2500 Scholion.
1357 2436 1684 2511 Disputant
1715 2424 1976 2512 theologi
2008 2426 2312 2495 subtiliter
2343 2437 2414 2495 de
2445 2436 2644 2495 indole
2675 2434 2935 2493 influxus
2965 2438 3026 2493 et
3045 2435 3190 2493 acti-

579 2522 802 2592 vitatis,
837 2543 1016 2599 quam
1065 2530 1278 2583 natura
1326 2527 1555 2582 exercet
1603 2526 1666 2583 in
1715 2528 1885 2583 actus
1936 2526 2436 2601 supernaturaleS,
2490 2530 2695 2583 utrum
2743 2524 2868 2582 scil.
2914 2524 3192 2582 voluntas

578 2612 775 2690 gratia
808 2619 1159 2689 praeparata
1189 2634 1253 2672 ac
1285 2614 1559 2672 roborata
1592 2614 1813 2672 virtute
1846 2633 1977 2690 pro
1997 2614 2165 2690 pria
2196 2628 2256 2673 et.
2287 2614 2403 2672 sibi
2433 2616 2648 2681 nat-iva,
2672 2613 2955 2671 distincta
2973 2615 3046 2671 ab
3067 2613 3190 2681 illa,

579 2722 755 2778 quam
791 2722 856 2761 ex
890 2705 1085 2781 gratia
1106 2704 1298 2773 habet,
1330 2703 1673 2762 immediate
1704 2702 1885 2762 etiam
1918 2709 2230 2763 concurrat
2260 2705 2333 2762 ad
2364 2711 2580 2774 actum,
2614 2723 2688 2761 an
2719 2706 2885 2761 tota
2917 2703 3193 2762 activitaa

578 2793 843 2868 proxime
878 2794 958 2850 sit
991 2812 1026 2850 a
1055 2793 1265 2868 gratia,
1299 2793 1456 2851 sicut
1485 2811 1570 2852 ex.
1602 2812 1688 2869 gr.
1724 2794 1788 2851 in
1821 2794 1971 2853 ferro
2006 2794 2213 2870 ignito,
2250 2794 2347 2852 cui
2381 2792 2714 2852 combustio
2731 2791 3041 2862 tribuitur,
3065 2797 3195 2852 tota

582 2881 773 2939 virtus
805 2881 1187 2940 ‹omburen‹li
1220 2887 1314 2939 est
1345 2881 1418 2938 ab
1450 2880 1606 2956 igne,
1658 2881 1816 2940 ferro
1849 2882 2188 2941 immediate
2219 2887 2280 2942 et
2313 2883 2502 2942 active
2533 2883 2604 2939 ad
2638 2901 2762 2939 eam
2796 2899 2917 2939 non
2948 2899 3192 2941 concur-

577 2976 765 3028 rent-e.
800 2971 926 3027 Hoc
959 2971 1257 3045 posterius
1290 2975 1540 3028 tuentur
1589 2971 2048 3030 thomistae:
2101 2972 2353 3030 alterum
2405 2970 2586 3029 ceteri
2615 2970 2896 3046 theologi,
2948 2971 3011 3029 in
3045 2988 3193 3046 quo-

580 3078 712 3116 rum
746 3059 1040 3116 sententia
1073 3060 1339 3134 potentia
1389 3055 1756 3140 (intellectus
1807 3065 1868 3119 et
1900 3055 2204 3142 voluntas)
2257 3080 2378 3119 non
2418 3060 2598 3119 efficit
2642 3067 2842 3118 actum
2873 3062 3194 3119 salutarem

583 3147 773 3205 solum
807 3149 1017 3223 gratia,
1052 3166 1170 3222 qua
1200 3151 1485 3218 elevatur,
1521 3150 1623 3207 sed
1656 3150 1835 3207 etiam
1870 3168 1977 3208 sua
2008 3150 2214 3208 innata
2245 3151 2488 3220 virtute,
2524 3166 2644 3207 non
2675 3148 2917 3224 quidem
2949 3151 3195 3209 seorsim

579 3256 614 3293 a
645 3237 855 3311 gratia,
892 3238 994 3294 sed
1028 3245 1322 3311 quatenus
1356 3238 1462 3297 hac
1492 3242 1702 3313 utpote
1735 3239 2099 3298 insufficiens
2130 3243 2191 3297 et
2222 3239 2593 3315 incompleta,
2628 3239 2974 3312 completur,
3009 3239 3096 3297 ita
3125 3241 3196 3298 ut

578 3343 648 3383 ex
683 3326 949 3398 potentia
982 3333 1041 3384 et
1073 3328 1268 3402 gratia
1298 3332 1578 3404 exsurgat
1621 3348 1810 3386 unum
1860 3328 2217 3404 principium
2263 3328 2600 3404 proximum
2650 3326 3068 3402 adaequatum,
3101 3348 3194 3387 re-

583 3421 790 3488 spectu
822 3416 993 3489 cujus
1026 3418 1148 3473 tam
1181 3417 1448 3491 potentia
1479 3436 1656 3492 quam
1706 3418 1899 3493 gratia
1948 3423 2145 3493 potest
2194 3417 2311 3475 dici
2358 3417 2605 3492 partiale
2650 3415 3026 3492 principium,
3061 3437 3195 3493 par-

580 3502 835 3560 tialitate
867 3522 1163 3572 causae,
1211 3524 1328 3565 non
1351 3506 1717 3581 partialitate
1749 3507 2043 3565 effectu
2064 3527 2107 3576 S,
2143 3524 2209 3564 ac
2240 3507 2288 3564 si
2321 3506 2517 3583 gratia
2555 3509 2782 3581 partem
2821 3510 2882 3564 et
2918 3507 3195 3566 voluntas

585 3592 829 3650 alteram
863 3597 1032 3651 actus
1064 3599 1295 3668 partem
1327 3611 1699 3669 operaretur:
1752 3596 1910 3655 sicut
1941 3596 2193 3672 gla‹;liu8‚
2228 3614 2346 3671 quo
2379 3596 2514 3670 quis
2546 3596 2729 3653 alium
2763 3597 3054 3666 vulnerat,
3088 3614 3198 3654 sua

580 3680 703 3739 acie
735 3682 961 3757 aliquid
996 3683 1225 3741 confert
1256 3684 1329 3741 ad
1362 3684 1727 3742 incisionem.
1794 3685 1868 3742 Et
1913 3685 2141 3753 merito,
2191 3703 2326 3743 cum
2358 3682 2418 3742 id
2453 3687 2738 3758 sequatur
2768 3704 2838 3743 ex
2871 3684 2994 3743 illis
3023 3685 3194 3743 testi·

581 3770 797 3829 moniis
832 3771 957 3829 sive
990 3772 1323 3847 Scripturae
1358 3774 1481 3831 sive
1514 3779 1768 3848 patrum,
1791 3773 2091 3849 inquibus
2112 3774 2184 3832 de
2212 3774 2622 3848 cooperatione
2657 3776 2860 3832 nostra
2891 3776 2985 3832 est
3004 3791 3196 3832 sermo

581 3878 640 3921 n.
685 3871 793 3921 101
823 3882 835 3930 ;
881 3871 998 3923 103
1034 3868 1143 3923 etc.
1177 3869 1236 3919 et
1269 3862 1488 3937 quibus
1523 3881 1850 3932 monemur,
1898 3868 1970 3920 ut
2012 3863 2188 3921 etiam
2224 3863 2296 3920 de
2329 3867 2549 3931 nostre,
2584 3863 2821 3938 proprio
2854 3862 3055 3922 labore
3087 3862 3196 3921 ali-

582 3948 730 4021 quid
762 3949 1131 4008 conferamus
1163 3951 1235 4008 ad
1269 3970 1418 4026 opus
1451 3951 1684 4021 saluti-³,
1719 3953 1892 4027 cujus
1926 3953 2217 4010 rationem
2250 3951 2528 4018 reddunt,
2563 3951 2721 4026 quod
2754 3970 2861 4009 nos
2895 3970 3012 4009 non
3047 3952 3196 4028 lapi-

584 4037 724 4094 dum
759 4038 946 4096 instar
978 4040 1163 4097 simus
1195 4040 1259 4097 in
1290 4040 1502 4098 salutis
1536 4042 1795 4117 negotio,
1828 4041 2013 4115 Atqui
2049 4041 2098 4098 si
2131 4043 2257 4098 tota
2287 4040 2563 4098 activitas
2597 4044 2756 4098 esset
2784 4041 3042 4116 agretia,
3078 4059 3197 4099 non

583 4139 784 4201 posset
816 4126 950 4196 dici,
989 4147 1095 4186 nos
1145 4129 1571 4204 cooperari,
1624 4148 1730 4187 nos
1764 4129 1836 4188 de
1887 4134 2157 4189 nostro
2203 4130 2430 4203 aliquid
2465 4129 2761 4188 conferre:
2813 4148 3006 4204 neque
3038 4130 3196 4188 enim

580 4215 820 4284 ferrum,
856 4216 908 4273 si
940 4219 1032 4273 est
1073 4217 1350 4294 ignitum,
1398 4224 1750 4292 cooperatur
1794 4219 1938 4295 igni,
1987 4238 2178 4293 neque
2212 4219 2362 4293 lapis
2393 4220 2692 4294 projectus
2738 4219 2946 4287 motui,
2981 4238 3099 4294 quo
3131 4219 3197 4277 in

584 4304 773 4361 altum
809 4309 1094 4363 movetur.
1159 4306 1252 4364 Ad
1285 4307 1423 4364 haec
1455 4316 1622 4366 actus
1657 4308 1936 4366 salutaris
1969 4308 2144 4366 (lebet
2175 4326 2300 4365 esse
2333 4307 2619 4364 vitalis
2652 4311 2713 4366 et
2746 4307 2978 4378 liber;
3029 4308 3197 4383 atqui

583 4392 939 4451 vitalitatem
973 4397 1034 4452 et
1064 4394 1403 4454 libertatem
1433 4415 1553 4454 non
1588 4396 1763 4454 babet
1794 4416 1826 4453 a
1858 4398 2064 4471 gratia,
2100 4395 2200 4454 secl
2235 4415 2304 4454 ex
2336 4396 2461 4471 ipsa
2492 4397 2817 4454 voluntate.
2869 4397 3023 4473 Ergo
3055 4398 3198 4455 haec

583 4481 925 4540 immediate
960 4483 1141 4541 insita
1174 4502 1281 4542 sua
1314 4485 1538 4543 virtute
1571 4485 1630 4542 in
1666 4489 1863 4543 actum
1897 4487 2215 4543 salutarem
2248 4485 2467 4548 influit,

776 4618 912 4669 106.
945 4608 1109 4667 Unde
1140 4611 1434 4668 corollarii
1463 4610 1653 4668 instar
1685 4610 1960 4685 sequitur
1994 4607 2056 4673 l.
2089 4611 2343 4688 gratiam
2376 4629 2494 4669 non
2524 4629 2650 4669 esse
2696 4610 2997 4670 unicam
3031 4630 3195 4670 men·

585 4713 786 4755 suram
809 4698 1052 4773 perfecti
1063 4700 1192 4757 onis
1214 4709 1455 4758 actuum
1478 4699 1834 4757 salutarium
1852 4699 2332 4774 deliberaturum,
2352 4700 2453 4759 sed
2475 4701 2625 4759 hanc
2660 4700 2913 4775 pendere
2952 4701 3134 4760 etium
3164 4721 3200 4759 a
