3538 5364
1326 344 1488 399 Nova
1518 342 1714 415 opinio
1745 345 2063 412 Chabauty.
2870 355 3003 419 665

374 536 592 609 prima,
630 532 905 607 sequitur
935 532 1088 591 hanc
1118 531 1309 591 fuisse
1341 531 1609 606 ejusdem
1641 531 1891 591 rationis
1926 548 2059 589 cum
2092 531 2525 590 resurrectione
2558 550 2889 608 corporum,
2932 533 3003 591 de

380 643 501 698 qua
530 622 754 680 mentio
785 621 855 679 fit
887 641 941 680 v.
981 631 1077 684 13.
1143 622 1294 680 Nam
1340 636 1406 683 a.
1454 620 1725 696 quamvis
1757 639 1950 679 sermo
1982 639 2037 677 v.
2077 629 2154 683 13
2189 620 2275 678 sit
2304 620 2377 679 de
2408 621 2845 681 resurrectione
2876 640 3003 679 cor-

375 730 608 787 porum,
640 730 710 770 ea
738 712 937 769 tamen
967 728 1088 770 non
1120 709 1338 769 dicitur
1367 710 1742 779 resurrectio,
1775 709 1997 768 nedum
2044 710 2407 778 secunda;
2453 728 2594 787 ergo
2626 729 2746 769 non
2790 710 3000 786 liquet,

380 820 527 859 num
560 799 692 858 ideo
723 799 828 858 illa
858 818 911 860 v.
950 810 982 862 5
1035 799 1271 859 dicatur
1318 799 1592 874 prima,
1640 799 1800 873 quod
1834 799 2008 874 plane
2040 798 2307 873 ejusdem
2340 798 2421 857 sit
2450 798 2698 858 rationis
2731 818 2865 859 cum
2899 799 3005 858 hac

378 910 434 947 v.
477 899 582 958 133
631 889 982 964 praesertim
1026 884 1095 953 l).
1140 906 1276 947 cum
1307 888 1473 947 nulla
1503 888 1607 945 fiat
1638 907 1690 948 v,
1726 897 1759 951 5
1798 905 2104 963 corporum
2141 888 2383 957 menti0‚
2432 888 2534 946 sed
2580 892 2818 947 tantum
2849 889 3005 947 vitae

375 986 440 1037 et
470 978 661 1055 regni,
694 996 846 1053 quae
879 977 1191 1036 animabus
1225 977 1409 1036 etiam
1442 978 1573 1036 sine
1605 995 1846 1053 corpore
1870 976 2187 1036 convenire
2219 981 2487 1051 possunt.
2535 978 2808 1036 Ceterum
2841 991 2903 1044 e.
2935 984 3001 1036 111

377 1068 713 1126 animarum
745 1066 820 1125 ad
850 1066 1285 1125 beatitudinem
1324 1067 1642 1125 translatio
1674 1085 1729 1125 v.
1767 1077 1800 1129 5
1838 1066 1956 1125 dici
1987 1065 2180 1141 possit
2210 1066 2565 1124 resurrectio
2596 1067 2802 1143 prima,
2836 1067 3003 1125 suffi-

378 1159 478 1225 cit,
525 1156 574 1215 si
620 1174 930 1231 corporum
964 1155 1275 1231 praecedat
1306 1156 1798 1215 resurrectionem
1829 1160 1891 1214 et
1922 1173 2055 1213 cum
2089 1155 2201 1214 hac
2231 1155 2529 1230 quandam
2560 1155 2772 1215 habeat
2803 1156 3005 1214 analo-

377 1247 556 1323 giam.
607 1245 700 1303 Ita
720 1244 991 1303 Christus
1022 1243 1061 1302 J
1066 1263 1116 1303 0.
1142 1255 1197 1315 5,
1236 1254 1316 1307 24
1352 1262 1428 1303 ss.
1460 1244 1717 1321 duplicis
1751 1244 1936 1302 etiam
1967 1243 2421 1303 resurrectionis
2451 1244 2593 1303 facit
2624 1245 3002 1313 mentionem,

379 1334 594 1410 prioris
628 1333 951 1393 secundum
983 1333 1244 1391 animam
1276 1354 1327 1393 v.
1354 1343 1454 1404 24,
1489 1333 1737 1392 alterius
1771 1332 2096 1392 secundum
2133 1352 2345 1410 corpus
2375 1337 2437 1393 et
2467 1333 2722 1393 animam
2756 1354 2809 1392 v.
2844 1343 2921 1396 28
2960 1353 3004 1395 S.

380 1424 546 1493 Quod
600 1418 668 1489 d.
715 1421 1049 1481 confirmari
1097 1425 1294 1498 potest
1338 1422 1536 1481 verbis
1568 1443 1623 1483 v,
1665 1432 1775 1485 14:
1825 1423 1901 1480 Et
1950 1422 2218 1494 infernus
2262 1431 2313 1480 et
2358 1442 2513 1482 mors
2559 1425 2720 1481 missi
2762 1430 2896 1481 sunt
2941 1421 3001 1480 in

379 1521 648 1590 staqnum
679 1514 847 1589 {qnia
911 1511 1071 1570 Haec
1115 1518 1196 1569 est
1243 1530 1399 1570 mors
1447 1513 1714 1570 secunda.
1779 1511 1967 1587 Atqui
1998 1530 2172 1570 nemo
2206 1512 2347 1571 haec
2377 1512 2679 1589 intelliget
2711 1512 2783 1569 de
2814 1517 3004 1570 morte

377 1602 620 1677 proprie
652 1600 810 1659 dicta
841 1600 1101 1659 secunda
1130 1601 1409 1676 corporiS,
1457 1601 1559 1660 sed
1606 1600 1678 1659 de
1723 1600 2105 1659 damnatione
2138 1601 2464 1662 seeundum
2498 1601 2749 1660 animam
2782 1605 2847 1660 et
2876 1619 3004 1658 cor·

379 1709 531 1766 pus:
565 1708 707 1767 ergo
738 1693 802 1748 et
832 1689 1192 1748 resurrectio
1212 1691 1404 1765 prima
1423 1691 1647 1766 poterit
1667 1689 1931 1765 intelligi
1964 1689 2035 1748 de
2067 1689 2428 1749 admissione
2459 1690 2533 1748 ad
2565 1690 2750 1749 vitam
2773 1691 3004 1749 beatam

382 1779 710 1839 secundum
742 1779 1017 1849 animam,
1067 1797 1249 1854 quam
1295 1781 1695 1855 consequetur
1739 1798 1846 1837 suo
1891 1782 2156 1854 tempore
2187 1780 2544 1838 resurrectio
2578 1780 2815 1854 proprie
2848 1779 3007 1838 dicta

383 1868 710 1927 secundum
741 1886 973 1942 corpus.
1040 1867 1132 1925 Ad
1168 1886 1291 1925 rem
1325 1887 1369 1930 s,
1400 1868 1903 1945 Augustinus
1936 1867 1975 1925 l.
2008 1886 2054 1926 0.
2088 1886 2134 1926 0.
2173 1878 2206 1930 6
2244 1888 2300 1928 n.
2337 1878 2406 1930 2:
2444 1867 2654 1937 ,Sicut
2684 1886 2824 1944 ergo
2857 1868 3004 1926 duae

383 1961 532 2016 sunt
561 1957 1056 2034 regenerationes,
1088 1975 1210 2014 una
1247 1958 1574 2016 secundum
1607 1957 1801 2028 fidem,
1850 1975 2000 2032 quae
2032 1975 2194 2015 nunc
2224 1957 2291 2015 fit
2321 1976 2428 2033 per
2458 1957 2840 2032 baptismum,
2889 1957 3006 2015 alia

383 2046 710 2105 secundum
741 2064 994 2118 carnem,
1047 2064 1198 2120 quae
1252 2045 1355 2104 fiet
1403 2047 1467 2104 in
1515 2048 1644 2123 ejus
1693 2045 2137 2121 incorruptione
2183 2048 2363 2120 atque
2409 2046 2855 2105 immortalitate
2901 2065 3007 2121 per

371 2135 671 2210 judicium
702 2153 982 2210 magnum
1015 2140 1076 2192 et
1106 2134 1527 2195 novissimum:
1559 2136 1647 2194 ita
1677 2138 1824 2194 sunt
1854 2139 1915 2194 et
1947 2136 2411 2194 resurrectiones
2444 2135 2611 2207 duae,
2645 2154 2766 2194 una
2795 2135 3002 2212 prima,

381 2244 533 2299 quae
566 2230 627 2282 et
671 2241 830 2282 nunc
874 2226 969 2281 est
1012 2227 1073 2282 et
1116 2223 1449 2283 animarum
1482 2228 1591 2295 est,
1638 2242 1791 2300 quae
1822 2224 2026 2283 venire
2056 2242 2177 2282 non
2207 2225 2507 2299 permittit
2537 2224 2600 2282 in
2632 2229 2882 2283 mortem
2914 2244 3003 2281 se-

381 2314 666 2382 cundam3
717 2312 836 2370 alia
886 2311 1161 2383 secunda,
1208 2332 1361 2387 quae
1393 2332 1552 2372 nunc
1583 2332 1704 2372 non
1736 2316 1845 2383 est,
1898 2312 1997 2371 sed
2043 2312 2108 2370 in
2141 2313 2325 2371 seculi
2357 2314 2472 2372 fine
2504 2312 2707 2372 sutura
2739 2316 2846 2379 est,
2898 2331 3005 2371 nec

383 2402 734 2471 animarum,
783 2400 887 2460 sed
918 2419 1228 2476 corporum
1263 2405 1373 2469 est,
1420 2421 1571 2477 quae
1603 2421 1708 2479 per
1739 2402 2024 2460 ultimum
2049 2402 2344 2477 judicium
2376 2402 2522 2461 alios
2555 2402 2759 2460 mittet
2803 2402 2866 2461 in
2910 2420 3002 2459 se-

381 2490 636 2549 cundam
669 2498 941 2560 mortem,
975 2490 1123 2548 alios
1156 2490 1219 2547 in
1253 2509 1383 2548 eam
1417 2491 1619 2563 vitam,
1655 2509 1807 2567 quae
1837 2510 1959 2550 non
1991 2491 2170 2549 habet
2200 2494 2511 2554 mortem.‘
2562 2492 2642 2549 Cf.
2676 2509 2721 2550 c.
2748 2501 2777 2553 7
2804 2496 2866 2549 et
2895 2503 3001 2560 1ος

380 2600 425 2638 8.
458 2580 778 2638 Thomas
812 2579 1008 2654 suppl.
1041 2597 1095 2654 q.
1135 2589 1211 2641 77
1249 2598 1297 2641 a.
1338 2591 1360 2641 1
1405 2580 1478 2638 ad
1514 2591 1570 2642 4.

565 2674 737 2732 712⁸.
785 2661 1134 2732 Scholion
1167 2664 1268 2734 II.
1332 2668 1563 2729 Novam
1607 2669 1947 2746 opinionem
1980 2668 2281 2729 chiliasmo
2314 2669 2545 2728 affinem
2578 2673 2782 2730 nostra
2811 2671 3003 2729 aetate

376 2758 740 2835 excogitavit
769 2758 833 2820 Ε.
868 2761 934 2815 A.
969 2757 1368 2834 Chabauty
1415 2760 1727 2818 canonicus
1761 2758 2112 2817 honorarius
2144 2759 2573 2836 andegavensis
2614 2759 2677 2818 in
2710 2778 2802 2834 op.
2834 2778 3002 2834 prae-

376 2848 592 2925 grandi
628 2843 758 2929 (sed
791 2847 1092 2922 prohibito
1133 2856 1229 2910 18.
1263 2848 1395 2907 Dec.
1439 2845 1629 2930 1896)
1663 2848 1889 2907 Etudes
1936 2848 2337 2924 scripturales,
2385 2849 2789 2924 patristiqueS,
2838 2848 3002 2906 theo-

379 2937 652 3014 logiques
700 2938 762 2993 et
805 2935 1292 3011 philosophiques
1343 2955 1448 2995 sur
1493 2936 1532 2995 1·
1551 2937 1760 2995 avenir
1805 2938 1876 2995 (16
1922 2936 1962 2995 1'
1978 2937 2179 3014 Eglise
2213 2937 2550 3012 catholique
2582 2938 2746 2995 selon
2777 2937 2833 2994 16
2863 2937 3005 3013 plan

377 3026 548 3085 divin
580 3044 659 3084 011
691 3024 749 3082 la
770 3024 1200 3101 Regeneration
1231 3024 1305 3084 de
1338 3025 1702 3085 l'bumanite
1734 3029 1797 3084 et
1827 3026 1885 3084 la
1905 3026 2271 3085 Renovation
2300 3026 2372 3085 de
2401 3025 2438 3083 l'
2455 3026 2719 3095 univers,
2753 3025 3004 3084 Pictavii

394 3122 732 3176 1890—93
784 3119 827 3172 t.
880 3122 934 3176 3.
999 3113 1249 3172 Innixus
1296 3114 1580 3173 nimirum
1626 3116 1980 3190 praeprimis
2039 3126 2088 3176 1.
2121 3115 2248 3174 Cor.
2290 3126 2384 3186 15,
2421 3125 2491 3178 51
2552 3133 2599 3173 s,
2651 3111 3003 3197 (secundum

381 3207 610 3261 textum
646 3197 967 3284 graecum),
1008 3214 1059 3264 1.
1080 3203 1281 3264 Thess.
1309 3213 1364 3274 4,
1411 3213 1609 3267 12-1
1629 3215 1660 3266 7
1697 3208 1757 3263 et
1791 3204 2090 3262 vaticiniis
2110 3204 2441 3275 messianis,
2477 3223 2628 3279 quae
2661 3223 2839 3263 sensu
2870 3203 3005 3261 lite-

382 3292 496 3349 rali
526 3292 754 3368 accipit,
791 3294 1007 3361 censet,
1036 3292 1264 3366 judicio
1296 3292 1462 3351 finali
1492 3311 1612 3351 non
1643 3292 1868 3352 absolvi
1899 3292 2023 3351 fata
2041 3292 2309 3352 universi
2328 3294 2571 3352 humani
2591 3292 2824 3370 generis
2845 3292 3004 3350 hisce

383 3381 447 3438 in
467 3381 662 3456 terris,
693 3380 797 3439 sed
830 3380 1137 3439 hominum
1171 3385 1402 3456 partem
1434 3382 1496 3441 in
1528 3381 1989 3458 conflagratione
2010 3381 2310 3440 mundana
2329 3383 2549 3441 servari
2569 3383 2757 3441 vivam
2781 3382 3005 3457 hosque

378 3469 648 3528 homines
660 3470 947 3528 interesse
960 3470 1382 3529 resurrectioni
1395 3472 1484 3547 etj
1494 3470 1689 3529 udicio
1700 3470 2041 3534 universali,
2055 3470 2181 3540 Quo
2194 3471 2362 3530 finito
2374 3472 2555 3530 vitam
2568 3472 3007 3529 continuabunt

378 3559 640 3617 interris
663 3559 726 3618 in
747 3557 1083 3617 conditione
1107 3559 1496 3635 paradisiaca,
1521 3579 1711 3636 genus
1741 3561 2164 3636 propagabunt
2182 3579 2289 3636 per
2308 3560 2522 3629 secula,
2550 3561 2764 3618 electos
2798 3559 3004 3617 multi-

377 3647 709 3723 plicabunt,
743 3647 1087 3706 formabunt
1119 3649 1458 3707 societatem
1488 3649 1829 3726 religiosam
1863 3667 1970 3707 seu
2001 3648 2339 3719 Ecclesiam,
2382 3650 2556 3724 cujus
2590 3652 2860 3707 centrum
2894 3648 3007 3705 erit

376 3736 733 3807 Jerusalem,
764 3736 870 3795 ubi
902 3738 964 3794 et
996 3736 1215 3796 Christi
1246 3737 1498 3797 vicarius
1530 3739 1729 3796 sedem
1761 3737 1919 3814 figet.
1970 3738 2116 3795 Post
2149 3737 2332 3795 vitam
2363 3737 2649 3813 prolixam
2681 3740 2740 3795 et
2773 3737 3004 3794 felicem

377 3824 607 3901 singuli
640 3843 774 3883 cum
806 3843 1049 3901 corpore
1081 3825 1519 3885 transferentur
1549 3826 1623 3884 ad
1656 3826 1825 3885 sedes
1858 3827 2159 3888 coelestes.
2212 3826 2371 3895 Quae
2404 3826 2602 3902 opinio
2634 3825 2801 3884 nullo
2835 3825 3005 3883 modo

379 3913 618 3989 probari
651 3917 879 3989 potest:
912 3918 1145 3991 pugnat
1174 3915 1334 3974 enim
1371 3933 1506 3973 cum
1538 3915 1997 3991 quamplurimis
2018 3914 2319 3973 doctrinae
2340 3914 2661 3973 catholicae
2694 3914 3003 3989 capitibuS,

380 4022 533 4077 quae
566 4002 836 4062 innuisse
861 4002 1132 4064 sufficiet.
1180 4005 1419 4081 Pugnat
1452 4021 1586 4063 cum
1619 4005 2074 4063 universalitate
2103 4004 2327 4080 peccati
2362 4003 2685 4080 originaliS,
2721 4002 2881 4078 quod
2912 4003 3004 4061 in-

381 4092 522 4150 fecit
567 4092 1012 4150 universam
1041 4092 1254 4150 Adami
1288 4095 1710 4169 propaginem;
1750 4095 1875 4169 jam
1922 4112 2061 4151 vero
2099 4094 2276 4168 juxta
2306 4092 2456 4150 hanc
2487 4092 2825 4166 opinionem
2855 4091 3006 4150 infe-

379 4181 560 4239 cisset
590 4180 881 4239 minorem
910 4184 1146 4239 tantum
1182 4182 1491 4241 hominum
1523 4186 1774 4259 partem,
1822 4201 1919 4240 eos
1964 4182 2089 4241 scil.
2135 4182 2240 4257 qui
2287 4181 2494 4239 vivent
2524 4199 2713 4255 usque
2746 4180 2819 4238 ad
2850 4180 3007 4256 judi-

381 4270 542 4328 cium
573 4269 929 4339 universale,
974 4289 1098 4329 non
1142 4274 1342 4330 autem
1374 4272 1671 4347 myriades
1704 4272 1857 4342 illas,
1904 4290 2056 4345 quae
2101 4274 2241 4346 post
2287 4270 2395 4328 hoc
2419 4270 2715 4345 judicium
2745 4271 3007 4328 incolent

380 4365 624 4422 terram.
667 4391 755 4400 —-
800 4359 1038 4435 Pugnat
1082 4377 1218 4419 cum
1260 4360 1715 4420 universalitate
1760 4360 1971 4419 mortis
2017 4359 2295 4419 omnibus
2343 4359 2684 4417 hominibus
2716 4358 3007 4428 indictae3

381 4451 614 4523 pugnat
645 4465 777 4505 curn
811 4449 1257 4507 universalitate
1281 4448 1513 4524 judicii,
1562 4449 1659 4508 0111
1703 4449 1981 4507 intererit
2013 4450 2186 4524 juxta
2217 4449 2365 4507 hanc
2395 4448 2730 4522 opinionem
2762 4447 3010 4506 minima

383 4536 536 4594 sorte
567 4555 703 4611 pars
736 4537 971 4612 generis
1005 4537 1280 4608 humani3
1335 4555 1471 4596 cum
1502 4538 1743 4597 notione
1777 4537 2303 4596 consummationis
2336 4537 2523 4595 seculi
2555 4536 2827 4612 vulgata3
2877 4555 3008 4594 cum

381 4631 474 4682 tot
507 4625 701 4683 effatis
734 4624 948 4684 Christi
982 4631 1044 4684 et
1073 4627 1501 4702 apostolorum,
1537 4645 1690 4702 quae
1722 4627 1898 4684 aliam
1931 4626 2091 4686 viam
2122 4629 2356 4702 praeter
2387 4625 2541 4683 viam
2574 4625 3003 4702 abnegationis,

381 4714 595 4782 crucis,
644 4714 1124 4785 tribulationum,
1172 4735 1323 4790 quae
1355 4716 1534 4774 ducat
1579 4715 1655 4774 ad
1700 4716 1918 4793 gaudia
1948 4716 2243 4783 coelestia,
2276 4715 2556 4790 ignorant
2590 4709 2674 4796 (n.
2714 4709 2865 4794 710)
2899 4719 3007 4773 etc.

385 4803 545 4861 Haec
576 4802 770 4862 fusius
803 4805 1074 4863 evolvere
1094 4823 1214 4863 non
1234 4808 1422 4863 vacat.
1471 4805 1549 4863 Cf.
1574 4805 1856 4864 Zeitschr.
1878 4805 1972 4862 iiir
1991 4805 2152 4863 kath.
2173 4803 2492 4880 Theologie
2522 4812 2684 4867 1894
2706 4823 2765 4879 p·
2790 4814 2910 4867 377
2936 4822 3010 4861 ss,
