3538 5364
1451 264 1714 319 sacrificii
1742 263 1962 318 missae.
2886 272 3014 337 399

576 451 644 517 4.
678 447 1050 515 Sententiae
1095 448 1242 511 huic
1289 445 1505 511 favent
1550 453 1616 511 et
1657 452 1895 526 patres.
1962 445 2059 509 lta
2089 444 2482 511 irenaeus
2515 446 2734 510 scribit
2763 446 2864 523 IV,
2901 453 3014 515 17:

400 558 688 621 Christus
728 555 982 629 ,dicens
1014 554 1137 618 hoc
1169 561 1266 616 est
1296 570 1531 633 corpus
1563 570 1778 616 meum
1813 601 1826 614 .
1861 601 1873 613 .
1909 601 1921 613 .
1968 551 2188 615 docuit
2229 570 2468 616 novam
2500 552 2572 616 N.
2622 552 2689 616 T.
2740 553 3015 617 oblatio-

400 676 603 730 nem.‘
674 662 1323 744 Chrysostomus
1369 659 1448 724 de
1480 659 1657 740 prod.
1692 658 1899 724 Judae
1932 659 1990 722 h.
2032 667 2061 728 l
2099 678 2160 722 n.
2192 665 2266 728 6:
2338 659 2549 734 ,Haec
2579 680 2706 723 vox
2740 662 2890 747 (hoc
2921 670 3019 725 est

401 789 633 852 corpus
664 770 904 854 meum)
937 767 1136 833 semel
1166 766 1420 848 prolata
1450 766 1533 829 ad
1564 784 2088 848 unamquamque
2120 785 2412 831 mensam
2447 767 2529 830 ab
2563 767 2667 832 illo
2702 788 2902 851 usque
2935 769 3017 833 ad

399 877 780 941 hodiernum
812 883 1063 957 tempus
1096 882 1161 940 et
1190 894 1394 957 usque
1427 875 1510 938 ad
1543 875 1892 938 adventum
1939 873 2079 954 ejus
2125 873 2507 939 sacrificium
2536 875 2893 957 perfectum
2924 875 3016 941 es-

401 984 582 1048 ficit‘
652 982 865 1062 Quare
890 983 1028 1064 jam
1059 981 1384 1046 communi
1414 980 1717 1061 suffragio
1750 981 2031 1061 theologi
2076 980 2245 1043 hanc
2286 980 2710 1047 assertionem
2741 990 3017 1049 tuentur.

583 1123 729 1176 416.
762 1112 1083 1181 Quaeritur
1113 1115 1331 1181 autem,
1377 1115 1583 1170 utrum
1629 1110 1890 1169 essentia
1920 1110 2187 1168 sacrificii
2219 1110 2596 1170 eucharistici
2626 1113 2912 1172 consistat
2955 1114 3019 1172 in

403 1222 429 1261 s
448 1204 567 1262 ola
596 1202 1053 1271 consecratione,
1099 1220 1176 1259 an
1219 1201 1294 1259 de
1338 1200 1467 1275 ejus
1512 1199 1771 1258 essentia
1802 1200 1885 1258 sit
1915 1199 2097 1258 etiam
2129 1201 2575 1259 communio.
2641 1201 2851 1261 Plures
2883 1221 3020 1262 cum

404 1294 567 1351 Dom.
600 1292 672 1349 de
706 1291 915 1359 Soto‚
950 1289 1432 1349 Bellarmino
1463 1289 1537 1347 de
1568 1288 1751 1347 missa
1781 1287 1827 1358 I,
1865 1297 1977 1358 273
2027 1287 2098 1347 de
2130 1288 2338 1366 Lugo
2372 1289 2523 1365 disp.
2567 1301 2640 1352 19
2678 1309 2722 1349 s.
2761 1301 2815 1363 5,
2851 1291 3018 1350 Sal-

402 1379 1059 1450 manticensibuS,
1120 1397 1165 1437 s.
1215 1377 1610 1454 Alphonso
1660 1380 1772 1436 etc.
1822 1379 2118 1449 statuunt,
2178 1379 2650 1438 communionem
2700 1380 3019 1440 sacerdotis

402 1472 664 1546 spectare
696 1468 769 1527 ad
805 1467 1204 1527 substantiam
1235 1471 1296 1526 et
1325 1466 1731 1543 integritatem
1762 1464 2056 1536 sacrificii,
2100 1484 2240 1524 nam
2284 1485 2390 1541 per
2432 1486 2559 1526 eam
2607 1469 2799 1528 adhuc
2830 1470 3020 1548 magis

404 1558 773 1618 consumitur
802 1556 1194 1616 eucharistica
1223 1556 1480 1626 victima,
1528 1554 1686 1614 sicut
1729 1554 1873 1614 olim
1919 1555 1981 1613 in
2027 1555 2369 1614 holocausto
2415 1576 2521 1632 per
2551 1557 3019 1618 combustionem

404 1647 647 1706 victima
668 1648 794 1723 jam
824 1645 1129 1705 immolata
1145 1646 1388 1721 penitus
1408 1643 1846 1703 destruebatur.
1895 1644 1932 1702 S
1950 1662 2132 1702 uare
2149 1664 2177 1702 z
2208 1645 2605 1706 verosimilius
2626 1650 2828 1706 censet
2858 1648 2912 1706 d.
2939 1658 3016 1711 75

405 1757 448 1797 s,
473 1748 505 1799 5
542 1756 600 1795 n.
628 1748 650 1799 l
674 1748 722 1806 1,
759 1735 1197 1810 ,sumptionem
1218 1732 1539 1794 sacerdotis
1559 1752 1679 1793 non
1697 1751 1829 1792 esse
1847 1733 2207 1804 institutam,
2240 1736 2312 1792 ut
2343 1734 2424 1793 sit
2454 1735 2527 1794 de
2559 1736 2820 1795 essentia
2840 1737 3019 1814 hujus

407 1825 694 1897 sacrificii,
740 1830 922 1900 atque
955 1824 1098 1883 adeo
1129 1827 1315 1883 totam
1346 1823 1662 1882 essentiam
1696 1822 1951 1898 positam
1983 1840 2110 1881 esse
2155 1822 2220 1881 in
2265 1824 2761 1889 consecrationo.‹
2831 1825 3019 1895 Quam

407 1913 764 1973 sententiam
793 1919 854 1973 et
872 1931 980 1972 nos
998 1916 1070 1972 ut
1089 1912 1530 1989 praeferendam
1550 1910 1983 1987 amplectimur,
2017 1910 2155 1969 hinc
2174 1912 2497 1971 statuimus
2519 1914 2985 1989 propositionem
3006 1936 3018 1973 :

586 2035 687 2103 11.
721 2034 1032 2116 Sacrificii
1065 2032 1456 2097 eucharistici
1489 2034 1755 2095 essentia
1787 2032 2062 2095 consistit
2093 2032 2311 2094 insola
2333 2036 2816 2097 consecratione:
2850 2035 3021 2117 quod

407 2146 787 2221 argumenta
817 2159 876 2204 n.
909 2144 1040 2209 415
1073 2139 1269 2203 allata
1300 2139 1457 2202 satis
1490 2138 1786 2202 videntur
1815 2137 2109 2218 probare.
2163 2135 2343 2203 Unde
2376 2140 2742 2204 communio
2775 2147 3024 2222 spectat

407 2246 671 2329 quidem
705 2247 788 2310 ad
819 2247 1248 2328 integritatem
1269 2246 1446 2323 rituS,
1470 2264 1661 2328 quem
1695 2243 1986 2310 Christus
2017 2245 2306 2322 instituit,
2329 2252 2698 2311 nontamen
2718 2249 2801 2311 ad
2820 2248 3022 2312 sacri-

406 2353 532 2416 ficii
564 2353 1010 2417 substantiam.
1073 2353 1288 2433 Quare
1333 2372 1465 2417 non
1509 2351 1658 2416 licet
1703 2352 2002 2418 omittere
2033 2352 2098 2415 in
2129 2351 2562 2418 celebratione
2595 2354 3024 2420 eucharistiae

409 2461 943 2525 communionem.
1005 2460 1165 2524 Hinc
1215 2477 1394 2530 conc,
1445 2460 1908 2524 toletanum
1957 2458 2200 2545 X11.(a„
2235 2461 2391 2544 681)
2438 2477 2488 2521 c.
2524 2465 2564 2529 6
2616 2461 3025 2541 reprehendit

408 2568 797 2645 sacerdotes,
830 2568 937 2650 qui
969 2569 1198 2633 eodem
1230 2568 1331 2632 die
1363 2568 1619 2649 saepius
1653 2565 2036 2631 sacrificium
2082 2565 2515 2643 celebrabant,
2563 2572 2627 2631 et
2672 2568 2927 2631 nonnisi
2957 2568 3023 2631 in

408 2673 634 2738 ultima
664 2674 1096 2740 celebratione
1129 2673 1652 2740 communionem
1698 2673 2120 2755 accipiebant,
2181 2674 2398 2756 ,quasi
2431 2693 2564 2737 non
2595 2674 2677 2739 sit
2708 2674 2905 2739 toties
2936 2673 3022 2739 illi

411 2800 563 2847 vero
596 2790 660 2848 et
689 2783 993 2864 singulari
1023 2782 1335 2847 sacrificio
1381 2782 1916 2864 participandum,
1962 2782 2212 2865 quoties
2257 2782 2547 2864 corporis
2588 2788 2652 2846 et
2695 2783 3022 2863 sanguinis

412 2889 479 2951 D.
515 2888 586 2952 N.
619 2889 670 2954 J.
693 2887 925 2954 Christi
957 2889 1311 2953 immolatio
1347 2887 1526 2980 facta·
1550 2888 1911 2952 constiterit
1945 2938 1957 2950 .
1992 2939 2004 2950 .
2040 2938 2053 2952 .
2086 2905 2237 2951 nam
2269 2889 2457 2970 quale
2490 2888 2611 2953 erit
2642 2888 2790 2952 illud
2825 2891 3022 2953 sacri-

410 2995 641 3073 ficium,
674 2997 777 3059 cui
809 3014 930 3060 nec
962 2996 1099 3077 ipse
1130 2995 1499 3060 sacrificans
1531 2995 1850 3076 particeps
1882 3013 2025 3060 esse
2057 2997 2465 3074 cognoscitur
2478 2997 2544 3058 P«

586 3106 735 3169 417.
767 3102 914 3169 111.
978 3100 1416 3167 Eucharistiae
1463 3099 1789 3165 celebratio
1840 3102 1933 3164 ita
1983 3107 2069 3164 est
2119 3103 2519 3185 sacrificium,
2571 3109 2638 3166 ut
2686 3105 2872 3167 simul
2903 3125 3026 3169 esse

413 3207 630 3272 debeat
666 3211 1158 3272 commemoratio
1196 3209 1491 3291 sacrificii
1540 3209 1764 3290 crucis,
1813 3207 2084 3290 ideoque
2134 3207 2515 3273 sacrificium
2567 3211 3026 3276 relativum.

413 3314 600 3394 Quod
651 3317 706 3385 1.
755 3314 1066 3397 colligitur
1110 3336 1189 3382 ex
1240 3323 1293 3384 1.
1347 3315 1487 3381 Cor.
1527 3320 1626 3392 11,
1660 3318 1778 3385 25:
1841 3314 1978 3381 Hoc
2018 3318 2230 3400 facite,
2276 3319 2751 3403 quotiescunque
2795 3318 3028 3402 bibetis,

418 3425 481 3485 in
515 3443 712 3487 ineam
746 3426 1395 3487 commemorationem.
1429 3422 1916 3506 Quotiescunque
1947 3425 2108 3486 enim
2140 3425 2601 3488 manducabitis
2612 3446 2846 3508 panem
2867 3426 3029 3490 hunc

414 3536 469 3591 et
500 3529 748 3593 calicem
794 3529 1025 3612 bibetis,
1057 3537 1311 3594 mortem
1343 3529 1606 3593 Domini
1637 3529 2128 3605 annunciabitis
2161 3531 2350 3594 donec
2380 3533 2602 3599 veniat.
2635 3532 2808 3597 Idem
2842 3533 3030 3597 docet

590 3639 658 3706 2.
692 3637 1030 3701 concilium
1062 3637 1244 3701 trid.
1274 3655 1428 3701 sess,
1463 3641 1549 3705 22
1584 3655 1722 3717 cap.
1750 3643 1782 3706 1
1820 3642 2127 3714 statuenS,
2162 3635 2482 3701 Christum
2513 3638 2846 3721 reliquisse
2886 3656 3029 3712 „sa-

416 3742 738 3820 crificium,
771 3763 898 3827 quo
930 3750 1267 3809 cruentum
1300 3743 1453 3808 illud
1486 3743 1685 3807 semel
1718 3743 1784 3805 in
1815 3760 2004 3808 cruce
2037 3743 2474 3825 peragendum
2505 3751 3028 3825 repraesentare-

419 3858 522 3914 tur
553 3851 819 3933 ejusque
850 3853 1163 3917 memoria
1194 3853 1259 3916 in
1290 3852 1482 3917 finem
1515 3870 1719 3934 usque
1751 3851 1951 3915 seculi
1980 3858 2454 3933 permaneret3‘
2496 3858 2559 3916 et
2578 3851 2865 3917 Ecclesia
2884 3871 3030 3916 cum

415 3956 744 4037 profitetur
788 3959 879 4045 (in
929 3977 1019 4023 or.
1070 3978 1232 4025 secr.
1279 3959 1445 4023 dom.
1480 3959 1579 4023 IX.
1630 3964 1774 4040 post
1809 3957 2123 4046 Pentec.):
2193 3958 2495 4037 ,Quoties
2543 3958 2732 4040 hujus
2781 3959 3030 4023 hostiae

418 4067 951 4129 commemoratio
985 4064 1367 4141 celebratur,
1402 4084 1563 4148 opus
1596 4071 1857 4130 nostrae
1889 4065 2345 4146 redemptionis
2377 4072 2765 4131 exercetur«

596 4172 659 4241 3.
690 4171 829 4236 Hoc
862 4172 1096 4237 docent
1125 4180 1377 4254 patres;
1411 4173 1503 4237 ita
1534 4171 1637 4254 Cy
1658 4173 2004 4254 prianus
2038 4191 2133 4252 ep.
2168 4177 2251 4241 63
2286 4191 2344 4235 n.
2380 4176 2452 4240 9:
2493 4170 2711 4246 ,Unde
2745 4180 3031 4254 apparet,

421 4279 795 4358 sanguinem
818 4277 1053 4344 Christi
1074 4298 1206 4343 non
1228 4279 1459 4355 offerri,
1493 4280 1546 4342 si
1579 4279 1742 4342 desit
1775 4279 1992 4343 vinum
2026 4278 2225 4354 calici,
2258 4295 2377 4342 nec
2410 4278 2791 4343 sacrificium
2824 4279 3030 4343 domi-

420 4385 635 4449 nicum
666 4385 949 4466 legitima
968 4385 1478 4451 sanctificatione
1500 4385 1828 4460 celebrari,
1849 4386 1970 4448 nisi
1990 4384 2231 4449 oblatio
2254 4393 2319 4449 et
2339 4385 2724 4449 sacrificium
2741 4393 3032 4450 nostrum

418 4491 820 4573 responderit
849 4492 1188 4574 passioni.‘

594 4623 688 4680 Ita
733 4622 1220 4681 Gaudentius
1264 4623 1410 4681 brix.
1445 4640 1615 4684 serm.
1653 4631 1686 4683 2
1732 4622 1805 4680 ad
1837 4621 2199 4697 neophytos:
2250 4622 2340 4690 „A
2375 4622 2606 4680 Christo
2638 4621 2908 4680 instituti
2940 4639 3032 4679 sa-

420 4711 623 4770 crificii
643 4712 913 4770 coelestis
933 4730 1170 4770 causam
1189 4711 1595 4787 rationemque
1615 4729 1926 4770 noscamus
1960 4756 1972 4768 .
2008 4755 2021 4768 .
2058 4754 2070 4766 .
2103 4710 2311 4769 Voluit
2341 4711 2628 4769 beneficia
2659 4729 2768 4769 sua
2799 4728 3034 4769 manere
