3538 5364
495 381 641 446 646
1308 371 1501 426 Tract.
1527 371 1593 424 X.
1620 370 1690 424 de
1717 369 1837 424 Deo
1865 370 2337 425 consummatore.

500 578 575 619 ac
601 565 761 618 node
790 558 969 635 Apoe.
1010 566 1106 628 14,
1148 568 1215 621 11
1261 552 1347 640 (n.
1381 552 1554 640 658).
1601 556 1799 633 Ipsam
1828 555 2051 615 inferni
2083 554 2655 614 exsistentiam
2679 551 3047 629 juxtadicta
3074 554 3159 613 in-

500 648 663 708 thesi
696 656 821 710 269
857 646 1042 707 etiam
1085 647 1151 705 in
1196 646 1476 706 concione
1504 646 1732 721 poteris
1766 645 2035 721 probare.
2099 643 2270 714 Quod
2320 643 2371 703 si
2416 661 2744 720 poenarum
2788 662 2823 702 a
2838 643 3101 703 eterni
3116 676 3141 688 -

501 740 531 796 t
548 740 744 797 atem
787 735 1090 795 vindicare
1133 736 1283 794 velis
1327 753 1522 794 coram
1553 735 1916 794 cultioribus
1950 728 2171 816 (coram
2201 732 2451 792 incultis
2496 731 2560 790 id
2606 750 2728 790 non
2776 732 2894 791 erit
2937 750 3146 792 neces-

504 826 748 897 sarium,
794 824 995 884 minus
1041 819 1488 907 opportunum),
1535 825 1783 883 ostende
1830 840 1894 887 a.
1944 821 2286 882 incredulos
2319 840 2439 880 non
2471 820 2688 880 babere
2719 821 2980 881 rationes
3014 821 3141 881 suf-

503 914 787 987 ficienteS,
819 914 1041 990 quibus
1072 913 1263 972 innixi
1290 913 1460 972 illam
1489 915 1711 990 negent
1745 907 1830 994 (n.
1867 907 2045 992 659),
2098 930 2226 970 eam
2272 907 2347 973 b.
2395 929 2515 970 non
2559 928 2686 970 esse
2731 910 2877 970 adeo
2922 910 3153 971 rationi

503 1003 876 1075 contrariam,
908 1003 1030 1062 imo
1062 1003 1267 1078 potius
1297 1016 1361 1068 e.
1390 1020 1717 1062 consonam⁴
1741 997 1827 1084 (n.
1865 997 2040 1084 660).

688 1136 834 1191 692.
864 1122 1012 1189 III.
1061 1126 1229 1187 Sicut
1271 1125 1507 1198 inferni,
1555 1127 1641 1185 ita
1684 1129 1746 1186 et
1791 1124 2343 1185 beatitudinis
2390 1124 2663 1184 coelestis
2688 1123 2918 1199 juverit
2948 1125 3145 1183 consi-

504 1217 710 1276 derare
746 1211 806 1278 1.
839 1215 1387 1287 altitudinem,
1420 1234 1574 1292 quae
1604 1218 1781 1274 tanta
1810 1218 1925 1289 est,
1959 1218 2030 1274 ut
2060 1215 2133 1273 de
2165 1233 2239 1274 ea
2269 1214 2491 1274 scribat
2509 1213 2733 1272 Paulus
2761 1212 3041 1284 1.0or.·‘2,
3070 1222 3141 1276 9:

507 1305 721 1365 Oculus
750 1323 867 1363 non
895 1305 1057 1373 vidit,
1092 1322 1191 1363 nec
1219 1306 1393 1363 auris
1422 1306 1665 1381 audivit,
1700 1324 1804 1364 nec
1830 1306 1894 1363 in
1925 1323 2026 1364 cor
2054 1305 2304 1363 hominis
2322 1304 2600 1377 ascendit,
2632 1321 2782 1380 quae
2803 1318 3148 1378 praepara·

505 1397 584 1454 υἰέ
607 1395 762 1453 Deus
789 1395 883 1470 iis,
918 1395 1020 1470 qui
1047 1394 1296 1471 diliqunt
1324 1394 1509 1452 illum.
1559 1394 1671 1453 Est
1701 1394 1863 1452 enim
1895 1413 1966 1453 ea
1995 1394 2170 1469 plane
2188 1392 2475 1464 indebita,
2510 1391 3006 1468 supernaturalis,
3042 1410 3144 1450 ex-

506 1483 720 1543 cedens
753 1500 987 1541 omnem
1019 1481 1380 1560 exigentiam
1412 1483 1692 1559 viresque
1723 1486 1952 1541 creatas
1987 1478 2070 1565 (n.
2106 1479 2278 1564 677).

684 1602 749 1672 2.
781 1607 927 1682 Ejus
959 1607 1205 1666 latitu
1224 1607 1259 1666 d
1277 1626 1312 1667 o
1342 1610 1514 1667 tanta
1530 1610 1639 1679 est,
1671 1611 1744 1667 ut
1762 1608 1902 1667 beet
1928 1610 2006 1666 to
2024 1610 2182 1666 tum
2214 1607 2515 1666 hominem
2536 1604 2863 1664 secundum
2884 1605 3146 1664 animam

506 1700 570 1758 et
600 1714 829 1772 corpus,
878 1697 1114 1773 expleat
1158 1714 1371 1756 omne
1417 1696 1787 1756 desiderium
1821 1696 2151 1756 secundum
2181 1696 2338 1755 illud
2368 1697 2464 1758 Ps.
2502 1703 2647 1766 102,
2685 1705 2754 1758 5:
2812 1695 2924 1767 Qui
2966 1696 3154 1759 replet

505 1789 571 1845 in
617 1785 780 1844 bonis
829 1804 990 1844 omne
1036 1786 1389 1846 desiderium
1436 1793 1615 1845 tuum.
1683 1786 1899 1856 ,Quod
1942 1785 2189 1862 quidem
2235 1787 2421 1862 patet,
2473 1783 2675 1860 inquit
2726 1801 2771 1842 s.
2821 1783 3147 1842 Thomas

508 1894 557 1935 c.
586 1877 796 1952 gentes
826 1875 932 1943 III,
969 1884 1069 1945 63,
1103 1874 1466 1934 discurrenti
1497 1893 1604 1951 per
1635 1875 1894 1951 singula.
1958 1875 2074 1934 Est
2118 1874 2278 1933 enim
2327 1886 2392 1937 a.
2440 1873 2736 1951 quoddam
2780 1872 3147 1931 desiderium

505 1963 783 2035 hominis,
816 1964 881 2022 in
911 1967 1202 2038 quantum
1230 1964 1655 2023 intellectualis
1688 1965 1797 2035 est,
1848 1964 1921 2023 de
1968 1963 2326 2041 cognitio
2346 1982 2434 2022 ne
2465 1962 2738 2022 veritatis
2772 2007 2786 2020 .
2818 2005 2832 2019 .
2866 2006 2881 2019 .
2927 1963 2989 2020 et
3031 1961 3151 2021 hoc

508 2052 753 2130 quidem
785 2052 1098 2112 manifeste
1129 2053 1195 2112 in
1225 2054 1333 2112 illa
1361 2053 1591 2112 visione
1615 2052 2149 2124 consummabitur,
2185 2053 2422 2128 quando
2453 2071 2560 2128 per
2589 2050 2881 2110 visionem
2913 2049 3151 2126 primae

505 2142 780 2201 veritatis
813 2142 1027 2214 omnia,
1060 2161 1214 2218 quae
1241 2142 1587 2201 intellectus
1608 2142 1970 2200 naturaliter
2000 2142 2149 2201 scire
2183 2141 2499 2212 desiderat,
2534 2140 2588 2198 ei
2619 2140 2998 2199 innotescent
3029 2186 3045 2203 .
3076 2187 3093 2203 .
3127 2190 3150 2204 .

504 2231 612 2290 Est
658 2230 838 2290 etiam
882 2227 957 2293 b.
1004 2231 1300 2306 quoddam
1333 2229 1592 2290 hominis
1626 2230 2011 2302 desiderium,
2061 2230 2390 2289 secundum
2429 2228 2591 2305 quod
2620 2229 2799 2288 habet
2828 2228 3147 2301 rationem,

505 2340 627 2397 qua
656 2319 941 2378 inferiora
971 2318 1286 2396 disponere
1318 2322 1520 2396 potest
1550 2364 1564 2378 .
1600 2366 1613 2379 .
1646 2365 1661 2378 .
1707 2320 1880 2390 Quod
1911 2319 2155 2395 quidem
2186 2318 2569 2389 desiderium,
2616 2317 3035 2393 principaliter
3067 2318 3144 2376 ad

504 2410 618 2468 hoc
648 2411 760 2479 est,
807 2410 881 2466 ut
909 2411 1039 2468 tota
1068 2409 1327 2468 hominis
1359 2409 1486 2468 vita
1516 2407 1846 2468 secundum
1876 2408 2171 2468 rationem
2202 2408 2591 2484 disponatur;
2622 2406 2784 2482 quod
2816 2409 2911 2465 est
2939 2406 3151 2466 vivere

506 2497 836 2557 secundum
867 2496 1250 2557 virtutem
1283 2542 1297 2557 .
1329 2543 1342 2558 .
1377 2542 1391 2557 .
1441 2498 1567 2557 Hoc
1614 2499 1815 2557 autem
1862 2497 2226 2557 desiderium
2272 2499 2420 2556 tunc
2452 2496 2696 2556 omnino
2728 2494 3147 2572 complebitur,

506 2585 744 2664 quando
774 2587 930 2646 ratio
962 2586 1026 2646 in
1059 2605 1293 2646 summo
1322 2587 1529 2664 vigore
1562 2586 1698 2658 erit,
1734 2586 1938 2646 divino
1969 2586 2195 2646 lumine
2226 2586 2549 2655 illustrata,
2596 2604 2671 2645 ne
2719 2605 2754 2645 a
2802 2587 2964 2643 recto
2997 2584 3145 2644 defi·

506 2695 638 2736 cere
667 2675 862 2753 possit
892 2723 905 2737 .
939 2724 952 2737 .
986 2723 1001 2738 .
1039 2691 1106 2741 e.
1139 2675 1233 2736 Ad
1265 2695 1561 2736 summam
1592 2675 1922 2736 honoris
1955 2674 2338 2736 altitudinem
2370 2695 2479 2752 per
2508 2674 2676 2735 illam
2708 2675 2999 2735 visionem
3031 2673 3143 2733 Dei

504 2765 775 2825 homines
805 2766 1227 2837 sublimantur,
1260 2766 1327 2825 in
1358 2769 1656 2842 quantum
1690 2766 1814 2825 Deo
1848 2765 2280 2840 quodammodo
2310 2765 2612 2824 uniuntur
2643 2810 2656 2823 .
2692 2809 2705 2823 .
2739 2810 2753 2823 .
2790 2764 2870 2822 Et
2899 2766 3148 2840 propter

507 2855 632 2925 hoc,
667 2853 828 2913 sicut
857 2854 987 2930 ipse
1021 2856 1180 2915 Deus
1211 2874 1316 2914 rex
1349 2855 1689 2914 seculorum
1721 2856 1830 2922 est,
1879 2854 1966 2913 ita
2007 2859 2070 2914 et
2113 2854 2276 2914 beati
2319 2854 2374 2912 ei
2420 2853 2724 2929 conjuncti
2769 2870 3019 2930 regnare
3048 2851 3145 2911 di-

508 2947 733 3002 cuntur
762 2945 943 3020 Apoc.
980 2952 1080 3016 20,
1117 2954 1186 3007 5:
1227 2944 1567 3021 Reynabunt
1597 2963 1728 3002 cum
1767 2943 1999 3002 Christo
2034 2988 2048 3002 .
2080 2988 2094 3002 .
2127 2989 2141 3002 .
2192 2941 2263 3006 d.
2311 2942 2482 3002 Beati
2514 2962 2621 3020 per
2651 2942 2817 3001 illam
2849 2941 3142 3001 visionem

507 3031 846 3092 redduntur
878 3032 1140 3092 celebres
1172 3051 1291 3091 non
1324 3033 1651 3092 secundnm
1683 3032 2014 3104 bominum,
2061 3033 2164 3108 qui
2211 3031 2407 3108 decipi
2452 3035 2515 3091 et
2560 3031 2825 3107 decipere
2869 3034 3142 3107 possunt,

507 3121 867 3197 opinionem,
903 3122 1007 3180 sed
1027 3121 1355 3181 secundum
1375 3122 1746 3181 verissimam
1767 3122 2171 3198 cognitionem
2205 3124 2267 3180 et
2284 3121 2394 3180 Dei
2427 3124 2489 3180 et
2519 3121 2785 3179 omnium
2809 3119 3139 3182 beatorum.

505 3210 586 3268 Et
629 3210 765 3269 ideo
811 3209 915 3268 illa
958 3209 1269 3270 beatitudo
1312 3211 1377 3269 in
1422 3229 1466 3269 S.
1509 3210 1816 3287 Scriptura
1846 3211 2334 3287 frequentissime
2365 3209 2622 3287 gloria
2651 3209 2999 3267 nominatur
3029 3252 3043 3266 .
3078 3253 3091 3265 .
3123 3255 3143 3267 .

507 3312 568 3364 θ.
599 3298 671 3356 In
703 3298 807 3356 illa
837 3297 1213 3358 beatitudine
1244 3301 1337 3358 est
1367 3299 1658 3359 bonorum
1690 3301 1960 3359 omnium
1993 3298 2523 3369 sufficientia,
2556 3298 2620 3357 in
2655 3301 2949 3375 quantum
2982 3297 3144 3357 beati

505 3387 903 3463 perfruuntur
931 3387 1057 3459 illo,
1105 3388 1212 3464 qui
1256 3389 1703 3465 comprehendit
1736 3389 2005 3447 omnium
2036 3388 2327 3447 bonorum
2359 3387 2780 3464 perfectionem
2814 3431 2828 3445 .
2863 3432 2875 3444 .
2909 3430 2924 3445 .
2970 3381 3025 3452 f.
3070 3388 3143 3445 In

505 3476 620 3535 illa
648 3475 937 3534 felicitate
967 3480 1058 3535 est
1087 3477 1523 3537 delectatio
1557 3477 2007 3554 perfectissima,
2039 3480 2209 3537 tanto
2242 3476 2482 3553 quidem
2516 3476 2834 3552 persectior
2863 3493 2949 3547 ea,
2990 3494 3147 3550 quaa

508 3563 841 3623 secundum
875 3582 1112 3625 sensum
1157 3569 1267 3643 est,
1316 3585 1436 3641 qua
1479 3569 1541 3625 et
1587 3566 1765 3625 bruta
1806 3566 2087 3626 animalia
2116 3566 2345 3643 perfrui
2379 3567 2648 3641 possunt,
2701 3567 2927 3641 quanto
2959 3564 3144 3623 intel-

508 3653 709 3713 lectus
741 3656 836 3712 est
878 3654 1056 3714 altior
1087 3673 1269 3715 sensu
1301 3675 1328 3711 .’
1349 3699 1362 3713 .
1395 3699 1410 3714 .
1456 3670 1524 3734 g.
1569 3655 1679 3714 Est
1725 3656 1906 3715 etiam
1951 3656 2227 3714 naturale
2258 3654 2622 3714 desiderium
2651 3654 2930 3713 omuibus
2960 3654 3143 3713 rebus

507 3760 842 3814 commune,
873 3762 981 3820 per
1009 3743 1172 3820 quod
1203 3762 1384 3804 cons
1402 3744 1657 3803 ervati
1675 3763 1889 3804 onem
1923 3745 2019 3803 sui
2052 3744 2392 3804 desiderant
2422 3791 2436 3807 .
2470 3791 2486 3807 .
2519 3792 2536 3809 .
2567 3741 2737 3813 Quod
2758 3742 3004 3818 quidem
3035 3742 3141 3802 de·

507 3830 798 3891 siderium
842 3834 992 3891 tunc
1036 3833 1279 3892 omnino
1316 3832 1733 3909 complebitur,
1781 3834 2020 3909 quando
2053 3833 2213 3892 beati
2245 3833 2567 3910 perfectam
2601 3831 3147 3908 sempiternitatem

505 3922 951 3996 consequentur
994 3921 1068 3979 ab
1114 3922 1275 3981 omni
1304 3924 1661 3982 nocumento
1696 3923 1906 3992 securi,
1950 3922 2279 3982 secundum
2312 3922 2466 3981 illud
2496 3922 2572 3981 Is.
2609 3931 2711 3992 49,
2754 3933 2831 3986 10
2863 3924 2928 3980 et
2956 3923 3145 3997 Apoc.

507 4017 566 4081 7,
624 4019 734 4072 16:
783 4009 919 4068 Non
962 4013 1234 4086 esurient,
1278 4029 1456 4088 neque
1485 4013 1678 4070 sitient
1707 4013 1984 4088 amplius,
2032 4027 2212 4088 noque
2240 4012 2403 4070 cadet
2434 4029 2610 4087 super
2638 4012 2769 4069 illos
2808 4012 2911 4087 sol,
2959 4029 3138 4087 neque

500 4098 661 4157 uuus
691 4105 906 4156 aestus.
970 4098 1065 4157 Sic
1109 4099 1302 4177 igitur
1331 4102 1498 4175 patet
1528 4101 1685 4176 quod
1721 4119 1829 4176 per
1858 4100 2151 4160 visionem
2180 4100 2444 4161 divinam
2476 4102 2930 4175 consequuntur
2958 4099 3144 4159 intel-

500 4185 797 4245 lectuales
829 4187 1203 4248 substantiae
1233 4207 1433 4248 veram
1463 4188 1829 4261 felicitatem,
1874 4189 1940 4248 in
1985 4207 2106 4265 qua
2150 4189 2392 4250 omnino
2437 4188 2799 4248 desiderium
2831 4188 3142 4264 quietatur

502 4276 566 4333 et
595 4274 663 4334 in
695 4294 816 4351 qua
844 4278 940 4335 est
968 4276 1143 4352 plena
1172 4277 1534 4338 sufficientia
1564 4278 1830 4337 omnium
1867 4279 2218 4338 bonorum.‘

682 4376 747 4447 3.
780 4381 969 4442 Tanta
1012 4385 1153 4443 vero
1199 4386 1291 4443 est
1334 4383 1515 4459 hujus
1548 4383 1946 4443 beatitudinis
1978 4403 2017 4460 p
2034 4383 2161 4443 rof
2167 4383 2321 4443 und
2339 4384 2358 4442 i
2375 4387 2496 4443 tas
2527 4386 2600 4443 ut
2630 4382 2907 4443 excludat
2937 4397 3004 4446 a.
3038 4384 3140 4443 vel

505 4469 653 4527 mali
683 4469 991 4530 umbram:
1022 4490 1161 4531 nam
1192 4473 1661 4549 absterqetDeus
1690 4490 1916 4531 omnem
1947 4474 2267 4550 lacrymam
2300 4474 2375 4532 ab
2404 4474 2583 4533 oculis
2613 4491 2837 4546 eorum,
2883 4479 2935 4530 et
2978 4490 3147 4532 mors

499 4558 662 4616 ultra
690 4576 805 4616 non
846 4561 977 4636 erit,
1024 4580 1200 4638 neque
1229 4563 1434 4638 luctus,
1481 4580 1661 4639 neque
1689 4562 1931 4638 clamor,
1979 4581 2156 4639 neque
2185 4563 2354 4621 dolor
2383 4564 2495 4621 erit
2524 4563 2704 4639 ultra,
2754 4563 2896 4639 quia
2932 4562 3141 4637 prima

500 4645 768 4708 abierunt
796 4648 982 4723 Apoc.
1017 4658 1117 4722 21,
1151 4661 1209 4713 4.
1273 4650 1564 4710 Excludet
1607 4647 1677 4717 b.
1723 4670 1922 4711 amore
1955 4651 2175 4710 summi
2206 4652 2351 4711 boni
2380 4651 2670 4711 radicitus
2718 4650 2812 4721 vel
2853 4651 3136 4727 peccandi

499 4735 970 4811 possibilitatem
1000 4733 1110 4818 (th.
1146 4735 1317 4821 275).
1382 4739 1510 4807 Imo
1556 4754 1619 4807 (3.
1664 4740 1826 4814 beati
1870 4740 2313 4800 inebriabuntur
2349 4742 2423 4800 ab
2452 4741 2711 4800 ubertate
2741 4741 2949 4814 domus
2978 4747 3136 4816 tuae,

500 4829 555 4883 d
584 4831 836 4885 tor-reme
865 4826 1172 4901 voluptatis
1197 4828 1428 4904 potabis
1456 4847 1549 4888 eos
1579 4829 1674 4888 Ps.
1711 4838 1814 4901 35,
1849 4839 1915 4893 8.
1971 4829 2118 4905 Ejus
2151 4848 2292 4890 vero
2758 4873 2781 4880 1·
