3538 5364
1342 299 1591 368 potestas
1620 297 1679 350 in
1708 296 2156 351 mati-imonium.
2926 306 3065 371 589-

446 482 673 545 Petrus
705 478 749 544 S
766 488 901 544 oto
934 480 1013 544 de
1035 480 1312 543 matrim.
1334 479 1473 544 lect.
1495 483 1556 555 4,
1590 478 1639 542 C
1655 478 1791 542 ath
1807 497 1848 541 a
1870 478 1997 541 rin
2013 498 2102 542 us
2134 479 2198 541 in
2220 496 2434 559 opusc.
2457 477 2536 541 de
2560 478 2765 543 cland.
2787 480 3064 560 conjug,

445 588 916 670 quadamtenus
949 594 1014 650 et
1046 584 1205 649 San
1226 586 1420 650 chez
1452 585 1532 669 doe
1564 584 1840 649 matrim.
1876 583 1911 647 l.
1950 591 1982 653 ’ἰ
2019 585 2075 647 d.
2111 589 2151 652 3
2184 603 2242 648 n.
2277 591 2317 654 2
2351 605 2434 649 55.
2469 586 2710 666 opinati
2742 594 2911 661 sunt,
2944 606 3051 649 so-

443 693 735 759 lemniter
767 692 1054 757 declarat
1084 692 1226 755 Piu
1246 714 1275 755 s
1307 692 1405 755 Vl.
1429 697 1491 756 et
1512 691 1905 756 evincitcan.
1937 697 2014 760 12
2034 710 2188 755 5555.
2212 698 2297 761 24
2332 710 2510 755 conc.
2544 691 2724 758 trid.
2760 695 2844 780 (n.
2864 694 3054 780 628):

452 797 726 875 ,Omnes
759 798 845 862 illi
878 799 1279 864 anathemati
1328 798 1768 881 subjiciuntur,
1819 797 1927 880 qui
1979 816 2212 861 causas
2260 798 2771 862 matrimoniales
2820 808 3058 879 negant

442 908 761 988 pertinere
795 906 878 970 ad
910 905 1259 970 Ecclesiam
1293 913 1358 971 et
1388 904 1866 971 ecclesiasticos
1892 905 2170 986 jndices:
2204 924 2331 987 quo
2365 905 2622 988 quidem
2642 924 2891 970 canone
2910 923 3065 970 cer-

445 1019 579 1077 tum
611 1020 729 1089 est,
760 1031 891 1076 non
924 1031 1038 1076 eos
1071 1012 1265 1076 modo
1298 1012 1773 1093 comprehendi,
1824 1011 1935 1093 qui
1968 1012 2219 1088 docent,
2268 1031 2409 1077 5555
2441 1031 2839 1077 summarum
2871 1021 3057 1094 pote-

443 1126 684 1184 statum
704 1119 892 1200 hujus
913 1119 1111 1183 seculi
1140 1117 1314 1199 leges
1334 1119 1412 1183 de
1432 1116 1672 1198 nuptiis
1709 1119 1938 1194 dicere,
1974 1117 2088 1182 sed
2122 1136 2236 1181 eos
2272 1136 2546 1200 quoque,
2581 1120 2688 1201 qui
2721 1120 2900 1182 lactis
2932 1120 3064 1182 hoc

444 1227 654 1309 ipsum
687 1225 1085 1301 confirmant,
1119 1225 1352 1308 quique
1386 1227 1836 1290 auctoritatem
1857 1225 2317 1288 nanciscuntur
2348 1243 2388 1288 a
2420 1224 2588 1289 laica
2619 1231 2958 1306 potestate,
2992 1234 3060 1290 et

445 1332 551 1415 qui
582 1351 812 1396 causas
845 1331 1151 1395 nullitatis
1182 1330 1572 1395 matrimonii
1606 1339 1937 1414 tamquam
1968 1331 2123 1412 regii
2155 1329 2428 1411 delegati
2459 1331 2825 1396 definiunt«

624 1461 683 1528 l.
715 1455 885 1522 Sane
919 1457 974 1521 si
1006 1457 1488 1521 matrimonium
1534 1464 1633 1521 est
1679 1462 2159 1520 sacramentum
2206 1463 2271 1521 et
2317 1457 2459 1520 ideo
2494 1456 2719 1523 subest
2750 1457 3056 1539 potestati

441 1563 765 1629 Ecclesiae
798 1564 1060 1646 ejusque
1081 1562 1637 1637 administrationi,
1670 1581 1747 1626 eo
1784 1562 1924 1644 ipso
1959 1560 2216 1639 nullam,
2251 1563 2421 1645 quod
2454 1562 2779 1627 vinculum
2803 1564 3054 1639 attinet,

442 1670 764 1752 principes
785 1670 1025 1735 habere
1046 1676 1318 1750 possunt
1347 1669 1413 1732 in
1444 1668 1595 1732 illud
1617 1675 2022 1750 potestatem,
2044 1668 2169 1732 nisi
2190 1668 2500 1745 dicamuS,
2535 1675 2599 1734 et
2620 1669 2775 1751 ipsis
2797 1670 3060 1751 dispen-

442 1779 758 1843 sationem
791 1776 1543 1857 administrationemque
1577 1783 2135 1840 sacramentorum
2170 1795 2316 1841 esse
2351 1777 2802 1841 concreditam.

618 1903 685 1971 2.
721 1900 787 1965 Si
840 1901 959 1983 ipsi
1008 1900 1325 1982 principes
1375 1907 1646 1982 possunt
1696 1901 1836 1982 pari
1878 1900 2023 1982 jure
2072 1907 2358 1965 statuere
2409 1900 2865 1984 impedimenta
2896 1904 3058 1967 diri-

444 2010 703 2084 mentia,
734 2008 1018 2072 Ecclesia
1050 2027 1159 2071 eos
1194 2008 1425 2089 inJuria
1471 2007 1753 2073 afficeret
1801 2006 2197 2073 declarando
2246 2015 2389 2071 rata
2422 2008 2855 2085 matrimonia,
2888 2030 3059 2093 quae

443 2116 560 2179 illis
592 2122 744 2179 sunt
776 2116 975 2191 irrita,
1008 2122 1072 2179 et
1103 2114 1397 2176 vicissim.
1432 2113 1508 2176 Et
1540 2113 1771 2178 iterum
1803 2114 1858 2177 si
1890 2113 2283 2194 principibus
2304 2133 2687 2195 persuasum
2723 2115 2961 2191 suisset,
2985 2137 3055 2182 se

446 2223 670 2287 eodem
696 2223 839 2304 jure
870 2239 1063 2302 posse
1096 2222 1176 2285 de
1208 2222 1419 2284 causis
1445 2222 1736 2302 judicare
1768 2220 2370 2297 matrimonialibuS,
2393 2221 2566 2286 nulla
2585 2231 2853 2304 apparet
2870 2225 3054 2301 ratic,

444 2349 557 2393 cur
588 2347 820 2394 causas
868 2348 1020 2392 suas
1066 2327 1407 2393 detulerint
1452 2327 1532 2391 ad
1582 2347 1892 2392 romanos
1938 2330 2286 2409 pontificeS,
2335 2337 2399 2393 et
2442 2329 2525 2392 ab
2577 2328 2699 2393 illis
2731 2332 3060 2411 potuerint

442 2436 582 2517 cogi
616 2437 698 2500 ad
731 2436 1129 2517 sequendum
1163 2434 1359 2498 latum
1397 2435 1477 2498 ab
1511 2435 1662 2516 ipsis
1687 2436 2014 2517 judicium,
2049 2436 2168 2500 etsi
2201 2455 2394 2518 saepe
2427 2436 2762 2515 ingratum.

619 2566 683 2631 3.
715 2561 884 2624 Fieri
931 2561 1151 2642 nequit
1199 2561 1300 2624 vel
1349 2561 1576 2625 saltem
1628 2579 1986 2643 congruum
2036 2581 2167 2625 non
2199 2569 2315 2637 est,
2365 2567 2436 2625 ut
2482 2562 2708 2627 eadem
2741 2580 2940 2626 causa
2972 2564 3058 2627 ad

442 2668 603 2732 duas
648 2674 936 2750 potestas
981 2687 1250 2751 prorsus
1296 2668 1583 2733 diversas
1628 2668 1880 2750 sibique
1926 2687 2121 2751 saepe
2167 2668 2526 2734 contrarias
2574 2688 2779 2752 aeque
2825 2676 2889 2734 et
2933 2669 3053 2733 iin-

443 2776 717 2840 mediate
750 2776 1082 2857 pertineat,
1117 2793 1197 2839 ne
1230 2775 1452 2840 efficax
1486 2783 1768 2856 ponatur
1800 2793 2001 2840 causa
2050 2778 2528 2841 controversiae
2568 2784 2632 2841 et
2670 2777 2909 2841 dissidii
2941 2797 3056 2859 pe-

439 2883 656 2947 rennis
689 2882 936 2964 absque
968 2882 1179 2946 medio
1212 2881 1365 2946 illud
1397 2883 1829 2964 peremptorie
1880 2883 2334 2965 componendi:
2385 2883 2554 2949 Deus
2605 2884 2774 2948 enim
2825 2893 3059 2949 auctor

440 3009 568 3054 non
602 2997 701 3055 est
732 2990 1109 3064 discordiae,
1141 2989 1254 3052 sed
1287 2996 1542 3053 amator
1573 2990 1957 3055 harmoniae
1991 2997 2055 3054 et
2086 2992 2280 3072 pacis
2315 2990 2509 3073 Atqui
2532 2998 2822 3073 potestas
2855 2991 3055 3056 civilis

442 3104 505 3162 et
536 3096 975 3162 ecclesiastica
1005 3102 1155 3160 sunt
1173 3115 1435 3178 prorsus
1457 3096 1768 3161 diversae.
1803 3095 1965 3177 Ergo
1999 3117 2127 3160 non
2163 3097 2414 3163 videtur
2446 3097 2797 3179 probabile,
2830 3101 3054 3164 matri-

443 3204 726 3266 monium
759 3203 1010 3286 utrique
1042 3203 1161 3266 sub
1196 3202 1422 3266 eodem
1472 3202 1704 3284 subjici
1750 3210 2066 3285 respectu.
2133 3203 2424 3267 Vidimus
2470 3223 2622 3269 vero
2657 3204 2828 3281 illud,
2879 3208 3051 3289 quod

444 3308 726 3374 valorem
758 3311 1006 3384 attinet,
1036 3318 1327 3392 spectare
1360 3309 1443 3373 ad
1475 3316 1868 3391 potestatem
1891 3308 2430 3374 ecclesiasticam:
2465 3330 2620 3392 ergo
2652 3312 2771 3376 sub
2807 3313 2931 3377 hoc
2952 3333 3057 3379 re-

440 3423 659 3497 spectu
720 3416 1118 3480 subtractum
1179 3417 1425 3481 censeri
1486 3416 1679 3481 debet
1739 3417 2044 3498 potestati
2108 3417 2293 3480 civili.
2356 3417 2672 3497 Quocirca
2723 3420 3059 3486 damnavit

442 3521 628 3586 Pius
660 3523 758 3586 IX.
791 3542 966 3605 prop.
1005 3530 1081 3591 71
1119 3522 1376 3604 syllabi:
1435 3522 1830 3596 >,Tridentini
1863 3522 2072 3587 forma
2107 3525 2227 3588 sub
2260 3525 2650 3589 infirmitatis
2682 3545 2892 3607 poena
2925 3546 3056 3590 non

439 3629 695 3710 obligat,
732 3630 839 3692 ubi
872 3629 971 3694 lex
1004 3630 1202 3693 civilis
1236 3629 1429 3692 aliam
1460 3629 1735 3694 formam
1767 3632 2166 3711 praestituat,
2213 3638 2280 3695 et
2312 3630 2462 3697 velit
2492 3633 2616 3695 hac
2648 3651 2820 3695 nova
2852 3632 3058 3697 forma

439 3737 900 3802 interveniente
933 3737 1412 3800 matrimonium
1445 3736 1709 3801 valere«
1752 3736 1840 3800 Cf.
1877 3737 2271 3803 Palmieri
2304 3737 2390 3802 th.
2426 3743 2542 3815 32;
2577 3737 2770 3803 Sasse
2791 3739 2878 3802 th.
2901 3741 3057 3805 Xlll.

622 3876 766 3942 6332.
800 3862 1149 3931 Scholion
1182 3862 1242 3930 I.
1308 3869 1393 3926 De
1437 3869 1750 3928 canonibus
1795 3870 2136 3928 ινὶἀεηιίηἰε.
2170 3903 2256 3912 --
2289 3870 2421 3928 Νοιι
2454 3888 2755 3928 moramur
2785 3890 2898 3942 eos,
2947 3874 3053 3948 qui

440 3975 558 4033 quo
590 3956 823 4015 facilius
856 3975 990 4016 suos
1021 3957 1094 4014 de
1126 3957 1504 4015 matrimonio
1539 3976 1787 4028 erroreS,
1820 3977 1967 4033 quos
1997 3959 2087 4016 his
2093 3977 2156 4017 ce
2177 3959 2450 4017 thesibus
2471 3958 2881 4031 retutavimus,
2918 3966 3050 4019 tue-

440 4051 636 4116 antur,
677 4045 1063 4111 contendunt,
1112 4064 1364 4105 canones
1396 4047 1574 4106 t'rid.
1609 4065 1749 4108 sess,
1788 4057 1868 4109 24
1902 4047 2215 4123 plerosque
2247 4066 2470 4117 οιιιιι55,
2519 4049 2869 4108 nominatim
2906 4061 2961 4112 4.
3002 4061 3054 4113 5.

445 4146 499 4196 6.
538 4146 592 4197 7.
628 4144 663 4197 8
700 4138 759 4192 et
787 4143 881 4203 12,
915 4152 1033 4193 non
1051 4153 1178 4193 5555
1199 4135 1577 4211 dogmaticos»,
1611 4135 1712 4195 sed
1746 4136 2316 4212 disciplinares
2348 4140 2602 4206 tantum,
2637 4137 2886 4213 ideoque
2920 4159 3051 4198 mu-

440 4223 670 4284 tabiles,
734 4223 921 4281 Nimis
955 4224 1113 4281 enim
1145 4224 1386 4283 evidens
1416 4229 1525 4294 551,
1572 4225 1636 4283 in
1683 4225 1755 4284 iis
1789 4226 1884 4302 agi
1917 4226 1988 4284 de
2021 4225 2301 4291 doctrina,
2351 4245 2469 4283 non
2502 4226 2573 4284 ‹le
2605 4226 2936 4304 disciplina,
2986 4237 3056 4287 ut

441 4316 608 4387 patet
637 4328 700 4377 a.
732 4331 799 4370 ex
832 4312 1019 4370 forma
1050 4313 1210 4388 ipsa:
1247 4313 1350 4381 ,Si
1373 4314 1508 4389 quis
1529 4314 1744 4373 dixerit
1765 4323 1822 4385 ς(
1859 4312 1928 4377 b.
1964 4333 2032 4372 ex
2066 4315 2196 4390 ipsa
2215 4314 2580 4374 definitionis
2601 4317 2866 4393 materia,
2903 4338 3054 4394 quae

441 4549 497 4584 n.
524 4536 627 4585 895
656 4529 925 4599 majorem
952 4528 1351 4583 auctoritatem
1380 4545 1408 4582 5
1424 4547 1456 4582 x
1476 4531 1543 4583 te
1561 4548 1587 4582 ι·
1603 4548 1641 4582 ιι
1658 4519 1691 4582 a
1708 4549 1762 4582 ιιι
1806 4547 1922 4583 esse
1965 4547 2067 4599 pro
2111 4530 2398 4584 sententia
2438 4547 2471 4583 a
2489 4531 2516 4583 f
2528 4531 2553 4583 f
2564 4531 2583 4583 i
2600 4549 2627 4583 r
2643 4550 2698 4584 m
2715 4548 2748 4583 a
2766 4550 2802 4584 ιι
2821 4535 2918 4586 te:
2959 4551 2986 4585 r
3002 4550 3059 4586 a·

443 4614 467 4663 t
482 4609 501 4662 i
518 4627 549 4664 o
566 4629 604 4663 ιι
622 4626 650 4663 5
667 4629 691 4662 5
733 4627 863 4664 vero
892 4609 1151 4663 meliores
1178 4626 1294 4662 esse
1337 4627 1439 4678 pro
1466 4610 1749 4664 sententia
1790 4632 1827 4666 n
1843 4627 1873 4665 e
1889 4631 1926 4680 g
1943 4628 1975 4664 a
1993 4630 2027 4663 n
2050 4614 2135 4667 te.
2189 4615 2415 4676 Quanta
2454 4629 2585 4667 vero
2628 4612 2702 4666 sit
2743 4613 3062 4667 auctoritas

443 4689 729 4744 societatis
754 4689 940 4744 civilis
980 4689 1036 4744 in
1079 4706 1107 4742 c
1124 4689 1161 4742 h
1180 4688 1283 4741 ris
1299 4689 1407 4741 tia
1425 4707 1460 4741 n
1478 4707 1508 4744 o
1526 4707 1553 4742 r
1570 4708 1606 4742 u
1625 4710 1677 4742 m
1721 4690 2148 4746 matrimonium
2191 4695 2454 4746 accurate
2501 4691 2738 4745 discut-it
2765 4691 2806 4742 Β
2824 4691 2842 4743 i
2863 4709 2891 4746 5
2909 4693 2944 4745 d
2963 4709 2992 4745 5
3008 4711 3059 4745 1·-

440 4770 610 4824 lack
638 4769 900 4825 Zeitschr.
931 4770 1021 4823 fur
1048 4770 1103 4823 k.
1130 4769 1325 4822 Theoi.
1354 4774 1503 4826 1893.
1532 4770 1705 4836 XVll,
1734 4777 2000 4828 655—77.
