3538 5364
1291 274 1350 325 et
1373 274 1604 326 actuum
1634 269 1997 326 salutarium.
2861 281 2942 344 31

313 475 503 532 neque
546 456 711 517 ratio
759 457 1060 527 meriti,
1112 459 1252 516 haec
1297 458 1455 516 enim
1496 458 1882 533 consequitur
1913 460 2080 516 aetus
2111 456 2373 515 valorem
2418 461 2479 516 et
2522 457 2798 533 pretium.
2864 457 2945 516 Of.

318 546 694 605 Palmieri
725 547 814 609 th.
853 556 952 611 25.

496 682 599 735 36.
635 674 956 749 Supposita
987 676 1188 732 autem
1219 672 1604 732 distinctione
1636 676 1806 732 actus
1839 670 2121 732 salutaris
2153 693 2187 731 a
2217 673 2477 732 naturali
2498 670 2581 749 (n.
2605 669 2733 753 26),
2769 690 2944 747 quae·

318 762 489 832 ritur,
521 782 673 821 num
708 766 880 821 actus
912 763 1207 832 salutaris,
1242 768 1312 822 ut
1344 764 1424 822 sit
1455 762 1781 822 secundnm
1802 762 2197 821 substantiam
2220 762 2707 838 supernaturalia,
2741 778 2944 820 neces·

318 851 472 911 sario
506 852 744 911 differat
774 852 950 910 etiam
984 851 1105 927 obj
1124 856 1293 911 ecto
1324 851 1400 910 ab
1431 851 1553 915 illo.
1603 852 1842 911 Certum
1875 851 2117 927 quidem
2148 856 2259 922 est,
2291 870 2430 911 eum
2460 870 2579 910 non
2610 850 2946 910 necessario

322 940 618 1018 distingui
648 941 879 1016 objecto
909 941 1339 1011 materiali,
1375 959 1510 999 cum
1544 944 1798 1015 uterque
1821 940 2011 1017 possit
2032 940 2257 999 versari
2279 942 2432 999 circa
2459 941 2613 999 idem
2647 940 2946 1016 objectum

318 1030 647 1093 materiale.
712 1030 1127 1089 Controversia
1170 1031 1362 1089 omnis
1408 1034 1517 1101 est,
1563 1048 1708 1089 num
1754 1029 2085 1089 necessario
2116 1031 2458 1105 requiratur
2490 1030 2790 1089 diversum
2839 1029 2945 1088 ob-

315 1121 544 1195 jectum
565 1138 674 1178 seu
694 1119 987 1177 motivum
1020 1119 1361 1183 formale,
1409 1120 1532 1177 Hac
1563 1119 1635 1178 de
1667 1138 1730 1177 re
1763 1137 1885 1178 non
1915 1138 2037 1177 una
2067 1122 2160 1178 est
2179 1119 2594 1195 theologorum
2614 1118 2908 1177 sententia
2933 1140 2946 1188 ;

323 1208 509 1283 aliqui
553 1211 795 1286 negant,
846 1208 962 1266 imo
1009 1208 1174 1266 Dom.
1210 1208 1443 1267 Sotus
1482 1207 1697 1267 statuit
1730 1208 1803 1267 de
1835 1212 1957 1267 nat.
1989 1211 2050 1268 et
2082 1227 2167 1285 gr.
2201 1208 2277 1280 11,
2321 1219 2428 1272 16:
2494 1207 2947 1283 ²,Quemcunque

326 1302 524 1356 actum
548 1302 750 1372 potest
766 1297 983 1356 habere
1013 1297 1134 1367 ille,
1168 1298 1275 1372 qui
1305 1301 1396 1356 est
1426 1297 1490 1356 in
1520 1297 1729 1374 gratia,
1763 1300 1962 1373 potest
1990 1296 2186 1369 etiam,
2221 1301 2513 1372 quantum
2563 1297 2636 1356 ad
2667 1298 2947 1357 substan·

324 1386 469 1445 tiam
502 1388 715 1462 operis,
748 1387 953 1446 elicere
985 1392 1259 1461 peccator
1288 1405 1356 1446 ex
1388 1386 1555 1461 puris
1585 1386 2022 1450 naturalibus}
2091 1386 2184 1445 Ita
2228 1393 2290 1444 et
2335 1386 2704 1445 Palmieri
2736 1386 2823 1448 th.
2862 1395 2941 1449 25

330 1496 386 1533 n.
405 1474 472 1534 V.
519 1476 600 1533 Et
631 1494 769 1535 sane
790 1477 1099 1552 supposita
1116 1476 1416 1550 praesenti
1440 1475 1820 1544 revelatione,
1853 1494 2038 1551 quare
2071 1494 2191 1534 non
2221 1480 2424 1551 posset
2453 1479 2685 1546 natura,
2719 1475 2948 1535 seclusa

331 1566 506 1623 etiam
535 1565 733 1642 gratia
763 1564 1015 1633 interna,
1063 1564 1265 1642 plures
1312 1565 1608 1623 virtutum
1640 1568 1809 1623 actus
1840 1583 2058 1641 ponere
2090 1565 2165 1622 ob
2199 1565 2303 1623 illa
2333 1565 2571 1633 motiva,
2621 1584 2772 1641 quae
2804 1583 2947 1642 sug·
2991 1602 2994 1605 -

329 1655 477 1731 gerit
508 1655 837 1714 revelatio?
902 1653 1023 1712 Alii
1055 1658 1252 1712 tamen
1283 1658 1542 1723 censent,
1592 1653 1797 1729 aliquo
1831 1654 2042 1712 saltem
2075 1653 2248 1712 modo
2280 1655 2470 1730 quoad
2504 1653 2795 1712 motivum
2829 1653 2947 1712 for-

325 1744 474 1801 male
505 1743 619 1802 hoc
650 1747 817 1802 actus
850 1742 1163 1821 distingui,
1208 1742 1354 1801 adeo
1399 1747 1471 1801 ut
1514 1742 1642 1802 fieri
1688 1762 1809 1801 non
1840 1743 2046 1818 possit,
2095 1745 2293 1800 actum
2326 1743 2656 1801 naturalem
2690 1748 2750 1802 et
2782 1743 2944 1801 salu-

325 1834 511 1891 tarem
544 1832 700 1890 circa
730 1833 885 1891 idem
919 1849 1160 1908 prorsus
1195 1832 1493 1907 objectum
1527 1831 1769 1891 formale
1801 1832 2024 1891 versari
2055 1832 2152 1890 vel
2183 1851 2253 1890 ex
2285 1831 2490 1891 eodem
2521 1831 2657 1890 elici
2688 1832 2942 1890 motivo:

322 1921 717 1980 sufficientem
748 1921 1016 1998 alioquin
1046 1921 1337 1979 rationem
1368 1920 1538 1979 reddi
1582 1939 1705 1980 non
1751 1939 1927 1997 posse
1971 1924 2173 1980 tantae
2210 1921 2579 1980 necessitatis
2610 1920 2837 1996 gratiae
2870 1919 2945 1979 ad

325 2013 526 2069 actum
555 2011 896 2080 salutarem,
930 2012 992 2068 et
1023 2012 1391 2069 constantem
1424 2010 1747 2068 Thomas
1781 2009 2108 2069 doctrinam
2141 2027 2288 2079 esse,
2329 2012 2516 2080 actus,
2550 2009 2804 2076 habitus,
2839 2027 2943 2086 po-

325 2096 546 2158 tentias
598 2099 891 2176 distingui
944 2099 1252 2158 formali
1303 2096 1612 2177 object01).
1678 2099 1877 2158 Placet
1914 2098 2085 2157 nobis
2132 2117 2285 2174 quae
2329 2099 2402 2158 de
2449 2098 2555 2158 bac
2599 2098 2946 2175 quaestione

328 2190 543 2247 statuit
573 2188 613 2246 S
631 2188 797 2247 chif
808 2188 961 2247 fini
992 2189 1065 2246 de
1096 2188 1288 2265 gratia
1319 2187 1521 2246 divina
1550 2188 1637 2247 th.
1657 2188 1778 2259 XX,
1803 2188 1981 2264 juxta
2011 2206 2184 2263 quem
2220 2188 2523 2257 ²,formalis
2543 2189 2699 2247 ratio
2730 2187 2945 2264 objecti

328 2296 440 2336 non
471 2281 676 2353 potest
706 2296 836 2336 esse
869 2277 1070 2336 eadem
1112 2279 1176 2335 in
1218 2281 1357 2336 actu
1394 2277 1638 2336 virtutis
1668 2276 1895 2336 infusae
1946 2280 2007 2335 et
2053 2277 2439 2352 acquisitae«,
2490 2296 2624 2335 nam
2679 2277 2944 2345 ,bonum

326 2366 633 2443 proprium
654 2367 897 2426 virtutis
922 2366 1154 2425 infusae
1172 2366 1639 2443 apprehenditur
1669 2385 1774 2425 seu
1805 2367 2160 2441 proponitur
2178 2365 2573 2442 appetendum
2607 2384 2712 2442 per
2741 2367 2946 2425 lumen

331 2460 388 2512 et
414 2456 686 2532 regulam
717 2455 1188 2530 supernaturalis
1220 2455 1639 2514 illustrationis
1672 2454 1932 2531 Spiritus
1965 2473 2042 2526 s.;
2073 2455 2299 2513 bonum
2331 2460 2538 2514 contra
2568 2455 2814 2513 virtutis
2850 2473 2944 2513 ac-

332 2544 583 2619 quisitae
616 2544 1082 2621 apprehenditur
1113 2563 1217 2603 seu
1248 2544 1607 2620 proponitur
1637 2544 2040 2620 appetendum
2076 2562 2180 2620 per
2212 2544 2416 2603 lumen
2446 2547 2508 2602 et
2538 2545 2808 2621 regulam
2839 2563 2944 2602 na-

333 2634 539 2693 turalis
571 2634 880 2693 rationis.‘
936 2634 1143 2694 Potest
1172 2636 1391 2706 tamen,
1422 2633 1606 2706 addit,
1643 2633 1841 2702 ,idem
1875 2651 2004 2693 esse
2036 2633 2352 2708 utriusque
2384 2636 2551 2692 actus
2584 2628 2736 2714 (scil.
2768 2636 2944 2692 natu-

332 2724 466 2782 ralis
498 2727 562 2781 et
593 2723 1095 2801 supernaturalis)
1129 2724 1440 2794 motivum,
1487 2722 1648 2799 quod
1692 2743 1760 2782 ex
1808 2728 1976 2799 parte
2008 2723 2226 2798 objecti
2257 2723 2330 2781 ad
2361 2722 2808 2782 assentiendum
2839 2726 2947 2782 aut

331 2812 648 2872 volendum
680 2812 1035 2887 pertrahit‘‚
1068 2816 1140 2871 ut
1170 2813 1454 2889 exemplis
1486 2812 1762 2876 ostendit.

506 2937 610 3000 37.
643 2933 901 2999 'rhesis
961 2931 1387 3003 CLXXVII.
1446 2954 1842 3008 &acuimus
1878 2954 1948 3006 3.
1985 2954 2092 3006 vel
2138 2955 2329 3018 ipsos
2365 2953 2585 3018 §ustos
2624 2954 2943 3019 indiam-e

331 3046 568 3110 cratia
606 3047 877 3100 actuali
913 3049 1009 3102 acl
1043 3050 1241 3099 adue
1275 3046 1648 3100 salutares.

502 3149 952 3217 Declaratio.
992 3146 1300 3230 Specialis
1335 3150 1631 3230 quaestio
1665 3155 1765 3212 est
1797 3149 1965 3213 inter
1998 3145 2334 3228 theologos
2366 3147 2446 3210 de
2472 3145 2755 3226 justis,
2790 3164 2942 3209 num

331 3261 394 3318 et
425 3253 534 3330 illi,
567 3273 717 3318 curn
743 3257 880 3337 J'am
913 3255 1197 3320 habeant
1227 3257 1498 3337 gratiam
1529 3255 1947 3332 habitualem,
1981 3255 2307 3336 indigeant
2326 3255 2586 3333 insuper
2607 3253 2942 3317 actuali.

336 3359 556 3425 Plures
591 3361 654 3424 id
690 3362 841 3427 olim
874 3369 1206 3442 negarunt,
1238 3381 1401 3444 quos
1435 3370 1732 3427 recenset
1762 3362 1909 3441 Rip
1930 3361 2120 3424 alda
2152 3361 2208 3424 d.
2249 3365 2373 3428 106
2408 3379 2457 3422 S.
2492 3363 2552 3436 3,
2602 3359 2667 3422 in
2718 3359 2942 3440 primis

334 3466 528 3531 Ruiz
559 3468 641 3533 de
673 3469 797 3532 div,
830 3469 1071 3550 provid.
1105 3469 1264 3549 disp.
1298 3475 1377 3538 41
1416 3490 1464 3532 s.
1499 3474 1539 3539 6
1572 3489 1656 3532 ss.
1690 3467 2026 3535 Sententia
2046 3475 2264 3532 tamen
2285 3465 2614 3530 affirmans
2637 3474 2735 3531 est
2755 3485 2942 3547 prae-

332 3572 606 3638 ferenda.
671 3574 893 3639 Notari
924 3595 1080 3640 vero
1113 3576 1323 3651 debet,
1370 3576 1668 3658 quamvis
1714 3582 1966 3639 eertum
2014 3575 2116 3649 sit,
2155 3576 2366 3656 justos
2411 3573 2694 3652 indigere
2742 3574 2943 3654 gratia

330 3680 582 3758 actuali,
617 3684 1130 3747 controversiam
1163 3689 1381 3748 tamen
1415 3682 1697 3765 aliquam
1731 3681 1941 3745 adbuc
1975 3700 2254 3757 manere,
2287 3699 2384 3763 qu
2404 3679 2560 3744 alis
2593 3679 2799 3760 gratia
2831 3698 2941 3743 ac-

333 3786 521 3851 tualis
552 3807 673 3869 pro
709 3788 864 3871 ipsis
896 3791 1278 3871 requiratur,
1324 3808 1479 3853 num
1526 3789 1658 3853 soil.
1705 3790 1935 3853 eadem
1968 3788 2248 3862 omninO,
2297 3805 2462 3869 quae
2495 3786 2942 3868 peccatoribus

326 3903 422 3958 ast
451 3896 842 3960 necessaria.

501 4003 1076 4072 Demonstratio.
1140 4001 1459 4066 Probatur
1505 4002 1778 4066 assertio
1830 4005 1892 4071 1.
1925 4001 2246 4084 plerisque
2290 4000 2671 4065 testimoniis
2723 3997 2940 4064 Scri-

326 4114 622 4190 pturae
655 4116 721 4173 et
749 4116 1025 4191 patrum,
1060 4108 1291 4192 quibus
1325 4109 1640 4174 evincitur
1671 4110 1917 4190 gratiae
1938 4109 2294 4173 necessitas
2326 4108 2409 4171 ad
2444 4125 2481 4170 o
2501 4126 2722 4172 mnes
2756 4113 2941 4170 aetus

328 4215 680 4293 salutares;
713 4235 793 4283 ea
825 4215 995 4283 enim
1028 4223 1225 4297 agunt
1255 4216 1335 4280 de
1371 4217 1576 4297 gratia
1608 4214 1864 4293 actuali,
1897 4221 1968 4280 ut
1986 4214 2083 4279 Jo.
2110 4221 2208 4291 15,
2242 4220 2283 4284 5
2316 4221 2436 4280 eto.
2470 4217 2556 4300 (n.
2578 4216 2744 4301 301).
2777 4212 2942 4277 Nam

336 4322 544 4407 ‚quod
610 4329 861 4405 tempus
908 4322 1269 4400 intervenit,
1316 4324 1538 4406 scribit
1580 4323 1962 4387 Zosimus
2010 4322 2074 4386 in
2122 4341 2238 4403 ep,
2285 4340 2416 4404 qua
2459 4321 2940 4402 pelagianorum

547 4505 583 4571 ¹)
612 4501 694 4556 cf.
724 4503 829 4556 hac
857 4501 926 4555 de
954 4518 1012 4556 re
1039 4500 1266 4571 egregie
1293 4500 1694 4567 subtiliterque
1721 4499 2062 4553 disserentes
2103 4501 2150 4551 A
2168 4516 2290 4552 rru
2309 4498 2428 4551 bal
2454 4500 2512 4550 et
2539 4497 2581 4548 B
2599 4515 2630 4549 a
2649 4515 2673 4550 s
2691 4496 2799 4550 tid
2817 4513 2848 4549 a
2879 4497 2938 4549 in

337 4596 517 4650 congr.
545 4579 616 4635 de
643 4579 877 4635 auxiliis
903 4581 1057 4651 apud
1086 4580 1277 4649 Meyer
1303 4579 1363 4634 in
1389 4579 1630 4634 historia
1654 4579 1965 4633 earundem
1993 4579 2059 4643 V,
2086 4585 2172 4634 23.
2195 4586 2278 4635 36.
2301 4585 2401 4634 38:
2429 4577 2564 4646 Rip
2582 4577 2705 4631 ald
2722 4593 2755 4629 a
2783 4580 2822 4630 t.
2843 4586 2940 4631 45:

340 4660 558 4716 Pesch
599 4663 866 4733 praelect.
906 4661 1096 4731 dogm.
1139 4666 1177 4717 t.
1218 4662 1286 4714 V.
1311 4680 1367 4714 n.
1398 4668 1465 4718 69
1494 4680 1593 4720 ss.;
1644 4659 1942 4715 Schmid
1985 4659 2254 4714 Zeitschr.
2299 4667 2436 4715 1888
2479 4659 2598 4723 ΧΗ,
2627 4663 2938 4714 263—289:

340 4749 641 4802 419-459;
668 4743 712 4796 L
729 4743 803 4796 in
819 4762 858 4813 g
874 4759 904 4798 e
920 4761 958 4796 n
975 4760 1000 4795 s
1027 4741 1104 4796 ib.
1134 4748 1272 4798 1894
1297 4742 1443 4806 XVI,
1471 4746 1783 4802 293—335;
1812 4743 2124 4800 593—627;
2155 4741 2188 4792 S
2207 4757 2235 4792 o
2253 4740 2290 4791 h
2309 4756 2337 4791 e
2355 4755 2383 4791 e
2410 4740 2444 4791 b
2461 4756 2488 4792 e
2506 4756 2542 4790 n
2571 4745 2745 4804 5165.
