3538 5364
1493 338 1562 391 de
1590 338 1942 409 purgatorio.
2892 346 3029 411 629
3107 372 3111 376 -

392 527 474 593 fet
520 517 856 595 alacritas;
908 538 971 588 c.
1022 519 1160 601 ejus
1214 525 1465 595 auctor,
1510 518 1729 599 Judas,
1779 521 1876 584 vir
1924 520 2226 602 prudens,
2276 519 2624 585 acerrimus
2673 520 3028 601 patriarum

400 627 621 708 legum
653 632 1052 692 restaurator
1083 634 1148 692 et
1177 627 1444 703 vindex3
1477 627 1543 691 in
1573 627 1795 708 primis
1826 646 1984 693 vcro
2017 629 2084 695 d.
2118 624 2392 709 Spiritus
2423 648 2472 691 s.
2506 625 2907 709 approbatio.

585 758 808 817 Verum
839 757 1080 833 quidem
1114 760 1209 815 est
1237 775 1352 828 eos,
1386 757 1491 833 qui
1523 757 1876 830 ceciderant,
1923 776 2193 833 peccasse
2225 762 2287 817 et
2315 761 2563 834 propter
2592 761 2899 833 peccatum
2931 776 3023 817 ce-

391 847 636 919 cidisse,
681 850 755 905 ιιι
801 849 1032 905 constat
1076 865 1147 906 ex
1189 866 1247 906 v.
1284 857 1364 910 40
1413 864 1490 907 ss.
1535 847 1668 910 coll.
1700 847 1876 906 Dent.
1915 856 1968 918 7,
2005 857 2106 910 25.
2168 847 2294 907 Hoc
2335 850 2535 906 tamen
2566 850 2870 923 peccatum
2903 847 3023 905 tale

404 956 526 996 non
556 936 761 1007 fuisse,
808 937 880 994 ut
922 938 1238 1012 propterea
1276 939 1659 996 censerentur
1689 935 1972 1006 damnati,
2017 937 2200 1013 patet,
2247 955 2384 996 nam
2429 954 2551 995 non
2595 935 2872 995 obstante
2919 936 3028 995 hoc

398 1030 646 1102 peccato
679 1025 963 1085 dicuntur
1007 1044 1137 1084 cum
1173 1026 1390 1099 pietate
1421 1024 1840 1085 dormitionem
1873 1026 2182 1103 accepisse,
2245 1026 2421 1086 Forte
2465 1025 2623 1085 enim
2669 1025 2890 1084 milites
2938 1025 3029 1083 illi

400 1116 599 1194 Iegem
630 1115 724 1175 vel
757 1114 1195 1191 ignoraverant,
1241 1115 1335 1173 vel
1382 1114 1446 1173 in
1476 1114 1621 1174 belli
1652 1118 1822 1174 aestu
1855 1115 2023 1174 illius
2055 1118 2228 1174 erant
2258 1115 2445 1175 obliti.
2509 1113 2623 1173 Sed
2668 1110 2877 1174 demus
2922 1131 3023 1173 eos

394 1205 669 1282 graviter
698 1221 989 1279 peccasse,
1026 1205 1312 1280 conjicere
1344 1203 1502 1275 licet,
1546 1207 1684 1263 ante
1716 1207 1967 1262 mortem
1999 1222 2098 1263 eos
2130 1204 2321 1283 egisse
2351 1203 2783 1282 poenitentiam
2817 1221 3024 1262 secun·

398 1294 552 1354 dum
582 1294 688 1371 illa
720 1294 813 1355 Pe.
850 1303 950 1363 77,
989 1301 1103 1356 34:
1151 1293 1297 1352 Cum
1329 1294 1601 1352 occideret
1645 1312 1753 1370 eos,
1803 1294 2152 1370 quaerebant
2196 1286 2344 1353 eum.
2412 1293 2655 1369 Semper
2684 1292 2843 1352 enim
2875 1293 3024 1352 bene

398 1383 768 1459 sperandum
787 1385 897 1454 est,
930 1400 1038 1441 nec
1058 1386 1219 1443 certo
1238 1382 1737 1459 praesumendum
1769 1383 1842 1441 de
1873 1382 2091 1459 aliquo,
2125 1401 2280 1455 eum,
2312 1383 2428 1442 etsi
2458 1382 2642 1441 fuerit
2672 1383 2736 1441 in
2769 1384 3023 1458 peccate,

395 1474 634 1548 absque
665 1471 1032 1547 poenitentia
1061 1490 1186 1532 esse
1218 1471 1584 1535 defunctum.
1650 1471 1731 1530 Cf.
1764 1466 2081 1531 Thomas
2110 1472 2173 1531 in
2208 1483 2264 1534 4.
2298 1472 2434 1531 dist.
2473 1481 2554 1537 45
2589 1491 2645 1548 q.
2682 1481 2716 1534 2
2753 1491 2802 1530 a.
2841 1481 2874 1534 2
2912 1472 3024 1547 qcl.

416 1574 439 1624 1
482 1561 556 1621 ad
600 1573 649 1624 l.
684 1559 877 1629 Quare
899 1561 1047 1620 bene
1080 1561 1515 1638 s.Ephraem
1549 1557 1611 1636 (†
1634 1569 1758 1624 373
1784 1562 1879 1620 vel
1903 1550 2055 1646 379)
2086 1561 2150 1647 in
2182 1580 2290 1621 suo
2310 1564 2665 1621 testamento
2698 1561 2762 1619 in
2794 1562 3022 1619 Asse-

410 1670 470 1709 m
489 1651 616 1710 ani
647 1650 804 1711 Bibl.
836 1649 1045 1709 orient.
1080 1651 1126 1722 Ι,
1169 1660 1320 1714 143:
1357 1650 1464 1721 ,Si
1497 1650 1605 1708 filii
1636 1650 2016 1723 Mathathiae,
2050 1651 2157 1727 qui
2188 1654 2435 1710 tantum
2454 1650 2519 1709 in
2551 1650 2743 1727 figura
2774 1650 3028 1715 celebra-

404 1740 558 1799 bant
587 1740 741 1800 festa
771 1743 831 1799 et
862 1739 1468 1812 commemorationes,
1500 1739 1997 1816 quemadmodum
2028 1739 2261 1817 legistis
2293 1740 2358 1799 in
2390 1739 2734 1815 scripturis,
2775 1738 3026 1816 oblatio-

402 1828 591 1889 nibus
612 1829 928 1906 expiabant
949 1829 1151 1888 debita
1170 1848 1393 1900 eorum,
1427 1829 1535 1904 qui
1565 1828 1630 1888 in
1660 1829 1820 1889 bello
1854 1829 2186 1888 ceciderant
2218 1874 2231 1887 .
2263 1874 2277 1888 .
2312 1874 2325 1886 .
2358 1831 2582 1906 quanto
2614 1829 2803 1906 magis
2834 1846 3027 1887 sacer-

398 1918 580 1978 dotes
615 1919 753 1978 Filii
785 1918 891 1977 Dei
924 1917 1250 1996 expiabunt
1281 1918 1483 1977 debita
1514 1918 1931 1977 defunctorum
1963 1918 2366 1978 oblationibus
2399 1920 2609 1977 suis?‘

591 2070 736 2125 671.
781 2056 846 2123 5.
893 2061 1161 2137 Denique
1191 2061 1529 2138 purgatorii
1562 2060 1777 2138 dogma
1806 2060 2073 2137 undique
2112 2079 2174 2120 se
2206 2060 2581 2120 commendat
2608 2060 2825 2121 rationi
2855 2079 3029 2120 sanae

398 2150 473 2208 et
516 2149 894 2214 christianae.
958 2149 1119 2210 Illud
1164 2150 1322 2209 enim
1366 2165 1430 2213 a.
1476 2149 1822 2209 manifestat
1866 2150 2350 2225 splendidissime
2381 2150 2676 2209 infinitam
2707 2150 2815 2209 Dei
2845 2150 3027 2225 justi-

402 2239 574 2308 tiam,
609 2240 999 2315 majestatem,
1034 2239 1428 2310 sanctitatem,
1463 2258 1616 2314 quae
1646 2238 1741 2299 vel
1768 2240 1995 2315 peccati
2026 2239 2299 2300 umbram
2330 2239 2633 2311 exhorret;
2664 2239 2856 2315 palam
2886 2238 3030 2298 facit

408 2324 481 2393 b.
527 2332 754 2404 quanta
797 2328 877 2388 sit
920 2328 1179 2404 paradisi
1211 2328 1501 2404 aulaeque
1533 2328 1808 2388 coelestis
1840 2328 2048 2406 gloria,
2096 2347 2233 2388 cum
2276 2331 2444 2388 tanta
2486 2329 2831 2405 requiratur
2858 2347 3028 2404 prae-

406 2416 641 2494 ·paratio
672 2421 734 2476 et
761 2417 1107 2478 mundities.
1154 2417 1389 2476 Excitat
1418 2431 1481 2482 e.
1515 2418 1588 2477 ad
1621 2436 1797 2494 opera
1821 2418 1997 2490 bona,
2029 2417 2521 2488 satisfactionem3
2554 2418 2718 2478 fovet
2748 2418 3028 2494 spiritum

409 2506 840 2582 poenitentiae;
892 2508 1122 2567 solatur
1165 2504 1232 2570 d.
1278 2506 1341 2565 in
1386 2507 1591 2567 mortis
1635 2507 1888 2566 articulo
1928 2510 2262 2583 peccatores
2293 2508 2686 2584 poenitentes,
2738 2507 2845 2584 qui
2892 2509 3030 2584 post

406 2596 648 2672 longam
679 2595 865 2655 vitam
895 2615 1056 2656 ream
1087 2597 1183 2656 vix
1216 2615 1453 2672 sperare
1483 2599 1741 2672 possent,
1774 2615 1835 2657 ee
1865 2597 2037 2657 nulla
2055 2615 2297 2674 prorsus
2331 2597 2594 2656 exhibita
2625 2596 3029 2657 satisfactione

411 2704 549 2744 mox
581 2689 959 2746 assecuturos
990 2705 1119 2747 esse
1149 2687 1410 2763 praemia
1439 2687 1713 2746 coelestia
1744 2690 1809 2745 et
1852 2687 2023 2747 velut
2052 2707 2160 2764 per
2190 2688 2412 2747 saltum
2457 2707 2489 2747 e
2533 2687 2818 2747 vitiorum
2849 2704 3029 2746 coeno

404 2775 854 2835 transferendos
886 2793 1017 2835 esse
1049 2776 1209 2835 inter
1239 2777 1585 2854 angelorum
1619 2776 1845 2837 choros.
1912 2776 2100 2846 Quam
2129 2777 2421 2836 rationem
2450 2777 2601 2836 bene
2633 2780 2810 2854 urget
2840 2775 3029 2834 Eck-

408 2864 684 2924 bertus
727 2865 820 2924 ab.
859 2865 1312 2942 schonaugienis
1340 2866 1406 2924 in
1437 2866 1674 2943 egregio
1704 2885 1747 2924 s.
1787 2876 1822 2928 9
1856 2865 1987 2926 adv.
2018 2867 2287 2926 catharos
2319 2886 2377 2925 n.
2413 2875 2527 2930 25:
2574 2865 2775 2936 ,Quid
2822 2865 3030 2924 absur-

402 2953 569 3025 dius,
615 2974 794 3030 quam
837 2958 909 3013 ut
952 2954 1245 3025 credatur,
1289 2955 1545 3014 animam
1592 2974 1627 3013 a
1670 2955 1904 3014 sentina
1934 2955 2381 3032 turpitudinum
2411 2958 2679 3015 recenter
2707 2957 3030 3015 extractam

404 3045 476 3101 et
517 3061 720 3102 earum
752 3044 1036 3103 memoria
1065 3044 1258 3103 adhuc
1288 3043 1720 3120 quodammodo
1751 3044 2073 3104 foetentem
2113 3045 2176 3104 in
2208 3044 2361 3104 illud
2393 3049 2518 3104 tam
2547 3044 3028 3120 limpidissimum

408 3131 616 3190 lumen
646 3136 768 3191 tam
799 3135 1042 3209 repente
1074 3133 1404 3208 irrumpere
1447 3135 1509 3192 et
1551 3132 2006 3210 purissimorum
2054 3133 2377 3210 spirituum
2408 3133 2675 3194 coetibus
2705 3131 3032 3204 admisceri,

418 3221 503 3279 ita
533 3224 605 3280 ut
637 3222 716 3281 sit
748 3238 868 3281 uno
900 3222 1223 3297 eodemque
1255 3221 1352 3281 die
1396 3241 1565 3281 mane
1598 3221 1842 3298 quidem
1875 3223 1938 3280 in
1970 3226 2342 3301 peccatorum
2376 3223 2728 3301 turpissimo
2760 3240 2941 3282 coeno
2971 3223 3035 3280 et

412 3328 658 3386 vespere
689 3311 757 3369 in
784 3312 1132 3388 angelorum
1163 3311 1484 3387 purissimo
1516 3312 1736 3374 coelo„¹
1787 3310 1963 3371 Num.
1996 3331 2186 3388 praec.
2215 3313 2443 3389 pariter
2471 3315 2667 3391 urget,
2699 3310 3032 3390 purgatorii

414 3399 796 3476 negationem
824 3401 1204 3478 exstinguere
1252 3400 1532 3477 spiritum
1578 3401 2000 3477 poenitentiae.
2065 3402 2291 3479 Dogma
2334 3402 2689 3462 catholicum
2732 3404 3036 3479 praeterea

407 3502 484 3552 θ.
514 3488 877 3548 occasionem
908 3489 1152 3566 praebet
1181 3489 1536 3550 exercendae
1567 3489 1972 3566 fovendaeque
2003 3490 2268 3549 caritatis
2297 3491 2363 3550 in
2393 3490 2725 3562 defunctos,
2758 3509 3035 3567 reparan-

407 3576 529 3636 dae
558 3577 1014 3656 ingratitudinis
1045 3582 1186 3648 etc.;
1232 3579 1395 3637 fovet
1438 3574 1493 3643 f.
1539 3579 1929 3657 cogitationes
1962 3579 2209 3638 alterius
2240 3580 2421 3654 vitae,
2468 3583 2729 3639 mentem
2774 3600 2811 3639 a
2853 3579 3034 3639 rebus

410 3667 778 3726 transitoriis
810 3670 1035 3739 avocat,
1082 3668 1145 3727 in
1175 3668 1519 3727 memoriam
1550 3671 1788 3728 revocat
1816 3671 2069 3727 mortem
2100 3671 2208 3732 etc.
2271 3670 2545 3728 Deterret
2589 3684 2656 3747 g.
2701 3689 2736 3727 a
2778 3666 3036 3743 peccatis

413 3755 769 3826 venialibus,
817 3775 971 3832 quae
1015 3758 1281 3833 alioquin
1325 3761 1593 3817 carerent
1635 3757 1936 3817 sanctione
1971 3753 2243 3839 (notetur
2272 3757 2414 3816 haec
2443 3757 2599 3816 ratio
2636 3751 3034 3837 gravissima),

407 3843 578 3920 quod
624 3845 940 3905 sanctitate
972 3846 1079 3906 Dei
1127 3847 1474 3924 indignum;
1522 3849 1668 3906 tunc
1712 3847 1872 3907 enim
1916 3846 2177 3906 melioris
2220 3846 2581 3906 conditionis
2612 3849 2813 3906 essent
2842 3846 3036 3923 negli-

421 3937 631 4010 gentes
664 3953 845 4009 quam
874 3935 1130 3995 solliciti.
1196 3936 1276 3996 cf.
1320 3936 1641 3996 Lessius
1673 3936 1831 4009 XIII,
1873 3945 1986 4006 17;
2032 3935 2335 3995 Oswald
2380 3935 2789 4014 Eschatologie
2820 3938 2961 3998 sect.
3000 3946 3026 3998 1

408 4039 464 4084 c.
503 4032 570 4093 53
604 4022 668 4082 in
700 4023 910 4099 primis
941 4025 990 4083 B
1008 4028 1184 4084 autz
1214 4025 1320 4085 das
1350 4025 1654 4102 Fegfeuer.

599 4158 679 4212 67
691 4158 746 4211 2
780 4143 1156 4216 Scholion.
1207 4152 1453 4229 Reliqua
1484 4153 1553 4210 de
1581 4153 1923 4229 puryatorio
1955 4153 2213 4211 tenenda.
2242 4185 2312 4195 -
2339 4151 2555 4210 Paucis
2589 4126 3038 4227 complectimur

413 4234 681 4312 reliquas
714 4237 788 4297 de
817 4239 1164 4317 purgatorio
1194 4240 1594 4316 quaestiones.
1657 4229 2004 4301 Tenendum
2035 4244 2128 4300 est

599 4357 661 4426 1.
706 4365 913 4422 contra
956 4342 1411 4436 Lutherum‚
1459 4364 1685 4423 animas
1716 4364 1782 4423 in
1812 4365 2159 4443 purgatorio
2191 4344 2380 4424 certas
2411 4382 2542 4425 esse
2573 4364 2646 4424 de
2677 4383 2788 4424 sua
2816 4366 3037 4436 salute;

411 4448 725 4511 damnavit
754 4451 912 4536 enim
943 4453 1088 4512 Leo
1121 4454 1187 4516 X.
1227 4454 1359 4530 ejus
1389 4472 1558 4530 prop.
1592 4462 1702 4518 38·
1756 4454 2046 4524 ,Animae
2091 4455 2156 4513 in
2200 4453 2574 4532 purgatorio
2593 4473 2715 4514 non
2760 4458 2906 4515 sunt
2947 4473 3040 4517 se-

412 4555 595 4599 curae
626 4537 699 4600 de
730 4559 932 4600 earum
963 4542 1175 4622 salute,
1211 4543 1419 4618 saltem
1453 4561 1583 4619 non·
1603 4561 1827 4615 omnes,
1874 4561 1985 4603 nec
2013 4544 2332 4619 probatum
2362 4546 2453 4604 est
2481 4543 2625 4604 ullis
2654 4547 2762 4603 aut
2789 4544 3040 4606 rationi-

421 4627 535 4688 bus
567 4631 672 4688 aut
703 4629 1047 4707 Scripturis,
1074 4632 1257 4708 ipsas
1303 4650 1431 4692 esse
1476 4634 1641 4691 extra
1687 4635 1912 4692 statum
1943 4632 2210 4700 merendi
2243 4636 2349 4693 aut
2379 4634 2684 4711 augendae
2714 4634 2995 4695 caritatis.
3010 4640 3042 4674 ‘

419 4716 589 4777 Fluit
618 4718 728 4778 hoc
757 4738 829 4779 ex
861 4719 1038 4780 dictis
1068 4720 1142 4780 de
1165 4720 1394 4797 judicio
1425 4721 1768 4798 particulari
1803 4720 1884 4800 (n.
1921 4716 2095 4804 640).
