3538 5364
1272 322 1353 376 De
1379 322 1564 376 causis
1584 320 2036 391 justificationis.
2830 332 2903 399 17
2916 337 2950 398 7

321 511 462 586 logi,
495 506 896 567 sanctificanti
932 509 1158 584 gratiae
1189 509 1518 583 competere
1550 506 1615 566 in
1647 506 2318 583 ordinesupernaturali
2350 527 2571 568 munus
2602 530 2642 568 u
2661 513 2948 579 aturae.

321 618 571 674 eamque
604 614 732 656 esse
763 596 1022 655 radicem
1054 598 1244 656 omnis
1276 596 1656 673 perfectionis
1689 596 2182 672 supernaturalis.
2255 597 2457 665 ,Licet
2505 600 2665 658 enim
2710 620 2831 659 una
2876 604 2954 661 sit

318 688 514 765 gratia
545 685 879 757 vivificans,
927 687 1129 761 inquit
1173 705 1217 749 s,
1265 688 1823 745 Bonavcntura
1853 685 2147 761 Breviloq.
2178 685 2248 757 V,
2299 696 2356 756 4,
2404 688 2722 747 ramificari
2753 692 2953 750 tamen

318 776 656 836 necessario
689 774 871 833 habet
902 774 965 833 in
1001 775 1191 834 varios
1224 774 1464 833 habitus
1496 779 1744 850 propter
1776 774 1966 832 varias
1998 775 2431 851 operatione8.‘
2501 777 2583 838 ef.
2630 778 2711 837 Ri
2731 779 2902 854 pald
2921 800 2955 838 a

318 867 353 929 l.
385 885 435 926 c.
469 885 497 924 s
555 861 1307 935 5;Scheeben§167.

500 988 568 1055 5.
601 989 758 1047 Hinc
790 989 1046 1047 solvitur
1075 989 1348 1065 quaestio
1379 988 1538 1047 inter
1565 987 1874 1065 theologos
1896 988 2138 1065 agitata,
2172 996 2371 1047 utrum
2402 991 2595 1065 forma
2626 993 2954 1067 justificans

327 1084 399 1139 sie
428 1080 697 1155 simplex,
746 1097 824 1136 an
868 1078 1191 1154 composita
1223 1078 1349 1137 scil.
1382 1096 1450 1135 ex
1485 1076 1830 1136 collectione
1863 1077 2180 1136 habituum
2211 1079 2565 1150 infusorum,
2616 1100 2791 1155 quam
2826 1082 2907 1140 Bi
2927 1115 2951 1126 -

334 1169 556 1244 palda
602 1169 694 1225 ita
737 1166 967 1225 dirimit
1012 1166 1088 1225 ib.
1121 1186 1178 1225 u.
1216 1176 1328 1230 38:
1379 1166 1708 1234 ,Habitum
1741 1166 2073 1241 simplicem
2105 1168 2331 1243 gratiae
2364 1168 2689 1229 habitualis
2736 1191 2770 1228 a
2812 1170 2951 1230 reli-

338 1259 460 1334 quis
490 1256 828 1315 virtutibus
862 1255 1210 1314 distinctum
1245 1252 1377 1335 (aut
1408 1255 1715 1313 caritatem
1735 1255 2148 1314 indistinctam
2182 1276 2217 1315 a
2247 1258 2442 1334 gratia
2472 1256 2794 1340 habituali)
2827 1278 2953 1319 esse

331 1347 705 1405 essentialem
731 1345 1066 1421 justitiam:
1114 1345 1518 1403 collectionem
1564 1363 1702 1402 vero
1749 1344 2120 1419 reliquarum
2151 1346 2448 1405 virtutum
2480 1348 2951 1426 theologicarum

326 1440 384 1494 et
411 1436 734 1494 moralium
766 1434 839 1492 ad
865 1434 1168 1509 justitiam
1198 1434 1552 1510 integralem
1586 1433 1942 1508 pertinere.‘
2010 1434 2178 1502 Quod
2214 1436 2263 1494 si

501 1559 573 1622 6.
620 1578 891 1634 quaeraS,
939 1566 1138 1616 utrum
1167 1577 1351 1616 nexus
1381 1559 1532 1615 inter
1559 1561 1820 1634 qratiam
1852 1565 1902 1616 et
1934 1561 2173 1617 virtutes
2205 1561 2435 1634 infusas
2466 1564 2542 1619 sit
2570 1564 2841 1638 physicus
2873 1583 2952 1622 an

325 1651 589 1724 moralis,
642 1652 852 1706 tuetur
901 1647 1181 1705 Suarez
1227 1652 1433 1706 contra
1463 1646 1799 1714 thomistas,
1852 1666 1999 1723 quos
2046 1652 2384 1723 sequuntur
2435 1651 2471 1708 S
2490 1650 2738 1709 ilvius
2758 1697 2771 1722 ,
2825 1653 2952 1711 Ri-

318 1739 589 1813 palda,
638 1737 873 1795 Pesch
909 1736 1064 1805 VIII,
1111 1756 1168 1794 n.
1206 1746 1284 1799 57
1321 1740 1448 1807 etc„
1497 1754 1633 1795 eum
1681 1755 1800 1795 non
1846 1755 1977 1796 esse
2023 1738 2354 1814 physicum,
2405 1740 2506 1797 sed
2554 1741 2951 1800 moralem:

319 1848 464 1885 nam
497 1829 753 1885 virtutes
783 1845 851 1885 ex
885 1826 1081 1903 gratia
1112 1826 1355 1902 physice
1386 1844 1504 1883 non
1537 1825 1753 1896 fluunt,
1787 1826 1887 1884 sed
1920 1827 2051 1901 ejus
2072 1828 2301 1886 intuitu
2321 1828 2744 1902 infunduntur,
2778 1830 2950 1906 quasi

318 1917 418 1974 illi
441 1916 765 1973 secundum
787 1934 1028 1973 suavem
1049 1914 1486 1989 providentiam
1507 1915 1740 1973 debitae
1772 1918 1834 1973 et
1862 1917 2298 1985 connaturaleS‚
2330 1921 2401 1975 ut
2421 1918 2529 1976 filii
2551 1919 2657 1977 Dei
2677 1919 2953 1978 habitua-

318 2006 467 2063 liter
497 2004 697 2062 idonei
730 2003 852 2062 sint
881 2004 956 2062 ad
991 2004 1312 2062 vivendum
1345 2007 1406 2062 et
1439 2004 1807 2079 operandum
1827 2023 1933 2080 pro
1953 2005 2253 2082 exigentia
2287 2010 2482 2065 status
2518 2010 2637 2066 tam
2661 2008 2953 2072 sublimis·

1316 2231 1801 2298 Articulus
1850 2230 1976 2297 IV.

1062 2352 1166 2417 De
1214 2355 1499 2417 causis
1539 2354 2219 2436 justificationis.

504 2502 649 2564 212.
686 2496 912 2560 Plures
945 2512 1248 2561 causae
1275 2496 1747 2577 justificationis
1781 2498 2051 2561 solenta
2072 2497 2386 2578 theologis
2419 2502 2760 2565 numerari.
2794 2500 2963 2565 Cum:

331 2620 497 2677 vei-0,
530 2621 699 2686 quae
734 2603 818 2666 ad
851 2603 992 2666 illas
1022 2609 1333 2685 spectant,
1378 2603 1480 2667 vel
1527 2611 1715 2667 extra
1763 2606 2274 2671 controversiam
2319 2605 2463 2684 sint,
2496 2607 2596 2670 vel
2644 2607 2793 2670 alibi
2819 2608 2953 2688 jam

327 2711 562 2776 fuerint
591 2711 1058 2786 demonstrata,
1089 2730 1302 2792 pauca
1334 2712 1416 2776 de
1449 2712 1527 2774 iis
1559 2711 1891 2777 sufficient.

506 2836 570 2903 1.
607 2837 825 2900 Causa
869 2836 1257 2902 efficiens
1304 2844 1402 2901 est
1434 2836 1603 2901 Deus
1635 2858 1802 2901 unus
1835 2845 1901 2904 et
1931 2840 2155 2916 trinuS,
2191 2847 2254 2904 et
2288 2839 2456 2904 Deus
2493 2840 2748 2922 quidem
2782 2839 2955 2902 solus

331 2951 422 3008 est
451 2960 662 3007 causa
692 2944 974 3008 efficiens
1007 2943 1405 3024 principalis:
1455 2962 1667 3026 neque
1714 2943 1848 3007 ulla
1880 2951 2199 3022 creatura,
2234 2947 2525 3027 quamvis
2577 2964 2723 3011 esse
2754 2946 2956 3027 possit

323 3068 524 3114 causa
558 3051 1007 3126 ministerialis
1039 3057 1251 3131 potest
1299 3069 1440 3115 esse
1474 3067 1676 3115 causa
1710 3051 1993 3117 efficiens
2030 3052 2415 3134 principali5‚
2467 3071 2633 3135 quae
2666 3054 2796 3117 scil.
2832 3053 2956 3116 vir-

325 3165 460 3223 tute
489 3158 611 3221 sibi
645 3159 840 3221 insita
889 3165 953 3223 et
1001 3157 1264 3238 propria
1305 3157 1783 3238 justificationis
1836 3159 2128 3222 conserat
2179 3160 2467 3238 gratiam.
2530 3159 2754 3224 Gratia
2786 3160 2956 3225 enim

317 3265 793 3344 justificationis
826 3270 924 3329 est
953 3282 1222 3346 prorsus
1271 3265 1795 3345 supernaturaliS,
1846 3265 2294 3346 complectitur
2336 3285 2490 3331 vero
2542 3273 2798 3347 praeter
2831 3267 2956 3329 alia

323 3377 748 3451 peccatorum
778 3372 1237 3448 remissionem,
1276 3372 1693 3453 adoptionem
1716 3372 2000 3435 divinam
2022 3379 2086 3437 et
2106 3372 2663 3454 participationem
2687 3382 2953 3438 naturae

322 3477 599 3541 divinae.
664 3477 857 3560 Atqui
903 3478 1066 3542 illius
1113 3485 1368 3543 tantum
1412 3485 1512 3543 est
1558 3479 1813 3543 elevare
1864 3485 2166 3543 naturam
2203 3479 2284 3542 ad
2318 3479 2614 3543 altiorem
2646 3480 2952 3554 ordinem,

321 3585 507 3666 cujus
542 3591 642 3650 est
670 3585 1060 3650 constituere
1111 3586 1423 3649 creaturis
1469 3604 1662 3648 suum
1711 3585 2035 3661 ordinem:
2083 3586 2413 3649 remittere
2445 3592 2782 3665 peccatum
2808 3587 2953 3666 jure

321 3692 587 3774 proprio
619 3699 839 3774 potest
873 3699 1119 3756 tantum
1156 3693 1456 3768 offensu5‚
1490 3698 1554 3757 et
1585 3691 1902 3774 adoptare
1934 3693 2143 3756 solum
2176 3693 2245 3766 is,
2280 3692 2462 3772 cujus
2495 3692 2635 3774 quis
2668 3692 2952 3755 redditur

323 3798 506 3862 filius.
542 3798 704 3879 Ergo
726 3800 902 3863 solus
923 3798 1111 3864 Deus,
1146 3798 1233 3863 Cf.
1266 3798 1622 3862 Thomas
1661 3806 1712 3867 1.
1736 3806 1777 3867 2
1800 3820 1856 3881 q.
1887 3807 2009 3868 109
2033 3818 2088 3863 a.
2117 3807 2187 3875 7:
2229 3806 2352 3868 112
2386 3817 2442 3862 a.
2483 3806 2533 3874 1,
2567 3799 2676 3863 ubi
2708 3800 2950 3862 scribit:

333 3903 478 3980 ,Sic
511 3906 682 3969 enim
714 3924 980 3971 necesse
1013 3913 1127 3982 est,
1161 3906 1331 3988 quod
1367 3906 1544 3969 solus
1579 3906 1750 3970 Deus
1800 3907 2050 3972 deificet
2097 3906 2635 3970 communicando
2686 3923 2951 3969 consor-

323 4014 484 4076 tium
520 4013 776 4076 divinae
821 4022 1092 4077 naturae
1141 4032 1256 4094 per
1310 4013 1637 4095 quandam
1689 4013 2115 4078 similitudinis
2166 4013 2740 4095 participationem,
2789 4013 2951 4076 sicut

322 4119 727 4202 impossihile
761 4126 874 4194 est,
907 4120 1081 4202 quod
1106 4120 1342 4202 aliquid
1371 4121 1568 4200 igniat
1596 4120 1722 4183 nisi
1754 4121 1929 4183 solus
1960 4122 2158 4200 ignis«
2190 4127 2344 4196 etc:
2379 4118 2824 4194 SuarezVIL
2849 4123 2950 4186 25.

508 4249 635 4317 Qua
656 4249 958 4307 occasione
978 4249 1294 4324 disputant
1311 4250 1592 4325 theologi,
1626 4270 1764 4308 num
1782 4251 2219 4324 justificationis
2250 4269 2394 4325 opus
2426 4252 2679 4308 omnium
2710 4266 2947 4323 operum

325 4341 658 4398 divinorum
688 4341 762 4396 sit
794 4341 1150 4396 maximum:
1182 4343 1243 4397 et
1275 4340 1652 4413 respondent,
1676 4339 2172 4414 justificationem
2201 4341 2428 4397 ratione
2450 4339 2695 4397 effectus
2728 4338 2948 4395 unione

325 4428 569 4504 quidem
619 4428 992 4503 hypostatica
1036 4433 1096 4485 et
1138 4427 1561 4504 glorificatione
1608 4448 1734 4487 esse
1779 4430 2083 4498 minorem,
2139 4427 2238 4486 sed
2288 4429 2570 4504 majorem
2620 4428 2945 4485 creatione:

326 4518 509 4591 hujus
543 4517 700 4574 enim
746 4517 1037 4575 terminus
1084 4523 1177 4574 est
1220 4517 1443 4575 bonum
1490 4521 1734 4576 naturae
1780 4517 2115 4575 mutabilis:
2167 4518 2331 4575 illius
2382 4535 2521 4575 vero
2571 4515 2946 4591 participatio

325 4611 577 4664 naturae
610 4606 863 4665 divinae.
912 4606 1302 4675 Quamobrem
1336 4610 1537 4664 censet
1569 4608 2068 4682 Augustinus
2100 4607 2163 4664 in
2196 4606 2366 4664 Joan.
2387 4610 2460 4663 tr.
2486 4617 2518 4668 7
2530 4615 2562 4665 2
2588 4625 2643 4663 n.
2669 4614 2724 4674 3,
2760 4606 2949 4678 majus

327 4715 473 4771 opus
505 4714 651 4764 esse,
684 4701 756 4753 ut
787 4714 855 4753 ex
888 4695 1072 4769 impio
1096 4696 1299 4769 justus
1322 4695 1439 4765 fiat,
1477 4715 1652 4769 quam
1673 4714 1866 4755 creare
1885 4698 2114 4754 coelum
2135 4701 2193 4753 et
2213 4699 2450 4752 terram.
2488 4695 2768 4762 ,Coelum
2789 4693 2945 4749 enim

327 4790 385 4842 et
429 4789 593 4842 terra
635 4784 948 4842 transibit:
994 4784 1572 4859 praedestinatorum
1603 4789 1802 4843 autem
1836 4786 1999 4843 salus
2033 4788 2093 4843 et
2132 4783 2479 4860 justificatio
2512 4780 2942 4858 permanebit.‘

546 4893 816 4950 Hortor,
857 4893 1105 4951 compend.
1145 4894 1411 4947 theologiae
1448 4892 1533 4939 111.
1579 4895 1655 4939 11.
1696 4893 1769 4938 ed.
2570 4886 2628 4935 12
