3538 5364
1134 251 1304 305 datur
1329 251 1518 320 gratia
1543 251 1615 305 ad
1644 251 1885 308 salutem
1914 252 2219 308 sufficiens.
2909 262 2988 325 77

353 432 810 516 poenitentiam
841 434 1067 496 reverti
1081 454 1110 514 ,·
1138 432 1238 496 ΕΖ.
1273 437 1378 510 33,
1419 440 1528 502 11:
1576 433 1722 496 Vivo
1754 453 1880 517 eya,
1915 434 2065 498 dicit
2081 433 2394 498 Dominus
2414 432 2622 502 Deus:
2653 433 2795 496 nolo
2824 456 2991 498 mor-

366 544 485 600 tem
517 539 724 623 impii,
754 540 862 604 sed
892 546 963 602 ut
993 546 1385 603 convertatur
1414 541 1648 623 impius
1679 562 1720 604 a
1750 541 1856 605 via
1888 560 2008 604 sua
2039 546 2094 603 et
2125 541 2292 605 vivat
2306 563 2333 619 ;
2363 539 2545 604 Rom.
2581 545 2639 617 2,
2672 545 2715 608 4
2748 547 2864 605 etc.

546 665 616 731 3.
649 663 823 729 Idem
855 663 1092 727 docent
1119 669 1355 746 patreS,
1374 665 1751 746 praesertim
1771 665 2113 730 occasione
2150 663 2574 730 indurationis
2594 663 2985 742 Pharaonis3

365 769 457 832 ita
490 787 533 832 a
549 788 638 832 uc
655 776 735 834 to
753 789 784 833 r
815 769 896 834 de
925 787 1063 834 voc.
1096 787 1265 834 omn.
1298 776 1463 852 gent.
1495 771 1816 837 disserens
1848 770 1929 835 de
1949 770 2274 835 beneficiis
2293 771 2568 852 posteris
2588 769 2769 836 Caini
2789 789 2830 835 a
2851 770 2987 836 Deo

365 876 555 953 datis,
587 876 1043 943 animadvertit
1072 877 1139 953 11,
1173 882 1244 945 3:
1302 876 1520 958 ,Quae
1550 877 1865 943 beneficia
1897 878 2047 942 licet
2080 877 2411 943 obduratis
2441 878 2597 941 nibil
2627 878 2893 943 remedii
2925 886 2994 944 et

366 984 841 1049 emendationis
888 985 1231 1057 attulerint,
1277 985 1556 1067 probant
1600 992 1819 1049 tamen
1852 986 2259 1051 aversionem
2310 1003 2536 1050 eorum
2567 1005 2701 1050 non
2732 985 2985 1051 divinae

367 1089 562 1155 fuisse
595 1091 1088 1158 constitutionis,
1118 1091 1232 1155 sed
1262 1092 1560 1172 propriae
1593 1090 1995 1155 voluntatis«
2049 1090 2224 1155 Idem
2256 1090 2558 1174 supponit
2589 1097 2654 1156 et
2683 1090 2984 1168 Ecclesia,

369 1215 533 1280 quae
553 1198 891 1262 induratos
912 1198 1107 1263 etiam
1126 1197 1365 1278 obligat
1386 1197 1468 1260 ad
1487 1215 1772 1261 annuam
1804 1197 2296 1263 confessionem.
2330 1195 2606 1261 Possunt
2625 1216 2775 1279 ergo
2797 1216 2992 1278 agere

365 1306 833 1385 poenitentiam
864 1313 930 1371 et
959 1308 1261 1373 converti.
1323 1306 1579 1372 Habent
1609 1324 1760 1387 ergo
1794 1307 2088 1387 gratiam.

545 1433 610 1499 4.
642 1436 891 1495 Accedit
920 1438 1239 1496 auctoritas
1272 1454 1320 1500 s,
1351 1436 1706 1507 Thomae‚
1753 1435 1860 1512 qui
1905 1436 1976 1494 de
2021 1438 2129 1495 hac
2171 1436 2518 1511 quaestione
2552 1437 2638 1495 ita
2668 1437 2885 1496 statuit
2914 1438 2987 1496 de

367 1525 540 1583 verit.
571 1544 625 1601 q.
664 1535 744 1589 ‘24
779 1545 828 1583 a.
872 1537 979 1588 11:
1030 1526 1411 1595 ,Obstinatio
1456 1526 1741 1601 importat
1778 1526 2076 1601 quandam
2107 1524 2448 1585 firmitatem
2481 1526 2546 1585 in
2576 1532 2833 1602 peccato,
2882 1545 2992 1603 per

365 1632 546 1688 quam
577 1614 795 1691 aliquis
829 1635 863 1673 a
894 1619 1129 1692 peccato
1158 1616 1379 1675 reverti
1409 1633 1528 1673 non
1558 1614 1766 1690 possit.
1833 1614 2001 1683 Quod
2046 1618 2246 1673 autem
2290 1614 2508 1690 aliquis
2552 1633 2675 1673 non
2721 1616 2909 1691 possit
2954 1635 2992 1674 a

360 1706 604 1778 peccato
636 1704 873 1773 reverti,
904 1707 1105 1781 potest
1134 1704 1394 1780 intelligi
1428 1703 1763 1780 dupliciter.
1811 1703 1937 1763 Uno
1968 1703 2143 1762 modo
2175 1703 2275 1773 ita,
2310 1704 2472 1779 quod
2503 1703 2660 1763 vires
2694 1722 2835 1763 suae
2867 1723 2989 1763 non

361 1791 666 1851 sufficiant
694 1792 768 1851 ad
800 1793 926 1863 hoc,
959 1794 1119 1868 quod
1150 1813 1183 1851 a
1214 1797 1453 1869 peccato
1470 1793 1744 1851 totaliter
1761 1793 2065 1861 liberetur,
2101 1796 2163 1851 et
2193 1792 2277 1851 sic
2296 1792 2553 1867 quilibet
2572 1798 2809 1869 peccato
2828 1811 2985 1852 mor-

363 1881 471 1939 tali
504 1882 722 1940 cadens
753 1882 977 1940 dicitur
1004 1900 1119 1942 non
1155 1900 1324 1958 posse
1355 1881 1429 1941 ad
1451 1881 1753 1957 justitiam
1785 1881 1996 1944 redire.
2046 1880 2159 1942 Sed
2189 1900 2258 1940 ex
2290 1881 2409 1940 ista
2440 1880 2720 1940 firmitate
2751 1883 2815 1940 in
2849 1900 2986 1958 pec-

364 1975 493 2029 cato
542 1989 667 2029 non
713 1972 936 2030 dicitur
964 1971 1183 2047 aliquis
1216 1971 1453 2047 proprie
1486 1971 1843 2029 obstinatus.
1910 1969 2041 2030 Alio
2089 1969 2264 2029 modo
2308 1970 2488 2029 habet
2533 1971 2751 2046 aliquis
2799 1970 2984 2033 firmi·

360 2062 551 2118 tatem
583 2060 650 2118 in
678 2063 933 2136 peccato,
978 2060 1062 2118 ita
1104 2060 1264 2136 quod
1309 2078 1418 2119 nec
1450 2059 1744 2136 cooperari
1777 2062 1977 2136 potest
2007 2059 2080 2118 ad
2113 2060 2240 2132 hoc,
2258 2059 2417 2135 quod
2450 2079 2483 2117 a
2512 2064 2751 2136 peccato
2785 2078 2984 2119 resur·

361 2153 484 2225 gat.
553 2148 670 2207 Sed
703 2149 1023 2225 dupliciter
1051 2153 1141 2209 est
1172 2150 1296 2212 hoc.
1339 2149 1468 2207 Uno
1499 2148 1670 2207 modo
1702 2148 1804 2218 ita,
1838 2148 1996 2225 quod
2029 2149 2198 2207 nullo
2230 2149 2403 2208 modo
2434 2149 2625 2224 possit
2654 2150 2989 2226 cooperari:

360 2243 423 2296 et
453 2238 600 2297 haec
630 2242 727 2297 est
756 2238 1016 2314 perfecta
1033 2238 1372 2307 obstinatio,
1408 2238 1847 2313 quadaemones
1880 2241 2025 2296 sunt
2043 2237 2329 2296 obstinati
2361 2280 2376 2296 .
2410 2281 2423 2293 .
2457 2282 2470 2295 .
2504 2238 2637 2296 Alio
2671 2239 2844 2298 modo
2875 2238 2983 2310 ita,

362 2327 526 2403 quod
558 2346 682 2386 non
727 2328 799 2387 de
842 2326 1069 2386 facili
1110 2327 1304 2403 possit
1334 2327 1631 2403 cooperari
1663 2326 1734 2384 ad
1769 2327 1893 2396 hoc,
1926 2326 2088 2402 quod
2119 2329 2287 2385 exeat
2317 2326 2390 2384 de
2421 2330 2673 2402 peceato.
2726 2328 2801 2386 Et
2846 2329 2988 2387 haec

360 2420 458 2475 est
487 2416 816 2475 obstinatio
835 2416 1191 2493 imperfecta,
1228 2435 1347 2493 qua
1378 2412 1480 2498 (al.
1513 2410 1680 2497 quia)
1713 2415 1928 2491 aliquis
1962 2418 2160 2491 potest
2190 2434 2317 2474 esse
2350 2415 2691 2475 obstinatus
2722 2417 2787 2474 in
2819 2419 2986 2475 statu

360 2506 513 2577 viae,
549 2506 695 2564 dum
725 2505 848 2568 scil.
866 2505 1044 2564 habet
1073 2506 1292 2582 aliquis
1322 2505 1409 2563 ita
1439 2504 1728 2562 firmatam
1746 2506 2119 2563 voluntatem
2150 2505 2214 2563 in
2248 2507 2499 2580 peccato,
2536 2505 2692 2580 quod
2713 2523 2831 2564 non
2853 2524 2984 2564 sur-

360 2598 520 2672 gunt
551 2597 750 2653 motus
793 2594 866 2652 ad
911 2594 1135 2653 bonum
1172 2594 1292 2653 nisi
1322 2592 1563 2655 debiles,
1630 2593 1782 2662 Quia
1811 2598 2012 2652 tamen
2044 2593 2228 2669 aliqui
2260 2596 2521 2670 surgunt
2551 2613 2620 2652 ex
2653 2594 2757 2664 eis,
2804 2594 2988 2653 datur

359 2685 475 2754 via,
511 2688 585 2742 ut
614 2689 998 2760 praeparetur
1029 2684 1100 2742 ad
1132 2685 1444 2762 gratiam.‘
1510 2682 1589 2745 cf.
1623 2684 2042 2758 Dechamps
2073 2684 2161 2742 111
2192 2682 2340 2759 disp.
2376 2694 2410 2746 8
2446 2702 2491 2741 c.
2533 2693 2606 2746 13
2644 2702 2724 2742 ss,

548 2817 652 2871 83.
684 2803 1040 2874 Scholion
1072 2805 1133 2873 Ῑ.
1197 2809 1643 2883 Exceptionibus
1673 2809 1899 2882 satisfit.
1931 2840 2019 2851 —-
2052 2808 2186 2867 Non
2219 2807 2563 2880 diffitemur,
2609 2807 2782 2884 plura
2813 2825 2988 2882 posse

367 2897 587 2973 opponi
620 2897 714 2968 iis,
749 2916 900 2974 quae
931 2899 1420 2975 praecedentibus
1442 2897 1674 2957 duabus
1695 2897 1970 2957 thesibus
1992 2897 2332 2967 statuimus,
2366 2898 2714 2972 praesertim
2745 2914 2813 2954 ex
2847 2897 2897 2954 A
2916 2916 2985 2954 u-

362 2986 707 3062 gustino.
770 2988 885 3046 Pro
917 3005 1171 3062 quorum
1203 2987 1498 3046 solutione
1530 2987 1671 3047 haec
1702 3006 1840 3063 prae
1873 2987 2058 3046 oculis
2090 2986 2454 3044 habeantur:

547 3087 611 3155 l.
648 3093 956 3172 Distingui
985 3095 1161 3153 debet
1191 3095 1350 3154 inter
1378 3095 1633 3172 gratiam
1664 3095 2052 3153 actualem
2096 3097 2158 3153 et
2201 3093 2704 3152 habitualem.
2767 3093 2853 3151 Ex
2895 3110 2984 3162 eo,

363 3181 524 3257 quod
558 3182 706 3241 haec
736 3201 854 3241 non
887 3184 1163 3242 omnibus
1197 3184 1389 3255 detur,
1423 3203 1543 3243 non
1576 3184 1867 3259 sequitur,
1899 3201 2093 3257 neque
2113 3183 2402 3241 actualem
2434 3181 2576 3243 dari.
2625 3181 2796 3240 Illius
2828 3182 2984 3240 enim

363 3271 606 3330 collatio
638 3271 702 3329 in
733 3271 954 3331 adultis
984 3273 1058 3331 ab
1088 3273 1271 3349 hujus
1302 3273 1456 3332 bono
1487 3273 1709 3349 pendet
1737 3291 1874 3334 usu.
1920 3271 2057 3331 Jam
2087 3290 2226 3330 vero
2256 3271 2330 3330 de
2362 3271 2553 3348 gratia
2572 3270 2861 3329 habituali
2893 3271 2984 3328 in·

362 3359 559 3436 telligi
590 3364 846 3435 possunt
875 3362 1076 3437 aliqua
1103 3365 1341 3438 patrum
1375 3362 1565 3432 effata,
1599 3381 1751 3438 quae
1784 3361 2170 3437 objiciuntur,
2218 3367 2290 3420 ut
2319 3379 2454 3419 cum
2486 3363 2536 3419 A
2554 3359 2992 3437 agustinus

363 3447 513 3507 dicit
543 3466 718 3507 serm.
751 3462 816 3512 11
852 3469 911 3508 n.
933 3460 1005 3512 4:
1041 3452 1422 3520 ,Communis
1453 3455 1547 3510 est
1577 3450 1855 3510 omnibus
1886 3455 2120 3519 natura,
2154 3468 2277 3508 non
2307 3451 2559 3526 gratia,‘
2594 3467 2712 3523 qua
2742 3448 2987 3519 scilicet,

363 3541 436 3595 ut
467 3537 697 3609 subdit,
733 3538 916 3606 ,facti
949 3557 1155 3599 sumus
1185 3540 1447 3616 populus
1479 3541 1609 3615 ejus
1639 3542 1703 3598 et
1732 3557 1871 3599 oves
1901 3557 2152 3615 pascuae
2184 3540 2377 3614 ejus.‘
2429 3538 2510 3597 Cf.
2545 3557 2726 3613 supra
2756 3557 2812 3599 n.
2841 3547 2892 3606 7,
2927 3548 2983 3600 8.

364 3626 632 3686 Subinde
650 3627 985 3703 loquuntur
1012 3629 1100 3688 ita
1128 3630 1306 3688 etiam
1338 3630 1411 3688 de
1441 3630 1633 3706 gratia
1650 3628 1979 3688 vocationis
2010 3629 2082 3686 ad
2117 3629 2290 3686 fidem
2314 3628 2593 3703 proxima,
2626 3645 2796 3701 quae,
2829 3631 2986 3684 teste

364 3715 748 3790 experientia,
798 3734 915 3775 non
953 3717 1229 3776 omnibus
1261 3721 1352 3778 est
1382 3717 1746 3779 communis:
1792 3719 1864 3775 ut
1906 3717 2201 3776 efficacius
2231 3717 2617 3791 reprobarent
2648 3715 2989 3790 pelagiano-

365 3824 502 3862 rum
547 3822 821 3872 errorem,
866 3807 972 3882 qui
1015 3808 1257 3866 nomine
1301 3808 1526 3885 gratiae
1570 3807 1645 3866 ad
1690 3806 1943 3865 salutem
1991 3805 2359 3864 necessariae
2391 3803 2806 3881 intelligebant
2851 3805 2984 3878 ipsa

365 3893 520 3953 bona
548 3894 848 3952 naturalia
876 3895 1151 3954 omnibus
1183 3896 1536 3958 communia.

542 3997 608 4065 2.
640 4000 942 4078 Distingui
975 4001 1150 4061 debet
1179 4003 1342 4061 inter
1371 4003 1623 4080 gratiam
1657 4002 1949 4079 operis,
1997 4002 2246 4078 gratiam
2293 3999 2577 4068 adultam,
2624 4004 2685 4059 et
2729 4000 2986 4077 gratiam

369 4090 795 4161 orationis,
841 4091 1166 4150 initialem:
1212 4092 1377 4149 illam
1424 4092 1924 4167 Augustinus
1955 4090 2193 4148 nomine
2225 4089 2465 4165 gratiae,
2515 4089 2814 4165 adjutorii,
2862 4108 2983 4148 non

367 4178 532 4250 hanc,
566 4179 913 4256 saepissime
944 4180 1247 4257 intelligit,
1293 4182 1364 4238 ut
1408 4199 1543 4239 cum
1575 4181 1802 4257 gratiae
1834 4179 2127 4238 desectum
2161 4197 2228 4235 ex
2260 4179 2541 4254 neglectu
2570 4178 2856 4237 orationis
2889 4197 2981 4237 re-

368 4270 537 4342 petit.
569 4269 728 4326 Haec
759 4269 1064 4328 annotatio
1097 4272 1315 4328 summi
1346 4269 1629 4329 momenti
1660 4269 1950 4344 probatur
1980 4268 2310 4326 innumeris
2343 4285 2389 4327 s,
2422 4267 2679 4326 doctoris
2710 4268 2985 4326 testimo-

368 4357 505 4420 niis,
567 4357 661 4415 Ita
691 4358 762 4417 de
795 4358 1023 4434 Spiritu
1053 4362 1114 4418 et
1144 4359 1234 4416 lit.
1266 4378 1313 4418 c.
1353 4370 1428 4421 19
1464 4378 1521 4416 n.
1557 4368 1672 4420 34:
1708 4359 1864 4427 ,Lex
1896 4359 2034 4416 data
2064 4361 2173 4427 est,
2207 4360 2278 4413 ut
2308 4357 2500 4433 gratia
2530 4363 2979 4432 quaereretur,‘

371 4446 492 4504 scil.
542 4448 746 4522 major,
797 4447 1130 4518 robustior3
1182 4449 1450 4523 alioquin
1482 4448 1532 4506 si
1579 4448 1721 4506 haec
1751 4446 2079 4524 propositio
2129 4445 2201 4503 de
2251 4465 2288 4520 p
2307 4446 2496 4504 rima
2545 4445 2985 4522 intelligeretur

372 4536 580 4610 gratia,
615 4537 1077 4614 semipelagiana
1108 4538 1348 4595 omnino
1380 4540 1552 4596 esset.
1600 4537 1683 4595 De
1715 4540 1931 4596 natura
1961 4538 2022 4594 et
2052 4536 2244 4612 gratia
2273 4552 2320 4596 c.
2357 4545 2463 4597 15:
2500 4534 2860 4608 ,Praecepto
2893 4534 2981 4591 fa-

372 4641 498 4681 cere
530 4641 983 4694 commonemur,
1017 4626 1175 4701 quod
1206 4629 1485 4685 conantes
1517 4629 1579 4684 et
1609 4627 1832 4686 nostris
1867 4625 2096 4684 viribus
2128 4643 2250 4683 non
2281 4624 2563 4691 valentes,
2615 4622 2981 4699 adjutorium

372 4711 642 4771 divinum
673 4723 1035 4789 precemur.‘
1075 4716 1157 4775 De
1190 4719 1437 4791 corrept.
1471 4718 1531 4774 et
1561 4718 1711 4790 grat.
1744 4735 1801 4774 n.
1827 4726 1895 4776 2:
1932 4714 2088 4784 ,Qui
2108 4713 2373 4789 legitime
2409 4712 2540 4787 lege
2560 4712 2769 4780 utitur,
2804 4710 2984 4769 discit
