3538 5364
1021 238 1220 293 Thesis
1247 238 1536 293 (mxxiv.
1562 235 2005 307 Pelagianorum
2032 252 2263 290 errores.
2862 244 2947 308 23

514 426 614 492 28.
648 421 892 500 Quibus
922 420 1289 503 praemissis
1320 419 1554 501 duplex
1586 419 1789 485 oritur
1810 417 2121 500 quaestiO,
2154 434 2309 481 num
2342 416 2550 498 gratia
2581 417 2949 481 necessaria

345 529 422 594 sit
452 528 531 592 ad
563 534 740 592 actus
772 528 1223 602 salutares:
1255 527 1485 591 deinde
1505 544 1658 590 num
1670 526 1867 591 etiam
1882 524 2248 590 necessaria
2273 524 2355 590 sit
2369 524 2452 588 ad
2481 531 2662 588 actus
2696 524 2948 589 ethice

345 635 561 699 bonos.
624 634 679 697 A
706 634 905 716 priori
933 633 1327 715 incipiamus.

589 776 662 840 Α
710 776 815 840 De
862 776 1380 842 necessitate
1426 775 1751 855 gratiae
1800 775 1896 840 ad
1944 779 2179 839 actus
2226 773 2675 839 salutares,

512 907 614 971 29-
649 903 905 971 TheSlS
937 902 1320 971 CLXXIV·
1379 923 1639 979 Gratia
1695 924 1830 977 Dei
1887 925 1985 979 ad
2038 936 2275 978 omnes
2336 926 2532 976 actus
2594 924 2950 976 saluta-res

339 1016 736 1067 necessaria
777 1018 896 1067 est.

506 1116 954 1186 Declaratio.
1019 1121 1226 1181 Thesis
1272 1122 1487 1198 dogma
1531 1122 1950 1198 complectitur
1982 1121 2422 1181 fundamentale
2454 1119 2762 1198 religionis
2793 1120 2950 1179 chri-

340 1209 577 1275 stianae.
644 1211 803 1269 Hinc
833 1211 1333 1288 Augustinus
1364 1211 1436 1270 de
1468 1214 1588 1274 nat.
1620 1214 1684 1271 et
1713 1212 1907 1288 gratia
1937 1230 1983 1270 c.
2021 1222 2132 1274 60:
2183 1211 2407 1279 ,Nullo
2441 1208 2630 1281 mod0,
2679 1208 2799 1268 nisi
2847 1209 2951 1269 ad·

332 1299 574 1375 juvante
605 1300 802 1376 gratia
836 1300 1153 1358 Salvatoris
1185 1299 1400 1360 Christi
1433 1300 1695 1360 crucifixi
1727 1306 1789 1360 et
1833 1300 1988 1359 dono
2023 1299 2285 1375 Spiritus
2316 1301 2465 1373 ejus,
2511 1299 2604 1358 vel
2649 1298 2954 1374 quoslibet

340 1388 406 1447 ad
423 1388 832 1463 plenissimam
852 1388 1274 1464 perfectionem
1305 1390 1402 1448 vel
1430 1408 1791 1466 quemquam
1825 1389 1900 1449 ad
1933 1390 2405 1465 qualemcunque
2429 1388 2756 1464 profectum
2781 1405 2954 1448 verae

340 1477 578 1553 piaeque
602 1478 884 1553 justitiae
915 1478 1223 1555 pervenire
1256 1479 1359 1552 qui
1393 1479 1757 1554 negaverint,
1789 1478 1987 1538 nescio
2020 1483 2227 1536 utrum
2258 1482 2415 1537 recte
2446 1477 2678 1554 possint
2710 1476 2774 1535 in
2805 1496 2955 1552 qua-

340 1567 725 1641 liumcunque
757 1567 1214 1626 christianorum
1247 1586 1493 1627 numero
1526 1567 1860 1643 deputari.‘
1909 1567 1990 1627 cf.
2023 1586 2111 1644 ep.
2139 1576 2260 1630 178
2295 1585 2354 1627 n.
2393 1576 2463 1634 2;
2497 1585 2585 1642 ep.
2626 1576 2746 1629 190
2770 1585 2829 1624 n.
2853 1575 2953 1628 22.

340 1655 636 1714 Statuitur
681 1675 752 1715 ea
793 1657 858 1714 in
903 1657 1112 1731 primis
1142 1660 1347 1714 contra
1377 1656 1838 1734 pelagianos
1857 1701 1871 1726 ,
1919 1655 2024 1732 qui
2057 1656 2302 1714 ineunte
2334 1675 2445 1715 sec.
2479 1655 2545 1717 V.
2577 1660 2815 1715 auctore
2850 1655 2957 1713 Pe-

336 1745 484 1822 lagio
516 1747 688 1818 (cum
721 1745 1003 1805 coelestio
1051 1750 1113 1804 et
1155 1744 1399 1804 Juliano
1444 1745 1767 1820 eclanensi)
1799 1750 2039 1821 praeter
2069 1762 2297 1803 errores
2330 1744 2484 1803 circa
2516 1747 2740 1803 statum
2775 1744 2953 1821 origi-

332 1834 519 1891 nalem
552 1839 1051 1910 protoparentum
1083 1832 1179 1915 (cf.
1212 1838 1255 1894 t.
1288 1834 1363 1892 11.
1395 1853 1454 1892 n.
1489 1834 1679 1914 310¹)
1725 1839 1789 1894 et
1830 1844 2136 1912 peccatum
2183 1834 2475 1911 originale
2521 1829 2626 1914 (ib.
2672 1852 2728 1892 n.
2779 1828 2954 1915 359),

331 1922 473 1980 alios
507 1940 759 1998 quoque
791 1926 1136 1999 sparserunt
1167 1922 1239 1981 de
1270 1923 1479 2000 gratia,
1516 1924 1621 1999 qui
1652 1924 1725 1982 ad
1758 1924 1900 1984 baec
1930 1923 2127 1999 capita
2147 1923 2412 1982 revocari
2431 1925 2714 1998 possunt:
2752 1917 2814 1987 l.
2836 1923 2954 1982 No-

330 2012 482 2070 mine
527 2013 765 2087 gratiae
811 2012 1231 2088 intelligebant
1276 2012 1432 2071 bona
1479 2013 1916 2085 naturalia,
1971 2012 2300 2071 naturalem
2344 2011 2801 2089 possibilitatem
2849 2030 2957 2070 seu

330 2100 687 2175 potentiam,
721 2120 839 2177 qua
867 2101 1018 2161 bene
1049 2102 1280 2177 operari
1313 2118 1649 2176 possumus
1698 2101 1841 2160 Cum
1875 2121 2014 2161 vero
2046 2101 2225 2159 nimis
2258 2101 2498 2161 evidens
2530 2105 2687 2160 esset
2717 2119 2785 2158 ex
2819 2100 2954 2160 uni-

330 2208 491 2248 versa
520 2190 896 2249 revelatione
937 2189 1273 2258 christiana,
1307 2193 1584 2249 naturam
1630 2191 1824 2268 gratia
1862 2192 2080 2267 juvari,
2128 2191 2366 2250 nomine
2412 2190 2694 2265 adjutorii
2729 2190 2956 2266 gratiae

332 2274 390 2341 2.
421 2279 855 2356 intelligebant
873 2278 1127 2357 gratiam
1160 2297 1191 2337 e
1209 2298 1244 2337 x
1260 2283 1557 2338 ternam
1587 2281 1760 2357 legis,
1795 2279 2103 2356 evangelii,
2138 2279 2389 2355 exempli
2408 2280 2469 2337 in
2491 2278 2699 2353 primis
2719 2278 2956 2340 Christi.

333 2368 483 2425 Num
515 2368 767 2426 demum
801 2367 1149 2426 admiserint
1180 2368 1435 2445 gratiam
1467 2369 1645 2428 etiam
1678 2370 1752 2428 in
1772 2373 2064 2428 ternam
2100 2369 2307 2427 saltem
2341 2367 2783 2439 illustrationis,
2816 2386 2955 2427 con·

332 2459 695 2516 trovertitur
723 2457 882 2516 inter
912 2456 1234 2535 theologos.
1295 2456 1579 2526 Quamvis
1612 2458 1860 2534 plurimi
1892 2459 1952 2517 id
1986 2456 2326 2527 concedant,
2360 2476 2477 2516 non
2510 2456 2729 2516 desunt
2759 2461 2958 2516 tamen

334 2546 601 2623 theologi
652 2564 877 2624 graveS,
936 2549 1007 2604 ut
1056 2546 1292 2623 Lugo,
1353 2546 1922 2617 Bellarminus,
1982 2546 2393 2620 Norisius,
2448 2545 2956 2615 SfondratuS,

334 2636 694 2706 Loesius,
747 2636 1056 2706 Suarez,
1110 2635 1481 2695 Palmieri
1525 2640 1654 2706 etc„
1708 2638 1815 2712 qui
1859 2637 1919 2695 id
1964 2635 2333 2714 probabilius
2384 2641 2618 2712 negent.
2700 2635 2780 2699 Cf.
2831 2636 2956 2694 Liv.

334 2726 534 2801 Meye
552 2747 589 2784 r
623 2726 684 2783 in
719 2726 861 2785 diss.
883 2724 1057 2785 docta
1087 2728 1149 2784 et
1179 2725 1414 2784 erudita
1445 2726 1515 2784 de
1548 2726 1853 2786 erroribus
1885 2726 2072 2804 pelag.
2107 2732 2168 2785 et
2198 2725 2417 2784 massil.
2440 2725 2663 2783 adnexa
2692 2729 2735 2783 t.
2767 2735 2788 2786 l
2819 2744 2958 2784 suae

2170 1065 2184 1097 t

332 2814 464 2876 hist.
501 2834 712 2892 congr.
746 2816 818 2873 de
849 2813 1118 2884 auxiliis;
1157 2814 1549 2874 Scheeben
1583 2812 1615 2881 ἓ
1653 2824 1799 2879 289.
1863 2817 2104 2875 Certum
2137 2815 2347 2874 saltem
2380 2817 2488 2883 est,
2538 2813 2830 2889 quidquid
2864 2833 2957 2873 re·-

331 2904 594 2965 clament
623 2903 916 2973 nonnulli,
950 2921 1050 2962 eos
1081 2921 1389 2978 nunquam
1408 2903 1714 2963 admisisse
1733 2905 1985 2981 gratiam
2019 2904 2187 2964 imm
2205 2923 2236 2962 e
2253 2904 2418 2963 diat
2435 2921 2515 2961 ae
2547 2903 2958 2979 inspirationis

330 2992 682 3056 voluntatis.
750 2991 1174 3068 Quamcunque
1219 2992 1458 3051 demum
1506 2989 1567 3058 3.
1614 2993 1870 3069 gratiam
1914 2996 2162 3052 naturae
2206 2991 2651 3069 superadditam
2682 2993 2959 3051 admitte-

331 3085 489 3152 bant,
538 3083 676 3157 ejus
708 3081 1009 3158 negabant
1039 3082 1426 3158 gratuitatem
1459 3087 1640 3159 atque
1684 3079 1747 3147 4.
1794 3083 1923 3158 ejus
1970 3083 2046 3140 ad
2085 3086 2253 3140 actus
2286 3081 2575 3140 salutares
2606 3081 2959 3140 necessi-

333 3172 607 3240 tatem;
650 3171 977 3229 tuebantur
1006 3171 1180 3240 enim,
1214 3189 1341 3229 eam
1374 3174 1612 3230 tantum
1643 3172 1775 3231 dari
1805 3171 1878 3231 ad
1927 3172 1956 3229 f
1962 3171 2251 3230 acilius
2282 3171 2637 3247 operandam
2671 3172 2954 3230 salutem:

334 3260 740 3335 opinabantur
770 3259 929 3318 enim
963 3259 1261 3319 hominem
1295 3278 1403 3335 per
1433 3261 1589 3319 vires
1620 3261 1925 3319 naturales
1956 3279 2126 3335 posse
2158 3261 2286 3319 sine
2318 3260 2447 3319 ullo
2478 3261 2677 3319 vivere
2701 3262 2956 3337 peccat0,

333 3351 531 3409 omnia
563 3347 893 3423 adimplere
928 3351 1240 3424 praecepta
1271 3350 1441 3424 atqui
1472 3351 1557 3409 ita
1587 3351 1870 3424 consequi
1891 3349 2162 3408 salutem.
2213 3346 2274 3412 5.
2308 3349 2738 3408 Remissionem
2758 3352 2959 3408 tamen

330 3438 713 3516 'peccatorum
744 3441 806 3496 et
836 3436 1208 3514 adoptionem
1243 3437 1520 3511 filiorum,
1552 3442 1625 3498 ut
1654 3438 1791 3514 quis
1824 3438 1887 3497 in
1939 3457 2188 3514 regnum
2239 3437 2596 3497 admittatur
2643 3439 2957 3508 coelorum,

333 3528 562 3605 gratiae
603 3526 978 3585 tribuebant:
1042 3527 1279 3585 nomine
1328 3546 1470 3586 vero
1518 3527 1746 3605 gratiae
1798 3546 1916 3586 non
1967 3526 2248 3586 videntur
2295 3526 2659 3586 intellexisse
2709 3527 2957 3604 gratiam

335 3620 733 3676 internam
778 3615 1006 3674 animae
1051 3615 1473 3688 inhaerentem,
1507 3616 1611 3675 sed
1645 3635 1876 3675 merum
1908 3617 2013 3674 Dei
2061 3616 2314 3675 favorem
2348 3616 2763 3678 extrinsecum.
2831 3617 2959 3674 Sta-

332 3706 540 3765 tuitur
570 3704 761 3763 thesis
793 3704 972 3763 etiam
1005 3708 1210 3763 contra
1242 3706 1694 3764 socinianos
1725 3710 1786 3764 et
1821 3705 2390 3766 rationalistis.

517 3820 620 3874 30.
652 3810 956 3880 Quantum
985 3814 1189 3870 autem
1220 3812 1430 3870 horum
1461 3831 1625 3872 error
1656 3814 1999 3871 censeretur
2042 3817 2241 3888 petere
2286 3812 2412 3888 ipsa
2456 3811 2760 3889 religionis
2808 3812 2960 3870 chri-

335 3903 566 3960 stianae
601 3900 1007 3975 fundamenta,
1046 3899 1188 3959 inde
1219 3901 1447 3978 collige,
1492 3901 1647 3975 quod
1681 3902 1754 3959 ab
1788 3921 1837 3961 a.
1872 3911 2018 3971 412,
2067 3920 2187 3977 quo
2217 3901 2478 3978 primum
2509 3901 2960 3977 pelagianorum

335 3990 598 4049 haeresis
629 3989 822 4066 magis
855 3989 1220 4049 innotescere
1251 3990 1463 4066 coepit,
1508 4007 1700 4064 usque
1732 3989 1805 4047 ad
1839 4010 1889 4051 a.
1925 4000 2040 4053 431
2085 3990 2238 4049 circa
2273 3999 2354 4051 24
2389 3989 2638 4050 concilia
2669 3990 2960 4048 recenseri

336 4080 588 4153 possint,
622 4077 686 4136 in
718 4077 938 4153 quibus
970 4078 1074 4136 illa
1105 4078 1365 4137 haeresis
1398 4079 1674 4137 damnata
1705 4078 1906 4150 fuerit,
1956 4097 2279 4154 omnesque
2312 4078 2618 4154 pontifices
2652 4096 2764 4137 sec.
2798 4078 2862 4137 V.
2897 4079 2961 4136 in

336 4168 442 4226 illa
472 4167 806 4225 damnanda
835 4170 895 4225 et
925 4167 1308 4243 exstirpanda
1334 4167 1562 4226 fuerint
1592 4167 1852 4230 solliciti.
1920 4168 1999 4227 Cf.
2034 4167 2105 4227 de
2138 4168 2229 4227 his
2259 4171 2531 4226 accurate
2572 4167 2958 4226 disserentem

339 4255 798 4315 Garnerium
843 4256 908 4314 in
945 4256 1088 4315 diss.
1126 4267 1158 4318 2
1195 4257 1268 4315 ad
1301 4277 1357 4333 p.
1388 4257 1434 4318 Ι.
1466 4274 1562 4332 op.
1592 4257 1765 4315 Marii
1798 4256 2161 4326 MercatoriS,
2209 4258 2378 4333 cujus
2413 4256 2717 4333 synopsim
2750 4258 2959 4315 utilem

340 4345 579 4404 exhibet
608 4345 789 4405 theol„
820 4345 1166 4422 wirceburg.
1198 4349 1241 4404 t.
1278 4359 1313 4408 4
1349 4345 1421 4405 de
1450 4346 1643 4421 gratia
1673 4365 1730 4404 n.
1773 4357 1891 4409 176
1928 4364 2004 4403 ss.
2063 4344 2254 4414 Quare
2286 4349 2548 4422 Augus
2566 4347 2784 4404 tinus
2817 4345 2958 4404 scri-

337 4433 477 4493 bere
507 4434 715 4510 potuit
743 4434 784 4492 l.
817 4443 855 4496 4
888 4438 1095 4493 contra
1118 4434 1267 4494 duas
1286 4434 1568 4511 epistolas
1588 4435 1951 4512 pelagianor.
1971 4453 2028 4496 n.
2052 4443 2154 4506 20,
2187 4454 2390 4494 eorum
2414 4435 2727 4512 ,profanas
2746 4454 2959 4494 vocum

343 4523 634 4582 novitates
664 4523 985 4588 Ecclesiam
1016 4523 1238 4582 Christi
1282 4526 1344 4582 et
1388 4523 1812 4583 occidentalem
1857 4525 1919 4582 et
1964 4522 2311 4582 orientalem
2352 4523 2730 4593 horruisse;‘
2781 4524 2958 4583 Coe-

343 4611 692 4671 lestinus
724 4610 770 4672 I.
802 4631 892 4687 ep.
923 4612 997 4671 ad
1031 4612 1403 4671 Nestorium:
1454 4613 1803 4681 ,Orientem
1835 4616 1896 4670 et
1928 4612 2303 4671 Occidentem
2335 4613 2476 4671 telis
2508 4613 2759 4671 unitatis
2793 4613 2958 4670 Pela-

348 4700 507 4774 gium
537 4705 602 4760 et
631 4700 988 4760 Coelestinm
1019 4703 1081 4760 et
1112 4719 1253 4761 suae
1285 4701 1587 4761 doctrinae
1609 4719 1890 4776 sequaces
1910 4701 2333 4779 profligass03‘
2366 4711 2428 4759 et
2458 4703 2685 4760 aucto
2704 4721 2734 4759 r
2763 4720 2855 4776 ep.
2887 4700 2958 4758 ad
