3538 5364
891 252 1094 307 'rhesis
1120 253 1248 307 CCI.
1274 251 1305 306 J
1313 249 1711 306 notificationis
1736 249 1927 322 gratia
1951 253 2040 305 est
2061 265 2416 320 permanens.
2839 258 2964 321 143

335 440 529 499 cimur
547 441 787 516 justitia
819 439 934 497 Dei
978 440 1017 498 i.
1062 458 1111 497 e.
1148 438 1305 513 justi
1346 438 1588 513 Justitia
1631 457 1665 495 a
1710 438 1831 496 Deo
1863 436 2080 496 collata
2106 436 2277 495 nobis
2306 436 2673 509 inhaerente,
2720 438 2965 513 propter

337 547 519 604 quam
552 528 697 587 alibi
731 528 989 586 dicimur
1018 530 1122 586 lux
1165 530 1227 586 in
1271 524 1523 586 Domino
1553 527 1699 602 Eph.
1736 536 1794 597 5,
1830 536 1886 589 4.
1920 559 2005 569 —-
2039 522 2107 589 3.
2154 524 2388 584 Induite
2416 544 2625 584 novum
2653 525 2960 599 hominem,

338 620 442 694 qui
469 620 782 677 secundum
812 617 1004 675 Deum
1049 625 1275 675 creatus
1320 623 1402 674 est
1446 618 1509 675 in
1541 617 1782 691 justitia
1826 623 1876 673 et
1919 615 2223 674 sanctitate
2266 617 2526 674 veritatis
2569 614 2717 690 Eph.
2753 623 2809 683 4,
2849 623 2963 676 24:

338 707 562 782 quibus
606 706 805 765 verbis
852 706 1139 765 catholica
1186 706 1388 783 potius
1426 706 1696 764 doctrina
1725 703 2124 782 confirmatur,
2174 722 2310 762 nam
2359 722 2533 762 nemo
2582 702 2833 762 indutus
2878 707 2971 762 est

340 797 739 873 imputatione
773 796 958 855 vestis
989 794 1253 865 alterius,
1303 794 1407 853 sed
1446 794 1632 872 huJus
1664 793 2038 863 inhaesione;
2084 797 2146 851 et
2189 792 2438 852 induere
2483 793 2732 851 alterius
2777 810 2972 851 mores

341 885 641 961 significat
670 904 792 944 usu
823 884 1107 959 loquendi
1138 884 1275 943 illos
1306 884 1369 942 in
1402 902 1465 942 se
1505 900 1814 959 expressos
1844 882 2065 941 referre
2096 881 2330 957 sibique
2361 881 2737 940 inhaerentes
2769 881 2970 940 imita-

341 973 500 1033 tione
533 974 770 1033 habere.
833 974 910 1032 Et
952 992 1156 1032 revera
1198 991 1268 1032 eo
1312 972 1575 1050 perfecte
1610 971 1933 1042 induimur,
1981 989 2100 1045 quo
2130 971 2539 1041 informamur,
2587 969 2746 1046 quod
2790 970 2965 1029 nobis

339 1064 625 1123 inhaeret.
691 1063 966 1122 Ceterum
1014 1062 1280 1138 symbolo
1331 1061 1585 1121 vestis
1634 1064 1773 1137 apte
1821 1059 2173 1137 designatur
2214 1059 2457 1135 justitia
2504 1058 2839 1129 inhaerens,
2890 1061 2967 1118 ut

340 1152 712 1229 significetur
742 1171 872 1210 eam
903 1169 1024 1209 non
1057 1169 1178 1209 esse
1210 1151 1563 1225 naturalem,
1612 1148 1716 1208 sed
1763 1150 1838 1208 ab
1884 1154 2050 1207 extra
2084 1149 2316 1207 animae
2348 1148 2589 1207 infundi
2621 1147 2960 1224 qualitatis·

338 1259 455 1315 que
486 1242 677 1300 instar
705 1240 880 1298 nobis
912 1240 1232 1309 inhaerere,
1278 1258 1525 1315 eamque
1556 1257 1728 1315 posse
1758 1239 1978 1297 iterum
2011 1238 2227 1300 amitti.
2289 1237 2369 1297 Cf.
2416 1238 2763 1296 Beoanus
2796 1259 2853 1315 p.
2887 1237 2957 1301 11,

337 1334 415 1387 tr.
451 1342 489 1391 4
524 1348 573 1391 o.
608 1339 678 1399 23
726 1329 1154 1407 Atzberger
1197 1328 1262 1386 in
1304 1328 1631 1389 continuat.
1665 1346 1758 1403 op.
1792 1326 2091 1385 Scheeben
2125 1326 2356 1388 Handb.
2387 1327 2494 1385 der
2527 1326 2583 1385 k.
2619 1326 2824 1404 Dogm.
2857 1326 2962 1403 qui

335 1417 666 1477 doctrinm
686 1418 1032 1494 Scripturae
1061 1420 1122 1477 et
1152 1419 1392 1494 patrum
1424 1417 1497 1476 de
1531 1417 1625 1476 his
1656 1415 1928 1475 thesibus
1959 1415 2109 1474 bene
2142 1416 2419 1493 proponit
2449 1419 2481 1490 ἕ
2507 1425 2631 1479 303
2668 1434 2764 1487 ss„
2799 1434 2966 1491 prae-

335 1508 545 1566 sertim
575 1527 635 1568 n.
670 1516 795 1570 646
833 1524 912 1565 ss.

1323 1698 1844 1765 Artlculus
1891 1697 1989 1766 Π.

369 1821 720 1886 Uberior
767 1823 1201 1887 doctrinae
1250 1822 1731 1886 catholicae
1780 1822 1873 1886 de
1921 1828 2217 1885 natura
2257 1820 2934 1902 justificationis

1417 1929 1908 1993 illustratio.

519 2077 666 2140 167.
698 2072 954 2139 'rhesis
1000 2071 1209 2142 CCII·
1245 2094 2614 2161 Gratia,quapeocatoresJustiflcantur,
2628 2096 2961 2151 distincta

334 2188 437 2236 est
470 2184 563 2235 ab
600 2184 873 2236 actibus
908 2188 974 2237 et
1009 2197 1439 2248 permanens
1473 2197 1597 2238 seu
1634 2183 2050 2247 habitemus,
2077 2185 2322 2248 torma
2343 2185 2491 2237 scil.
2512 2187 2863 2251 quaedam
2900 2188 2964 2238 et

333 2273 654 2339 quantas
688 2272 1090 2339 spiritualis
1124 2274 1410 2326 ‹mcvmoe
1447 2274 1844 2327 inhaerens.

516 2393 960 2462 Declaratio.
1030 2399 1443 2459 Demonstrato
1477 2398 1751 2475 dogmate
1784 2399 2068 2458 catholico
2102 2398 2175 2457 de
2211 2398 2654 2476 justificatione,
2693 2400 2819 2475 jam
2865 2419 2960 2460 ac-

334 2486 605 2545 curatius
635 2486 1011 2562 inquiramus
1044 2489 1108 2545 in
1141 2493 1415 2547 naturam
1450 2491 1511 2546 et
1555 2488 1817 2547 indolem
1849 2488 2074 2565 gratiae
2109 2487 2285 2557 iuius,
2333 2508 2452 2563 qua
2495 2487 2752 2547 dicimur
2773 2489 2959 2564 justi-

335 2576 497 2634 ficari
530 2593 638 2634 seu
661 2574 997 2650 justificati.
1061 2577 1245 2635 Porro
1291 2576 1356 2635 in
1400 2577 1507 2635 hac
1551 2577 1706 2636 thesi
1752 2577 2184 2646 contendimuS,
2231 2577 2484 2654 gratiam
2509 2577 2960 2652 justificationis

336 2685 458 2725 non
490 2681 619 2724 esse
665 2679 728 2727 a.
761 2668 1043 2736 actum,
1090 2664 1338 2743 gratiam
1370 2666 1683 2738 actualem,
1732 2667 1826 2726 vel
1858 2667 2071 2726 seriem
2104 2668 2436 2745 gratiarum
2466 2666 2809 2740 actualium,
2857 2667 2959 2727 sed

333 2753 569 2831 aliquid
601 2772 1086 2830 permanens;
1133 2773 1255 2813 non
1294 2756 1521 2831 aliquid
1558 2753 1622 2821 b.
1655 2775 1812 2815 mere
1844 2757 2379 2815 extrinsecum
2413 2759 2482 2814 ut
2514 2756 2791 2828 favorem,
2824 2777 2950 2835 gra·

332 2844 482 2902 tiam
514 2843 824 2919 principie,
858 2863 1010 2920 quae
1042 2845 1199 2903 inest
1229 2845 1517 2922 principi:
1554 2845 1657 2905 sed
1677 2845 1907 2922 aliquid
1930 2845 2349 2920 subjectivum,
2382 2846 2640 2905 animam
2673 2846 2959 2906 intrin-

334 2935 516 2991 se'cu
535 2950 563 2990 s
595 2931 855 2991 afficiens
886 2933 1060 3009 eique
1092 2934 1436 3004 inhaerens;
1484 2953 1601 2993 non
1634 2938 1834 2994 tamen
1869 2949 1932 2998 c.
1966 2939 2204 2994 tantum
2236 2935 2775 2994 denominationem
2806 2955 2954 2996 mo·

332 3022 606 3092 talem,
653 3040 772 3096 quo
804 3039 987 3081 sensu
1016 3023 1151 3098 quis
1182 3023 1255 3080 ab
1288 3027 1426 3082 actu
1457 3026 1779 3100 praeterito
1810 3023 1956 3083 furti
1991 3024 2214 3083 dicitur
2245 3024 2358 3093 fur,
2408 3044 2443 3083 a
2474 3024 2790 3083 collatione
2823 3025 2958 3084 doc·

332 3115 571 3169 toratus
591 3110 817 3180 doctor,
850 3110 952 3169 sed
984 3107 1053 3176 d.
1072 3111 1299 3186 aliquid
1330 3113 1772 3190 physicum,
1806 3113 2072 3172 accidens
2093 3113 2216 3173 scil.
2239 3113 2553 3188 quoddam,
2586 3113 2956 3189 qualitatem,

333 3201 585 3258 formam
617 3203 1058 3275 permanentem
1091 3201 1322 3260 animae
1350 3202 1777 3276 inhaerentem,
1825 3207 1898 3261 ut
1928 3221 2015 3266 ex.
2047 3221 2137 3280 gr.
2171 3202 2464 3278 sapientia
2495 3202 2722 3278 aliquid
2756 3204 2956 3280 physi-

333 3307 492 3362 cum,
535 3288 926 3347 intrinsecum
958 3289 1179 3348 formae
1208 3290 1401 3350 instar
1431 3291 1798 3349 inhaerentis
1843 3296 1936 3350 est
1981 3291 2044 3349 in
2091 3290 2288 3350 anima
2316 3291 2432 3349 viri
2466 3290 2645 3355 docti.
2712 3291 2838 3361 Qua
2869 3310 2957 3351 as·

332 3377 596 3436 ser-tione
627 3377 929 3452 complexa
958 3396 1078 3436 non
1124 3380 1510 3438 enunciamus
1561 3379 1829 3456 dogma
1876 3380 2113 3457 proprie
2158 3380 2386 3439 dictum
2432 3380 2806 3449 catholicum,
2855 3379 2956 3440 sed

332 3466 668 3524 doctrinam
699 3466 1065 3537 catholicam,
1112 3471 1281 3543 cujus
1312 3469 1672 3527 contrarium
1706 3470 1918 3527 saltem
1965 3479 2056 3527 est
2099 3472 2499 3528 temerarium.
2565 3470 2696 3528 Non
2743 3469 2959 3529 desunt

330 3554 621 3630 theologi,
656 3555 761 3630 qui
793 3574 921 3613 eam
953 3555 1151 3614 dicant
1180 3557 1254 3615 de
1287 3557 1444 3616 side
1476 3558 1571 3616 vel
1603 3557 1801 3615 fidei
1832 3558 2264 3634 proximam.
2318 3559 2409 3616 lta
2439 3577 2526 3617 ex.
2558 3577 2644 3634 gr.
2679 3558 2959 3617 Suarez

333 3643 435 3713 VI,
472 3654 508 3707 3
545 3662 601 3701 n.
637 3652 706 3705 6:
755 3644 1016 3712 ,Censeo
1050 3645 1358 3705 veritatem
1391 3647 1541 3705 hanc
1572 3666 1701 3705 esse
1732 3646 2035 3706 definitam
2082 3648 2152 3706 de
2199 3647 2315 3705 fide
2358 3667 2393 3705 a
2437 3665 2594 3705 conc.
2625 3647 2956 3706 tridentino

330 3733 546 3791 saltem
578 3730 645 3790 in
675 3732 784 3791 hoc
815 3750 1013 3804 sensu,
1046 3735 1203 3810 quod
1236 3736 1450 3812 gratia,
1483 3755 1603 3811 qua
1629 3755 1837 3795 sumus
1857 3739 2272 3812 permanenter
2295 3737 2468 3812 justi,
2502 3737 2595 3794 est
2625 3755 2722 3794 res
2755 3736 2959 3811 aliqua

332 3825 552 3894 creata,
584 3819 876 3880 distincta
903 3822 978 3880 ab
1010 3823 1240 3882 actibus
1272 3827 1334 3883 et
1364 3824 1731 3884 cessantibus
1764 3825 1891 3883 illis
1923 3825 1987 3883 in
2022 3824 2258 3884 homine
2292 3843 2661 3900 permanens.
2725 3825 2815 3883 lta
2852 3824 2956 3884 do-

331 3911 462 3968 cuit
490 3909 695 3986 Vega
738 3910 779 3973 1.
831 3920 863 3972 7
914 3911 977 3969 in
1021 3911 1281 3975 Trident.
1329 3910 1476 3993 (scil.
1524 3914 1971 3994 d0j11stifio.)c.
2007 3923 2087 3975 24
2136 3917 2199 3974 et
2243 3914 2541 3972 consentit
2572 3913 2954 3973 doctissimus

332 3998 602 4057 Bellar
621 3998 935 4058 minus.‘
990 4001 1261 4060 Aliorum
1282 4002 1697 4079 theologorum
1730 4003 2061 4062 sententias
2094 4003 2165 4061 cf.
2199 4003 2356 4079 apud
2390 4004 2427 4061 S
2446 4003 2756 4062 chazler
2786 4003 2954 4061 Neue

333 4087 685 4150 Untersuch.
728 4087 880 4146 uber
922 4088 1025 4148 das
1070 4091 1296 4167 Dogma
1340 4110 1456 4150 von
1499 4091 1606 4151 der
1636 4091 1838 4150 Gnade
1869 4110 2002 4168 pag.
2038 4102 2162 4155 303
2197 4111 2288 4163 se„
2335 4092 2440 4167 qui
2485 4092 2637 4150 bene
2682 4092 2956 4168 disputat

330 4183 541 4235 contra
582 4173 901 4254 theologos
954 4179 1237 4252 quosdam
1282 4180 1635 4240 recentiores
1685 4181 1899 4241 leviter
1945 4181 2126 4240 nimis
2175 4181 2248 4240 de
2297 4181 2521 4257 gratiae
2563 4180 2954 4256 justificantis

328 4264 574 4325 notione
604 4265 983 4325 disserentes.
1028 4266 1268 4327 Utiliter
1297 4270 1634 4329 conseretur
1665 4271 1847 4329 etiam
1881 4272 2171 4330 Perron
2189 4289 2221 4329 e
2252 4270 2433 4346 prael.
2464 4270 2643 4329 theol.
2677 4273 2719 4330 t.
2757 4280 2789 4332 7
2828 4289 2884 4345 p.
2916 4278 2951 4330 2

332 4353 408 4412 de
438 4355 634 4431 gratia
664 4354 949 4419 sanctific.
983 4354 1045 4414 in
1075 4363 1274 4416 annot.
1306 4358 1381 4416 ad
1411 4360 1844 4436 praenotiones.
1890 4359 1963 4418 In
1993 4361 2285 4419 schemate
2315 4378 2456 4419 vero
2489 4359 2725 4420 constit.
2758 4357 2952 4434 dogm.

331 4443 407 4501 de
437 4443 712 4502 doctrina
743 4444 897 4506 cath.
929 4462 1088 4507 conc.
1134 4447 1495 4507 vaticano
1542 4449 1926 4524 proponendo
1964 4468 2086 4524 cap.
2125 4458 2158 4512 5
2194 4449 2516 4507 statuitur:
2566 4449 2801 4518 ,Quare
2847 4448 2953 4505 hoc

332 4550 574 4608 quoque
618 4533 945 4592 tenendum
991 4536 1053 4592 et
1096 4535 1170 4592 ab
1214 4537 1491 4596 omnibus
1524 4537 1739 4596 Christi
1772 4537 2049 4595 fidelibus
2082 4537 2479 4613 profitendum
2527 4541 2638 4606 est,
2688 4536 2949 4596 sanctifi·

329 4625 563 4681 cantem
594 4622 872 4700 gratiam,
905 4641 1025 4697 qua
1043 4623 1162 4682 Deo
1194 4627 1633 4703 conjungimur,
1667 4644 1788 4683 non
1820 4626 1881 4683 in
1915 4631 2156 4686 externo
2188 4631 2424 4686 tantum
2455 4626 2652 4685 favore
2673 4625 2778 4684 Dei
2811 4643 2950 4683 con·

330 4711 556 4782 sistere,
589 4730 789 4786 neque
818 4711 884 4770 in
914 4712 1149 4772 actibus
1180 4716 1416 4773 tantum
1451 4714 1972 4791 praetereuntibus
2005 4716 2271 4791 reperiri,
2304 4715 2407 4774 sed
2440 4733 2790 4791 permanens
2822 4731 2950 4772 esse
