3538 5364
572 339 711 407 668
1202 330 1387 387 'Pi-act.
1414 332 1479 384 X.
1509 333 1577 386 dc
1605 332 1721 386 Deo
1749 336 2224 391 consummatore.
2252 334 2587 389 Sanctorum

577 516 882 575 ferendam
916 535 1046 576 esse
1079 518 1436 576 sententiam
1468 518 1882 589 affirmantem,
1930 538 2065 578 cum
2111 539 2180 578 ea
2229 520 2505 579 videatur
2535 520 2680 580 satis
2712 521 2862 580 bene
2894 522 3221 581 cohaerere

569 623 716 664 cum
750 606 1074 680 scripturis
1106 609 1167 664 et
1197 607 1489 682 patribu3‚
1539 607 1643 683 qui
1676 609 1746 666 de
1780 608 2215 668 restauratione
2246 609 2513 669 universi
2548 611 2702 669 clare
2734 610 3085 686 loquuntur,
3137 610 3220 668 ad

573 696 742 769 quod
775 700 931 755 certe
963 698 1194 771 spectat
1225 696 1405 755 etiam
1425 715 1676 773 regnum
1699 698 2075 773 organicum:
2109 716 2246 756 nam
2278 700 2627 758 universum
2660 699 2896 759 visibile
2928 704 2990 759 et
3019 703 3219 760 mate-

579 783 722 843 riale
756 784 917 842 omni
949 785 1126 860 plane
1173 784 1297 843 vita
1341 784 1721 855 destitutum,
1773 786 1910 845 hinc
1941 791 2262 857 mortuum,
2310 788 2552 847 videtur
2581 788 2753 847 valde
2788 788 3223 864 imperfectum

571 877 642 931 et
674 892 976 944 mancum3
1010 873 1170 949 quod
1200 875 1462 933 rationes
1496 876 1920 951 congruentiae
1954 879 2047 934 sat
2077 895 2286 952 graves
2320 877 2413 935 illi
2445 877 2707 947 faveant3
2754 877 2915 953 qnod
2947 877 3221 936 difficul-

575 966 736 1020 tates
769 982 804 1020 a
834 962 1064 1021 scholae
1097 963 1389 1039 theologis
1423 967 1627 1022 contra
1657 983 1784 1022 eam
1816 964 2034 1025 allatae
2066 964 2433 1024 sufficienter
2463 967 2611 1025 solvi
2641 966 2890 1041 possint.
2941 967 3223 1025 Eandem

576 1051 943 1110 sententiam
976 1057 1046 1109 ut
1075 1051 1439 1127 probabilem
1471 1055 1681 1115 tuetur
1712 1052 2094 1130 Stentrup
2126 1054 2198 1114 de
2230 1054 2422 1114 Verbo
2453 1055 2676 1116 incarn.
2709 1055 2792 1118 th.
2832 1067 2976 1118 1457.

1667 1370 1981 1451 Sectio
2040 1375 2180 1451 111.

571 1520 681 1572 'De
728 1532 937 1591 nexu,
983 1532 1123 1585 quo
1174 1520 1488 1574 membra
1518 1520 1876 1575 Ecclesiae
1916 1520 2435 1590 triumphantis,
2484 1520 2846 1576 militantis
2879 1524 2949 1575 et
2979 1520 3049 1585 ii,
3084 1521 3223 1587 qui

571 1625 976 1692 purgatorio
1001 1624 1418 1691 detinentur,
1443 1627 1983 1694 conjunguntur,
2007 1641 2133 1682 seu
2158 1628 2243 1682 de
2265 1628 2755 1683 communione
2789 1632 3220 1685 sanctorum.

764 1764 909 1827 716.
941 1759 1213 1825 Animae
1245 1759 1601 1835 hominum,
1639 1760 1748 1842 qui
1768 1760 2079 1841 temporis
2098 1777 2292 1825 cursu
2312 1762 2690 1836 moriuntur,
2710 1761 3073 1826 successive
3110 1760 3219 1826 vel

571 1864 925 1942 coelum,
972 1865 1073 1930 vel
1119 1865 1852 1947 purgatorium‚.vel
1896 1865 2309 1930 infernum
2355 1866 2816 1947 ingrediuntur.
2863 1867 3219 1947 Quaeritur

575 1979 819 2047 autem,
853 1979 1065 2036 utrum
1099 1972 1264 2037 inter
1294 1972 1413 2036 has
1448 1979 1645 2055 atque
1679 1972 1975 2037 homines
2008 1972 2298 2038 viventes
2318 1974 2675 2038 intercedat
2693 1993 2914 2050 nexus,
2948 1993 3034 2039 an
3065 1993 3217 2038 om-

582 2080 685 2143 nis
718 2080 1082 2161 conjunctio
1116 2080 1554 2162 abrumpatur.
1620 2080 1712 2145 De
1745 2078 2105 2144 animarum
2148 2080 2602 2145 damnatarum
2651 2082 2742 2167 (et
2773 2080 3115 2144 infantium
3148 2082 3216 2143 in

581 2187 804 2273 limbo)
837 2187 1223 2251 commercio
1258 2206 1405 2251 cum
1438 2186 1810 2251 hominibus
1842 2185 1930 2250 nil
1961 2187 2269 2262 dicemuS,
2303 2206 2451 2250 cum
2484 2188 2807 2267 ordinario
2830 2187 3074 2252 nullum
3093 2189 3215 2251 sit:

571 2294 825 2358 carceri
870 2294 1040 2359 enim
1086 2301 1352 2359 aeterno
1403 2299 1554 2357 sunt
1584 2293 2010 2375 mancipatae.
2074 2293 2166 2357 De
2200 2293 2516 2361 relatione
2561 2295 2914 2359 daemones
2946 2295 3116 2359 inter
3151 2303 3216 2359 et

584 2400 877 2464 homines
910 2400 1153 2481 egimus
1185 2406 1227 2463 t.
1260 2399 1310 2463 11
1342 2420 1401 2463 n.
1436 2405 1567 2469 425
1600 2420 1680 2465 ss.
1733 2400 2072 2483 Reliquum
2105 2407 2221 2475 est,
2251 2407 2325 2465 ut
2357 2401 2435 2465 de
2467 2401 2780 2465 relatione
2813 2401 3213 2466 disseramus

583 2507 749 2571 inter
779 2506 1030 2570 animas
1064 2505 1530 2584 defunctorum,
1583 2526 1750 2590 quae
1801 2507 1903 2571 vel
1947 2509 2013 2570 in
2062 2508 2436 2588 purgatorio
2486 2507 2588 2572 vel
2634 2508 2699 2570 in
2730 2507 2911 2572 coelo
2945 2514 3115 2585 sunt,
3152 2518 3216 2573 et

581 2613 873 2699 (propter
904 2614 1303 2700 analogiam)
1342 2615 1509 2679 inter
1541 2615 1806 2696 angelos
1839 2621 1903 2679 et
1932 2613 2228 2678 homines
2260 2615 2563 2679 viventes,

764 2744 908 2807 717.
972 2739 1071 2803 De
1125 2737 1232 2803 SS.
1285 2743 1724 2804 communione.
1779 2779 1865 2789 -
1915 2739 2293 2804 Tenendum
2344 2746 2458 2816 est,
2510 2738 2860 2804 Ecclesiam
2925 2743 3209 2807 trium-

577 2845 990 2925 phantem,
1024 2846 1528 2911 militantem
1567 2853 1633 2911 et
1663 2845 1988 2911 Ecclesiae
2019 2854 2290 2928 partem,
2323 2866 2490 2929 quae
2522 2849 3012 2928 purgatorio
3048 2848 3210 2912 deti-

581 2959 788 3028 netur,
821 2971 954 3016 non
974 2953 1367 3019 constituere
1389 2960 1517 3018 tres
1543 2954 1888 3018 societates
1927 2955 2181 3035 penitus
2215 2953 2297 3016 ab
2332 2953 2606 3018 invicem
2641 2954 2941 3030 divulsae,
2974 2954 3089 3017 sed
3120 2955 3209 3018 ila

575 3061 902 3143 conjungi,
937 3068 1007 3125 ut
1041 3062 1201 3126 inter
1234 3080 1457 3126 earum
1490 3062 1799 3137 membra,
1832 3062 1951 3127 etsi
1985 3060 2127 3125 loco
2161 3069 2227 3126 et
2256 3062 2622 3126 conditione
2670 3060 2941 3136 diversa,
2994 3061 3204 3124 multi-

579 3169 728 3248 plex
763 3168 1035 3232 exsistat
1065 3187 1269 3233 nexus
1302 3175 1496 3252 atque
1529 3169 1785 3234 relatio.
1847 3167 2243 3232 Exhibentur
2289 3168 2460 3231 enim
2506 3167 2723 3232 fideles
2768 3168 2833 3231 in
2880 3174 3054 3231 terra
3094 3167 3208 3231 de-

583 3280 806 3353 gentes
842 3276 904 3343 1.
940 3281 1010 3338 ut
1041 3274 1382 3339 beatorum
1414 3276 1817 3340 conservi
1849 3274 2044 3355 Apoc.
2069 3280 2127 3350 6,
2154 3281 2267 3350 11;
2305 3279 2406 3350 19,
2442 3281 2554 3350 1ος
2589 3280 2692 3350 22,
2724 3279 2783 3348 9,
2819 3275 3213 3338 concives

575 3387 650 3443 et
699 3381 1069 3457 coheredeS‚
1120 3383 1480 3446 membra
1535 3382 1821 3463 ejusdem
1872 3379 2152 3445 familiae
2202 3387 2267 3448 et
2313 3379 2786 3445 confratres
2838 3389 3211 3445 sanctorum

585 3488 767 3550 Rom.
816 3494 874 3564 8,
922 3492 1041 3564 29;
1092 3487 1245 3569 Eph.
1282 3495 1342 3565 2,
1383 3494 1495 3565 19;
1561 3488 1750 3552 Hebr.
1789 3493 1892 3563 12,
1925 3492 2010 3555 22
2043 3508 2124 3551 ss.
2187 3488 2263 3550 Et
2312 3505 2469 3551 sane
2521 3488 2574 3550 si
2623 3506 2821 3550 unum
2873 3494 2972 3551 est
3020 3495 3215 3569 caput

575 3595 892 3673 Christus,
925 3614 1092 3659 unus
1125 3597 1260 3677 ipse
1292 3614 1422 3672 rex,
1469 3596 1717 3677 positus
1773 3614 1964 3677 super
2011 3593 2247 3670 omnia,
2294 3612 2461 3677 quae
2507 3595 2572 3657 in
2623 3592 2818 3657 coelis
2852 3599 2915 3656 et
2948 3594 3215 3675 quaein

587 3703 770 3767 terris
804 3710 956 3766 sunt
986 3702 1139 3785 Eph.
1177 3709 1246 3784 1,ν
1267 3707 1353 3782 22
1385 3723 1500 3767 ss.:
1565 3722 1766 3767 unum
1802 3704 1922 3768 erit
1954 3703 2241 3785 ejusdem
2274 3721 2506 3784 corpus
2540 3701 2898 3783 mysticum,
2931 3718 3064 3764 una
3095 3700 3214 3764 Ec-

575 3809 798 3884 clesia,
831 3828 1034 3872 unum
1064 3828 1351 3890 regnum,
1387 3828 1519 3874 una
1552 3810 1779 3874 civitas
1812 3829 2069 3892 unaque
2117 3827 2449 3890 compag0‚
2496 3827 2625 3891 qua
2656 3826 2901 3883 omnes
2954 3809 3064 3890 qui
3097 3808 3216 3888 ipsi

585 3916 650 3977 in
682 3916 951 3981 caritate
983 3916 1412 3997 subjiciuntur
1446 3917 1685 3999 quique
1711 3917 1849 3998 jam
1882 3918 1946 3980 in
1979 3917 2175 3982 coelis
2206 3915 2607 3997 triumphant
2651 3913 2753 3979 vel
2804 3915 3017 3978 adhuc
3048 3915 3214 3978 mili-

585 4028 725 4085 tant
756 4024 822 4086 in
853 4029 1048 4098 terra,
1081 4024 1557 4087 consociantur.
1623 4021 1690 4086 Si
1740 4031 1958 4089 autem
2002 4030 2132 4087 tam
2180 4023 2357 4087 beati
2401 4024 2467 4086 in
2500 4023 2683 4087 coelo
2717 4040 2912 4103 quam
2945 4021 3010 4085 in
3042 4027 3217 4087 terra

583 4128 804 4193 fideles
838 4148 1036 4193 unum
1068 4136 1217 4222 sunt
1248 4148 1509 4211 corpus,
1542 4148 1680 4193 una
1712 4131 1938 4193 civitas
1971 4148 2300 4212 unumque
2333 4148 2621 4210 regnum,
2642 4134 3015 4193 sanctorum
3035 4145 3214 4190 com-

581 4237 805 4299 munio
839 4236 1176 4318 vitalisque
1208 4254 1412 4300 nexus
1458 4237 1688 4301 inscite
1736 4237 1802 4299 in
1835 4237 2098 4300 dubium
2129 4242 2421 4301 vocatur:
2470 4253 2681 4317 neque
2728 4235 2899 4298 enim
2931 4233 3085 4297 illud
3119 4241 3217 4299 est

577 4361 820 4424 corpus
853 4349 1176 4407 mortuum
1207 4361 1600 4424 regnumque
1633 4342 1899 4406 discors,
1962 4343 2123 4406 Hinc
2175 4341 2622 4406 describuntur
2671 4340 2881 4421 angeli
2932 4340 3034 4404 vel
3066 4340 3216 4406 laeti

579 4448 667 4511 de
699 4456 1112 4529 peccatorum
1143 4450 1542 4530 poenitentia
1574 4450 1720 4513 Luc.
1761 4453 1860 4525 15,
1898 4456 1932 4518 7
1954 4473 1968 4525 ;
2002 4449 2102 4514 vel
2133 4450 2392 4524 ultoreS‚
2426 4448 2481 4512 si
2514 4449 2666 4530 quid
2700 4447 2918 4511 damni
2949 4446 3219 4512 infertur

579 4555 724 4629 illis,
759 4556 866 4636 qui
898 4573 1121 4619 eorum
1157 4562 1306 4619 sunt
1339 4557 1663 4620 commissi
1698 4557 1938 4621 tutelae
1971 4556 2190 4621 Matth.
2228 4562 2329 4632 17,
2367 4562 2480 4628 1ος
2515 4556 2615 4619 vel
2648 4554 2897 4646 solliciti
2933 4554 3014 4619 de
3047 4555 3215 4620 elec-

583 4667 802 4724 torum
833 4662 1038 4726 salute
1069 4662 1257 4725 Hebr.
1298 4669 1352 4738 1,
1394 4670 1503 4738 14;
1557 4663 1790 4745 quibus
1835 4663 2066 4744 triplex
2114 4663 2507 4745 significatur
2557 4663 2711 4726 boni
2758 4661 3030 4727 membri
3077 4661 3218 4726 offi-

585 4769 794 4831 cium:
827 4769 1323 4848 commiseram,
1357 4769 1574 4850 gaudii
1613 4769 2044 4851 participatio,
2076 4770 2452 4834 sollicitudo.
