3538 5364
1532 282 1537 291 ’
1601 290 1922 347 corollaria.
2043 314 2088 329 ‘·
2227 294 2230 303 “
2359 320 2364 329 -
2928 299 3059 365 549

442 478 544 548 sit,
591 481 681 537 ut·
707 464 778 536 de
823 478 917 536 his
956 468 1286 553 quidquam
1319 477 1633 536 sinistrum
1665 477 1889 552 loquar,
1922 477 2028 553 qui
2059 476 2385 554 apostolico
2418 470 2631 555 gradui
2662 478 3061 551 succedentes,

438 556 663 626 Christi
695 586 908 644 corpus
938 585 1102 625 sacro
1135 585 1234 625 ore
1268 566 1603 636 conficiunt,
1638 586 1745 642 per
1776 584 1928 642 quos
1961 572 2022 624 et
2049 584 2161 626 nos
2193 560 2504 627 christiani
2537 584 2776 627 sumus:
2810 568 2914 644 qui
2946 568 3061 627 cla·

442 672 546 715 ves
592 657 762 733 regni
806 656 1096 715 coelorum
1142 655 1427 716 habentes
1459 656 1714 732 quodam
1759 655 1933 714 modo
1977 660 2117 714 ante
2162 655 2319 715 diem
2354 654 2570 731 ,iudicii
2611 656 2905 732 judicant,
2957 657 3064 732 qui

442 748 721 821 sponsam
751 745 987 804 Domini
1018 744 1210 803 sobria
1239 745 1510 804 castitate
1542 747 1950 809 conservant!
2020 745 2249 815 Quibus
2287 746 2761 823 quintuplex
2795 746 3063 805 sacerdo·

442 839 576 893 tum
608 833 1019 912 praerogativa
1036 834 1416 892 enunciatur.

627 920 690 986 1.
727 923 1248 982 Sacerdotes-sunt
1279 923 1682 999 apostolorum
1715 940 2218 982 successores
2266 938 2329 987 a.
2374 923 2440 982 in
2479 943 2823 992 munere;
2876 921 2948 987 b.
3001 925 3066 983 in

442 1012 780 1088 praecipuis
814 1011 1430 1089 praerogativis3
1476 1026 1541 1075 e.
1574 1012 1639 1070 in
1670 1011 2347 1089 obligationibus:
2394 1013 2551 1072 sicut
2581 1014 2738 1072 enim
2769 1013 2872 1083 illi,
2908 1016 2971 1072 et
3001 1013 3066 1071 hi

444 1101 948 1177 omniaomnibus
980 1100 1108 1159 fieri
1140 1100 1379 1172 debent,
1412 1106 1484 1160 ut
1515 1119 1718 1160 omnes
1747 1099 1968 1159 faciant
2000 1100 2190 1160 salvos
2231 1113 2281 1164 1.
2316 1103 2441 1166 Cor.
2476 1113 2531 1172 9,
2569 1111 2670 1165 22.
2697 1164 2702 1169 .

625 1188 688 1255 2.
723 1189 941 1250 Christi
974 1208 1187 1265 corpus
1221 1208 1385 1248 sacro
1417 1208 1516 1248 ore
1548 1189 1898 1249 conficiunt:
1947 1194 2170 1265 quanta
2199 1191 2394 1250 virtus
2426 1195 2488 1252 et
2516 1190 2721 1269 gloria,
2768 1194 2839 1249 ut
2870 1191 3065 1251 verbis

444 1279 759 1339 dominicis
789 1278 1033 1355 prolatis
1083 1297 1153 1337 ex
1206 1295 1411 1337 eorum
1461 1278 1736 1338 manibus
1782 1278 2031 1354 prodeat
2061 1297 2273 1355 corpus
2304 1279 2521 1340 Christi
2551 1280 2724 1356 panis
2759 1280 3068 1356 speciebus

448 1370 726 1437 velatum,
759 1388 879 1427 non
910 1386 1078 1427 secus
1110 1372 1289 1443 atque
1320 1386 1387 1426 ex
1420 1368 1476 1428 b.
1508 1367 1694 1427 Maria
1722 1367 1810 1437 V„
1843 1368 2237 1428 obumbrante
2267 1369 2494 1428 virtute
2523 1387 2572 1431 s.
2607 1368 2883 1446 Spiritus,
2928 1388 3065 1447 pro-

444 1457 564 1517 diit
593 1458 852 1518 Verbum
885 1457 1255 1517 humanitate
1286 1456 1543 1515 velatum
1574 1475 1680 1515 seu
1712 1475 1844 1516 caro
1874 1456 2116 1520 factum.

510 1568 515 1573 ·
625 1542 688 1612 3.
739 1547 853 1605 Per
906 1545 1236 1605 sacerdotes
1281 1546 1586 1605 christiani
1634 1564 1862 1605 sumus.
1927 1546 2053 1620 Ipsi
2103 1561 2166 1611 a.
2214 1546 2576 1623 baptismum
2626 1545 3064 1619 administrant,

446 1654 568 1711 quo
601 1635 970 1694 renascimur
1001 1635 1067 1693 in
1099 1634 1248 1693 filios
1281 1635 1405 1704 Dei,
1438 1635 1730 1710 nobisque
1763 1654 1870 1712 per
1899 1634 2070 1693 illum
2095 1635 2394 1712 inspirant
2421 1637 2608 1697 vitam
2643 1641 3067 1712 supernatura-

447 1725 582 1795 lem,
615 1724 775 1783 nnde
808 1724 965 1782 fiunt
997 1726 1196 1799 patres
1228 1724 1418 1782 nostri
1439 1724 1811 1800 spirituales;
1845 1743 1963 1799 qua
1995 1728 2191 1799 patres
2224 1724 2560 1801 spirituales
2591 1722 2662 1789 b.
2699 1744 2805 1784 nos
2837 1727 2899 1784 in
2931 1744 3068 1804 cog-

447 1814 675 1872 nitione
707 1814 814 1872 Dei
844 1813 1206 1881 instituunt3
1240 1831 1451 1888 panem
1482 1828 1541 1877 c.
1573 1813 1742 1872 illum
1774 1814 2090 1873 coelestem
2121 1813 2513 1885 distribuunt,
2546 1833 2665 1890 quo
2698 1815 2893 1884 alitur,
2930 1834 3068 1875 con-

447 1906 741 1974 servatur,
774 1902 1012 1961 fovetur
1042 1902 1167 1961 vita
1196 1903 1422 1977 gratiae
1454 1902 1518 1960 in
1550 1902 1759 1973 nobis3
1806 1921 1925 1977 qua
1955 1904 2156 1979 patres
2187 1903 2547 1980 pervigilant
2578 1899 2649 1968 (l.
2683 1904 2859 1979 quasi
2887 1904 3068 1963 ratio-

448 2010 585 2050 nem
616 2009 724 2067 pro
757 1991 1063 2050 animabus
1095 1990 1317 2049 nostris
1349 1989 1643 2049 reddituri
1674 1991 1853 2050 Hebr.
1897 2001 1989 2061 13,
2030 2002 2125 2055 17.

624 2075 690 2145 4.
722 2079 1063 2140 Sacerdotes
1095 2080 1284 2138 claves
1317 2080 1486 2157 regni
1519 2079 1818 2139 coelorum
1849 2080 2071 2139 habent
2115 2084 2176 2139 et
2219 2081 2475 2156 quodam
2519 2081 2696 2140 modo
2743 2084 2882 2140 ante
2912 2081 3069 2140 diem

435 2169 654 2246 judicii
678 2169 974 2245 Judicant.
1025 2168 1179 2245 Ipsis
1211 2169 1369 2228 enim
1402 2185 1467 2232 a.
1502 2169 1729 2228 dictum
1761 2173 1884 2228 est:
1927 2171 2184 2242 Quorum
2215 2172 2557 2233 remiseritis
2584 2179 2835 2250 peccata,
2871 2174 3068 2229 remit·

448 2266 651 2317 cuntur
680 2259 947 2317 eisJoan.
974 2268 1075 2328 20,
1100 2266 1214 2327 233
1250 2258 1337 2316 ita
1367 2261 1440 2317 ut
1470 2255 1541 2321 b.
1576 2276 1781 2317 eorum
1802 2258 2097 2318 sententia
2115 2261 2243 2317 rata
2263 2259 2596 2318 habeatur
2581 2279 2644 2318 in
2676 2260 2805 2318 foro
2837 2259 3068 2319 divino:

446 2366 816 2425 quaecunque
845 2350 995 2406 enim
1026 2348 1303 2406 solveritis
1331 2366 1507 2423 super
1538 2355 1777 2424 terram,
1813 2354 1980 2405 erunt
2009 2349 2199 2407 soluta
2230 2356 2281 2407 et
2313 2351 2375 2407 in
2406 2349 2553 2407 coelo
2585 2348 3070 2420 Matth.1s‚18‚

449 2437 607 2512 quod
639 2443 729 2495 est
762 2436 1143 2514 privilegium
1174 2416 1347 2512 plane
1380 2435 1652 2495 divinum
1684 2434 1769 2517 (n.
1804 2437 1986 2500 4382.
2021 2431 2244 2515 443³);
2292 2455 2400 2496 nec
2445 2438 2633 2496 ullum
2669 2452 2732 2501 (3.
2767 2442 3071 2514 peccatum

447 2525 821 2585 subtractum
853 2528 943 2584 est
972 2544 1179 2585 eorum
1210 2526 1494 2601 potestati
1527 2526 1609 2603 (n.
1645 2524 1830 2625 444);
1879 2544 2062 2601 quare
2109 2521 2177 2591 d.
2224 2526 2373 2602 ipsis
2410 2526 2823 2602 judicantibus
2863 2530 2925 2585 et
2957 2527 3072 2586 sol-

422 2614 725 2674 ·ventibns
756 2618 1026 2673 cassatur
1056 2614 1355 2673 sententia
1400 2614 1605 2673 divina
1649 2613 1714 2673 in
1759 2617 2130 2693 peccatorem
2162 2615 2428 2692 alioquin
2459 2615 2937 2693 pronuncianda:
2987 2616 3075 2673 ita

449 2705 606 2763 enim
658 2720 718 2769 e.
768 2706 1143 2781 peccatorum
1176 2705 1336 2763 salus
1369 2704 1609 2782 alligata
1652 2709 1744 2763 est
1790 2706 1927 2764 huic
1975 2706 2260 2781 potestati
2293 2705 2657 2775 sacerdotali,
2713 2708 2826 2774 ,ut
2875 2705 3072 2764 indul-

447 2793 652 2870 gentia
683 2794 792 2853 Dei
822 2793 941 2851 nisi
973 2793 1509 2870 supplicationibus
1542 2793 1918 2853 sacerdotum
1949 2796 2208 2870 nequeat
2239 2793 2572 2865 obtineri3‘
2620 2797 2692 2853 ut
2734 2794 2818 2853 ait
2852 2812 2896 2856 a.
2931 2795 2975 2852 L
2993 2813 3022 2852 e
3041 2813 3073 2853 o

447 2901 538 2959 ep.
582 2891 699 2946 108
734 2901 779 2941 c.
816 2892 850 2945 2
891 2877 989 2965 (cf.
1019 2900 1077 2940 n.
1112 2873 1320 2961 47i1).

628 2986 693 3053 5.
731 2989 1073 3048 Sacerdotes
1106 3007 1383 3064 sponsam
1403 2988 1641 3048 Domini
1671 2989 1870 3049 sobria
1903 2990 2178 3050 castitate
2196 2995 2584 3050 conservant:
2618 2990 2883 3066 ipsorum
2916 2989 3072 3048 enim

450 3079 740 3156 regimini,
775 3097 966 3148 curae,
990 3077 1393 3137 'sollicitudini
1426 3077 1692 3137 fidelium
1726 3098 1869 3156 grex
1902 3082 1991 3138 est
2022 3079 2416 3142 concreditus.
2480 3080 2627 3138 Ecce
2664 3098 2862 3138 servus
2890 3079 3076 3154 fidelis

450 3174 503 3225 et
524 3169 812 3243 prudens,
843 3187 1006 3243 quem
1037 3165 1332 3226 constituit
1363 3168 1648 3227 Dominus
1678 3186 1859 3241 super
1884 3169 2179 3242 familiam
2207 3188 2396 3246 suam,
2430 3177 2494 3226 ut
2524 3170 2614 3226 det
2643 3169 2761 3226 illis
2791 3168 2980 3227 cibum
3015 3170 3076 3226 in

450 3265 698 3331 tempore
729 3256 940 3316 Matth.
976 3265 1075 3325 24,
1114 3267 1228 3327 45;
1274 3257 1432 3315 labia
1466 3259 1617 3315 enim
1648 3259 1966 3316 sacerdotis
1996 3259 2309 3317 custodient
2340 3260 2658 3334 seientiam,
2701 3264 2750 3315 et
2780 3258 2951 3335 leyem
2983 3276 3073 3315 re-

449 3349 677 3423 quirent
708 3365 778 3404 ex
809 3364 906 3403 ore
951 3346 1108 3420 ejus:
1154 3348 1293 3421 quia
1312 3347 1566 3423 'anyelus
1600 3346 1840 3405 Domini
1872 3349 2225 3406 exercituum
2258 3355 2337 3405 est
2370 3348 2512 3405 Mal.
2548 3356 2602 3417 2,
2641 3358 2695 3409 7.
2754 3346 2879 3423 Ipsi
2912 3350 3073 3416 sunt,

452 3454 602 3510 quos
624 3435 895 3495 Christus
929 3434 1093 3492 dedit
1126 3433 1201 3493 ad
1232 3435 1802 3495 consummationem
1834 3437 2191 3505 sanctorum,
2225 3435 2288 3493 in
2319 3435 2782 3495 aedificationem
2815 3433 3076 3512 corporis

451 3525 546 3583 sui
575 3524 813 3601 mystici
843 3523 993 3599 Eph.
1026 3532 1085 3597 4,
1127 3532 1224 3586 12.

633 3657 776 3712 585.
823 3643 968 3712 III.
1018 3648 1358 3709 Sacerdotes
1406 3666 1514 3723 pro
1547 3647 1783 3707 Christo
1828 3648 2124 3725 legatione
2155 3648 2495 3725 funguntur
2531 3657 2564 3709 2
2620 3648 2745 3711 Cor.
2783 3658 2838 3717 5,
2890 3656 2969 3711 20
3018 3651 3078 3707 et

451 3736 694 3812 quidem
728 3737 1045 3812 triplici
1077 3737 1142 3795 in
1173 3736 1541 3796 ministerio:

633 3839 696 3907 l.
730 3844 794 3902 in
840 3864 897 3902 m
917 3864 951 3902 a
964 3843 1344 3920 gisterio:
1395 3858 1459 3908 a.
1492 3844 1692 3902 Docere
1722 3861 1916 3901 omnes
1945 3851 2132 3920 yeme-3
2164 3888 2177 3901 .
2211 3888 2225 3902 .
2257 3889 2270 3901 .
2302 3862 2535 3902 servare
2564 3844 2761 3901 omnia
2792 3862 3076 3918 quaeeun-

451 3952 556 4009 que
587 3934 863 3992 mandavi
899 3933 1054 3991 vobis
1084 3933 1295 3991 Matth.
1332 3940 1432 4003 28,
1475 3943 1550 3994 19
1587 3951 1664 4002 ας
1710 3937 1773 3990 et
1817 3932 2056 4008 quidem
2102 3929 2173 3996 b.
2220 3932 2549 3991 doctrinam
2582 3949 2761 4006 quam
2794 3935 3074 4002 sanctam,

456 4021 787 4092 sublimem,
837 4021 911 4079 ab
952 4021 1087 4096 ipsa
1117 4021 1419 4097 Sapientia
1450 4021 1754 4079 incarnata
1786 4022 2171 4097 propalatam,
2218 4021 2450 4092 utilem,
2495 4020 2569 4079 ad
2616 4019 2868 4078 salutem
2900 4021 3077 4096 plane

452 4110 837 4170 necessariam
868 4110 1081 4169 docere
1114 4110 1375 4169 debent?
1407 4109 1513 4185 qui
1544 4110 1702 4168 enim
1734 4127 1855 4168 non
1886 4109 2204 4169 crediderit
2233 4110 2380 4186 ipsis
2413 4109 2909 4185 praedicantibus,
2942 4127 3079 4167 con·

452 4199 852 4258 damnabitur.
901 4200 982 4263 Cf.
1016 4199 1150 4260 Mal.
1188 4208 1243 4268 2,
1286 4208 1318 4260 7
1355 4193 1451 4280 (cf.
1483 4217 1540 4257 n.
1580 4196 1800 4281 584⁵);
1834 4203 1896 4258 et
1926 4203 2149 4274 quanta
2179 4213 2243 4262 c.
2273 4199 2628 4258 anctoritate
2661 4197 2914 4258 docent?
2969 4199 3080 4271 Qui

454 4307 553 4347 vos
585 4290 776 4363 audit,
809 4309 898 4346 me
929 4288 1115 4365 audit,
1151 4295 1202 4345 et
1233 4289 1330 4364 qui
1362 4306 1459 4345 vos
1489 4289 1731 4362 spernit,
1763 4308 1851 4346 me
1880 4290 2121 4364 spernit,
2155 4289 2293 4352 Luc.
2335 4299 2431 4359 10,
2473 4298 2570 4350 16.
2632 4286 2784 4346 Vere
2816 4287 2925 4346 hoc
2953 4307 3076 4346 ma-

451 4378 787 4454 gisterium,
821 4378 964 4436 haec
998 4376 1274 4436 cathedra
1304 4376 1547 4435 excellit
1579 4377 1740 4437 omni
1773 4377 2083 4436 cathedrae
2114 4378 2420 4440 humanae.

632 4481 697 4548 2.
729 4485 1094 4562 Funguntur
1125 4483 1456 4543 sacerdotes
1487 4484 1785 4559 legatione
1818 4502 1924 4559 pro
1945 4483 2176 4542 Christo
2207 4484 2270 4541 in
2303 4484 2631 4541 animarum
2663 4482 3075 4560 regimine:

455 4573 603 4649 ipsis
636 4574 799 4632 enim
832 4574 1012 4632 etiam
1043 4574 1272 4632 dictum
1317 4575 1411 4632 est
1445 4590 1624 4648 pasce
1667 4591 1793 4632 oves
1839 4592 1996 4630 meas
2039 4572 2132 4634 J0.
2167 4581 2267 4642 21,
2309 4584 2406 4643 17,
2458 4590 2606 4647 quas
2655 4571 2777 4635 scil.
2811 4571 3079 4631 Christus

454 4662 715 4738 pretioso
749 4681 857 4721 suo
890 4663 1177 4740 sanguine
1209 4662 1493 4721 redemit:
1545 4662 1691 4738 ipsis
1724 4661 1999 4732 tuendos,
2033 4661 2330 4732 fovendOS,
2364 4660 2796 4737 promovendos
2826 4660 3080 4720 credidit

455 4751 611 4810 filios
633 4751 741 4810 Dei
774 4751 890 4811 sibi
910 4752 1260 4822 carissimos,
1294 4752 1509 4810 fratres
1546 4754 1609 4810 et
1639 4750 1903 4811 membra
1933 4769 2059 4822 sua,
2093 4751 2209 4809 imo
2241 4755 2302 4810 et
2331 4769 2591 4826 sponsas,
2625 4750 2850 4826 templa
2881 4768 2925 4812 s,
2948 4750 3078 4826 Spi-
