3538 5364
488 109 608 172 198
1288 97 1472 151 Tract.
1500 97 1646 150 V111.
1673 95 1742 150 de
1769 97 1971 152 merito
2000 114 2270 167 congruo,

474 288 786 344 Praeterea
823 286 961 361 jure
1008 284 1230 341 dicitur
1259 284 1420 342 Deus
1467 302 1645 359 supra
1683 284 2045 360 condignum
2079 283 2250 340 bonis
2284 283 2565 358 operibus
2598 284 2920 358 praemium
2958 301 3110 340 con-
3150 350 3151 353 Ἴ

474 376 644 444 ferre,
680 376 855 449 quod,
891 372 1009 431 nisi
1039 372 1426 431 antecederet·
1446 374 1575 448 ejus
1607 373 1817 448 gratia,
1866 392 1988 447 qua
2019 373 2143 430 sola
2174 373 2363 448 adjuti
2397 391 2621 430 merere
2653 388 2993 447 possumuS,
3046 374 3110 429 et

475 464 892 522 liberalissima
911 464 1039 538 ejus
1060 462 1353 521 ordinatio
1386 464 1446 518 et
1478 460 1793 537 promissio
1827 479 1894 519 ex
1928 461 2050 519 sola
2081 463 2274 538 gratia
2304 467 2361 519 et
2396 460 2797 519 misericordia
2817 462 3106 536 profecta,

473 572 582 611 nos
613 554 851 611 nullum
882 552 1232 610 haberemus
1258 551 1361 626 jus
1393 550 1466 608 ad
1499 548 1831 626 praemium
1862 553 2116 610 tantum.
2169 552 2323 608 Deus
2349 550 2508 608 enim
2529 550 2725 608 omnia
2746 568 2922 626 opera
2940 550 3110 607 bona

474 646 536 701 et
567 643 742 718 plura
772 641 887 699 alia
916 644 1116 716 posset
1147 640 1376 716 exigere
1409 659 1442 697 a
1473 639 1646 697 nobis
1671 639 1811 715 ⁴jure
1843 639 2090 698 dominii
2122 640 2290 697 nulla
2321 639 2555 697 reddita
2587 639 2883 709 mercede3
2917 657 3111 715 quam

474 733 549 789 ob
580 750 704 790 rem
736 730 1235 789 coelestinus
1267 730 1311 788 Ι.
1343 746 1432 804 ep.
1457 737 1735 791 21n.14
1768 732 1830 786 et
1861 747 2018 790 conc.
2051 728 2584 787 tridentinum
2616 747 2756 786 sess
2795 740 2828 789 6
2865 747 2991 803 cap·
3025 739 3104 789 1ss

473 822 702 891 docent,
753 823 983 877 tantam
1029 837 1158 876 esse
1190 818 1298 877 Dei
1341 818 1687 892 bonitatem,
1739 824 1811 876 ut
1859 821 2060 876 nostra
2106 817 2253 876 velit
2298 835 2427 876 esse
2474 818 2701 887 merita,
2754 836 2904 893 quae
2950 820 3111 875 sunt

472 909 662 985 ipsius
697 910 863 967 dona.

652 1049 797 1113 234.
831 1044 930 1107 De
948 1048 1166 1108 merito
1187 1064 1470 1128 conyrzw.
1493 1085 1579 1095 -—·
1600 1045 1699 1110 Ad
1718 1048 2019 1111 meritum
2038 1065 2391 1126 congruum
2411 1046 2750 1127 requiritur
2789 1064 2867 1110 ex
2906 1051 3106 1125 parte

472 1159 724 1228 actuS,
757 1159 828 1216 ut
860 1153 941 1215 sit
971 1153 1108 1216 veri
1141 1153 1416 1215 nominis
1450 1161 1631 1217 actus
1666 1153 1765 1239 (cf.
1806 1173 1866 1217 n.
1907 1155 2118 1239 226¹),
2158 1159 2229 1217 ut
2279 1154 2361 1216 sit
2409 1158 2592 1216 actus
2626 1150 2858 1223 bonus,
2915 1151 3107 1225 liber,

470 1260 786 1335 salutarie,
820 1258 1163 1341 aliquando
1198 1259 1525 1324 exsistens.
1561 1259 1650 1322 Ex
1681 1266 1865 1341 parte
1899 1260 2040 1324 Dei
2084 1260 2450 1325 necessaria
2496 1266 2595 1322 est
2625 1258 2946 1322 ordinatio
2980 1274 3108 1319 seu

472 1367 849 1448 acceptatiO,
881 1372 951 1429 ut
982 1366 1064 1429 sit
1096 1367 1393 1429 meritum
1427 1365 1651 1429 efficax
1683 1374 1747 1430 et
1779 1367 2050 1430 actuale.
2083 1365 2250 1429 Num
2283 1384 2436 1429 vero
2472 1384 2549 1429 ex
2571 1371 2753 1445 parte
2774 1382 3109 1445 personae

469 1473 862 1537 merentis
924 1474 1288 1555 requiratur
1348 1480 1555 1537 status
1616 1474 1777 1550 viae,
1826 1481 1928 1537 est
1976 1474 2141 1537 inter
2202 1474 2539 1552 theologos
2602 1478 3107 1536 controversum

471 1581 555 1667 (n.
591 1585 755 1648 2312
788 1580 888 1666 a.).
951 1579 1132 1642 Aliae
1165 1579 1565 1644 conditiones
1612 1579 1693 1642 ad
1739 1581 2039 1644 meritum
2082 1579 2464 1660 condignum
2514 1578 2921 1643 necessariae
2956 1596 3099 1639 non

467 1687 894 1768 requiruntur.
957 1685 1056 1749 Ad
1088 1686 1213 1749 hoc
1245 1686 1415 1749 enim
1447 1704 1515 1750 se
1548 1685 1747 1750 habet
1779 1687 2076 1751 meritum
2107 1704 2479 1765 congruum,
2527 1692 2597 1748 ut
2650 1684 3103 1766 imperfectum

467 1795 549 1858 ad
580 1785 963 1875 perfectum:
1015 1812 1214 1875 quare
1247 1794 1300 1855 si
1334 1793 1434 1856 vel
1469 1813 1600 1857 una
1633 1814 1711 1858 ex
1742 1794 2001 1876 reliquis
2034 1793 2513 1857 conditionibus
2547 1792 2757 1857 meriti
2789 1791 3102 1869 condigni

466 1902 645 1975 desit,
679 1900 1021 1963 habebitur
1053 1901 1350 1964 meritum
1383 1917 1753 1982 congruum.
1815 1898 2166 1975 „Convenit
2198 1901 2524 1987 (meritum
2556 1899 2955 1983 congruum),
2992 1898 3098 1959 in·-

466 2009 600 2088 quit
633 2005 834 2070 Suar
855 2026 939 2070 ez
970 2007 1096 2082 XII,
1131 2012 1216 2075 33
1251 2026 1308 2069 n.
1347 2012 1402 2082 7,
1436 2023 1582 2070 cum
1616 2007 1719 2070 illo
1755 2007 2144 2093 (condigno),
2191 2008 2341 2089 quia
2388 2014 2486 2071 est
2531 2013 2714 2070 actus
2747 2004 3102 2077 sufficienS,

464 2121 535 2177 ut
567 2115 703 2194 ejus
737 2114 966 2177 intuitu
1000 2114 1185 2178 detur
1217 2114 1433 2196 aliqua
1462 2113 1827 2188 retributio;
1875 2114 2085 2178 differt
2132 2133 2303 2190 vere,
2352 2114 2503 2196 quia
2551 2117 2618 2177 in
2651 2132 2730 2177 ea
2762 2131 2893 2175 non
2926 2130 3097 2174 con-

464 2226 726 2284 currunt
757 2240 981 2285 omnes
1014 2221 1417 2285 conditiones
1448 2220 1804 2304 perfecti
1837 2222 2061 2286 meriti.
2118 2220 2295 2286 Unde
2329 2223 2478 2303 quia
2510 2222 2613 2284 hic
2646 2218 2929 2285 desectus
2962 2236 3094 2298 po-

465 2335 588 2393 test
619 2328 832 2391 multis
865 2328 1071 2392 modis
1104 2330 1476 2409 contingere
1502 2329 1687 2410 juxta
1708 2330 1959 2392 illarum
1984 2329 2425 2392 conditionum
2448 2328 2902 2400 diversitatem,
2936 2325 3089 2388 ideo

463 2435 758 2499 meritum
793 2435 872 2499 de
903 2452 1186 2516 congruo
1233 2436 1561 2517 multiplex
1609 2455 1752 2500 esse
1788 2443 2052 2516 potest«
2126 2434 2185 2499 S.
2219 2436 2564 2499 Thomas
2615 2434 2956 2498 discrimen
2994 2432 3088 2495 ita

461 2530 747 2621 assignat
797 2541 1116 2624 Supplem.
1151 2564 1206 2625 q.
1248 2550 1328 2610 14
1361 2562 1416 2606 a.
1452 2546 1524 2609 4:
1595 2542 1927 2616 ,Meritum
1977 2543 2310 2623 dupliciter
2373 2543 2615 2606 dicitur.
2680 2539 2820 2604 Uno
2884 2539 3085 2602 modo

460 2657 640 2714 actus
673 2650 793 2728 ille,
826 2670 941 2732 per
973 2669 1162 2732 quem
1197 2649 1480 2725 efficitur,
1529 2656 1599 2713 ut
1629 2650 1764 2731 ipse
1800 2667 1995 2729 agens
2027 2649 2265 2715 habeat
2299 2648 2584 2713 debitum
2619 2645 2984 2730 recipiendi,
3021 2653 3089 2710 et

458 2756 583 2819 hoc
614 2764 883 2820 vocatur
916 2759 1211 2820 meritum
1245 2757 1574 2836 condigni3
1623 2756 1749 2819 alio
1797 2757 1991 2819 modo
2040 2756 2158 2832 ille,
2212 2777 2324 2837 per
2356 2776 2543 2839 quem
2580 2755 2863 2830 efficitur,
2896 2760 2968 2816 ut
3001 2755 3087 2817 sit

458 2863 742 2926 debitum
775 2863 970 2927 dandi
1000 2864 1066 2925 in
1098 2863 1290 2925 dante
1323 2863 1677 2926 secundum
1707 2862 2070 2926 decentiam
2102 2863 2318 2949 ipsiuS,
2353 2870 2416 2928 et
2446 2863 2590 2927 ideo
2622 2862 2749 2924 hoc
2780 2859 3083 2924 meritum

458 2977 728 3033 vocatur
759 2970 1055 3034 meritum
1089 2970 1404 3049 congrui<
1445 2969 1737 3034 Meritum
1772 2989 2126 3050 congruum
2149 2971 2543 3049 distinguunt
2562 2969 2775 3051 plures
2796 2968 3082 3047 theologi

457 3076 916 3140 in-lallibile
963 3082 1025 3140 et
1069 3077 1537 3141 infallibile.
1601 3076 1931 3141 Insallibile
1965 3078 2101 3152 erit,
2135 3078 2188 3141 si
2219 3078 2418 3141 habet
2447 3076 2943 3158 promissionem
2976 3075 3076 3136 di-

455 3183 670 3244 vinam
705 3182 1051 3246 adnexam:
1084 3183 1175 3244 sic
1207 3182 1328 3244 dici
1349 3189 1578 3263 potest,
1611 3184 2065 3248 contritionem
2095 3184 2447 3266 perfectam
2477 3201 2746 3258 merere,
2782 3182 2894 3246 sed
2927 3190 3075 3245 tan-

459 3295 591 3351 tum
625 3288 702 3351 de
726 3288 1452 3368 congri10,infallibiliter
1471 3296 1689 3354 tamen
1709 3297 1976 3370 propter
1996 3291 2487 3372 promissionem
2513 3290 2810 3364 divinam,
2844 3307 3079 3353 recon-

454 3396 841 3459 ciliationem
874 3415 1019 3458 cum
1052 3396 1202 3460 Deo.
1237 3395 1419 3474 Quod
1452 3397 1506 3459 si
1538 3397 1702 3461 desit
1735 3395 1878 3460 talis
1898 3398 2256 3477 promissiO,
2292 3403 2354 3461 et
2374 3397 2545 3460 adsit
2578 3403 2827 3460 tantum
2864 3414 3066 3478 quae-

453 3503 602 3565 dam
636 3502 929 3566 decentia
959 3522 1072 3567 seu
1105 3504 1414 3585 aequitaS,
1447 3510 1519 3567 ut
1548 3504 1717 3567 Deus
1751 3504 1902 3566 illud
1925 3509 2234 3585 acceptet,
2270 3503 2523 3568 sallibile
2558 3504 2639 3566 ab
2675 3503 2792 3566 illis
2826 3503 3075 3566 dicitur.

630 3647 776 3713 235.
812 3630 1055 3708 Contra⁴
1084 3653 1660 3726 protestantes
1710 3652 2039 3728 tamquam
2073 3647 2153 3710 de
2186 3647 2308 3711 fide
2340 3647 2688 3712 tenendum
2725 3655 2837 3720 est,
2869 3647 3071 3709 homi·

451 3772 557 3814 nes
579 3754 755 3834 apud
775 3751 979 3814 Deum
1000 3751 1170 3815 bonis
1191 3755 1478 3836 operibus
1512 3776 1584 3816 ex
1613 3756 1825 3834 qratia.
1854 3753 2044 3835 factis
2080 3776 2310 3816 merere
2325 3775 2504 3837 posse
2519 3777 2547 3833 ,·
2578 3753 2751 3836 quod
2784 3753 3070 3818 definivit

451 3859 791 3921 concilium
824 3860 1001 3923 trid.
1035 3878 1188 3922 sess.
1224 3866 1263 3928 6
1298 3879 1348 3922 c.
1390 3866 1467 3928 16
1504 3867 1566 3924 et
1597 3878 1735 3924 can.
1771 3864 1888 3928 32:
1930 3859 2034 3934 „Si
2066 3862 2205 3943 quis
2239 3860 2485 3935 dixerit,
2521 3862 2800 3924 hominis
2830 3861 3065 3941 justifi-

449 3966 577 4028 cati
610 3965 783 4029 bona
815 3984 1014 4046 opera
1044 3967 1133 4028 ita
1167 3986 1308 4031 esse
1342 3967 1512 4029 dona
1531 3967 1661 4042 Dei,
1695 3975 1917 4031 utnon
1939 3968 2064 4031 sint
2099 3969 2293 4031 etiarn
2326 3967 2502 4031 bona
2523 3968 2721 4048 ipsius
2737 3968 3065 4049 justificati

449 4072 706 4146 merita3
741 4079 852 4134 aut
885 4072 1092 4152 ipsum
1118 4073 1534 4153 justificatum
1568 4073 1753 4137 bonis
1788 4075 2107 4155 operibUS‚
2130 4093 2295 4156 quae
2318 4075 2398 4137 ab
2423 4094 2499 4138 eo
2523 4095 2635 4155 per
2656 4074 2771 4139 Dei
2792 4076 3063 4156 gratiam

450 4186 514 4242 et
544 4179 594 4242 J.
631 4175 861 4242 Christi
892 4179 1206 4255 meritum,
1240 4180 1419 4261 cujus
1452 4180 1666 4243 vivum
1696 4181 2059 4244 membrum
2094 4189 2207 4258 est,
2242 4181 2419 4257 fiunt,
2465 4201 2594 4245 non
2641 4201 2792 4247 vere
2837 4183 3070 4246 mereri

449 4292 862 4365 augmentum
894 4286 1154 4366 gratiae,
1187 4287 1383 4348 vitam
1417 4294 1748 4351 aeternam
1782 4295 1848 4352 et
1879 4288 2074 4368 ipsius
2108 4289 2277 4352 vitae
2312 4295 2641 4364 aeternae,
2680 4290 2733 4351 si
2755 4297 2973 4353 tamen
2995 4289 3059 4352 in

448 4393 653 4472 gratia
670 4392 782 4456 Dei
802 4393 1164 4470 decesserit,
1185 4394 1706 4458 consecutionem
1726 4400 1920 4476 atque
1937 4396 2130 4460 etiam
2151 4396 2394 4476 gloriae
2413 4403 2845 4476 augmentum,
2865 4396 2934 4458 A.
2956 4383 3015 4459 S.
3029 4411 3056 4438 «

446 4496 773 4579 Colligitur
805 4500 1074 4564 assertio
1111 4502 1173 4568 1.
1210 4521 1287 4566 ex
1322 4498 1648 4582 Scriptura
1680 4522 1746 4580 s,
1793 4503 1858 4565 in
1906 4520 2033 4584 qua
2076 4503 2317 4584 passim
2363 4521 2577 4567 sermo
2625 4509 2723 4566 est
2754 4503 2832 4567 de
2867 4523 3061 4568 mer-
