3538 5364
1088 324 1436 379 amittuntur
1461 324 1634 379 etiam
1663 325 1905 380 virtutes
1931 325 2175 381 infusae.
2818 338 2938 402 185

312 513 606 590 gratiae.‘
675 511 844 570 Idem
875 511 1108 570 dicatur
1138 511 1211 569 de
1243 530 1270 569 s
1289 531 1405 586 pe,
1449 514 1520 570 ut
1551 512 1849 571 communi
1882 530 2170 571 consensu
2200 516 2451 573 tuentur
2481 515 2764 592 theologi.
2830 516 2940 575 Ea-

309 604 446 661 dem
480 601 645 660 enim
678 602 850 671 rati0,
885 605 1129 676 propter
1161 620 1340 676 quam
1371 601 1530 660 Deus
1559 601 1856 676 peccatori
1888 602 2181 676 relinquit
2211 602 2349 661 fidei
2380 603 2669 675 habitum,
2717 608 2789 664 ut
2817 606 2939 664 scil.

301 690 757 767 justifioetionis
791 690 1015 749 semine
1060 692 1121 748 et
1170 689 1365 748 radice
1410 690 1578 749 velut
1607 690 1818 748 relicta
1849 694 2119 765 peccator
2151 691 2384 751 facilius
2414 693 2721 768 resipiscat
2765 697 2824 753 et
2868 695 2943 753 ad

303 780 616 855 justitiam
650 779 846 837 redire
879 779 1082 853 possit,
1130 779 1333 856 exigit,
1381 782 1453 837 ut
1497 782 1734 838 maneat
1765 779 2006 838 habitus
2038 780 2182 855 spei,
2232 800 2383 855 quae
2415 782 2684 842 absolute
2715 786 2809 842 est
2839 803 2942 842 ne-

312 869 590 939 cessaria,
626 872 698 926 ut
729 872 1000 944 peccator
1030 869 1182 927 serio
1214 867 1286 925 ad
1319 868 1861 926 reconciliationem
1895 888 2028 927 cum
2062 870 2180 928 Deo
2212 871 2433 930 offenso
2466 890 2527 930 se
2559 872 2853 948 disponat.

492 990 565 1056 6.
603 987 861 1051 Donum
892 987 1086 1051 etiam
1118 986 1470 1050 habitualis
1504 986 1650 1051 fidei
1684 987 1891 1052 amitti
1938 1006 2128 1068 posse
2174 988 2364 1054 docet
2408 1008 2588 1054 conc.
2636 991 2943 1056 triden-

320 1096 576 1159 tinum
611 1113 770 1159 sess,
805 1100 845 1163 6
880 1112 1015 1174 cap.
1053 1097 1170 1169 15;
1205 1099 1272 1157 et
1305 1099 1484 1175 patet
1517 1115 1579 1164 a.
1613 1113 1690 1158 ex
1724 1094 1918 1157 variis
1948 1093 2321 1176 Scripturas
2355 1097 2557 1162 effatis
2580 1098 2723 1162 Luc.
2741 1097 2805 1173 8,
2832 1104 2944 1168 13:

329 1205 443 1282 Qui
469 1222 677 1287 supra
700 1208 948 1287 petram
959 1222 986 1280 ,²
1017 1202 1123 1284 qui
1157 1220 1294 1263 cum
1328 1202 1648 1264 audierint
1671 1200 1964 1286 (verbum
1982 1201 2140 1288 Dei),
2174 1223 2312 1266 cum
2341 1206 2579 1287 gaudio
2599 1208 2946 1290 suscipiunt

327 1309 612 1386 verbum;
644 1314 700 1369 et
731 1308 796 1369 ln·
828 1307 1069 1372 radices
1100 1327 1224 1371 non
1271 1307 1518 1390 habent,
1566 1313 1673 1392 qui
1720 1309 1809 1371 ad
1854 1316 2096 1392 tempus
2141 1311 2419 1393 credunt,
2465 1319 2521 1373 et
2568 1314 2632 1374 in
2678 1320 2946 1397 tempore

323 1417 690 1480 tentationis
735 1416 1074 1491 recedunt;
1129 1421 1183 1482 1.
1214 1415 1371 1478 Tim.
1417 1424 1466 1491 1,
1503 1420 1544 1483 5
1576 1435 1659 1490 s.;
1706 1421 1766 1491 4,
1805 1422 1875 1490 1;
1924 1422 1983 1493 6,
2022 1421 2140 1491 21;
2188 1422 2246 1484 2.
2281 1416 2437 1481 Tim.
2485 1424 2543 1494 2,
2603 1426 2676 1488 17
2712 1439 2759 1482 S.
2795 1426 2945 1494 εἴας

319 1524 388 1589 b.
425 1541 510 1586 ex
543 1528 803 1603 patrum
838 1521 1435 1596 exhortationibus;
1469 1521 1736 1586 sollicite
1771 1523 1939 1587 enim
1973 1523 2314 1588 hortantur
2346 1524 2581 1601 fideleS,
2602 1534 2673 1590 ut
2694 1526 2815 1589 sibi
2836 1544 2946 1590 ca-

313 1636 517 1693 veant
552 1635 843 1710 ternpore
874 1629 1335 1709 persecutionis
1369 1629 1470 1694 vel
1501 1629 1806 1703 haeresiS,
1854 1648 1935 1694 ne
1980 1629 2170 1694 fidem
2218 1632 2547 1707 amittant;
2595 1633 2759 1697 ratio
2793 1651 2945 1697 vero

315 1755 382 1802 c.
419 1735 692 1800 evidens
725 1740 855 1798 est:
885 1734 1042 1799 fides
1074 1735 1244 1800 enim
1275 1734 1478 1800 libera
1511 1741 1626 1809 est,
1659 1735 1858 1800 libere
1891 1736 2263 1817 suscipitur;
2310 1737 2508 1804 libere
2556 1758 2706 1819 ergo
2754 1741 2947 1803 etiam

313 1842 519 1922 abjici
551 1848 779 1923 potest
829 1840 1015 1920 Quod
1050 1849 1266 1905 autem
1302 1842 1381 1905 de
1415 1841 1537 1905 fide
1572 1849 1672 1907 est
1705 1843 2071 1920 tenendum,
2104 1846 2429 1908 communi
2463 1865 2782 1911 consensu
2814 1854 2946 1910 sta-

310 1955 516 2013 tuunt
547 1947 824 2028 theologi
854 1948 1052 2013 etiam
1085 1948 1164 2013 de
1197 1968 1329 2029 spe.

505 2073 564 2140 7.
600 2072 786 2137 Fides
818 2090 972 2136 vero
1010 2073 1326 2137 amittitur
1357 2075 1638 2155 peccatis
1683 2075 1808 2156 ipsi
1852 2075 2090 2139 directe
2138 2078 2465 2157 oppositis
2511 2085 2580 2142 ut
2610 2085 2759 2142 sunt
2789 2079 2947 2143 hae-

317 2181 477 2243 resis
511 2187 576 2245 et
610 2181 960 2260 apostasia,
994 2200 1141 2262 spes
1172 2182 1270 2245 his
1304 2182 1592 2263 peccatis
1626 2191 1690 2247 et
1721 2183 2173 2264 desperatione
2216 2188 2374 2268 (non
2404 2203 2577 2261 ver0,
2611 2194 2682 2250 ut
2711 2187 2947 2269 proba-

327 2285 536 2350 biliter
564 2294 863 2351 statuunt
894 2288 1192 2367 theologi,
1214 2289 1780 2377 praesumptione),
1798 2291 1977 2372 cujus
2000 2292 2360 2355 amissionis
2396 2292 2602 2356 reddit
2631 2292 2719 2357 de
2749 2293 2947 2374 Lugo

335 2393 641 2458 rationem
676 2394 759 2458 de
791 2392 916 2458 fide
948 2394 1004 2457 d.
1045 2399 1125 2462 14
1160 2414 1206 2457 s,
1241 2399 1316 2461 4:
1357 2392 1572 2469 ,Sicut
1592 2395 1761 2461 Deus
1792 2397 2106 2461 vulthaec
2127 2397 2300 2461 dona
2330 2398 2687 2462 habitualia
2717 2399 2950 2465 adultis

329 2500 572 2563 nonnisi
594 2500 963 2565 volentibus
984 2501 1154 2575 dare,
1177 2502 1269 2565 ita
1300 2521 1434 2565 non
1465 2504 1599 2567 vult
1630 2520 2018 2569 conservare
2051 2504 2115 2568 in
2149 2506 2511 2569 nolentibus
2545 2512 2610 2570 et
2643 2525 2948 2588 respuen-

329 2606 512 2681 tibus,
545 2607 847 2689 quamvis
894 2626 1023 2671 non
1070 2609 1283 2690 exigat
1330 2610 1603 2674 eandem
1659 2611 2147 2693 dispositionem
2180 2612 2261 2675 ad
2296 2615 2854 2677 conservationem
2888 2620 2952 2677 et

323 2714 399 2776 ad
433 2715 858 2780 infusionem:
892 2733 1043 2778 nam
1078 2716 1159 2779 ad
1192 2715 1577 2780 infusionem
1626 2718 1825 2798 exigit
1870 2725 2086 2782 actum
2136 2721 2513 2801 positivum;
2558 2720 2642 2784 ad
2689 2738 2949 2785 conser-

327 2822 655 2885 vationem
687 2841 841 2886 vero
875 2824 1081 2887 solum
1114 2825 1321 2905 exigit,
1356 2824 1528 2906 quod
1560 2843 1692 2888 non
1724 2831 2111 2906 respuantur
2131 2844 2246 2907 per
2276 2831 2489 2890 actum
2522 2827 2947 2900 contrarium;

333 2929 588 3010 quando
626 2937 844 2994 tamen
875 2929 1070 2993 homo
1104 2948 1217 3011 per
1264 2936 1483 2995 actum
1531 2932 1927 2996 contrarium
1976 2951 2055 2997 ea
2103 2933 2275 2996 dona
2322 2933 2537 3014 abjicit
2583 2939 2646 2997 et
2690 2933 2949 3015 respuit,

324 3034 491 3099 Deus
523 3036 938 3101 meritissime
972 3055 1051 3100 ea
1083 3036 1306 3113 aufert,
1356 3039 1589 3120 quippe
1637 3039 1744 3120 qui
1792 3055 1873 3101 ea
1920 3038 2281 3103 volentibus
2328 3040 2480 3102 solis
2513 3038 2761 3104 confert
2791 3046 2857 3103 et
2887 3040 2950 3102 in

323 3142 535 3205 invitis
568 3161 703 3206 non
737 3150 1134 3208 conservat«
1205 3141 1294 3208 Cf.
1328 3142 2230 3223 Scheben-Atzberger
2263 3149 2296 3226 ,ὅ
2330 3150 2478 3214 308.

512 3284 655 3338 219.
691 3271 1066 3341 Sehollou.
1114 3277 1272 3334 Nam
1298 3279 1499 3354 qratia
1530 3279 1852 3333 minuatur.
1885 3308 1969 3319 —-
2004 3275 2207 3333 Gratia
2238 3274 2561 3334 habitualis
2594 3279 2797 3351 potest
2827 3293 2950 3332 cre-

325 3383 502 3432 scere,
536 3364 807 3423 intendi:
832 3366 957 3440 jam
979 3366 1305 3442 quaeritur,
1340 3366 1600 3441 possitne
1622 3365 1803 3423 etiam
1826 3365 2121 3434 imminui,
2155 3364 2380 3422 remitti
2400 3367 2638 3439 peccato
2662 3364 2952 3422 veniali.

321 3453 451 3512 Hoc
481 3472 694 3511 revera
721 3453 908 3529 aliqui
941 3455 1327 3524 affirmarunt,
1378 3454 1480 3512 sed
1515 3453 1877 3522 ,dicendum
1910 3456 2019 3522 est,
2054 3453 2255 3528 inquit-
2288 3457 2565 3513 Suarez
2597 3453 2694 3522 XI,
2732 3463 2786 3521 8,
2819 3473 2951 3529 gra-

321 3543 473 3600 tiam
521 3545 586 3601 et
630 3542 940 3601 caritatem
985 3544 1261 3602 imminui
1294 3562 1416 3602 non
1446 3560 1638 3618 posse.
1706 3542 1872 3601 Hanc
1903 3542 2295 3601 assertionem
2329 3559 2539 3600 censeo
2586 3541 2672 3599 ita
2715 3547 2951 3610 certam,

322 3635 396 3689 ut
427 3630 732 3690 contraria
760 3650 881 3690 non
914 3631 993 3690 sit
1025 3632 1367 3708 probabilis,
1415 3650 1527 3690 nec
1568 3632 1953 3690 versimiliter
1983 3631 2442 3700 defensabilis;‘
2484 3634 2614 3689 tum
2647 3631 2788 3705 quia
2818 3650 2952 3706 gra-

324 3720 523 3780 viores
557 3720 822 3798 theologi
854 3721 914 3780 id
947 3722 1160 3780 docent
1190 3740 1324 3780 cum
1356 3722 1631 3780 Thoma
1665 3718 1749 3800 (1.
1776 3730 1909 3796 2.q.
1936 3729 2015 3782 24
2040 3740 2089 3778 a.
2122 3716 2242 3800 10),
2275 3721 2783 3779 Bonaventura
2813 3723 2952 3788 etc.;

323 3814 456 3868 tum
491 3810 639 3884 quia
669 3814 1032 3885 sequeretur,
1078 3810 1495 3885 multiplicatis
1542 3810 1799 3885 peccatis
1833 3810 2167 3868 venialibus
2198 3809 2438 3867 tandem
2473 3808 2673 3866 amitti
2703 3809 2955 3885 gratiam

326 3899 816 3970 sanctificantem,
870 3903 930 3957 et
977 3902 1280 3975 peccatum
1327 3899 1558 3957 veniale
1603 3899 1806 3975 puniri
1851 3918 2039 3974 poena
2071 3902 2310 3957 aeterna
2342 3894 2685 3979 (amissione
2717 3900 2956 3955 aeterna

328 3987 555 4065 gradus
587 3988 829 4063 gloriae,
877 3989 980 4063 qui
1027 3988 1383 4064 respondeat
1421 3988 1631 4065 gradui
1665 3988 1893 4065 gratiae
1926 3983 2188 4068 amisso),
2236 3987 2393 4062 quod
2441 3987 2679 4045 concedi
2726 3987 2953 4060 nequit.

327 4076 610 4134 Ceterum
644 4076 782 4151 Rip
800 4077 869 4134 al
886 4076 923 4134 d
941 4095 1021 4135 ae
1053 4077 1347 4153 ejusmodi
1378 4077 1639 4135 rationes
1672 4095 1794 4134 non
1826 4077 2108 4135 videntur
2127 4076 2366 4145 solidae,
2400 4076 2558 4134 unde
2578 4075 2787 4134 scribit
2805 4075 2954 4150 disp.

341 4175 459 4228 130
492 4184 556 4222 n.
597 4176 666 4228 8:
721 4164 955 4234 ,Quare
987 4166 1037 4224 si
1067 4166 1283 4225 rationi
1317 4166 1682 4242 theologicae
1713 4165 2072 4235 insistimus,
2106 4183 2225 4223 non
2259 4165 2495 4223 invenio
2527 4165 2803 4239 aliquam,
2839 4184 2957 4240 qua

329 4253 663 4312 contrariae
684 4256 1014 4313 sententiae
1036 4255 1512 4331 improbabilitas
1533 4255 1944 4324 convincatur;
1979 4274 2113 4313 eam·
2127 4258 2325 4311 tamen
2346 4253 2631 4329 improbo,
2666 4259 2795 4311 tum
2817 4254 2957 4328 quia

330 4343 637 4402 communi
668 4344 1078 4420 theologorum
1113 4344 1461 4420 praesertim
1492 4344 1675 4418 hujus
1723 4344 1909 4402 seculi
1955 4342 2368 4420 approbationi
2416 4342 2611 4400 invisa
2655 4347 2777 4408 est;
2826 4347 2955 4400 tum

331 4434 475 4508 quia
505 4433 679 4491 nulla
709 4433 882 4492 firma
912 4434 1260 4509 probatione
1293 4433 1568 4500 fulcitur;
1614 4436 1923 4508 praeterea
1954 4432 2094 4508 quia
2123 4435 2362 4508 peccata
2394 4431 2653 4490 venialia
2695 4450 2813 4489 non
2855 4451 2955 4506 op·

332 4525 648 4596 ponuntur
667 4521 992 4581 intensioni
1013 4522 1306 4580 virtutum
1340 4526 1401 4581 et
1433 4522 1654 4598 gratiae
1687 4541 1882 4596 neque
1914 4521 2159 4597 physice
2191 4539 2383 4596 neque
2405 4520 2766 4582 moraliter.‘
2811 4520 2956 4578 Con-

336 4612 556 4669 cedunt
587 4614 791 4669 tamen
820 4611 1104 4688 theologi,
1142 4611 1261 4669 dici
1292 4628 1466 4687 posse
1498 4611 1753 4687 gratiam
1786 4610 2072 4669 indirecte
2105 4613 2167 4668 et
2197 4609 2627 4685 quadamtenus
2660 4609 2953 4676 imminui,

336 4700 460 4757 scil.
494 4701 792 4773 quantum
822 4699 896 4758 ad
927 4700 1347 4758 radicationem
1382 4704 1445 4758 et
1475 4699 1782 4768 fervorem,
1830 4701 1902 4756 ut
1947 4698 2219 4774 loquitur
2249 4699 2563 4756 Thomas
2596 4698 2658 4755 in
2696 4708 2748 4759 2.
2782 4698 2836 4755 d.
2881 4707 2951 4759 17

337 4807 393 4863 q.
427 4798 462 4849 ‘2
500 4809 552 4846 a.
590 4798 622 4850 5
659 4792 720 4847 et
751 4790 823 4847 de
855 4789 1007 4847 malo
1041 4809 1097 4862 q.
1133 4800 1164 4850 7
1202 4808 1251 4848 a.
1289 4798 1345 4858 2,
1385 4808 1506 4848 non
1537 4792 1832 4864 quantum
1864 4789 1935 4846 ad
1969 4789 2304 4850 essentiam.
2368 4787 2632 4846 Peccatis
2664 4788 2822 4844 enim
2858 4806 2956 4844 ve·
