3538 5364
1296 309 1411 347 non
1438 296 1524 347 eet
1548 309 1617 347 ex
1643 307 1763 346 sese
1791 291 2012 346 efficax.
2834 297 2963 363 103

337 500 529 558 agere,
576 500 696 540 non
728 481 926 540 solum
960 481 1330 558 significatur
1359 498 1492 539 cum
1527 482 1792 539 sessione
1823 500 2059 540 manere
2091 481 2417 555 potentiam
2449 477 2812 547 ambulandi,
2860 476 2963 536 sed

337 576 643 647 praeterea
672 591 801 630 earn
835 571 924 631 ita
955 590 1084 630 esse
1116 570 1469 649 expeditam,
1502 574 1574 629 ut
1603 571 1812 630 sedens
1832 590 2010 646 quam
2033 569 2292 645 primum
2314 570 2481 640 velit,
2515 567 2704 644 possit
2735 585 2963 626 cessare

336 680 370 718 a
400 660 683 730 sessione,
731 668 803 720 ut
850 663 1061 719 utatur
1090 679 1199 737 pro
1232 660 1415 718 libitu
1447 664 1742 734 potestate
1776 659 2137 718 ambulandi.
2199 659 2486 734 Alioquin
2517 676 2752 734 possem
2785 655 2964 714 etiam

337 751 563 808 dicere:
598 750 840 808 vinctus
862 753 1059 826 potest
1078 749 1402 822 ambulare,
1434 749 1589 807 liber
1620 768 1761 826 ergo
1795 755 1884 807 est
1915 748 1987 807 ad
2020 748 2479 817 ambulandum3
2516 746 2676 805 beati
2710 748 2966 820 possunt

339 857 595 914 peccare,
631 858 771 916 ergo
792 842 937 897 sunt
955 839 1129 897 liberi
1163 839 1238 897 ad
1269 837 1631 913 peccandum
1651 861 1665 909 ;
1697 838 1851 914 lapis
1869 839 2168 914 projectus
2188 841 2389 912 potest
2408 855 2528 896 non
2549 834 2787 901 moveri,
2813 854 2965 910 quae

336 936 540 986 tamen
571 928 859 1004 loquendi
894 929 1047 987 ratio
1093 946 1214 986 non
1260 926 1511 989 obtinet.
1572 929 1733 987 Bene
1779 928 1937 986 enim
1982 931 2154 986 notat
2200 927 2458 985 Billot
2500 925 2573 984 de
2606 925 2728 983 Deo
2760 924 2843 987 th.
2882 931 2961 984 22

337 1037 392 1091 p.
430 1027 591 1080 199:
641 1018 852 1086 ,Tunc
880 1021 1116 1075 tantum
1147 1017 1488 1086 necessitas,
1535 1036 1716 1093 quam
1746 1016 1930 1077 infert
1961 1035 2173 1075 sensus
2205 1015 2566 1092 compositus
2614 1031 2731 1072 non
2778 1011 2966 1071 officit

338 1106 624 1173 libertati,
661 1107 900 1182 quando
919 1107 1196 1166 voluntas
1230 1106 1409 1164 habet
1438 1106 1504 1164 in
1534 1110 1831 1182 potestate
1862 1106 2013 1165 illud
2048 1107 2262 1182 ipsum,
2295 1105 2357 1163 in
2390 1105 2562 1180 cujus
2596 1120 2776 1162 sensu
2807 1119 2964 1160 com-

339 1196 533 1271 posito
555 1200 724 1255 actus
744 1196 947 1254 evadit
963 1196 1363 1255 necessarius:
1400 1195 1637 1271 quando
1658 1199 1860 1254 autem
1879 1196 2045 1255 istud
2077 1196 2140 1254 in
2171 1197 2466 1271 potestate
2486 1192 2815 1252 voluntatis
2846 1209 2968 1249 non

339 1290 447 1353 est,
496 1285 984 1343 manifestissime
1017 1285 1265 1343 libertas
1297 1283 1592 1344 tollitur}
1658 1285 1810 1344 Hinc
1855 1286 1984 1361 ipse
2030 1304 2072 1344 s,
2107 1284 2425 1343 Thomas
2471 1283 2543 1340 de
2576 1282 2759 1341 Verit.
2792 1299 2846 1355 q.
2892 1290 2960 1341 17

339 1394 387 1431 a.
423 1384 457 1437 3
494 1377 752 1433 fatetur:
807 1374 959 1443 ,Ille
991 1373 1094 1450 qui
1128 1373 1351 1451 ligatus
1383 1378 1494 1445 est,
1527 1374 1942 1432 necessitatem
1976 1374 2154 1432 habet
2185 1370 2549 1432 consistendi
2584 1371 2649 1428 in
2680 1370 2827 1440 loce,
2862 1368 2966 1427 ubi

338 1464 564 1540 ligatus
594 1466 700 1533 est,
734 1467 798 1522 et
826 1464 1099 1522 aufertur
1128 1464 1182 1522 ei
1213 1467 1539 1538 potestas
1578 1463 1653 1522 ad
1685 1463 1802 1522 alia
1833 1463 2229 1523 divertendi.‘
2265 1462 2489 1521 Deinde
2524 1457 2591 1524 b.
2625 1460 2695 1517 ad
2727 1476 2853 1517 rem
2883 1458 2968 1515 ita

338 1553 610 1627 disputat
641 1552 965 1611 Bastida
995 1546 1090 1633 (V,
1128 1550 1272 1633 41):
1323 1553 1496 1620 ,Duo
1534 1552 1620 1611 ibi
1652 1553 1972 1612 concilium
2004 1552 2241 1612 definit:
2288 1569 2459 1628 posse
2490 1549 2780 1608 nimirum
2811 1546 2965 1605 arbi-

338 1642 523 1700 trium
556 1643 819 1717 recipere
851 1647 911 1700 et
942 1660 1115 1716 posse
1150 1640 1404 1717 abjicere
1436 1642 1918 1718 inspirationem:
1958 1645 2021 1700 at
2049 1641 2313 1717 primum
2346 1638 2501 1698 illud
2534 1639 2606 1697 de
2639 1636 2966 1697 vocationis

338 1733 681 1806 receptione
702 1730 882 1791 debet
899 1731 1231 1790 necessario
1249 1731 1510 1807 intelligi
1541 1731 1605 1789 in
1636 1751 1817 1791 sensu
1846 1731 2306 1806 composito:
2338 1748 2460 1788 non
2492 1728 2651 1787 enim
2678 1725 2969 1801 recipitur

339 1820 675 1895 inspiratio,
723 1839 873 1895 quae
920 1839 1038 1880 non
1084 1823 1202 1879 est:
1251 1838 1391 1897 ergo
1428 1819 1494 1878 in
1524 1820 1730 1879 eodem
1762 1839 1944 1880 sensu
1974 1818 2383 1895 accipiendum
2415 1822 2506 1877 est
2537 1816 2863 1876 secundum
2896 1815 2967 1872 de

340 1913 642 1984 potestate
687 1909 1002 1985 abjiciendi
1047 1909 1562 1984 inspirationem.‘
1631 1911 1942 1969 Praeterea
1987 1923 2050 1972 (3.
2100 1909 2323 1977 ,verba
2367 1909 2472 1966 illa
2515 1906 2863 1982 abjicere
2908 1909 2969 1962 et

340 1998 783 2057 dissentire
830 2017 1072 2057 sensum
1102 1999 1494 2074 compositum
1528 1998 1850 2058 involvunt
1879 2005 1941 2057 et
1973 1998 2235 2057 divisum
2268 1997 2607 2056 excludunt.
2671 1992 2817 2063 Quis
2863 1992 2965 2052 ab·

334 2089 471 2162 jicit
501 2082 625 2171 (vel
659 2087 912 2163 abjicere
930 2084 1154 2170 potest)
1187 2088 1459 2163 gratiam,
1493 2107 1669 2162 quam
1692 2107 1813 2146 non
1833 2089 2051 2146 habet?
2100 2086 2244 2156 Quis
2263 2086 2547 2145 dissentit
2566 2082 2966 2160 inspirationi,

343 2196 518 2252 quam
552 2196 677 2235 non
709 2177 935 2234 sentit?
996 2175 1142 2246 Quis
1174 2177 1407 2235 resistit
1437 2176 1751 2246 vocationi,
1786 2196 1905 2253 qua
1936 2196 2051 2236 non
2087 2177 2406 2252 pulsatur?
2472 2175 2555 2233 De
2600 2192 2668 2232 eo
2708 2172 2813 2248 qui
2847 2190 2968 2231 non

343 2266 521 2323 habet
552 2266 926 2324 vocationem
958 2265 1032 2323 ad
1064 2266 1433 2341 religionem,
1481 2265 1599 2324 dici
1631 2269 1848 2342 potest,
1882 2266 2147 2324 noluisse
2179 2265 2413 2341 ingredi
2447 2263 2813 2340 religionem,
2850 2280 2968 2320 non

344 2359 543 2413 tamen
575 2354 695 2412 dici
715 2358 917 2430 potest
934 2354 1230 2413 restitisse
1248 2354 1558 2431 religiosae
1578 2355 1891 2425 vocationi,
1926 2354 2406 2430 quandoquidem
2426 2372 2552 2412 eam
2576 2371 2696 2410 non
2715 2351 2926 2410 babuit
2940 2359 2966 2388 ‘

344 2461 451 2503 etc.
515 2443 690 2512 Quod
724 2444 775 2501 si
805 2463 873 2502 ea
904 2443 1217 2502 distinctio
1250 2439 1321 2508 d.
1357 2444 1537 2502 semel
1571 2443 1931 2513 admittitur,
1969 2445 2092 2519 jam
2127 2443 2278 2501 nihil
2311 2446 2421 2512 est,
2457 2442 2616 2517 quod
2650 2440 2968 2499 concilium

344 2533 630 2592 adversus
665 2533 1015 2592 lutheranos
1047 2536 1112 2592 et
1140 2533 1503 2592 calvinianos
1536 2533 1795 2604 definiit3
1827 2553 1963 2592 nam
1986 2533 2251 2609 synodus
2284 2551 2404 2590 non
2437 2535 2566 2591 erat
2596 2530 2866 2600 sollicita,
2902 2532 2973 2589 ut

345 2622 622 2680 definiret
653 2622 948 2680 hominem
984 2622 1309 2680 absente
1340 2623 1534 2700 gratia
1568 2640 1733 2699 posse
1758 2641 1977 2700 ponere
1998 2623 2352 2691 dissensum,
2389 2621 2460 2680 de
2494 2639 2612 2697 quo
2646 2620 2815 2678 nulla
2845 2624 2973 2678 erat

345 2712 784 2778 controversia:
818 2711 920 2770 sed
955 2711 1163 2771 docere
1195 2713 1391 2770 voluit
1419 2732 1595 2788 prae
1615 2719 1839 2771 sente
1870 2713 2077 2790 gratia,
2114 2731 2234 2771 una
2264 2731 2398 2770 cum
2429 2710 2624 2788 gratia
2645 2728 2814 2786 posse
2845 2728 2972 2769 esse

346 2801 699 2870 dissensum,
734 2801 870 2859 binc
902 2802 967 2859 in
998 2818 1179 2860 sensu
1198 2801 1545 2877 composito,
1579 2802 1738 2877 quod
1760 2803 2062 2878 negabant
2082 2801 2392 2860 haeretici:
2428 2801 2479 2858 si
2512 2818 2650 2858 vero
2671 2799 2973 2858 docuisset

346 2897 659 2965 praesente
692 2891 887 2967 gratia
918 2890 1351 2965 impossibilem
1395 2909 1524 2949 esse
1573 2890 1923 2959 dissensum,
1974 2892 2130 2966 quod
2180 2891 2404 2950 virtute
2437 2889 2662 2966 gratiae
2694 2888 2971 2947 voluntas

344 2980 432 3037 ita
463 2983 745 3055 potenter
774 2979 848 3037 ad
894 2979 1192 3055 agendum
1231 2979 1678 3048 determinetur,
1730 2984 1802 3038 ut
1850 2980 2159 3038 dissensus
2205 2979 2505 3039 conciliari
2551 2996 2685 3036 cum
2737 2997 2804 3035 ea
2853 2997 2972 3036 non

345 3069 548 3143 possit,
582 3068 752 3126 nulla
783 3087 932 3144 opus
966 3069 1181 3127 fuisset
1212 3068 1574 3143 definitione,
1618 3087 1751 3127 cum
1786 3069 1848 3127 id
1881 3069 2041 3128 ultro
2073 3070 2464 3128 concederent
2494 3065 2828 3126 adversarii.
2890 3066 2970 3125 cf.

346 3157 674 3216 Bastida
705 3158 744 3219 1.
775 3176 854 3227 c.;
903 3156 999 3226 VI,
1038 3168 1106 3225 93
1152 3157 1578 3234 Limbourg
1624 3158 1658 3218 l.
1706 3176 1753 3216 c.
1801 3177 1931 3234 pag.
1973 3167 2091 3221 125
2128 3176 2203 3221 ss.
2236 3161 2299 3216 et
2328 3157 2563 3234 egregie
2595 3158 2692 3216 De
2726 3157 2868 3214 San
2899 3156 2971 3214 de

350 3247 467 3304 Deo
499 3246 528 3304 1
561 3265 619 3322 p.
656 3256 690 3310 3
726 3264 774 3307 c.
810 3256 845 3309 8
880 3266 1012 3323 pag.
1052 3255 1170 3309 745
1210 3265 1288 3309 sa.

528 3370 675 3434 118.
710 3363 1035 3429 Probatur
1066 3365 1131 3432 3.
1169 3384 1247 3430 ex
1279 3364 1588 3447 patribuS,
1623 3384 1895 3447 quorum
1916 3365 2275 3428 doctrinam
2308 3365 2460 3428 Bas
2480 3365 2651 3430 tida
2683 3365 2764 3429 ad
2788 3366 2971 3447 quin-

347 3493 470 3555 que
503 3473 721 3555 capita
751 3479 1015 3537 revocat
1046 3471 1171 3558 (Vl,
1210 3475 1335 3558 12).
1400 3471 1721 3554 Rejiciunt
1766 3473 1935 3537 enim
1982 3494 2045 3544 a.
2091 3472 2326 3536 diserte
2372 3473 2472 3537 vel
2503 3472 2718 3536 verbis
2751 3473 2972 3555 aequi-

347 3578 735 3660 pollentibus
769 3598 1025 3644 omnem
1059 3579 1819 3661 praedeterminationem
1840 3586 2171 3662 tamquam
2204 3586 2468 3645 nostrae
2500 3578 2785 3644 libertati
2815 3597 2971 3643 con-

350 3684 637 3749 trariam.
680 3685 773 3748 Ex
802 3686 1021 3751 multis
1052 3686 1417 3769 speciminis
1450 3687 1659 3767 gratia
1689 3687 1818 3750 sint
1850 3686 1902 3750 D
1921 3688 2335 3752 ainasceni
2368 3685 2566 3751 verba
2586 3683 2832 3762 F.0.11,
2856 3690 2972 3755 3οε

357 3792 550 3865 ‚Illud
582 3792 748 3857 scire
780 3792 1061 3869 interest,
1095 3793 1302 3859 Deum
1335 3793 1558 3857 omnia
1590 3793 1850 3875 quidem
1883 3794 2224 3875 praescire,
2261 3793 2375 3857 sed
2397 3812 2527 3857 non
2549 3793 2765 3856 omnia
2785 3811 2972 3873 prae-

350 3899 546 3963 finire.
610 3897 900 3964 Praescit
929 3901 1099 3964 enim
1133 3919 1213 3965 ea
1245 3918 1414 3982 quae
1445 3901 1510 3963 in
1543 3907 1768 3965 nostra
1819 3907 2143 3983 potestate
2193 3907 2375 3964 sunt:
2428 3909 2495 3964 at
2545 3918 2678 3964 non
2707 3899 2861 3964 item
2895 3918 2973 3963 ea

350 4005 660 4086 praefinit.
714 4005 847 4072 Nec
879 4007 1073 4072 etiam
1106 4007 1418 4071 malitiam
1450 4008 1694 4089 patrari
1724 4009 1878 4084 vult,
1911 4027 2032 4074 nec
2062 4028 2285 4072 rursus
2318 4008 2535 4072 virtuti
2565 4007 2694 4070 vim
2728 4007 2964 4072 affert‘

352 4112 595 4177 Docent
630 4115 700 4181 b.
736 4112 802 4176 in
832 4120 1058 4178 nostra
1088 4120 1410 4197 potestate
1456 4133 1599 4180 esse
1646 4115 1768 4179 sub
1820 4114 2025 4195 gratia
2055 4115 2438 4179 constitutos
2471 4132 2659 4194 agere
2709 4114 2809 4178 vel
2841 4133 2973 4178 non

350 4237 560 4300 agere,
611 4220 822 4300 gratia
871 4221 961 4284 uti
1009 4222 1111 4286 vel
1160 4240 1292 4286 non
1343 4221 1451 4285 uti.
1513 4220 1837 4302 Legantur
1883 4241 1942 4284 n.
1981 4227 2105 4291 101
2152 4219 2351 4285 verba
2401 4221 2590 4303 plane
2635 4221 2973 4303 perspicua

351 4347 397 4390 S.
430 4327 930 4408 Hieronymi.
990 4327 1337 4392 Testantur
1383 4346 1445 4398 c.
1487 4327 1622 4393 fieri
1655 4347 1845 4409 posse
1879 4333 1943 4393 et
1973 4326 2110 4391 fieri
2141 4326 2430 4403 subinde,
2463 4333 2533 4391 ut
2564 4347 2710 4390 cum
2745 4327 2970 4392 eadem

350 4434 557 4515 gratia
586 4431 754 4497 alius
786 4439 1215 4510 convertatur,
1262 4434 1427 4497 alius
1471 4452 1603 4498 non
1649 4440 2077 4498 convertatur.
2142 4431 2529 4498 Consulatur
2577 4432 2744 4497 idem
2797 4433 2969 4496 Hie-

348 4531 636 4622 ronym
657 4560 745 4604 us
777 4558 837 4602 n.
872 4545 952 4608 81
967 4547 1008 4602 ⁸.
1043 4539 1382 4605 Affirmant
1414 4542 1482 4612 d.
1516 4560 1650 4605 non
1681 4541 1826 4605 ideo
1860 4540 2106 4605 futuros
2140 4558 2287 4604 esse
2321 4545 2505 4604 actus
2536 4540 2788 4615 liberos
2822 4537 2971 4621 quia

350 4645 520 4711 Deus
554 4665 670 4712 eos
703 4649 1040 4728 praesciat,
1086 4648 1200 4712 sed
1248 4648 1392 4714 ideo
1427 4647 1630 4713 Deum
1664 4667 1777 4713 eos
1811 4648 2149 4729 praescire,
2183 4647 2336 4729 quia
2368 4646 2558 4711 futuri
2588 4647 2732 4710 sint.
2796 4646 2889 4709 Ita
2921 4665 2969 4706 s.

351 4752 712 4836 Cyrillus
745 4753 822 4816 al.
857 4755 923 4818 in
950 4756 1046 4821 Jo.
1083 4761 1168 4826 10
1198 4755 1236 4819 l.
1271 4759 1342 4824 9:
1385 4755 1565 4829 ,Non
1600 4774 1750 4836 ergo
1786 4762 1858 4820 ut
1889 4754 2314 4836 adimpleatur
2334 4752 2678 4836 Scriptura,
2709 4769 2828 4817 nec
2846 4753 2971 4815 ista
