3538 5364
950 294 1438 365 praedamnatunt
1462 290 2031 346 sacramentariorum
2061 309 2294 345 errores,
2806 295 2932 363 321

297 484 443 540 tum
476 481 766 559 sanguine
798 484 858 540 et
887 499 997 556 pro
1027 499 1178 557 pane
1205 480 1467 555 positum
1499 479 1573 537 ab
1605 498 1673 538 ea
1703 497 1917 555 corpus
1949 479 2013 537 in
2046 479 2241 537 media
2259 495 2463 537 mensa
2484 473 2764 559 (altaris).
2800 477 2936 535 Vidi

299 572 666 646 sanguinem
698 575 759 629 et
788 569 1034 646 expavi:
1066 570 1192 630 vidi
1212 586 1446 644 corpu8‚
1481 571 1544 626 et
1574 571 1785 644 stupor
1803 567 2199 644 apprehendit
2218 586 2327 626 me.
2360 567 2572 626 Innuit
2592 566 2738 624 mihi
2761 565 2934 642 (fides

296 655 576 741 dicens):
619 659 865 719 Comede
897 664 959 718 et
988 658 1244 734 quiesce,
1290 657 1427 716 bibe
1459 675 1607 731 puer
1639 661 1700 715 et
1728 676 1805 715 ne
1837 657 2118 716 scruteris
2150 702 2163 716 .
2197 703 2210 716 .
2243 700 2258 715 .
2305 655 2583 715 Ostendit
2626 655 2776 714 mihi
2806 674 2933 714 cor·

295 766 425 824 pus
456 751 800 818 mactatum,
847 751 908 807 et
952 766 1179 824 ponens
1225 766 1293 806 ex
1334 765 1402 805 eo
1433 745 1497 804 in
1528 746 1703 805 labiis
1737 746 1883 804 meis
1919 746 2142 822 placide
2174 746 2320 804 mihi
2352 746 2531 804 dixit:
2577 744 2744 814 Vide,
2789 745 2937 820 quid

295 837 590 896 comedis,
651 837 924 896 Porrexit
952 837 1101 894 mihi
1143 837 1435 896 calamum
1466 834 1729 911 Spiritus
1760 840 1822 893 et
1851 835 2184 910 postulavit
2213 854 2248 892 a
2286 854 2397 903 me,
2444 838 2515 892 ut
2560 852 2802 893 manum
2832 853 2936 909 ap-

293 945 622 1002 ponerem:
668 926 881 1002 accepi‚
930 925 1141 1001 scripsi
1187 929 1249 984 et
1293 924 1601 984 confessus
1633 942 1797 984 sum:
1846 925 1956 983 hoc
1998 943 2123 983 esse
2155 924 2264 983 Dei
2295 942 2545 999 corpus3
2591 924 2677 982 ita
2721 922 2935 982 deinde

294 1016 493 1074 etiam
522 1015 764 1074 calicem
793 1015 989 1091 accepi
1019 1017 1081 1074 et
1109 1015 1237 1073 bibi
1267 1014 1331 1072 in
1363 1012 1636 1073 convivio
1667 1014 1800 1088 ejus
1832 1008 2045 1095 (fidei),
2094 1020 2157 1072 et
2199 1013 2458 1088 perculit
2501 1032 2594 1072 me
2639 1031 2706 1071 ex
2753 1012 2935 1071 calice

295 1104 459 1162 odor
494 1105 762 1180 ejusdem
808 1104 1090 1180 corporis,
1138 1103 1301 1178 quod
1347 1102 1858 1164 manducaveram.
1924 1103 2002 1161 Et
2050 1103 2209 1177 quod
2259 1101 2331 1161 de
2382 1120 2624 1177 corpore
2673 1102 2935 1160 dixeram

296 1192 511 1270 ipsum
542 1212 670 1253 esse
690 1193 798 1252 Dei
823 1211 1054 1269 corpm,
1089 1193 1148 1251 id
1181 1192 1363 1251 etiam
1394 1191 1520 1250 dixi
1552 1192 1623 1251 de
1654 1192 1848 1263 calice,
1883 1193 2042 1251 hunc
2074 1209 2204 1252 esse
2237 1191 2591 1268 sangninem
2613 1191 2933 1250 Salvatoris

296 1284 565 1347 nostri.‘
631 1283 1034 1341 Juvencus
1068 1278 1150 1363 (fl.
1185 1301 1231 1341 c.
1263 1301 1313 1345 a.
1351 1279 1505 1359 330)
1537 1281 1677 1339 hist.
1709 1300 1918 1360 evang.
1950 1282 1991 1340 1.
2028 1291 2065 1343 4
2099 1301 2157 1340 v-
2193 1290 2320 1344 448
2355 1299 2464 1341 ss,:

634 1372 1078 1447 ,Divinumque
1110 1365 1374 1453 (panem)
1406 1370 1622 1428 dehinc
1651 1370 1856 1439 tradit,
1892 1374 2288 1445 sanctumque
2319 1372 2597 1445 precatus

632 1461 968 1536 Discipulos
1001 1460 1206 1519 docuit
1236 1459 1642 1535 proprium
1673 1461 1789 1519 sibi
1821 1459 2032 1520 dedere
2064 1478 2298 1535 corpus.

632 1550 789 1608 Hinc
821 1550 1062 1609 calicem
1095 1550 1282 1608 sumit
1312 1548 1620 1618 Dominu3‚
1654 1549 1914 1624 vinoque
1943 1550 2240 1625 repletum

632 1639 828 1697 Gratis
861 1638 1189 1698 sanctificat
1219 1637 1435 1708 verbiS,
1469 1642 1799 1714 potumque
1830 1639 2133 1698 ministrat

631 1728 999 1804 Edocuitque
1031 1747 1205 1787 suum
1239 1745 1301 1785 se
1332 1726 1602 1785 divisisse
1633 1736 1959 1786 cruorem.‘

305 1818 382 1874 In
431 1816 654 1892 synodo
700 1816 1198 1876 atrebatensi
1244 1816 1527 1874 adversus
1575 1817 2055 1876 manichaeorum
2100 1817 2384 1892 reliquias
2429 1815 2633 1874 habita
2675 1834 2725 1875 a.
2766 1825 2930 1878 1035

308 1905 597 1987 (Migne
634 1915 774 1972 142.
819 1905 1038 1981 1278):
1092 1905 1501 1975 ,Sacrificium
1546 1905 1620 1963 de
1664 1925 1823 1981 pane*
1866 1909 1929 1965 et
1972 1908 2109 1965 vino
2156 1925 2292 1965 cum
2323 1925 2477 1983 aqua
2507 1905 2694 1963 mixto
2725 1904 2931 1963 ineffa-

305 1997 419 2054 bili
453 1996 914 2055 sanctificatione
946 2013 1119 2054 cruce
1150 1998 1213 2054 et
1243 1990 1442 2053 verbis
1477 1994 1644 2053 illius
1678 1994 1741 2052 in
1774 1994 1949 2053 altari
1979 1999 2374 2065 consecratur,
2408 1995 2670 2069 dumque
2701 1994 2933 2070 passio-

311 2087 404 2144 nis
437 2129 452 2143 .
485 2128 499 2142 .
532 2129 547 2143 .
594 2084 902 2161 salutifera
932 2085 1214 2144 memoria
1245 2083 1461 2160 agitur,
1508 2102 1716 2142 verum
1756 2101 1823 2142 ac
1853 2084 2161 2160 proprium
2195 2103 2408 2162 corpus
2441 2083 2635 2159 ipsius
2668 2084 2735 2144 D.
2770 2083 2842 2147 N.
2874 2083 2929 2145 J.

316 2174 531 2232 Christi
578 2176 640 2232 et
683 2174 926 2251 sanguis
971 2192 1144 2232 verus
1190 2175 1251 2232 et
1295 2171 1569 2248 proprius
1614 2172 1884 2244 efficitur,
1936 2174 2209 2249 quamvis
2256 2173 2421 2232 aliud
2467 2191 2592 2231 esse
2643 2171 2934 2233 videatur.

321 2261 561 2321 Videtur
592 2281 848 2337 namque
881 2262 1052 2338 panis
1086 2261 1429 2331 materialis,
1477 2261 1580 2320 sed
1615 2261 1922 2320 verissime
1955 2262 2214 2322 efficitur
2243 2280 2458 2339 corpus
2491 2261 2727 2331 Christi,
2777 2261 2935 2320 sicut

315 2352 439 2426 ipsa
487 2352 693 2410 eadem
742 2352 992 2409 veritate
1042 2354 1363 2410 attestante
1412 2350 1790 2413 didicimus·
1840 2385 1930 2395 -—
1981 2351 2036 2412 S.
2087 2351 2562 2411 Anastasius
2610 2351 2931 2409 monachus

310 2436 371 2521 (†
399 2459 447 2501 c.
482 2461 531 2498 a.
575 2437 767 2521 1036)
815 2441 879 2499 in
908 2459 998 2516 ep.
1031 2441 1104 2499 ad
1139 2439 1457 2499 Geraldum
1491 2440 1581 2498 ab.
1615 2437 1962 2519 (Mig.149,
1998 2437 2185 2522 433):
2235 2440 2460 2511 ,Credo
2493 2443 2933 2498 sacrosanctum

308 2549 524 2606 corpus
557 2529 936 2598 dominicum,
984 2530 1141 2604 quod
1189 2531 1251 2587 in
1296 2528 1466 2586 altari
1515 2528 1784 2604 quotidie
1829 2548 1899 2588 ex
1944 2529 2262 2590 sacerdotis
2306 2528 2498 2589 officio
2536 2533 2928 2597 consecratur,

310 2620 475 2678 omni
506 2623 807 2677 exsecrata
838 2617 1230 2688 dubitatione,
1276 2636 1471 2676 veram
1503 2619 1634 2694 ejus
1667 2637 1899 2678 carnem
1934 2637 2082 2691 esse,
2129 2638 2279 2695 quae
2309 2636 2480 2696 passa
2510 2621 2605 2676 est
2634 2619 2697 2674 in
2729 2635 2933 2688 cruce3

310 2715 372 2767 et
402 2728 609 2768 verum
642 2709 771 2784 ejus
814 2707 1183 2786 sanguinem,
1237 2707 1341 2784 qui
1391 2708 1656 2766 manavit
1700 2726 1771 2766 ex
1818 2708 2019 2781 latere,
2071 2714 2143 2768 ut
2194 2709 2425 2768 Veritas
2469 2709 2601 2784 ipsa
2642 2711 2932 2766 testatur:

317 2798 471 2862 Caro
503 2817 649 2871 mea,
682 2797 976 2872 inquienS,
1010 2816 1134 2855 vere
1166 2805 1247 2855 est
1276 2797 1458 2870 cibus,
1492 2804 1542 2854 et
1572 2799 1811 2874 sanquis
1844 2817 2002 2856 meus
2032 2818 2158 2857 vere
2187 2807 2270 2858 est
2291 2805 2469 2872 potus
2501 2794 2695 2875 (Joan.
2720 2807 2777 2866 6,
2814 2791 2924 2876 52)

315 2934 330 2948 .
362 2935 375 2949 .
410 2936 423 2949 .
455 2887 576 2945 Hoc
606 2894 689 2944 est
719 2904 931 2962 corpus
963 2906 1172 2959 meum,
1204 2888 1355 2963 quod
1377 2904 1495 2958 pro
1525 2887 1680 2944 vobis
1711 2888 1981 2947 tradetur
2014 2883 2179 2970 (Luc.
2205 2897 2307 2958 22,
2349 2886 2474 2969 19).
2509 2885 2617 2944 His
2648 2886 2840 2962 igitur
2870 2893 2932 2943 et

316 2975 719 3050 hujuscemodi
750 2975 949 3034 verbis
982 2975 1287 3038 dominicis
1322 2975 1494 3033 fidem
1527 2975 1834 3050 praebenS,
1883 2977 2040 3036 sicut
2084 2978 2322 3036 nullum
2368 2994 2582 3052 corpus
2624 2974 2787 3032 aliud
2820 2992 2929 3049 pro

313 3071 513 3123 nostra
543 3065 736 3123 salute
765 3065 1056 3123 traditum
1090 3068 1326 3139 praeter
1356 3083 1532 3122 suum
1563 3065 1715 3123 scio:
1762 3064 1865 3134 ita,
1912 3068 1984 3124 ut
2012 3067 2313 3142 praefatus
2345 3085 2495 3133 sum,
2542 3064 2769 3123 nullam
2802 3064 2932 3138 ejus

310 3154 488 3212 aliam
520 3172 768 3223 carnem,
811 3173 988 3229 quam
1021 3172 1172 3228 quae
1203 3158 1344 3212 nata
1374 3157 1467 3212 est
1496 3154 1570 3212 de
1604 3154 1787 3212 Maria
1816 3154 2050 3230 virgine
2081 3161 2142 3214 et
2171 3155 2496 3214 resurrexit
2526 3154 2598 3212 de
2632 3152 2923 3228 sepulcro,

313 3242 657 3300 manducari
697 3242 762 3300 in
807 3242 1220 3301 remissionem
1252 3245 1624 3318 peccatorum
1665 3243 1869 3313 cred03
1917 3262 2109 3318 neque
2154 3245 2339 3303 alium
2386 3242 2738 3320 sanguinem
2784 3241 2926 3311 bibi,

315 3350 489 3406 quam
523 3331 626 3407 qui
659 3331 940 3407 profluxit
969 3332 1042 3389 de
1074 3333 1203 3407 ejus
1238 3331 1442 3398 latere,
1490 3351 1609 3390 non
1652 3331 1879 3391 dubit0.
1945 3331 2061 3400 Qui
2091 3353 2231 3393 vero
2263 3336 2582 3392 autumant
2611 3331 2763 3390 illud
2795 3335 2931 3406 post

310 3420 809 3480 consecrationem
839 3440 1051 3497 panem
1083 3440 1208 3480 esse
1240 3421 1644 3495 materialiter,
1679 3424 1741 3479 et
1773 3438 1988 3496 corpus
2020 3422 2258 3482 Domini
2291 3421 2767 3500 figuraliter
2797 3426 2927 3477 tan-

306 3514 436 3568 tum
482 3513 546 3569 et
587 3527 711 3568 non
754 3510 1056 3578 veraciter,
1105 3510 1368 3569 carnales
1402 3510 1717 3568 carnaliter
1746 3509 2042 3586 sapientes
2085 3530 2205 3570 non
2251 3531 2463 3587 parum
2508 3514 2714 3569 contra
2751 3509 2927 3567 fidem

307 3599 617 3675 desipiunt
647 3617 732 3668 e0,
769 3599 927 3673 quod
963 3599 1152 3676 magis
1185 3600 1310 3659 suis
1343 3599 1751 3674 corporalibus
1783 3599 1986 3673 oculis,
2021 3620 2199 3676 quam
2232 3600 2503 3661 veritatis
2526 3598 2924 3657 attestationi-

307 3688 423 3746 bus
454 3689 764 3747 credunt.‘
832 3688 911 3747 cf.
943 3707 1002 3746 n.
1038 3698 1181 3751 339.
1217 3698 1359 3751 346.
1397 3688 1574 3751 357⁶.
1640 3687 1719 3751 Cf.
1766 3687 2114 3763 Perpetuite
2158 3690 2231 3749 de
2277 3691 2335 3747 la
2365 3690 2448 3748 foi
2480 3693 2522 3752 t.
2556 3688 2582 3744 I
2614 3690 2650 3752 l.
2688 3699 2721 3751 8
2772 3706 2820 3748 c.
2859 3698 2923 3750 5³

313 3779 357 3835 t.
387 3776 446 3832 II
474 3777 514 3838 1.
554 3787 590 3839 4
624 3795 671 3836 c.
708 3786 743 3840 8
778 3796 854 3836 ss.
885 3781 946 3836 et
976 3778 1040 3835 in
1074 3777 1504 3853 prolegomenis
1537 3777 1678 3839 edit.
1747 3777 1996 3854 Migne
2029 3778 2073 3849 1,
2114 3789 2189 3841 76
2227 3797 2304 3837 ss.

491 3896 552 3963 2.
587 3895 1003 3962 Conferamus
1023 3895 1287 3960 modum
1320 3893 1527 3959 insti
1546 3902 1626 3959 tu
1642 3914 1678 3960 e
1694 3914 1737 3959 n
1756 3895 1835 3959 di
1866 3898 2384 3963 catechumenos
2429 3895 2927 3961 Sacramentarii

308 4020 544 4084 magna
576 4002 1000 4068 sollicitudine
1036 4011 1102 4068 et
1132 4003 1459 4083 diligentia
1490 4003 1787 4084 exempla
1806 4004 2177 4080 corradunt,
2197 4005 2429 4088 quibus
2451 4003 2813 4079 ostendant,
2833 4005 2926 4069 rei

307 4109 703 4191 significatae
735 4128 975 4176 nomen
1010 4110 1201 4174 tribui
1232 4109 1446 4190 signo:
1478 4116 1550 4172 ut
1581 4108 1730 4174 inde
1764 4110 2104 4189 suadeant,
2138 4112 2422 4193 potuisse
2455 4109 2775 4175 Christum
2807 4128 2925 4191 pa-

304 4235 457 4282 nem
489 4224 710 4300 utpote
742 4218 1028 4299 corporis
1060 4218 1160 4282 sui
1191 4216 1557 4300 symbolum
1576 4216 1902 4298 appellare
1926 4235 2158 4299 corpus
2180 4237 2383 4282 suum.
2416 4218 2561 4282 Non
2580 4218 2672 4281 ita
2689 4223 2927 4299 patreS,

308 4326 418 4407 qui
448 4332 815 4408 proponunt
847 4325 1045 4391 verba
1077 4324 1326 4401 Christi,
1360 4323 1587 4388 eadem
1621 4324 1947 4387 inculcant
1991 4324 2164 4387 nulla
2212 4324 2433 4390 addita
2479 4323 2927 4408 explicatione,

303 4450 518 4515 neque
549 4439 834 4509 monent,
867 4450 947 4497 ea
976 4432 1231 4513 proprie
1263 4437 1330 4496 et
1361 4430 1445 4494 ad
1475 4430 1731 4496 literam
1761 4431 2023 4494 minime
2068 4449 2209 4495 esse
2244 4431 2634 4513 accipienda.
2684 4431 2930 4496 Volunt

305 4557 480 4619 ergo,
512 4547 585 4605 ut
615 4540 844 4604 eadem
875 4557 1069 4603 sensu
1102 4537 1500 4620 accipiantur
1534 4536 1750 4601 obvio.

486 4667 633 4737 Quis
667 4669 1255 4728 sacramentariorum
1286 4686 1553 4743 unquam
1585 4668 1671 4725 ita
1701 4668 1981 4726 instituet
2009 4667 2149 4726 fidei
2178 4669 2536 4727 christianae
2558 4668 2921 4735 candidatos,

304 4761 377 4817 ut
407 4776 494 4819 ex.
528 4777 615 4835 gr.
649 4757 1001 4834 Cyrillus
1034 4757 1307 4818 hierosol.
1340 4763 1451 4820 cat.
1486 4759 1736 4833 mystag.
1777 4768 1812 4818 4
1847 4776 1903 4815 n.
1942 4768 1996 4819 6.
2032 4768 2098 4819 9:
2151 4757 2316 4826 ,Nec
2361 4759 2553 4835 igitur
2582 4757 2752 4816 velut
2783 4756 2927 4815 sim-

524 4866 565 4911 H
581 4880 610 4911 n
628 4881 650 4912 r
664 4870 688 4913 t
702 4880 727 4913 e
743 4882 782 4924 r,
809 4866 1055 4926 Compend.
1084 4867 1347 4922 theologiae
1374 4865 1457 4911 111.
1493 4867 1573 4911 11.
1598 4865 1671 4912 ed.
2502 4861 2565 4913 21
