3538 5364
623 312 755 376 470
1060 302 1243 356 Tract.
1273 303 1366 355 IX.
1394 303 1462 355 de
1489 302 1862 373 poenitentia.
1891 301 2090 355 Thesis
2118 301 2455 357 CCXLVIII.
2482 300 2799 358 Necessitas

624 490 802 549 sionis
833 490 1232 548 sinceritatem
1263 488 1727 564 impedientibus
1772 488 2036 565 graviter
2080 488 2383 547 disserunt
2397 485 2461 569 ¹),
2514 494 2585 547 ut
2633 494 2931 565 appareat,
2984 491 3253 563 quantae

622 579 995 638 necessitatis
1026 579 1365 636 crederetur
1396 577 1682 636 confessio
1723 579 1851 652 jam
1897 577 2003 635 diu
2047 580 2184 635 ante
2229 578 2644 637 Innocentium
2676 577 2782 635 111.
2845 577 2927 640 cf.
2962 578 3245 635 Kirsch

623 688 726 726 zur
757 668 959 726 Gesch.
993 667 1099 725 der
1129 667 1290 724 kath.
1323 666 1550 737 Beicht,
1596 667 1702 742 qui
1747 687 1804 742 p.
1844 675 1964 727 172
2003 685 2181 740 quam
2227 685 2303 729 sa.
2335 667 2613 742 plurimis
2645 666 3009 725 testimoniis
3041 666 3241 724 allatis

623 757 902 827 ostendit,
928 757 1053 832 jam
1085 756 1190 813 diu
1222 757 1358 814 ante
1389 755 1806 814 Innocentium
1838 756 1943 814 111.
1978 755 2271 814 creditum
2300 760 2676 831 peccatorum
2707 756 2977 833 gravium
3014 755 3243 814 confes-

624 847 851 904 sionem
883 864 1012 904 esse
1043 845 1219 921 plane
1249 845 1654 914 necessariam,
1687 844 1818 903 ideo
1852 844 1926 902 ab
1957 844 2272 920 episcopis,
2308 845 2566 920 synodiS,
2601 846 2771 903 libris
2792 844 3241 920 poenitentiali-

622 936 737 993 bus
768 935 1140 993 inculcatam.

801 1055 875 1121 Ι).
910 1058 971 1116 Si
1002 1059 1319 1116 immutata
1337 1058 1549 1117 fuisset
1568 1058 1902 1133 disciplina,
1936 1058 2288 1133 praesertim
2320 1058 2382 1116 in
2414 1077 2479 1117 re
2510 1061 2630 1116 tam
2662 1057 2847 1135 gravi,
2883 1062 2944 1115 et
2975 1056 3257 1132 privatus

624 1147 890 1206 fidelium
921 1148 1182 1222 populus
1228 1147 1500 1206 libertate
1545 1148 1898 1224 evangelica,
1938 1150 2102 1205 ortae
2136 1152 2337 1206 essent
2384 1150 2544 1206 certo
2594 1147 2659 1205 in
2707 1146 2967 1206 Ecclesia
3021 1146 3250 1213 turbae,

624 1240 696 1294 ut
727 1255 796 1294 ex
826 1236 1103 1311 plurimis
1135 1236 1309 1308 factis
1341 1240 1593 1295 constat.
1655 1237 1843 1312 Atqui
1873 1237 1938 1294 in
1970 1241 2095 1294 tota
2129 1237 2490 1312 antiquitate
2521 1236 2757 1294 nullum
2788 1235 3089 1312 reperitur
3121 1239 3253 1294 tur·

624 1326 834 1385 barum
864 1328 1106 1402 propter
1135 1325 1439 1384 inductam
1461 1325 1847 1385 confessionis
1866 1326 2281 1384 necessitatem
2300 1325 2636 1401 vestigium,
2670 1343 2823 1401 quae
2853 1331 3055 1383 tamen
3088 1329 3261 1383 ortae

626 1417 771 1472 sunt
801 1417 1044 1490 propter
1076 1414 1261 1474 solam
1292 1415 1690 1473 absolutionis
1720 1414 2087 1473 dilationem.
2152 1415 2308 1491 Ergo
2339 1414 2509 1472 nulla
2551 1414 2707 1472 facta
2750 1414 2868 1472 fuit
2914 1414 3024 1472 hac
3069 1414 3135 1472 in
3185 1433 3251 1472 re

627 1503 947 1562 innovatio.

806 1642 866 1691 (3.
900 1627 999 1698 Ea,
1047 1647 1199 1703 quae
1233 1630 1377 1685 sunt
1407 1627 1811 1686 institutionis
1844 1629 2137 1686 humanae
2170 1628 2265 1686 vel
2295 1628 2477 1686 etiam
2509 1626 2956 1693 ecclesiasticae,
3009 1633 3243 1702 tempo-

627 1736 760 1775 rum
794 1735 971 1775 cursu
1003 1717 1197 1775 solent
1229 1716 1464 1787 mutari,
1496 1717 1787 1793 abrogari,
1822 1717 1886 1775 in
1918 1717 1992 1774 iis
2025 1718 2219 1775 locum
2253 1717 2431 1775 habet
2450 1715 2835 1791 dispensatio,
2882 1716 3015 1773 Etsi
3048 1720 3253 1774 autem

628 1805 693 1863 in
722 1805 1040 1881 disciplina
1063 1805 1472 1881 poenitentiali
1492 1806 1806 1881 multiplex
1839 1806 1992 1864 facta
2025 1811 2118 1863 est
2148 1806 2507 1877 immutatiO,
2541 1805 2906 1881 dispensatio
2942 1809 3074 1874 etc„
3110 1806 3257 1864 haec

627 1901 827 1952 tamen
858 1913 1164 1971 nunquam
1195 1894 1401 1971 attigit
1420 1895 1805 1953 confessionis
1826 1895 2240 1976 substantiam.
2272 1895 2599 1971 Disciplina
2629 1913 2770 1971 ergo
2800 1894 3257 1970 poenitentialis

627 1984 764 2060 plus
796 1984 1070 2042 minusve
1102 1986 1195 2042 est
1225 1983 1620 2042 institutionis
1651 1984 2092 2055 ecclesiasticae,
2127 1984 2417 2043 confessio
2449 1983 2704 2041 divinae.

805 2105 952 2172 485.
986 2104 1387 2187 Sinyzdorum
1410 2110 1812 2188 peccatorum
1843 2104 2161 2185 confessio.
2207 2140 2294 2151 ·—-
2335 2102 2521 2182 Quod
2568 2102 2623 2166 si
2670 2102 3011 2184 speciatim
3043 2121 3257 2184 quae-

535 2213 540 2218 ’
627 2227 751 2284 raS,
784 2209 1108 2291 quomodo
1140 2209 1463 2291 probetur,
1498 2208 1828 2290 singula
1858 2218 2129 2292 peccata
2160 2211 2387 2292 gravia
2409 2211 2472 2273 in
2493 2209 2896 2274 confessione
2919 2228 3066 2274 esse
3088 2228 3256 2291 ape—

627 2316 868 2392 rienda,
888 2317 1369 2397 respondemuS,
1405 2316 1467 2379 id
1501 2317 1659 2380 satis
1695 2317 1952 2398 quidem
1986 2317 2195 2398 colligi
2228 2335 2308 2381 ex
2341 2316 2546 2393 dictis,
2586 2316 2864 2381 breviter
2887 2323 3115 2380 tamen
3147 2335 3251 2380 ar·

627 2431 1082 2504 gumentorum
1111 2424 1285 2489 velut
1318 2423 1533 2505 capita
1563 2423 2006 2487 indicabimus..
2071 2423 2137 2487 Id
2171 2424 2486 2504 colligitur

808 2549 871 2616 1.
906 2568 984 2614 ex
1016 2547 1226 2613 indole
1259 2548 1617 2629 potestatiS,
1650 2566 1818 2629 quae
1851 2555 1949 2612 est
1974 2545 2292 2628 judicialis
2326 2554 2390 2611 et
2408 2546 2590 2627 cujus
2611 2547 2915 2611 materies
2937 2556 3096 2612 sunt
3117 2548 3240 2611 sin·

629 2655 775 2736 gula
807 2661 1074 2737 peccata
1105 2655 1327 2736 gravia
1358 2661 1506 2736 post
1537 2654 1931 2738 baptismum
1965 2655 2338 2719 commissa:
2365 2653 2675 2736 ,iudicium
2703 2661 2922 2718 autem
2943 2661 3049 2720 est
3066 2672 3253 2718 man·

628 2779 774 2827 cum
804 2762 1126 2843 incognito
1159 2762 1331 2827 inte
1349 2781 1487 2842 gro
1522 2762 1794 2843 objecto,
1829 2763 2001 2825 circa
2031 2761 2203 2844 quod
2237 2761 2477 2825 versari
2509 2760 2717 2826 debet.

807 2887 874 2953 2.
910 2905 990 2951 ex
1023 2887 1525 2968 comparatione,
1558 2905 1687 2969 qua
1717 2893 1938 2968 patres
1971 2884 2308 2950 conferunt
2348 2892 2620 2967 peccata
2652 2884 2893 2949 morbis
2927 2895 2993 2950 et
3026 2887 3253 2950 vulne-

629 2993 822 3067 ribuS,
855 2993 1224 3057 sacerdotes
1256 2993 1551 3058 medicis:
1585 3012 1737 3057 nam
1772 2992 2061 3056 infirmus
2097 2990 2347 3073 singula
2364 2992 2632 3056 vulnera
2672 2991 3019 3057 ostendere
3040 2993 3257 3065 debet.

630 3100 684 3162 si
718 3099 868 3163 velit
887 3101 1129 3173 curari;
1162 3107 1431 3180 peccata
1452 3106 1669 3164 autem
1689 3101 1910 3181 gravia
1929 3106 2258 3181 nequeunt
2276 3098 2547 3163 seorsim
2567 3098 2820 3164 remitti.
2855 3097 2944 3163 Cf.
2978 3119 3028 3162 s.
3051 3100 3104 3163 T
3118 3100 3160 3163 h
3179 3117 3251 3163 o-

632 3223 800 3268 mas
831 3205 1030 3287 suppl.
1066 3225 1122 3287 q.
1157 3211 1196 3274 9
1231 3224 1286 3269 a.
1321 3212 1379 3282 2,
1413 3207 1522 3288 qui
1552 3206 1717 3271 bene
1750 3212 1935 3271 notat
1965 3225 2166 3270 unum
2197 3211 2534 3287 peccatum
2566 3222 2761 3285 saepe
2794 3208 3137 3286 aggravari
3167 3227 3251 3271 ex

632 3310 1041 3391 adjunctione
1075 3312 1352 3389 alteriuS,
1399 3313 1564 3376 sicut
1610 3332 1775 3376 unus
1823 3313 2089 3377 morbus
2136 3332 2214 3378 ex
2263 3312 2677 3394 adjunctione
2709 3312 2975 3376 alterius
3009 3332 3243 3394 aggra-

633 3423 834 3480 vatur.

808 3541 870 3611 3.
904 3541 1062 3604 Hinc
1093 3542 1435 3607 hortantur
1465 3551 1706 3625 patreS,
1738 3551 1810 3608 ut
1830 3542 2046 3608 fideles
2080 3544 2178 3608 vel
2208 3543 2643 3607 secretissima
2661 3545 2956 3626 aperiant
2974 3550 3252 3625 peccata

631 3655 1028 3730 caveantque
1059 3649 1390 3730 pudorem,
1423 3651 1476 3714 si
1508 3669 1735 3713 eorum
1768 3649 1967 3714 velint
1999 3650 2307 3731 consequi
2338 3651 2795 3716 remissionem.

806 3774 870 3844 4.
901 3772 1169 3839 Accedit
1200 3775 1372 3856 quod
1404 3794 1656 3856 semper
1688 3775 2003 3840 creditum
2035 3774 2167 3851 fuit,
2199 3775 2553 3840 sacerdotis
2586 3794 2730 3840 esse
2762 3776 3255 3858 poenitentibus

629 3880 958 3960 imponere
990 3900 1106 3963 pro
1138 3881 1385 3945 ratione
1418 3890 1831 3963 peccatorum
1863 3881 2389 3958 satisfactionem,
2434 3882 2709 3965 ideoque
2753 3901 2950 3964 saepe
2982 3883 3253 3964 singulis

628 3987 910 4068 peccatis
942 4005 983 4050 a
1015 3986 1295 4051 conciliis
1327 4005 1447 4050 sua
1478 3994 1726 4053 statuta
1758 3995 1898 4053 erat
1930 3987 2300 4053 satisfactio.
2335 3988 2418 4053 Ut
2449 4007 2528 4054 ea
2560 4008 2710 4070 ergo
2743 3991 2948 4071 possit
2983 3991 3254 4071 imponi,

630 4110 895 4158 necesse
927 4101 1041 4169 est,
1074 4100 1487 4174 peccatorum
1518 4095 1809 4174 gravium
1842 4102 1906 4161 et
1935 4096 2181 4177 species
2214 4102 2278 4159 et
2307 4115 2611 4160 numerus
2644 4095 2985 4178 aperiatur.

806 4222 954 4286 486.
987 4217 1078 4281 Ex
1126 4218 1353 4283 iisdem
1403 4218 1718 4300 capitibus
1767 4220 2080 4301 probatur
2123 4219 2545 4295 confessionis
2591 4220 2949 4285 necessitas
2997 4240 3079 4285 ex
3105 4222 3257 4303 jure

629 4322 926 4386 divino
989 4324 1080 4388 Ea
1114 4326 1282 4390 enim
1314 4326 1631 4405 colligitur
1661 4344 1738 4389 ex
1772 4327 1912 4407 ipsa
1944 4327 2279 4406 potestatis
2326 4324 2538 4390 indole
2571 4333 2637 4391 et
2667 4326 2841 4409 quod
2873 4327 3251 4392 sacerdotes

852 4531 886 4597 ¹)
915 4527 996 4580 Cf.
1014 4528 1185 4581 etiam
1202 4528 1253 4581 J.
1283 4527 1466 4583 Olim
1481 4545 1516 4580 a.
1532 4545 1560 4581 c
1579 4547 1613 4581 u
1633 4547 1656 4581 s
1683 4529 1833 4582 scala
1854 4528 2049 4599 parad.
2068 4546 2149 4597 gr.
2168 4538 2201 4584 4
2217 4550 2228 4587 ;
2247 4528 2294 4581 R
2308 4529 2387 4582 ad
2402 4548 2437 4583 u
2451 4530 2520 4599 lp
2534 4530 2570 4582 h
2584 4548 2619 4582 u
2635 4546 2659 4581 s
2680 4528 2898 4584 Ardens
2914 4528 2990 4599 (fl.
3009 4546 3115 4584 sec.
3136 4531 3252 4602 XI.)

630 4606 781 4659 hom.
811 4613 878 4662 40
918 4607 979 4659 in
1020 4624 1220 4677 evang.
1253 4612 1311 4660 et
1353 4624 1440 4678 ep.
1481 4608 1725 4667 domim:
1766 4608 1812 4662 T
1832 4609 1868 4661 h
1887 4625 1915 4661 e
1934 4626 1966 4663 o
1986 4608 2160 4661 bald
2179 4627 2214 4661 u
2234 4627 2258 4661 s
2298 4608 2636 4680 stampensis
2676 4609 2750 4681 (fl.
2779 4626 2884 4663 sec.
2913 4609 3057 4682 XII.)
3098 4628 3187 4682 ep.
3223 4621 3248 4667 1

631 4686 708 4755 (M
727 4688 742 4739 i
761 4707 814 4756 g.
849 4695 963 4751 163,
990 4692 1143 4753 759);
1172 4688 1222 4741 Η
1241 4707 1276 4740 u
1296 4705 1381 4757 go
1409 4705 1442 4740 a
1469 4707 1508 4743 s.
1539 4689 1766 4744 Victore
1794 4690 1864 4744 de
1892 4707 2030 4743 sacr.
2059 4690 2095 4743 l.
2122 4697 2152 4744 ‘2
2182 4708 2236 4759 p.
2266 4698 2327 4746 14
2352 4706 2399 4743 c.
2432 4699 2451 4745 1
2477 4713 2488 4751 ς
2530 4691 2771 4743 Alanu
2791 4708 2815 4744 s
2840 4693 2914 4745 ab
2944 4691 3152 4746 Insulis
3176 4693 3253 4746 de

631 4784 721 4818 sex
749 4767 855 4820 alis
883 4766 1042 4820 Cher.
1071 4767 1185 4837 (Mi
1202 4786 1256 4836 g.
1285 4774 1406 4831 210,
1434 4775 1536 4824 ‘265
1564 4774 1670 4841 ss.).
1718 4770 1800 4823 cf.
1828 4771 2000 4823 etiam
2029 4770 2180 4823 infra
2207 4789 2261 4823 n.
2292 4776 2410 4826 509.
