<?xml version="1.0" encoding="UTF-8"?>
<!DOCTYPE html PUBLIC "-//W3C//DTD XHTML 1.0 Transitional//EN"
    "http://www.w3.org/TR/xhtml1/DTD/xhtml1-transitional.dtd">
<html xmlns="http://www.w3.org/1999/xhtml" xml:lang="en" lang="en">
 <head>
  <title>
</title>
<meta http-equiv="Content-Type" content="text/html;charset=utf-8" />
  <meta name='ocr-system' content='tesseract 3.04.00' />
  <meta name='ocr-capabilities' content='ocr_page ocr_carea ocr_par ocr_line ocrx_word'/>
</head>
<body>
  <div class='ocr_page' id='page_1' title='image "./theologiaedogma00hurtgoog_0399.png"; bbox 0 0 3538 5364; ppageno 0'>
   <div class='ocr_carea' id='block_1_1' title="bbox 1332 286 2963 357">
    <p class='ocr_par' dir='ltr' id='par_1_1' title="bbox 1332 286 2963 357">
     <span class='ocr_line' id='line_1_1' title="bbox 1332 286 2963 357; baseline 0.013 -20"><span class='ocrx_word' id='word_1_1' title='bbox 1332 303 1436 355; x_wconf 89' lang='lat' dir='ltr'>pro</span> <span class='ocrx_word' id='word_1_2' title='bbox 1462 286 1738 343; x_wconf 85' lang='lat' dir='ltr'>sacrificio</span> <span class='ocrx_word' id='word_1_3' title='bbox 1766 286 1989 340; x_wconf 86' lang='lat' dir='ltr'>missae.</span> <span class='ocrx_word' id='word_1_4' title='bbox 2835 293 2963 357; x_wconf 77' lang='grc'>387</span> 
     </span>
    </p>
   </div>
   <div class='ocr_carea' id='block_1_2' title="bbox 350 467 2968 2332">
    <p class='ocr_par' dir='ltr' id='par_1_2' title="bbox 350 467 2968 2332">
     <span class='ocr_line' id='line_1_2' title="bbox 352 467 2965 549; baseline 0 -20"><span class='ocrx_word' id='word_1_5' title='bbox 352 491 399 530; x_wconf 90' lang='lat' dir='ltr'>c.</span> <span class='ocrx_word' id='word_1_6' title='bbox 432 473 639 547; x_wconf 82' lang='lat' dir='ltr'>gentes</span> <span class='ocrx_word' id='word_1_7' title='bbox 667 469 776 545; x_wconf 79' lang='lat'>111,</span> <span class='ocrx_word' id='word_1_8' title='bbox 818 467 984 545; x_wconf 84' lang='lat'>119),</span> <span class='ocrx_word' id='word_1_9' title='bbox 1019 471 1317 529; x_wconf 89' lang='lat' dir='ltr'>communi</span> <span class='ocrx_word' id='word_1_10' title='bbox 1349 474 1410 530; x_wconf 88' lang='lat' dir='ltr'>et</span> <span class='ocrx_word' id='word_1_11' title='bbox 1440 471 1757 531; x_wconf 87' lang='lat' dir='ltr'>latreutico</span> <span class='ocrx_word' id='word_1_12' title='bbox 1789 472 1983 531; x_wconf 86' lang='lat' dir='ltr'>colere</span> <span class='ocrx_word' id='word_1_13' title='bbox 2013 472 2226 531; x_wconf 89' lang='lat' dir='ltr'>debent</span> <span class='ocrx_word' id='word_1_14' title='bbox 2245 492 2286 549; x_wconf 67' lang='lat'>3,</span> <span class='ocrx_word' id='word_1_15' title='bbox 2312 470 2585 547; x_wconf 89' lang='lat' dir='ltr'>indigent</span> <span class='ocrx_word' id='word_1_16' title='bbox 2615 489 2965 530; x_wconf 89' lang='lat' dir='ltr'>commemo-</span> 
     </span>
     <span class='ocr_line' id='line_1_3' title="bbox 350 559 2967 638; baseline 0 -20"><span class='ocrx_word' id='word_1_17' title='bbox 350 559 579 619; x_wconf 81' lang='lat' dir='ltr'><strong>ratione</strong></span> <span class='ocrx_word' id='word_1_18' title='bbox 624 561 686 617; x_wconf 87' lang='lat' dir='ltr'>et</span> <span class='ocrx_word' id='word_1_19' title='bbox 729 559 1269 633; x_wconf 76' lang='lat' dir='ltr'>repraesentatione</span> <span class='ocrx_word' id='word_1_20' title='bbox 1316 561 1525 620; x_wconf 89' lang='lat' dir='ltr'>mortis</span> <span class='ocrx_word' id='word_1_21' title='bbox 1577 561 1824 633; x_wconf 84' lang='lat' dir='ltr'>Christi3</span> <span class='ocrx_word' id='word_1_22' title='bbox 1873 564 2158 619; x_wconf 85' lang='lat' dir='ltr'>tenentur</span> <span class='ocrx_word' id='word_1_23' title='bbox 2187 560 2306 619; x_wconf 89' lang='lat' dir='ltr'>Deo</span> <span class='ocrx_word' id='word_1_24' title='bbox 2338 560 2561 638; x_wconf 86' lang='lat' dir='ltr'>gratias</span> <span class='ocrx_word' id='word_1_25' title='bbox 2593 579 2781 637; x_wconf 87' lang='lat' dir='ltr'>agere,</span> <span class='ocrx_word' id='word_1_26' title='bbox 2828 579 2967 619; x_wconf 90' lang='lat' dir='ltr'>eum</span> 
     </span>
     <span class='ocr_line' id='line_1_4' title="bbox 350 643 2964 725; baseline 0 -19"><span class='ocrx_word' id='word_1_27' title='bbox 350 649 599 725; x_wconf 87' lang='lat' dir='ltr'>placare,</span> <span class='ocrx_word' id='word_1_28' title='bbox 632 647 922 722; x_wconf 87' lang='lat' dir='ltr'>novisque</span> <span class='ocrx_word' id='word_1_29' title='bbox 951 647 1254 707; x_wconf 87' lang='lat' dir='ltr'>beneficiis</span> <span class='ocrx_word' id='word_1_30' title='bbox 1288 667 1434 724; x_wconf 88' lang='lat' dir='ltr'>opus</span> <span class='ocrx_word' id='word_1_31' title='bbox 1463 650 1683 709; x_wconf 87' lang='lat' dir='ltr'>habent</span> <span class='ocrx_word' id='word_1_32' title='bbox 1713 653 1827 709; x_wconf 88' lang='lat' dir='ltr'>etc.</span> <span class='ocrx_word' id='word_1_33' title='bbox 1867 649 1948 709; x_wconf 83' lang='lat' dir='ltr'>ef.</span> <span class='ocrx_word' id='word_1_34' title='bbox 1983 648 2284 709; x_wconf 82' lang='lat' dir='ltr'>Oswald</span> <span class='ocrx_word' id='word_1_35' title='bbox 2318 649 2356 713; x_wconf 90' lang='lat' dir='ltr'>l.</span> <span class='ocrx_word' id='word_1_36' title='bbox 2391 667 2436 707; x_wconf 91' lang='lat' dir='ltr'>c.</span> <span class='ocrx_word' id='word_1_37' title='bbox 2457 643 2489 713; x_wconf 69' lang='grc' dir='ltr'><strong>ἓ</strong></span> <span class='ocrx_word' id='word_1_38' title='bbox 2514 658 2615 720; x_wconf 87' lang='lat'>28,</span> <span class='ocrx_word' id='word_1_39' title='bbox 2649 649 2754 724; x_wconf 87' lang='lat' dir='ltr'>qui</span> <span class='ocrx_word' id='word_1_40' title='bbox 2785 649 2964 707; x_wconf 86' lang='lat' dir='ltr'>sacri-</span> 
     </span>
     <span class='ocr_line' id='line_1_5' title="bbox 351 735 2964 816; baseline 0 -21"><span class='ocrx_word' id='word_1_41' title='bbox 351 736 470 796; x_wconf 89' lang='lat' dir='ltr'>ficii</span> <span class='ocrx_word' id='word_1_42' title='bbox 500 735 975 796; x_wconf 80' lang='lat' dir='ltr'>convenientiam</span> <span class='ocrx_word' id='word_1_43' title='bbox 1004 736 1069 795; x_wconf 90' lang='lat' dir='ltr'>in</span> <span class='ocrx_word' id='word_1_44' title='bbox 1100 737 1388 814; x_wconf 82' lang='lat' dir='ltr'>religione</span> <span class='ocrx_word' id='word_1_45' title='bbox 1419 738 1741 797; x_wconf 87' lang='lat' dir='ltr'>christiana</span> <span class='ocrx_word' id='word_1_46' title='bbox 1773 739 2064 816; x_wconf 79' lang='lat' dir='ltr'>sagaciter</span> <span class='ocrx_word' id='word_1_47' title='bbox 2094 739 2389 797; x_wconf 88' lang='lat' dir='ltr'>illustrat:</span> <span class='ocrx_word' id='word_1_48' title='bbox 2423 752 2485 802; x_wconf 80' lang='lat' dir='ltr'>a.</span> <span class='ocrx_word' id='word_1_49' title='bbox 2518 740 2696 815; x_wconf 88' lang='lat' dir='ltr'>urget</span> <span class='ocrx_word' id='word_1_50' title='bbox 2724 737 2964 796; x_wconf 90' lang='lat' dir='ltr'>histori-</span> 
     </span>
     <span class='ocr_line' id='line_1_6' title="bbox 354 822 2966 909; baseline 0 -24"><span class='ocrx_word' id='word_1_51' title='bbox 354 846 507 897; x_wconf 87' lang='lat' dir='ltr'>cum,</span> <span class='ocrx_word' id='word_1_52' title='bbox 553 826 673 884; x_wconf 92' lang='lat' dir='ltr'>imo</span> <span class='ocrx_word' id='word_1_53' title='bbox 703 824 1038 883; x_wconf 77' lang='lat' dir='ltr'>naturalem</span> <span class='ocrx_word' id='word_1_54' title='bbox 1070 844 1291 885; x_wconf 87' lang='lat' dir='ltr'>nexum</span> <span class='ocrx_word' id='word_1_55' title='bbox 1336 827 1494 886; x_wconf 90' lang='lat' dir='ltr'>inter</span> <span class='ocrx_word' id='word_1_56' title='bbox 1541 828 1866 887; x_wconf 90' lang='lat' dir='ltr'>orationem</span> <span class='ocrx_word' id='word_1_57' title='bbox 1904 822 2360 909; x_wconf 89' lang='lat' dir='ltr'>(adorationem)</span> <span class='ocrx_word' id='word_1_58' title='bbox 2394 829 2456 885; x_wconf 88' lang='lat' dir='ltr'>et</span> <span class='ocrx_word' id='word_1_59' title='bbox 2487 825 2856 897; x_wconf 85' lang='lat' dir='ltr'>sacrificium,</span> <span class='ocrx_word' id='word_1_60' title='bbox 2903 827 2966 885; x_wconf 90' lang='lat' dir='ltr'>in</span> 
     </span>
     <span class='ocr_line' id='line_1_7' title="bbox 352 910 2966 992; baseline -0.001 -17"><span class='ocrx_word' id='word_1_61' title='bbox 352 934 473 992; x_wconf 89' lang='lat' dir='ltr'>quo</span> <span class='ocrx_word' id='word_1_62' title='bbox 503 914 609 973; x_wconf 88' lang='lat' dir='ltr'>illa</span> <span class='ocrx_word' id='word_1_63' title='bbox 637 913 943 989; x_wconf 89' lang='lat' dir='ltr'>perficitur</span> <span class='ocrx_word' id='word_1_64' title='bbox 972 917 1033 972; x_wconf 89' lang='lat' dir='ltr'>et</span> <span class='ocrx_word' id='word_1_65' title='bbox 1065 933 1242 973; x_wconf 89' lang='lat' dir='ltr'>suum</span> <span class='ocrx_word' id='word_1_66' title='bbox 1275 916 1444 991; x_wconf 90' lang='lat' dir='ltr'>quasi</span> <span class='ocrx_word' id='word_1_67' title='bbox 1477 917 1724 992; x_wconf 87' lang='lat' dir='ltr'>attingit</span> <span class='ocrx_word' id='word_1_68' title='bbox 1755 917 2009 975; x_wconf 90' lang='lat' dir='ltr'>culmen.</span> <span class='ocrx_word' id='word_1_69' title='bbox 2055 915 2220 974; x_wconf 88' lang='lat' dir='ltr'>Tolle</span> <span class='ocrx_word' id='word_1_70' title='bbox 2251 910 2599 975; x_wconf 88' lang='lat' dir='ltr'>sacrificium</span> <span class='ocrx_word' id='word_1_71' title='bbox 2630 918 2692 974; x_wconf 88' lang='lat' dir='ltr'>et</span> <span class='ocrx_word' id='word_1_72' title='bbox 2713 916 2838 991; x_wconf 91' lang='lat' dir='ltr'>jam</span> <span class='ocrx_word' id='word_1_73' title='bbox 2872 916 2966 974; x_wconf 83' lang='lat' dir='ltr'>via</span> 
     </span>
     <span class='ocr_line' id='line_1_8' title="bbox 352 1002 2963 1082; baseline -0 -18"><span class='ocrx_word' id='word_1_74' title='bbox 352 1004 640 1064; x_wconf 82' lang='lat' dir='ltr'>sternitur</span> <span class='ocrx_word' id='word_1_75' title='bbox 668 1002 742 1061; x_wconf 88' lang='lat' dir='ltr'>ad</span> <span class='ocrx_word' id='word_1_76' title='bbox 774 1002 1192 1061; x_wconf 76' lang='lat' dir='ltr'>eliminandam</span> <span class='ocrx_word' id='word_1_77' title='bbox 1238 1005 1334 1063; x_wconf 84' lang='lat' dir='ltr'>vel</span> <span class='ocrx_word' id='word_1_78' title='bbox 1366 1005 1722 1076; x_wconf 66' lang='lat' dir='ltr'>orationem</span> <span class='ocrx_word' id='word_1_79' title='bbox 1756 1002 1830 1069; x_wconf 82' lang='lat' dir='ltr'>b.</span> <span class='ocrx_word' id='word_1_80' title='bbox 1863 1007 2041 1082; x_wconf 87' lang='lat' dir='ltr'>urget</span> <span class='ocrx_word' id='word_1_81' title='bbox 2070 1005 2338 1064; x_wconf 83' lang='lat' dir='ltr'>convivia</span> <span class='ocrx_word' id='word_1_82' title='bbox 2366 1004 2661 1082; x_wconf 85' lang='lat' dir='ltr'>religiosa,</span> <span class='ocrx_word' id='word_1_83' title='bbox 2694 1023 2847 1080; x_wconf 87' lang='lat' dir='ltr'>quae</span> <span class='ocrx_word' id='word_1_84' title='bbox 2875 1006 2963 1063; x_wconf 83' lang='lat' dir='ltr'>vi-</span> 
     </span>
     <span class='ocr_line' id='line_1_9' title="bbox 353 1091 2967 1170; baseline -0 -18"><span class='ocrx_word' id='word_1_85' title='bbox 353 1094 574 1170; x_wconf 86' lang='lat' dir='ltr'>gebant</span> <span class='ocrx_word' id='word_1_86' title='bbox 617 1091 740 1150; x_wconf 85' lang='lat' dir='ltr'>fere</span> <span class='ocrx_word' id='word_1_87' title='bbox 784 1091 847 1149; x_wconf 91' lang='lat' dir='ltr'>in</span> <span class='ocrx_word' id='word_1_88' title='bbox 893 1091 1052 1150; x_wconf 90' lang='lat' dir='ltr'>omni</span> <span class='ocrx_word' id='word_1_89' title='bbox 1096 1093 1266 1152; x_wconf 90' lang='lat' dir='ltr'>cultu</span> <span class='ocrx_word' id='word_1_90' title='bbox 1295 1094 1576 1170; x_wconf 86' lang='lat' dir='ltr'>religioso</span> <span class='ocrx_word' id='word_1_91' title='bbox 1606 1094 1896 1170; x_wconf 88' lang='lat' dir='ltr'>gentium.</span> <span class='ocrx_word' id='word_1_92' title='bbox 1961 1095 2180 1153; x_wconf 84' lang='lat' dir='ltr'>Morem</span> <span class='ocrx_word' id='word_1_93' title='bbox 2226 1094 2385 1152; x_wconf 90' lang='lat' dir='ltr'>hunc</span> <span class='ocrx_word' id='word_1_94' title='bbox 2415 1093 2682 1153; x_wconf 86' lang='lat' dir='ltr'>Christus</span> <span class='ocrx_word' id='word_1_95' title='bbox 2714 1094 2967 1152; x_wconf 83' lang='lat' dir='ltr'>sancivit</span> 
     </span>
     <span class='ocr_line' id='line_1_10' title="bbox 354 1180 2963 1259; baseline -0 -19"><span class='ocrx_word' id='word_1_96' title='bbox 354 1182 643 1241; x_wconf 87' lang='lat' dir='ltr'>instituta</span> <span class='ocrx_word' id='word_1_97' title='bbox 672 1180 733 1239; x_wconf 91' lang='lat' dir='ltr'>in</span> <span class='ocrx_word' id='word_1_98' title='bbox 768 1180 955 1239; x_wconf 85' lang='lat' dir='ltr'>forma</span> <span class='ocrx_word' id='word_1_99' title='bbox 985 1182 1240 1240; x_wconf 84' lang='lat' dir='ltr'>convivii</span> <span class='ocrx_word' id='word_1_100' title='bbox 1261 1182 1634 1242; x_wconf 83' lang='lat' dir='ltr'>eucharistia.</span> <span class='ocrx_word' id='word_1_101' title='bbox 1669 1183 1782 1242; x_wconf 86' lang='lat' dir='ltr'>Sed</span> <span class='ocrx_word' id='word_1_102' title='bbox 1802 1183 2072 1259; x_wconf 90' lang='lat' dir='ltr'>gentium</span> <span class='ocrx_word' id='word_1_103' title='bbox 2092 1182 2364 1242; x_wconf 80' lang='lat' dir='ltr'>convivia</span> <span class='ocrx_word' id='word_1_104' title='bbox 2382 1186 2554 1241; x_wconf 85' lang='lat' dir='ltr'>erant</span> <span class='ocrx_word' id='word_1_105' title='bbox 2571 1182 2963 1242; x_wconf 87' lang='lat' dir='ltr'>sacrificialia:</span> 
     </span>
     <span class='ocr_line' id='line_1_11' title="bbox 354 1268 2966 1348; baseline -0 -18"><span class='ocrx_word' id='word_1_106' title='bbox 354 1269 693 1330; x_wconf 86' lang='lat' dir='ltr'>sacrificiale</span> <span class='ocrx_word' id='word_1_107' title='bbox 725 1268 840 1327; x_wconf 88' lang='lat' dir='ltr'>erit</span> <span class='ocrx_word' id='word_1_108' title='bbox 885 1272 946 1327; x_wconf 92' lang='lat' dir='ltr'>et</span> <span class='ocrx_word' id='word_1_109' title='bbox 990 1270 1329 1329; x_wconf 83' lang='lat' dir='ltr'>convivium</span> <span class='ocrx_word' id='word_1_110' title='bbox 1362 1272 1849 1343; x_wconf 79' lang='lat' dir='ltr'>eucharisticum3</span> <span class='ocrx_word' id='word_1_111' title='bbox 1898 1287 1959 1336; x_wconf 81' lang='lat' dir='ltr'>e.</span> <span class='ocrx_word' id='word_1_112' title='bbox 2006 1274 2181 1348; x_wconf 87' lang='lat' dir='ltr'>urget</span> <span class='ocrx_word' id='word_1_113' title='bbox 2224 1271 2636 1343; x_wconf 82' lang='lat' dir='ltr'>sacerdotium,</span> <span class='ocrx_word' id='word_1_114' title='bbox 2682 1290 2801 1348; x_wconf 90' lang='lat' dir='ltr'>quo</span> <span class='ocrx_word' id='word_1_115' title='bbox 2845 1289 2966 1329; x_wconf 90' lang='lat' dir='ltr'>non</span> 
     </span>
     <span class='ocr_line' id='line_1_12' title="bbox 354 1359 2964 1437; baseline -0 -18"><span class='ocrx_word' id='word_1_116' title='bbox 354 1363 677 1419; x_wconf 88' lang='lat' dir='ltr'>caruerunt</span> <span class='ocrx_word' id='word_1_117' title='bbox 703 1359 911 1417; x_wconf 89' lang='lat' dir='ltr'>saltem</span> <span class='ocrx_word' id='word_1_118' title='bbox 943 1377 1045 1417; x_wconf 90' lang='lat' dir='ltr'>eae</span> <span class='ocrx_word' id='word_1_119' title='bbox 1073 1362 1299 1436; x_wconf 83' lang='lat' dir='ltr'>gentes,</span> <span class='ocrx_word' id='word_1_120' title='bbox 1334 1379 1587 1437; x_wconf 90' lang='lat' dir='ltr'>quarum</span> <span class='ocrx_word' id='word_1_121' title='bbox 1619 1360 1819 1420; x_wconf 87' lang='lat' dir='ltr'>cultus</span> <span class='ocrx_word' id='word_1_122' title='bbox 1851 1360 2165 1437; x_wconf 87' lang='lat' dir='ltr'>religiosus</span> <span class='ocrx_word' id='word_1_123' title='bbox 2195 1363 2322 1419; x_wconf 88' lang='lat' dir='ltr'>erat</span> <span class='ocrx_word' id='word_1_124' title='bbox 2351 1361 2698 1437; x_wconf 85' lang='lat' dir='ltr'>expressior.</span> <span class='ocrx_word' id='word_1_125' title='bbox 2764 1359 2964 1419; x_wconf 90' lang='lat' dir='ltr'>Sacer-</span> 
     </span>
     <span class='ocr_line' id='line_1_13' title="bbox 354 1448 2964 1525; baseline 0 -18"><span class='ocrx_word' id='word_1_126' title='bbox 354 1450 562 1508; x_wconf 90' lang='lat' dir='ltr'>dotum</span> <span class='ocrx_word' id='word_1_127' title='bbox 591 1451 791 1506; x_wconf 89' lang='lat' dir='ltr'>autem</span> <span class='ocrx_word' id='word_1_128' title='bbox 827 1448 1150 1507; x_wconf 87' lang='lat' dir='ltr'>auctoritas</span> <span class='ocrx_word' id='word_1_129' title='bbox 1180 1448 1303 1507; x_wconf 85' lang='lat' dir='ltr'>fere</span> <span class='ocrx_word' id='word_1_130' title='bbox 1336 1450 1779 1525; x_wconf 89' lang='lat' dir='ltr'>superhumana</span> <span class='ocrx_word' id='word_1_131' title='bbox 1814 1450 2123 1508; x_wconf 87' lang='lat' dir='ltr'>nitebatur</span> <span class='ocrx_word' id='word_1_132' title='bbox 2167 1448 2466 1508; x_wconf 87' lang='lat' dir='ltr'>sacrificio.</span> <span class='ocrx_word' id='word_1_133' title='bbox 2532 1449 2698 1508; x_wconf 90' lang='lat' dir='ltr'>Tolle</span> <span class='ocrx_word' id='word_1_134' title='bbox 2743 1449 2964 1508; x_wconf 88' lang='lat' dir='ltr'>sacrifi-</span> 
     </span>
     <span class='ocr_line' id='line_1_14' title="bbox 354 1536 2966 1613; baseline -0 -16"><span class='ocrx_word' id='word_1_135' title='bbox 354 1539 531 1608; x_wconf 86' lang='lat' dir='ltr'>cium,</span> <span class='ocrx_word' id='word_1_136' title='bbox 565 1537 734 1596; x_wconf 86' lang='lat' dir='ltr'>nulla</span> <span class='ocrx_word' id='word_1_137' title='bbox 752 1536 867 1595; x_wconf 88' lang='lat' dir='ltr'>erit</span> <span class='ocrx_word' id='word_1_138' title='bbox 886 1536 1296 1597; x_wconf 89' lang='lat' dir='ltr'>ministrorum</span> <span class='ocrx_word' id='word_1_139' title='bbox 1316 1539 1517 1597; x_wconf 89' lang='lat' dir='ltr'>cultus</span> <span class='ocrx_word' id='word_1_140' title='bbox 1538 1539 1860 1598; x_wconf 84' lang='lat' dir='ltr'>auctoritas</span> <span class='ocrx_word' id='word_1_141' title='bbox 1881 1562 1894 1610; x_wconf 89' lang='lat'>;</span> <span class='ocrx_word' id='word_1_142' title='bbox 1927 1541 1998 1597; x_wconf 90' lang='lat' dir='ltr'>ut</span> <span class='ocrx_word' id='word_1_143' title='bbox 2016 1538 2266 1597; x_wconf 89' lang='lat' dir='ltr'>historia</span> <span class='ocrx_word' id='word_1_144' title='bbox 2283 1541 2436 1597; x_wconf 89' lang='lat' dir='ltr'>teste</span> <span class='ocrx_word' id='word_1_145' title='bbox 2456 1554 2524 1597; x_wconf 87' lang='lat' dir='ltr'>ea·</span> <span class='ocrx_word' id='word_1_146' title='bbox 2543 1538 2786 1597; x_wconf 80' lang='lat' dir='ltr'>evanuit</span> <span class='ocrx_word' id='word_1_147' title='bbox 2805 1537 2966 1613; x_wconf 87' lang='lat' dir='ltr'>apud</span> 
     </span>
     <span class='ocr_line' id='line_1_15' title="bbox 352 1626 2966 1703; baseline -0 -16"><span class='ocrx_word' id='word_1_148' title='bbox 352 1628 772 1703; x_wconf 82' lang='lat' dir='ltr'>protestantes.</span> <span class='ocrx_word' id='word_1_149' title='bbox 817 1626 1006 1701; x_wconf 84' lang='lat' dir='ltr'>Atqui</span> <span class='ocrx_word' id='word_1_150' title='bbox 1039 1644 1271 1685; x_wconf 90' lang='lat' dir='ltr'>summa</span> <span class='ocrx_word' id='word_1_151' title='bbox 1302 1626 1480 1686; x_wconf 88' lang='lat' dir='ltr'>debet</span> <span class='ocrx_word' id='word_1_152' title='bbox 1511 1647 1636 1687; x_wconf 86' lang='lat' dir='ltr'>esse</span> <span class='ocrx_word' id='word_1_153' title='bbox 1667 1647 1874 1688; x_wconf 90' lang='lat' dir='ltr'>eorum</span> <span class='ocrx_word' id='word_1_154' title='bbox 1905 1628 2240 1699; x_wconf 84' lang='lat' dir='ltr'>auctoritas,</span> <span class='ocrx_word' id='word_1_155' title='bbox 2273 1628 2379 1703; x_wconf 92' lang='lat' dir='ltr'>qui</span> <span class='ocrx_word' id='word_1_156' title='bbox 2408 1646 2513 1703; x_wconf 90' lang='lat' dir='ltr'>pro</span> <span class='ocrx_word' id='word_1_157' title='bbox 2545 1626 2775 1686; x_wconf 88' lang='lat' dir='ltr'>Christo</span> <span class='ocrx_word' id='word_1_158' title='bbox 2806 1627 2966 1703; x_wconf 86' lang='lat' dir='ltr'>lega-</span> 
     </span>
     <span class='ocr_line' id='line_1_16' title="bbox 353 1715 2968 1793; baseline 0 -19"><span class='ocrx_word' id='word_1_159' title='bbox 353 1718 516 1775; x_wconf 88' lang='lat' dir='ltr'>tione</span> <span class='ocrx_word' id='word_1_160' title='bbox 545 1715 900 1792; x_wconf 87' lang='lat' dir='ltr'>funguntur‚</span> <span class='ocrx_word' id='word_1_161' title='bbox 947 1716 1053 1789; x_wconf 92' lang='lat' dir='ltr'>qui</span> <span class='ocrx_word' id='word_1_162' title='bbox 1085 1715 1306 1774; x_wconf 89' lang='lat' dir='ltr'>debent</span> <span class='ocrx_word' id='word_1_163' title='bbox 1335 1734 1464 1775; x_wconf 89' lang='lat' dir='ltr'>esse</span> <span class='ocrx_word' id='word_1_164' title='bbox 1495 1717 1597 1775; x_wconf 87' lang='lat' dir='ltr'>lux</span> <span class='ocrx_word' id='word_1_165' title='bbox 1630 1717 1858 1789; x_wconf 89' lang='lat' dir='ltr'>mundi,</span> <span class='ocrx_word' id='word_1_166' title='bbox 1906 1717 1993 1775; x_wconf 89' lang='lat' dir='ltr'>sal</span> <span class='ocrx_word' id='word_1_167' title='bbox 2037 1720 2229 1775; x_wconf 87' lang='lat' dir='ltr'>terrae</span> <span class='ocrx_word' id='word_1_168' title='bbox 2259 1720 2370 1776; x_wconf 90' lang='lat' dir='ltr'>etc.</span> <span class='ocrx_word' id='word_1_169' title='bbox 2435 1717 2679 1775; x_wconf 88' lang='lat' dir='ltr'>Nitetur</span> <span class='ocrx_word' id='word_1_170' title='bbox 2721 1734 2861 1793; x_wconf 90' lang='lat' dir='ltr'>ergo</span> <span class='ocrx_word' id='word_1_171' title='bbox 2905 1719 2968 1774; x_wconf 89' lang='lat' dir='ltr'>et</span> 
     </span>
     <span class='ocr_line' id='line_1_17' title="bbox 354 1801 2968 1882; baseline -0.001 -18"><span class='ocrx_word' id='word_1_172' title='bbox 354 1806 503 1864; x_wconf 88' lang='lat' dir='ltr'>haec</span> <span class='ocrx_word' id='word_1_173' title='bbox 521 1804 814 1880; x_wconf 85' lang='lat' dir='ltr'>dignitate</span> <span class='ocrx_word' id='word_1_174' title='bbox 834 1803 1199 1875; x_wconf 88' lang='lat' dir='ltr'>sacerdotali,</span> <span class='ocrx_word' id='word_1_175' title='bbox 1234 1804 1372 1864; x_wconf 87' lang='lat' dir='ltr'>hinc</span> <span class='ocrx_word' id='word_1_176' title='bbox 1392 1805 1692 1877; x_wconf 89' lang='lat' dir='ltr'>sacrifici0,</span> <span class='ocrx_word' id='word_1_177' title='bbox 1727 1807 1888 1882; x_wconf 92' lang='lat' dir='ltr'>quod</span> <span class='ocrx_word' id='word_1_178' title='bbox 1906 1807 2162 1865; x_wconf 87' lang='lat' dir='ltr'>offerunt</span> <span class='ocrx_word' id='word_1_179' title='bbox 2180 1806 2357 1865; x_wconf 89' lang='lat' dir='ltr'>Hebr.</span> <span class='ocrx_word' id='word_1_180' title='bbox 2385 1815 2438 1876; x_wconf 91' lang='lat'>5,</span> <span class='ocrx_word' id='word_1_181' title='bbox 2479 1818 2504 1868; x_wconf 87' lang='lat'>1</span> <span class='ocrx_word' id='word_1_182' title='bbox 2547 1824 2659 1877; x_wconf 87' lang='lat' dir='ltr'>ss.;</span> <span class='ocrx_word' id='word_1_183' title='bbox 2691 1801 2759 1871; x_wconf 82' lang='lat' dir='ltr'>d.</span> <span class='ocrx_word' id='word_1_184' title='bbox 2789 1814 2968 1882; x_wconf 85' lang='lat' dir='ltr'>urget</span> 
     </span>
     <span class='ocr_line' id='line_1_18' title="bbox 356 1893 2966 1972; baseline -0.001 -19"><span class='ocrx_word' id='word_1_185' title='bbox 356 1893 637 1970; x_wconf 84' lang='lat' dir='ltr'>spiritum</span> <span class='ocrx_word' id='word_1_186' title='bbox 667 1893 1095 1969; x_wconf 86' lang='lat' dir='ltr'>abnegationis,</span> <span class='ocrx_word' id='word_1_187' title='bbox 1143 1894 1632 1965; x_wconf 73' lang='lat' dir='ltr'>mortificationiS,</span> <span class='ocrx_word' id='word_1_188' title='bbox 1665 1895 2083 1972; x_wconf 89' lang='lat' dir='ltr'>compassionis</span> <span class='ocrx_word' id='word_1_189' title='bbox 2114 1913 2251 1953; x_wconf 90' lang='lat' dir='ltr'>cum</span> <span class='ocrx_word' id='word_1_190' title='bbox 2281 1895 2531 1966; x_wconf 88' lang='lat' dir='ltr'>Christo,</span> <span class='ocrx_word' id='word_1_191' title='bbox 2579 1895 2758 1954; x_wconf 81' lang='lat' dir='ltr'>verbo</span> <span class='ocrx_word' id='word_1_192' title='bbox 2791 1894 2966 1971; x_wconf 86' lang='lat' dir='ltr'>spiri-</span> 
     </span>
     <span class='ocr_line' id='line_1_19' title="bbox 353 1981 2966 2061; baseline 0 -20"><span class='ocrx_word' id='word_1_193' title='bbox 353 1988 487 2042; x_wconf 87' lang='lat' dir='ltr'>tum</span> <span class='ocrx_word' id='word_1_194' title='bbox 518 1981 802 2052; x_wconf 87' lang='lat' dir='ltr'>sacrificii,</span> <span class='ocrx_word' id='word_1_195' title='bbox 844 1981 949 2057; x_wconf 91' lang='lat' dir='ltr'>qui</span> <span class='ocrx_word' id='word_1_196' title='bbox 979 1982 1316 2041; x_wconf 84' lang='lat' dir='ltr'>universam</span> <span class='ocrx_word' id='word_1_197' title='bbox 1349 1984 1689 2053; x_wconf 86' lang='lat' dir='ltr'>Ecclesiam,</span> <span class='ocrx_word' id='word_1_198' title='bbox 1732 1984 2002 2061; x_wconf 90' lang='lat' dir='ltr'>singulos</span> <span class='ocrx_word' id='word_1_199' title='bbox 2031 1984 2233 2042; x_wconf 88' lang='lat' dir='ltr'>fideles</span> <span class='ocrx_word' id='word_1_200' title='bbox 2264 1983 2584 2042; x_wconf 90' lang='lat' dir='ltr'>informare</span> <span class='ocrx_word' id='word_1_201' title='bbox 2613 1986 2676 2042; x_wconf 92' lang='lat' dir='ltr'>et</span> <span class='ocrx_word' id='word_1_202' title='bbox 2703 1983 2966 2042; x_wconf 89' lang='lat' dir='ltr'>animare</span> 
     </span>
     <span class='ocr_line' id='line_1_20' title="bbox 356 2070 2968 2148; baseline 0 -19"><span class='ocrx_word' id='word_1_203' title='bbox 356 2072 548 2134; x_wconf 91' lang='lat' dir='ltr'>debet.</span> <span class='ocrx_word' id='word_1_204' title='bbox 613 2071 722 2130; x_wconf 89' lang='lat' dir='ltr'>Sed</span> <span class='ocrx_word' id='word_1_205' title='bbox 767 2070 928 2129; x_wconf 91' lang='lat' dir='ltr'>unde</span> <span class='ocrx_word' id='word_1_206' title='bbox 972 2071 1146 2130; x_wconf 89' lang='lat' dir='ltr'>illum</span> <span class='ocrx_word' id='word_1_207' title='bbox 1191 2072 1469 2131; x_wconf 87' lang='lat' dir='ltr'>haurient</span> <span class='ocrx_word' id='word_1_208' title='bbox 1513 2072 1779 2131; x_wconf 85' lang='lat' dir='ltr'>homines</span> <span class='ocrx_word' id='word_1_209' title='bbox 1820 2073 1894 2131; x_wconf 91' lang='lat' dir='ltr'>ad</span> <span class='ocrx_word' id='word_1_210' title='bbox 1931 2073 2232 2132; x_wconf 86' lang='lat' dir='ltr'>commoda</span> <span class='ocrx_word' id='word_1_211' title='bbox 2263 2072 2586 2143; x_wconf 88' lang='lat' dir='ltr'>sensibilia,</span> <span class='ocrx_word' id='word_1_212' title='bbox 2629 2072 2968 2148; x_wconf 83' lang='lat' dir='ltr'>voluptates</span> 
     </span>
     <span class='ocr_line' id='line_1_21' title="bbox 355 2159 2968 2238; baseline -0 -19"><span class='ocrx_word' id='word_1_213' title='bbox 355 2166 478 2219; x_wconf 86' lang='lat' dir='ltr'>tam</span> <span class='ocrx_word' id='word_1_214' title='bbox 508 2159 698 2237; x_wconf 89' lang='lat' dir='ltr'>proni,</span> <span class='ocrx_word' id='word_1_215' title='bbox 729 2159 848 2218; x_wconf 89' lang='lat' dir='ltr'>nisi</span> <span class='ocrx_word' id='word_1_216' title='bbox 882 2159 1150 2219; x_wconf 86' lang='lat' dir='ltr'>Christus</span> <span class='ocrx_word' id='word_1_217' title='bbox 1181 2160 1246 2219; x_wconf 92' lang='lat' dir='ltr'>in</span> <span class='ocrx_word' id='word_1_218' title='bbox 1276 2160 1465 2221; x_wconf 85' lang='lat' dir='ltr'>forma</span> <span class='ocrx_word' id='word_1_219' title='bbox 1497 2161 1827 2220; x_wconf 86' lang='lat' dir='ltr'>sacrificiali</span> <span class='ocrx_word' id='word_1_220' title='bbox 1860 2180 2094 2238; x_wconf 88' lang='lat' dir='ltr'>semper</span> <span class='ocrx_word' id='word_1_221' title='bbox 2125 2179 2266 2221; x_wconf 86' lang='lat' dir='ltr'>suae</span> <span class='ocrx_word' id='word_1_222' title='bbox 2285 2161 2583 2220; x_wconf 85' lang='lat' dir='ltr'>Ecclesiae</span> <span class='ocrx_word' id='word_1_223' title='bbox 2603 2161 2775 2231; x_wconf 88' lang='lat' dir='ltr'>adsit,</span> <span class='ocrx_word' id='word_1_224' title='bbox 2809 2161 2968 2219; x_wconf 90' lang='lat' dir='ltr'>sicut</span> 
     </span>
     <span class='ocr_line' id='line_1_22' title="bbox 354 2247 2789 2332; baseline 0.003 -25"><span class='ocrx_word' id='word_1_225' title='bbox 354 2250 430 2307; x_wconf 86' lang='lat' dir='ltr'>ad</span> <span class='ocrx_word' id='word_1_226' title='bbox 463 2268 590 2308; x_wconf 91' lang='lat' dir='ltr'>eam</span> <span class='ocrx_word' id='word_1_227' title='bbox 622 2248 1096 2307; x_wconf 88' lang='lat' dir='ltr'>sanctificandam</span> <span class='ocrx_word' id='word_1_228' title='bbox 1130 2267 1362 2325; x_wconf 89' lang='lat' dir='ltr'>semper</span> <span class='ocrx_word' id='word_1_229' title='bbox 1394 2249 1562 2309; x_wconf 88' lang='lat' dir='ltr'>adest</span> <span class='ocrx_word' id='word_1_230' title='bbox 1592 2251 1656 2308; x_wconf 93' lang='lat' dir='ltr'>in</span> <span class='ocrx_word' id='word_1_231' title='bbox 1689 2252 1815 2309; x_wconf 89' lang='lat' dir='ltr'>suis</span> <span class='ocrx_word' id='word_1_232' title='bbox 1847 2251 2227 2310; x_wconf 85' lang='lat' dir='ltr'>sacramentis</span> <span class='ocrx_word' id='word_1_233' title='bbox 2259 2248 2342 2329; x_wconf 91' lang='lat' dir='ltr'>(n.</span> <span class='ocrx_word' id='word_1_234' title='bbox 2378 2250 2558 2314; x_wconf 79' lang='lat'>245⁸.</span> <span class='ocrx_word' id='word_1_235' title='bbox 2595 2247 2789 2332; x_wconf 81' lang='lat'><strong>260)⁴?</strong></span> 
     </span>
    </p>
   </div>
   <div class='ocr_carea' id='block_1_3' title="bbox 357 2382 2970 2789">
    <p class='ocr_par' dir='ltr' id='par_1_3' title="bbox 357 2382 2970 2789">
     <span class='ocr_line' id='line_1_23' title="bbox 534 2382 2968 2467; baseline -0.002 -13"><span class='ocrx_word' id='word_1_236' title='bbox 534 2390 682 2454; x_wconf 88' lang='grc'><strong>406.</strong></span> <span class='ocrx_word' id='word_1_237' title='bbox 716 2382 844 2450; x_wconf 87' lang='lat' dir='ltr'>Sed</span> <span class='ocrx_word' id='word_1_238' title='bbox 881 2385 1017 2467; x_wconf 81' lang='lat' dir='ltr'>jam</span> <span class='ocrx_word' id='word_1_239' title='bbox 1064 2386 1147 2450; x_wconf 91' lang='lat' dir='ltr'>ad</span> <span class='ocrx_word' id='word_1_240' title='bbox 1193 2387 1685 2451; x_wconf 84' lang='lat' dir='ltr'>traditionis</span> <span class='ocrx_word' id='word_1_241' title='bbox 1738 2388 2109 2451; x_wconf 89' lang='lat' dir='ltr'>testimonia</span> <span class='ocrx_word' id='word_1_242' title='bbox 2156 2386 2562 2451; x_wconf 81' lang='lat' dir='ltr'>accedamus,</span> <span class='ocrx_word' id='word_1_243' title='bbox 2623 2385 2968 2451; x_wconf 91' lang='lat' dir='ltr'>Possemus</span> 
     </span>
     <span class='ocr_line' id='line_1_24' title="bbox 357 2490 2967 2575; baseline 0 -19"><span class='ocrx_word' id='word_1_244' title='bbox 357 2492 616 2574; x_wconf 87' lang='lat' dir='ltr'>quidem</span> <span class='ocrx_word' id='word_1_245' title='bbox 647 2492 730 2555; x_wconf 88' lang='lat' dir='ltr'>ab</span> <span class='ocrx_word' id='word_1_246' title='bbox 764 2490 990 2556; x_wconf 79' lang='lat' dir='ltr'>iisdem</span> <span class='ocrx_word' id='word_1_247' title='bbox 1021 2492 1360 2557; x_wconf 83' lang='lat' dir='ltr'>afferendis</span> <span class='ocrx_word' id='word_1_248' title='bbox 1407 2492 1749 2570; x_wconf 85' lang='lat' dir='ltr'>abstinere,</span> <span class='ocrx_word' id='word_1_249' title='bbox 1801 2510 1948 2557; x_wconf 90' lang='lat' dir='ltr'>cum</span> <span class='ocrx_word' id='word_1_250' title='bbox 1991 2498 2426 2575; x_wconf 80' lang='lat' dir='ltr'>protestantes</span> <span class='ocrx_word' id='word_1_251' title='bbox 2475 2492 2598 2573; x_wconf 88' lang='lat' dir='ltr'>ipsi</span> <span class='ocrx_word' id='word_1_252' title='bbox 2629 2492 2967 2569; x_wconf 81' lang='lat' dir='ltr'>fateantur,</span> 
     </span>
     <span class='ocr_line' id='line_1_25' title="bbox 358 2597 2970 2681; baseline -0 -20"><span class='ocrx_word' id='word_1_253' title='bbox 358 2598 578 2680; x_wconf 87' lang='lat' dir='ltr'>primis</span> <span class='ocrx_word' id='word_1_254' title='bbox 610 2597 843 2662; x_wconf 90' lang='lat' dir='ltr'>seculis</span> <span class='ocrx_word' id='word_1_255' title='bbox 874 2598 1152 2679; x_wconf 84' lang='lat' dir='ltr'>viguisse</span> <span class='ocrx_word' id='word_1_256' title='bbox 1185 2599 1249 2661; x_wconf 90' lang='lat' dir='ltr'>in</span> <span class='ocrx_word' id='word_1_257' title='bbox 1288 2598 1573 2663; x_wconf 86' lang='lat' dir='ltr'>Ecclesia</span> <span class='ocrx_word' id='word_1_258' title='bbox 1603 2599 1773 2662; x_wconf 88' lang='lat' dir='ltr'>hanc</span> <span class='ocrx_word' id='word_1_259' title='bbox 1802 2599 2025 2663; x_wconf 86' lang='lat' dir='ltr'>fidem:</span> <span class='ocrx_word' id='word_1_260' title='bbox 2072 2599 2155 2662; x_wconf 92' lang='lat' dir='ltr'>ad</span> <span class='ocrx_word' id='word_1_261' title='bbox 2187 2598 2544 2681; x_wconf 87' lang='lat' dir='ltr'>pleniorem</span> <span class='ocrx_word' id='word_1_262' title='bbox 2574 2604 2791 2663; x_wconf 89' lang='lat' dir='ltr'>tamen</span> <span class='ocrx_word' id='word_1_263' title='bbox 2823 2597 2970 2663; x_wconf 88' lang='lat' dir='ltr'>fidei</span> 
     </span>
     <span class='ocr_line' id='line_1_26' title="bbox 358 2704 2268 2789; baseline 0.001 -20"><span class='ocrx_word' id='word_1_264' title='bbox 358 2706 716 2772; x_wconf 90' lang='lat' dir='ltr'>catholicae</span> <span class='ocrx_word' id='word_1_265' title='bbox 748 2704 1184 2770; x_wconf 87' lang='lat' dir='ltr'>defensionem</span> <span class='ocrx_word' id='word_1_266' title='bbox 1217 2713 1280 2771; x_wconf 92' lang='lat' dir='ltr'>et</span> <span class='ocrx_word' id='word_1_267' title='bbox 1313 2706 1803 2772; x_wconf 84' lang='lat' dir='ltr'>illustrationem</span> <span class='ocrx_word' id='word_1_268' title='bbox 1833 2726 2268 2789; x_wconf 89' lang='lat' dir='ltr'>provocamus</span> 
     </span>
    </p>
   </div>
   <div class='ocr_carea' id='block_1_4' title="bbox 359 2829 2980 3868">
    <p class='ocr_par' dir='ltr' id='par_1_4' title="bbox 359 2829 2980 3868">
     <span class='ocr_line' id='line_1_27' title="bbox 541 2829 2970 2913; baseline -0.002 -15"><span class='ocrx_word' id='word_1_269' title='bbox 541 2831 602 2898; x_wconf 91' lang='lat'>1.</span> <span class='ocrx_word' id='word_1_270' title='bbox 639 2830 722 2894; x_wconf 91' lang='lat' dir='ltr'>ad</span> <span class='ocrx_word' id='word_1_271' title='bbox 751 2829 1053 2913; x_wconf 90' lang='lat' dir='ltr'>loquendi</span> <span class='ocrx_word' id='word_1_272' title='bbox 1099 2831 1415 2896; x_wconf 89' lang='lat' dir='ltr'>rationem</span> <span class='ocrx_word' id='word_1_273' title='bbox 1459 2838 1713 2912; x_wconf 90' lang='lat' dir='ltr'>patrum</span> <span class='ocrx_word' id='word_1_274' title='bbox 1760 2837 1825 2895; x_wconf 88' lang='lat' dir='ltr'>et</span> <span class='ocrx_word' id='word_1_275' title='bbox 1872 2831 2267 2911; x_wconf 84' lang='lat' dir='ltr'>liturgiarum</span> <span class='ocrx_word' id='word_1_276' title='bbox 2313 2848 2353 2893; x_wconf 90' lang='lat' dir='ltr'>a</span> <span class='ocrx_word' id='word_1_277' title='bbox 2397 2829 2619 2911; x_wconf 91' lang='lat' dir='ltr'>primis</span> <span class='ocrx_word' id='word_1_278' title='bbox 2649 2829 2970 2894; x_wconf 88' lang='lat' dir='ltr'>Ecclesiae</span> 
     </span>
     <span class='ocr_line' id='line_1_28' title="bbox 362 2934 2970 3019; baseline 0 -20"><span class='ocrx_word' id='word_1_279' title='bbox 362 2935 625 3000; x_wconf 89' lang='lat' dir='ltr'>seculis:</span> <span class='ocrx_word' id='word_1_280' title='bbox 662 2934 901 3002; x_wconf 84' lang='lat' dir='ltr'>fatente</span> <span class='ocrx_word' id='word_1_281' title='bbox 934 2937 1073 3017; x_wconf 90' lang='lat' dir='ltr'>ipso</span> <span class='ocrx_word' id='word_1_282' title='bbox 1108 2935 1571 3001; x_wconf 87' lang='lat' dir='ltr'>Chemnitio</span> <span class='ocrx_word' id='word_1_283' title='bbox 1604 2936 1713 3000; x_wconf 83' lang='lat' dir='ltr'>Ex.</span> <span class='ocrx_word' id='word_1_284' title='bbox 1748 2953 1926 3000; x_wconf 91' lang='lat' dir='ltr'>conc.</span> <span class='ocrx_word' id='word_1_285' title='bbox 1960 2936 2101 3001; x_wconf 89' lang='lat' dir='ltr'>trid.</span> <span class='ocrx_word' id='word_1_286' title='bbox 2122 2936 2189 3013; x_wconf 85' lang='grc' dir='ltr'>ΙΙ,</span> <span class='ocrx_word' id='word_1_287' title='bbox 2213 2941 2359 3013; x_wconf 80' lang='lat'>782,</span> <span class='ocrx_word' id='word_1_288' title='bbox 2400 2937 2657 3017; x_wconf 84' lang='lat' dir='ltr'>,negari</span> <span class='ocrx_word' id='word_1_289' title='bbox 2674 2954 2807 3000; x_wconf 89' lang='lat' dir='ltr'>non</span> <span class='ocrx_word' id='word_1_290' title='bbox 2825 2944 2970 3019; x_wconf 88' lang='lat' dir='ltr'>pot-</span> 
     </span>
     <span class='ocr_line' id='line_1_29' title="bbox 360 3042 2972 3125; baseline -0.001 -17"><span class='ocrx_word' id='word_1_291' title='bbox 360 3050 479 3119; x_wconf 80' lang='lat' dir='ltr'>est,</span> <span class='ocrx_word' id='word_1_292' title='bbox 510 3049 779 3119; x_wconf 81' lang='lat' dir='ltr'>vetereS,</span> <span class='ocrx_word' id='word_1_293' title='bbox 812 3043 1071 3125; x_wconf 89' lang='lat' dir='ltr'>quando</span> <span class='ocrx_word' id='word_1_294' title='bbox 1104 3043 1453 3124; x_wconf 89' lang='lat' dir='ltr'>loquuntur</span> <span class='ocrx_word' id='word_1_295' title='bbox 1483 3043 1564 3107; x_wconf 92' lang='lat' dir='ltr'>de</span> <span class='ocrx_word' id='word_1_296' title='bbox 1596 3043 2032 3107; x_wconf 88' lang='lat' dir='ltr'>celebratione</span> <span class='ocrx_word' id='word_1_297' title='bbox 2078 3059 2324 3107; x_wconf 89' lang='lat' dir='ltr'>coenae</span> <span class='ocrx_word' id='word_1_298' title='bbox 2369 3042 2744 3119; x_wconf 84' lang='lat' dir='ltr'>dominicae,</span> <span class='ocrx_word' id='word_1_299' title='bbox 2785 3061 2972 3106; x_wconf 89' lang='lat' dir='ltr'>usur-</span> 
     </span>
     <span class='ocr_line' id='line_1_30' title="bbox 360 3148 2971 3232; baseline -0 -19"><span class='ocrx_word' id='word_1_300' title='bbox 360 3168 519 3232; x_wconf 89' lang='lat' dir='ltr'>pare</span> <span class='ocrx_word' id='word_1_301' title='bbox 547 3148 870 3213; x_wconf 86' lang='lat' dir='ltr'>vocabula</span> <span class='ocrx_word' id='word_1_302' title='bbox 900 3148 1211 3225; x_wconf 80' lang='lat' dir='ltr'>sacrificii,</span> <span class='ocrx_word' id='word_1_303' title='bbox 1244 3149 1720 3225; x_wconf 75' lang='lat' dir='ltr'>immolationiS,</span> <span class='ocrx_word' id='word_1_304' title='bbox 1754 3149 2123 3226; x_wconf 82' lang='lat' dir='ltr'>oblationiS‚</span> <span class='ocrx_word' id='word_1_305' title='bbox 2157 3149 2425 3225; x_wconf 88' lang='lat' dir='ltr'>hostiae,</span> <span class='ocrx_word' id='word_1_306' title='bbox 2459 3150 2787 3214; x_wconf 86' lang='lat' dir='ltr'>victimae:</span> <span class='ocrx_word' id='word_1_307' title='bbox 2819 3149 2971 3214; x_wconf 88' lang='lat' dir='ltr'>item</span> 
     </span>
     <span class='ocr_line' id='line_1_31' title="bbox 361 3253 2974 3337; baseline -0.001 -18"><span class='ocrx_word' id='word_1_308' title='bbox 361 3255 457 3320; x_wconf 89' lang='lat' dir='ltr'>uti</span> <span class='ocrx_word' id='word_1_309' title='bbox 488 3255 702 3320; x_wconf 81' lang='lat' dir='ltr'>verbis</span> <span class='ocrx_word' id='word_1_310' title='bbox 734 3254 977 3331; x_wconf 82' lang='lat' dir='ltr'>offerre,</span> <span class='ocrx_word' id='word_1_311' title='bbox 1009 3254 1395 3330; x_wconf 74' lang='lat' dir='ltr'>sacrificare,</span> <span class='ocrx_word' id='word_1_312' title='bbox 1428 3254 1816 3322; x_wconf 66' lang='lat' dir='ltr'>immolare«</span> <span class='ocrx_word' id='word_1_313' title='bbox 1856 3253 2049 3337; x_wconf 89' lang='lat' dir='ltr'>Atqui</span> <span class='ocrx_word' id='word_1_314' title='bbox 2069 3253 2271 3318; x_wconf 89' lang='lat' dir='ltr'>verba</span> <span class='ocrx_word' id='word_1_315' title='bbox 2300 3260 2449 3317; x_wconf 90' lang='lat' dir='ltr'>sunt</span> <span class='ocrx_word' id='word_1_316' title='bbox 2466 3253 2754 3320; x_wconf 89' lang='lat' dir='ltr'>idearum</span> <span class='ocrx_word' id='word_1_317' title='bbox 2775 3255 2974 3335; x_wconf 88' lang='lat' dir='ltr'>signa.</span> 
     </span>
     <span class='ocr_line' id='line_1_32' title="bbox 364 3360 2977 3444; baseline 0 -18"><span class='ocrx_word' id='word_1_318' title='bbox 364 3363 529 3442; x_wconf 89' lang='lat' dir='ltr'>Ergo</span> <span class='ocrx_word' id='word_1_319' title='bbox 561 3360 864 3444; x_wconf 87' lang='lat' dir='ltr'>loquendi</span> <span class='ocrx_word' id='word_1_320' title='bbox 894 3379 1015 3424; x_wconf 92' lang='lat' dir='ltr'>usu</span> <span class='ocrx_word' id='word_1_321' title='bbox 1047 3361 1448 3443; x_wconf 88' lang='lat' dir='ltr'>antiquitatis</span> <span class='ocrx_word' id='word_1_322' title='bbox 1498 3360 1825 3424; x_wconf 90' lang='lat' dir='ltr'>communi</span> <span class='ocrx_word' id='word_1_323' title='bbox 1866 3360 2328 3434; x_wconf 81' lang='lat' dir='ltr'>manitestatur,</span> <span class='ocrx_word' id='word_1_324' title='bbox 2378 3360 2597 3426; x_wconf 91' lang='lat' dir='ltr'>fideles</span> <span class='ocrx_word' id='word_1_325' title='bbox 2630 3360 2977 3426; x_wconf 87' lang='lat' dir='ltr'>credidisse</span> 
     </span>
     <span class='ocr_line' id='line_1_33' title="bbox 359 3465 2976 3549; baseline 0 -15"><span class='ocrx_word' id='word_1_326' title='bbox 359 3468 789 3534; x_wconf 87' lang='lat' dir='ltr'>eucharistiae</span> <span class='ocrx_word' id='word_1_327' title='bbox 822 3466 1322 3532; x_wconf 86' lang='lat' dir='ltr'>celebrationem</span> <span class='ocrx_word' id='word_1_328' title='bbox 1355 3483 1577 3531; x_wconf 83' lang='lat' dir='ltr'>verum</span> <span class='ocrx_word' id='word_1_329' title='bbox 1610 3483 1753 3531; x_wconf 90' lang='lat' dir='ltr'>esse</span> <span class='ocrx_word' id='word_1_330' title='bbox 1786 3466 2188 3530; x_wconf 78' lang='lat' dir='ltr'>sacrificium.</span> <span class='ocrx_word' id='word_1_331' title='bbox 2252 3465 2657 3549; x_wconf 86' lang='lat' dir='ltr'>Quapropter</span> <span class='ocrx_word' id='word_1_332' title='bbox 2687 3468 2790 3531; x_wconf 91' lang='lat' dir='ltr'>Lu</span> <span class='ocrx_word' id='word_1_333' title='bbox 2809 3469 2891 3533; x_wconf 90' lang='lat' dir='ltr'>th</span> <span class='ocrx_word' id='word_1_334' title='bbox 2907 3487 2976 3534; x_wconf 88' lang='lat' dir='ltr'>e-</span> 
     </span>
     <span class='ocr_line' id='line_1_34' title="bbox 362 3574 2977 3655; baseline -0.001 -16"><span class='ocrx_word' id='word_1_335' title='bbox 362 3594 498 3639; x_wconf 86' lang='lat' dir='ltr'>rus</span> <span class='ocrx_word' id='word_1_336' title='bbox 530 3574 611 3639; x_wconf 91' lang='lat' dir='ltr'>de</span> <span class='ocrx_word' id='word_1_337' title='bbox 642 3581 808 3655; x_wconf 88' lang='lat' dir='ltr'>capt.</span> <span class='ocrx_word' id='word_1_338' title='bbox 841 3575 989 3638; x_wconf 86' lang='lat' dir='ltr'>bah.</span> <span class='ocrx_word' id='word_1_339' title='bbox 1022 3592 1072 3638; x_wconf 92' lang='lat' dir='ltr'>c.</span> <span class='ocrx_word' id='word_1_340' title='bbox 1112 3581 1144 3642; x_wconf 87' lang='lat'>1</span> <span class='ocrx_word' id='word_1_341' title='bbox 1183 3574 1392 3638; x_wconf 87' lang='lat' dir='ltr'>fassus</span> <span class='ocrx_word' id='word_1_342' title='bbox 1426 3581 1553 3640; x_wconf 90' lang='lat' dir='ltr'>est:</span> <span class='ocrx_word' id='word_1_343' title='bbox 1596 3574 1832 3649; x_wconf 84' lang='lat' dir='ltr'>,Missa</span> <span class='ocrx_word' id='word_1_344' title='bbox 1849 3574 2134 3638; x_wconf 88' lang='lat' dir='ltr'>creditur</span> <span class='ocrx_word' id='word_1_345' title='bbox 2153 3575 2394 3655; x_wconf 88' lang='lat' dir='ltr'>passim</span> <span class='ocrx_word' id='word_1_346' title='bbox 2416 3592 2561 3638; x_wconf 90' lang='lat' dir='ltr'>esse</span> <span class='ocrx_word' id='word_1_347' title='bbox 2579 3574 2977 3651; x_wconf 84' lang='lat' dir='ltr'>sacrificium,</span> 
     </span>
     <span class='ocr_line' id='line_1_35' title="bbox 361 3679 2980 3763; baseline -0 -17"><span class='ocrx_word' id='word_1_348' title='bbox 361 3680 536 3763; x_wconf 87' lang='lat' dir='ltr'>quod</span> <span class='ocrx_word' id='word_1_349' title='bbox 568 3679 828 3746; x_wconf 82' lang='lat' dir='ltr'>offertur</span> <span class='ocrx_word' id='word_1_350' title='bbox 859 3679 1010 3744; x_wconf 93' lang='lat' dir='ltr'>Deo.</span> <span class='ocrx_word' id='word_1_351' title='bbox 1062 3681 1393 3745; x_wconf 88' lang='lat' dir='ltr'>Accedunt</span> <span class='ocrx_word' id='word_1_352' title='bbox 1423 3680 1524 3743; x_wconf 93' lang='lat' dir='ltr'>his</span> <span class='ocrx_word' id='word_1_353' title='bbox 1558 3680 1729 3743; x_wconf 90' lang='lat' dir='ltr'>dicta</span> <span class='ocrx_word' id='word_1_354' title='bbox 1761 3699 1843 3742; x_wconf 79' lang='lat' dir='ltr'>ss‚</span> <span class='ocrx_word' id='word_1_355' title='bbox 1876 3686 2149 3760; x_wconf 84' lang='lat' dir='ltr'>patrum,</span> <span class='ocrx_word' id='word_1_356' title='bbox 2181 3685 2280 3743; x_wconf 87' lang='lat' dir='ltr'>tot</span> <span class='ocrx_word' id='word_1_357' title='bbox 2311 3679 2605 3761; x_wconf 83' lang='lat' dir='ltr'>exempla</span> <span class='ocrx_word' id='word_1_358' title='bbox 2635 3687 2980 3762; x_wconf 89' lang='lat' dir='ltr'>tantusque</span> 
     </span>
     <span class='ocr_line' id='line_1_36' title="bbox 365 3785 1801 3868; baseline -0.001 -18"><span class='ocrx_word' id='word_1_359' title='bbox 365 3806 523 3850; x_wconf 85' lang='lat' dir='ltr'>usus</span> <span class='ocrx_word' id='word_1_360' title='bbox 554 3805 669 3868; x_wconf 88' lang='lat' dir='ltr'>per</span> <span class='ocrx_word' id='word_1_361' title='bbox 700 3785 927 3853; x_wconf 87' lang='lat' dir='ltr'>orbem</span> <span class='ocrx_word' id='word_1_362' title='bbox 958 3795 1333 3852; x_wconf 89' lang='lat' dir='ltr'>constanter</span> <span class='ocrx_word' id='word_1_363' title='bbox 1364 3786 1801 3852; x_wconf 67' lang='lat' dir='ltr'>observatus«</span> 
     </span>
    </p>
   </div>
   <div class='ocr_carea' id='block_1_5' title="bbox 361 3933 3068 4814">
    <p class='ocr_par' dir='ltr' id='par_1_5' title="bbox 361 3933 3068 4814">
     <span class='ocr_line' id='line_1_37' title="bbox 540 3933 2978 4010; baseline -0 -17"><span class='ocrx_word' id='word_1_364' title='bbox 540 3935 751 3993; x_wconf 89' lang='lat' dir='ltr'>Plures</span> <span class='ocrx_word' id='word_1_365' title='bbox 784 3934 1074 4008; x_wconf 88' lang='lat' dir='ltr'>ejusmodi</span> <span class='ocrx_word' id='word_1_366' title='bbox 1108 3934 1505 3993; x_wconf 86' lang='lat' dir='ltr'>confessiones</span> <span class='ocrx_word' id='word_1_367' title='bbox 1540 3934 1624 4010; x_wconf 90' lang='lat' dir='ltr'>(et</span> <span class='ocrx_word' id='word_1_368' title='bbox 1655 3933 1993 3992; x_wconf 91' lang='lat' dir='ltr'>inconditas</span> <span class='ocrx_word' id='word_1_369' title='bbox 2012 3936 2365 3992; x_wconf 86' lang='lat' dir='ltr'>novatorum</span> <span class='ocrx_word' id='word_1_370' title='bbox 2386 3951 2577 4002; x_wconf 81' lang='lat' dir='ltr'>voces,</span> <span class='ocrx_word' id='word_1_371' title='bbox 2599 3937 2670 3991; x_wconf 93' lang='lat' dir='ltr'>ut</span> <span class='ocrx_word' id='word_1_372' title='bbox 2691 3951 2872 4008; x_wconf 88' lang='lat' dir='ltr'>supra</span> <span class='ocrx_word' id='word_1_373' title='bbox 2891 3934 2978 3992; x_wconf 92' lang='lat' dir='ltr'>di-</span> 
     </span>
     <span class='ocr_line' id='line_1_38' title="bbox 361 4018 2981 4103; baseline 0 -23"><span class='ocrx_word' id='word_1_374' title='bbox 361 4018 585 4103; x_wconf 82' lang='lat' dir='ltr'>ximus)</span> <span class='ocrx_word' id='word_1_375' title='bbox 617 4023 877 4098; x_wconf 89' lang='lat' dir='ltr'>reperies</span> <span class='ocrx_word' id='word_1_376' title='bbox 904 4022 1069 4098; x_wconf 89' lang='lat' dir='ltr'>apud</span> <span class='ocrx_word' id='word_1_377' title='bbox 1102 4023 1484 4082; x_wconf 82' lang='lat' dir='ltr'>Muratori</span> <span class='ocrx_word' id='word_1_378' title='bbox 1531 4023 1675 4080; x_wconf 86' lang='lat' dir='ltr'>diss.</span> <span class='ocrx_word' id='word_1_379' title='bbox 1707 4022 1781 4080; x_wconf 92' lang='lat' dir='ltr'>de</span> <span class='ocrx_word' id='word_1_380' title='bbox 1813 4023 1994 4081; x_wconf 89' lang='lat' dir='ltr'>rebus</span> <span class='ocrx_word' id='word_1_381' title='bbox 2027 4023 2230 4100; x_wconf 87' lang='lat' dir='ltr'>liturg.</span> <span class='ocrx_word' id='word_1_382' title='bbox 2263 4041 2309 4085; x_wconf 90' lang='lat' dir='ltr'>c.</span> <span class='ocrx_word' id='word_1_383' title='bbox 2348 4033 2446 4092; x_wconf 87' lang='grc'>16,</span> <span class='ocrx_word' id='word_1_384' title='bbox 2491 4022 2599 4081; x_wconf 90' lang='lat' dir='ltr'>ubi</span> <span class='ocrx_word' id='word_1_385' title='bbox 2645 4022 2868 4081; x_wconf 80' lang='lat' dir='ltr'>invicte</span> <span class='ocrx_word' id='word_1_386' title='bbox 2913 4042 2981 4081; x_wconf 80' lang='lat' dir='ltr'>ex</span> 
     </span>
     <span class='ocr_line' id='line_1_39' title="bbox 364 4111 2983 4190; baseline 0 -20"><span class='ocrx_word' id='word_1_387' title='bbox 364 4111 634 4188; x_wconf 88' lang='lat' dir='ltr'>liturgiis</span> <span class='ocrx_word' id='word_1_388' title='bbox 655 4111 926 4170; x_wconf 87' lang='lat' dir='ltr'>sacrificii</span> <span class='ocrx_word' id='word_1_389' title='bbox 958 4112 1085 4170; x_wconf 84' lang='lat' dir='ltr'>veri</span> <span class='ocrx_word' id='word_1_390' title='bbox 1118 4112 1470 4190; x_wconf 86' lang='lat' dir='ltr'>dignitatem</span> <span class='ocrx_word' id='word_1_391' title='bbox 1488 4111 1701 4170; x_wconf 87' lang='lat' dir='ltr'>missae</span> <span class='ocrx_word' id='word_1_392' title='bbox 1720 4111 2002 4182; x_wconf 81' lang='lat' dir='ltr'>vindicat,</span> <span class='ocrx_word' id='word_1_393' title='bbox 2038 4112 2194 4170; x_wconf 90' lang='lat' dir='ltr'>sicut</span> <span class='ocrx_word' id='word_1_394' title='bbox 2225 4114 2285 4169; x_wconf 90' lang='lat' dir='ltr'>et</span> <span class='ocrx_word' id='word_1_395' title='bbox 2316 4111 2381 4170; x_wconf 90' lang='lat' dir='ltr'>in</span> <span class='ocrx_word' id='word_1_396' title='bbox 2411 4112 2507 4169; x_wconf 89' lang='lat' dir='ltr'>As</span> <span class='ocrx_word' id='word_1_397' title='bbox 2526 4112 2815 4169; x_wconf 88' lang='lat' dir='ltr'>semani</span> <span class='ocrx_word' id='word_1_398' title='bbox 2847 4112 2983 4170; x_wconf 80' lang='lat' dir='ltr'>diss,</span> 
     </span>
     <span class='ocr_line' id='line_1_40' title="bbox 364 4199 2986 4278; baseline 0 -21"><span class='ocrx_word' id='word_1_399' title='bbox 364 4199 441 4259; x_wconf 89' lang='lat' dir='ltr'>de</span> <span class='ocrx_word' id='word_1_400' title='bbox 473 4200 697 4277; x_wconf 88' lang='lat' dir='ltr'>origine</span> <span class='ocrx_word' id='word_1_401' title='bbox 728 4199 936 4277; x_wconf 90' lang='lat' dir='ltr'>liturg.</span> <span class='ocrx_word' id='word_1_402' title='bbox 971 4202 1298 4276; x_wconf 89' lang='lat' dir='ltr'>praemissa</span> <span class='ocrx_word' id='word_1_403' title='bbox 1328 4201 1368 4258; x_wconf 91' lang='lat' dir='ltr'>l.</span> <span class='ocrx_word' id='word_1_404' title='bbox 1404 4210 1439 4262; x_wconf 87' lang='lat'>4</span> <span class='ocrx_word' id='word_1_405' title='bbox 1477 4200 1602 4264; x_wconf 83' lang='lat' dir='ltr'>cod.</span> <span class='ocrx_word' id='word_1_406' title='bbox 1633 4200 1841 4278; x_wconf 88' lang='lat' dir='ltr'>liturg.</span> <span class='ocrx_word' id='word_1_407' title='bbox 1874 4200 2168 4259; x_wconf 88' lang='lat' dir='ltr'>Ecclesiae</span> <span class='ocrx_word' id='word_1_408' title='bbox 2200 4200 2366 4264; x_wconf 86' lang='lat' dir='ltr'>univ.</span> <span class='ocrx_word' id='word_1_409' title='bbox 2430 4199 2596 4259; x_wconf 87' lang='lat' dir='ltr'>Inter</span> <span class='ocrx_word' id='word_1_410' title='bbox 2635 4218 2731 4258; x_wconf 91' lang='lat' dir='ltr'>eas</span> <span class='ocrx_word' id='word_1_411' title='bbox 2762 4200 2986 4260; x_wconf 89' lang='lat' dir='ltr'>eminet</span> 
     </span>
     <span class='ocr_line' id='line_1_41' title="bbox 365 4287 3068 4365; baseline 0.001 -18"><span class='ocrx_word' id='word_1_412' title='bbox 365 4289 474 4347; x_wconf 89' lang='lat' dir='ltr'>illa</span> <span class='ocrx_word' id='word_1_413' title='bbox 501 4287 671 4347; x_wconf 84' lang='lat' dir='ltr'>Joan.</span> <span class='ocrx_word' id='word_1_414' title='bbox 690 4288 931 4348; x_wconf 89' lang='lat' dir='ltr'>Ernesti</span> <span class='ocrx_word' id='word_1_415' title='bbox 965 4290 1264 4361; x_wconf 88' lang='lat' dir='ltr'>Grabii,</span> <span class='ocrx_word' id='word_1_416' title='bbox 1299 4289 1404 4365; x_wconf 91' lang='lat' dir='ltr'>qui</span> <span class='ocrx_word' id='word_1_417' title='bbox 1436 4289 1511 4347; x_wconf 89' lang='lat' dir='ltr'>ad</span> <span class='ocrx_word' id='word_1_418' title='bbox 1540 4289 1765 4347; x_wconf 89' lang='lat' dir='ltr'>Irenaei</span> <span class='ocrx_word' id='word_1_419' title='bbox 1788 4289 1884 4358; x_wconf 90' lang='lat' dir='ltr'>IV,</span> <span class='ocrx_word' id='word_1_420' title='bbox 1930 4299 1999 4351; x_wconf 84' lang='lat'>17</span> <span class='ocrx_word' id='word_1_421' title='bbox 2037 4289 2113 4353; x_wconf 85' lang='lat' dir='ltr'>al.</span> <span class='ocrx_word' id='word_1_422' title='bbox 2137 4297 2216 4352; x_wconf 88' lang='lat'>33</span> <span class='ocrx_word' id='word_1_423' title='bbox 2251 4288 2525 4348; x_wconf 87' lang='lat' dir='ltr'>adnotat:</span> <span class='ocrx_word' id='word_1_424' title='bbox 2560 4289 2844 4359; x_wconf 80' lang='lat' dir='ltr'>‚Certum</span> <span class='ocrx_word' id='word_1_425' title='bbox 2875 4293 2982 4356; x_wconf 82' lang='lat' dir='ltr'>est,</span> <span class='ocrx_word' id='word_1_426' title='bbox 3060 4307 3068 4311; x_wconf 83' lang='lat'><em>·</em></span> 
     </span>
     <span class='ocr_line' id='line_1_42' title="bbox 370 4377 2987 4455; baseline 0.001 -21"><span class='ocrx_word' id='word_1_427' title='bbox 370 4396 417 4434; x_wconf 90' lang='lat' dir='ltr'>s.</span> <span class='ocrx_word' id='word_1_428' title='bbox 434 4378 476 4444; x_wconf 68' lang='grc' dir='ltr'>ΔΙ</span> <span class='ocrx_word' id='word_1_429' title='bbox 493 4396 623 4436; x_wconf 86' lang='lat' dir='ltr'>ren</span> <span class='ocrx_word' id='word_1_430' title='bbox 638 4398 671 4435; x_wconf 86' lang='lat' dir='ltr'>a</span> <span class='ocrx_word' id='word_1_431' title='bbox 686 4396 773 4436; x_wconf 90' lang='lat' dir='ltr'>eu</span> <span class='ocrx_word' id='word_1_432' title='bbox 791 4397 849 4435; x_wconf 90' lang='lat' dir='ltr'>m</span> <span class='ocrx_word' id='word_1_433' title='bbox 882 4377 1145 4454; x_wconf 88' lang='lat' dir='ltr'>aliosque</span> <span class='ocrx_word' id='word_1_434' title='bbox 1164 4381 1387 4455; x_wconf 70' lang='lat' dir='ltr'>patrea,</span> <span class='ocrx_word' id='word_1_435' title='bbox 1423 4396 1679 4454; x_wconf 87' lang='lat' dir='ltr'>quorum</span> <span class='ocrx_word' id='word_1_436' title='bbox 1699 4378 1924 4454; x_wconf 88' lang='lat' dir='ltr'>scripta</span> <span class='ocrx_word' id='word_1_437' title='bbox 1943 4378 2247 4447; x_wconf 77' lang='lat' dir='ltr'>habemuS,</span> <span class='ocrx_word' id='word_1_438' title='bbox 2281 4379 2402 4436; x_wconf 87' lang='lat' dir='ltr'>tam</span> <span class='ocrx_word' id='word_1_439' title='bbox 2433 4395 2551 4449; x_wconf 75' lang='lat' dir='ltr'>eoa,</span> <span class='ocrx_word' id='word_1_440' title='bbox 2581 4378 2689 4454; x_wconf 91' lang='lat' dir='ltr'>qui</span> <span class='ocrx_word' id='word_1_441' title='bbox 2707 4380 2987 4439; x_wconf 78' lang='lat' dir='ltr'>viderunt</span> 
     </span>
     <span class='ocr_line' id='line_1_43' title="bbox 366 4466 2985 4543; baseline 0.001 -19"><span class='ocrx_word' id='word_1_442' title='bbox 366 4466 682 4541; x_wconf 77' lang='lat' dir='ltr'>apostOIOS,</span> <span class='ocrx_word' id='word_1_443' title='bbox 715 4485 894 4541; x_wconf 89' lang='lat' dir='ltr'>quam</span> <span class='ocrx_word' id='word_1_444' title='bbox 924 4485 1041 4538; x_wconf 78' lang='lat' dir='ltr'>e08,</span> <span class='ocrx_word' id='word_1_445' title='bbox 1089 4467 1197 4543; x_wconf 91' lang='lat' dir='ltr'>qui</span> <span class='ocrx_word' id='word_1_446' title='bbox 1228 4467 1568 4526; x_wconf 88' lang='lat' dir='ltr'>immediate</span> <span class='ocrx_word' id='word_1_447' title='bbox 1600 4467 1749 4542; x_wconf 89' lang='lat' dir='ltr'>ipsis</span> <span class='ocrx_word' id='word_1_448' title='bbox 1783 4470 2214 4535; x_wconf 84' lang='lat' dir='ltr'>successerunt,</span> <span class='ocrx_word' id='word_1_449' title='bbox 2249 4470 2540 4543; x_wconf 86' lang='lat' dir='ltr'>spectasse</span> <span class='ocrx_word' id='word_1_450' title='bbox 2571 4467 2985 4527; x_wconf 89' lang='lat' dir='ltr'>eucharistiam</span> 
     </span>
     <span class='ocr_line' id='line_1_44' title="bbox 372 4555 2987 4632; baseline 0.001 -19"><span class='ocrx_word' id='word_1_451' title='bbox 372 4555 542 4613; x_wconf 79' lang='lat' dir='ltr'>velut</span> <span class='ocrx_word' id='word_1_452' title='bbox 572 4555 923 4614; x_wconf 86' lang='lat' dir='ltr'>sacrificium</span> <span class='ocrx_word' id='word_1_453' title='bbox 955 4574 1141 4614; x_wconf 84' lang='lat' dir='ltr'>novae</span> <span class='ocrx_word' id='word_1_454' title='bbox 1174 4557 1341 4632; x_wconf 85' lang='lat' dir='ltr'>legis,</span> <span class='ocrx_word' id='word_1_455' title='bbox 1376 4559 1437 4614; x_wconf 91' lang='lat' dir='ltr'>et</span> <span class='ocrx_word' id='word_1_456' title='bbox 1467 4556 1756 4614; x_wconf 90' lang='lat' dir='ltr'>obtulisse</span> <span class='ocrx_word' id='word_1_457' title='bbox 1791 4557 1910 4614; x_wconf 91' lang='lat' dir='ltr'>Deo</span> <span class='ocrx_word' id='word_1_458' title='bbox 1941 4556 2106 4614; x_wconf 87' lang='lat' dir='ltr'>Patri</span> <span class='ocrx_word' id='word_1_459' title='bbox 2138 4575 2318 4631; x_wconf 90' lang='lat' dir='ltr'>super</span> <span class='ocrx_word' id='word_1_460' title='bbox 2347 4556 2534 4614; x_wconf 81' lang='lat' dir='ltr'>altare</span> <span class='ocrx_word' id='word_1_461' title='bbox 2566 4576 2777 4631; x_wconf 90' lang='lat' dir='ltr'>panem</span> <span class='ocrx_word' id='word_1_462' title='bbox 2809 4561 2872 4615; x_wconf 90' lang='lat' dir='ltr'>et</span> <span class='ocrx_word' id='word_1_463' title='bbox 2900 4557 2987 4616; x_wconf 84' lang='lat' dir='ltr'>vi-</span> 
     </span>
     <span class='ocr_line' id='line_1_45' title="bbox 368 4643 2990 4724; baseline 0.001 -22"><span class='ocrx_word' id='word_1_464' title='bbox 368 4663 535 4715; x_wconf 90' lang='lat' dir='ltr'>num,</span> <span class='ocrx_word' id='word_1_465' title='bbox 581 4645 719 4703; x_wconf 89' lang='lat' dir='ltr'>ante</span> <span class='ocrx_word' id='word_1_466' title='bbox 765 4645 1265 4704; x_wconf 89' lang='lat' dir='ltr'>consecrationem</span> <span class='ocrx_word' id='word_1_467' title='bbox 1297 4643 1540 4722; x_wconf 89' lang='lat' dir='ltr'>quidem</span> <span class='ocrx_word' id='word_1_468' title='bbox 1570 4648 1876 4720; x_wconf 89' lang='lat' dir='ltr'>tamquam</span> <span class='ocrx_word' id='word_1_469' title='bbox 1910 4645 2203 4721; x_wconf 88' lang='lat' dir='ltr'>primitias</span> <span class='ocrx_word' id='word_1_470' title='bbox 2235 4653 2641 4704; x_wconf 88' lang='lat' dir='ltr'>creaturarum</span> <span class='ocrx_word' id='word_1_471' title='bbox 2670 4645 2744 4704; x_wconf 90' lang='lat' dir='ltr'>ad</span> <span class='ocrx_word' id='word_1_472' title='bbox 2790 4664 2990 4724; x_wconf 87' lang='lat' dir='ltr'>recog—</span> 
     </span>
     <span class='ocr_line' id='line_1_46' title="bbox 370 4728 2994 4814; baseline -0.001 -21"><span class='ocrx_word' id='word_1_473' title='bbox 370 4732 735 4793; x_wconf 86' lang='lat' dir='ltr'>noscendum</span> <span class='ocrx_word' id='word_1_474' title='bbox 768 4752 1113 4810; x_wconf 88' lang='lat' dir='ltr'>supremum</span> <span class='ocrx_word' id='word_1_475' title='bbox 1146 4736 1274 4811; x_wconf 89' lang='lat' dir='ltr'>ejus</span> <span class='ocrx_word' id='word_1_476' title='bbox 1307 4735 1370 4792; x_wconf 92' lang='lat' dir='ltr'>in</span> <span class='ocrx_word' id='word_1_477' title='bbox 1410 4752 1503 4793; x_wconf 89' lang='lat' dir='ltr'>res</span> <span class='ocrx_word' id='word_1_478' title='bbox 1536 4752 1738 4792; x_wconf 89' lang='lat' dir='ltr'>omnes</span> <span class='ocrx_word' id='word_1_479' title='bbox 1772 4732 2144 4793; x_wconf 87' lang='lat' dir='ltr'>dominatum</span> <span class='ocrx_word' id='word_1_480' title='bbox 2179 4728 2307 4814; x_wconf 87' lang='lat' dir='ltr'>(sed</span> <span class='ocrx_word' id='word_1_481' title='bbox 2341 4734 2411 4798; x_wconf 84' lang='lat' dir='ltr'>cf.</span> <span class='ocrx_word' id='word_1_482' title='bbox 2442 4754 2498 4798; x_wconf 84' lang='lat' dir='ltr'>n.</span> <span class='ocrx_word' id='word_1_483' title='bbox 2535 4731 2706 4814; x_wconf 82' lang='lat'>513),</span> <span class='ocrx_word' id='word_1_484' title='bbox 2753 4737 2815 4793; x_wconf 89' lang='lat' dir='ltr'>et</span> <span class='ocrx_word' id='word_1_485' title='bbox 2859 4736 2994 4810; x_wconf 89' lang='lat' dir='ltr'>post</span> 
     </span>
    </p>
   </div>
   <div class='ocr_carea' id='block_1_6' title="bbox 2566 4833 2659 4890">
    <p class='ocr_par' dir='ltr' id='par_1_6' title="bbox 2566 4833 2659 4890">
     <span class='ocr_line' id='line_1_47' title="bbox 2566 4833 2659 4890; baseline 0 0"><span class='ocrx_word' id='word_1_486' title='bbox 2566 4833 2659 4890; x_wconf 82' lang='lat'>25·</span> 
     </span>
    </p>
   </div>
  </div>
 </body>
</html>
