3538 5364
417 204 549 267 478
896 193 1079 247 Tract.
1110 194 1201 246 lx.
1228 194 1297 247 de
1326 194 1699 265 poenitentia..
1728 195 2160 264 Chrysostomus
2188 197 2530 251 vindicatur.

417 377 661 458 genda3
697 373 797 439 vel
830 374 909 437 de
944 375 1226 454 peccatis
1258 382 1580 456 potestate
1613 377 1889 441 clavium
1921 379 2051 441 iam
2085 379 2385 452 remissis,
2419 395 2587 460 quae
2620 377 2815 441 etiam
2846 384 3039 459 atque

422 485 617 547 etiam
651 482 884 546 deflere
917 487 1170 562 oportet
1190 482 1541 546 secundum
1563 481 1883 565 Sapientis
1898 485 2263 548 consilium:
2302 484 2400 548 De
2414 486 2763 572 propitiato
2785 492 3042 570 peccato

422 590 548 654 noli
579 610 703 653 esse
733 590 865 651 sine
899 595 1062 650 meta
1095 587 1305 674 (Eccli.
1328 593 1386 665 5,
1407 591 1509 676 5);
1542 589 1641 652 vel
1673 589 1948 671 denique
1981 590 2060 655 de
2093 609 2172 654 ea
2203 590 2624 668 confessione,
2657 610 2784 674 qua
2816 609 3040 655 coram

424 699 557 763 Deo
591 704 858 779 peccata
889 703 1115 760 nostra
1147 704 1684 776 recognoscentes
1718 716 1798 762 ea
1830 698 2225 762 detestamur
2257 715 2333 761 ac
2366 699 2672 778 lugemuS,
2707 705 2770 763 et
2800 699 2891 761 ita
2921 717 3040 761 nos

419 805 506 869 ad
538 805 713 868 illam
746 803 1141 884 disponimus
1175 801 1662 880 confessionem,
1711 822 1879 886 quae
1923 804 2113 885 hujus
2164 810 2262 868 est
2292 802 2551 880 fructuS,
2583 822 2877 886 quaeque
2909 804 3039 867 cla-

422 913 600 974 vium
630 915 952 992 potestate
983 908 1436 973 remissionem
1457 910 1757 992 impetrat
1778 917 2207 991 peccatorum.
2240 910 2339 973 Ad
2371 929 2508 975 rem
2528 931 2575 973 s,
2609 910 3041 974 Anselmus

425 1019 489 1082 in
521 1018 734 1082 medit.
768 1035 963 1098 supra
994 1016 1331 1082 Miserere:
1373 1018 1671 1092 „Interim
1705 1037 1837 1082 non
1868 1036 2131 1100 parcam
2165 1020 2261 1082 ori
2291 1037 2456 1093 me0,
2479 1018 2592 1083 sed
2612 1018 2719 1081 ibo
2741 1025 2807 1083 et
2826 1036 3041 1083 sacer-

419 1123 683 1189 dotibus
716 1143 819 1188 me
853 1123 1210 1200 ostendam,
1247 1134 1565 1205 quatenus
1599 1124 1710 1188 fiat
1743 1131 1806 1189 et
1837 1124 2008 1201 mihi,
2041 1132 2112 1188 ut
2144 1124 2296 1187 dum
2328 1125 2566 1200 vixerO,
2598 1123 2749 1188 fiam
2768 1124 3044 1187 munda-

425 1239 562 1307 tus;
597 1230 749 1312 quia
781 1230 1036 1293 animae
1068 1247 1254 1293 meae
1285 1228 1535 1310 lepram
1556 1249 1688 1293 non
1707 1249 1973 1311 possum
1994 1249 2142 1295 vere
2176 1230 2517 1295 ostendere
2550 1230 2886 1314 sacerdoti,
2919 1229 3042 1292 nisi

425 1339 600 1420 prius
632 1337 746 1400 tibi
778 1355 923 1400 eam
956 1336 1300 1402 ostendero
1334 1345 1398 1401 et
1431 1344 1497 1401 tu
1528 1337 1699 1400 mihi.
1762 1336 2019 1403 Certum
2054 1345 2153 1403 est
2184 1338 2354 1403 enim
2386 1338 2643 1401 nonnisi
2675 1337 2740 1400 in
2758 1336 3045 1401 Ecclesia

428 1444 701 1508 obtineri
732 1462 926 1524 posse
959 1449 1368 1523 peccatorum
1400 1444 1846 1508 remissionem
1882 1445 1972 1529 (in
2007 1443 2154 1507 bibl.
2175 1443 2294 1506 ΡΡ.
2318 1444 2413 1508 ed.
2435 1443 2577 1507 Mai
2615 1444 2655 1518 1,
2688 1448 2896 1512 50911.
2914 1445 3035 1526 9).‹

366 1548 372 1554 ’
421 1590 514 1599 -
555 1551 735 1632 ,Ipsa
766 1568 1044 1631 namque
1077 1548 1355 1630 proprie,
1390 1549 1594 1631 inquit
1624 1570 1671 1612 S.
1705 1550 1760 1612 A
1782 1551 2218 1631 ugustinus
2264 1550 2510 1614 Euchir.
2544 1569 2602 1613 n.
2639 1553 2741 1626 65,
2774 1547 3046 1631 Spiritus

429 1679 476 1720 S.
510 1659 736 1739 pignus
768 1656 1031 1737 accepit,
1063 1656 1202 1720 sine
1235 1674 1361 1736 quo
1395 1674 1526 1718 non
1559 1657 1966 1720 remittuntur
1997 1664 2282 1739 peccata,
2330 1656 2422 1719 ita
2466 1663 2535 1719 ut
2568 1655 2800 1737 quibus
2832 1655 3044 1718 dimit-

427 1771 666 1839 tuntur,
698 1764 897 1827 vitam
931 1768 1410 1845 consequantur
1442 1769 1834 1827 aeternam!

611 1903 755 1956 493.
789 1893 1128 1952 Adversarii
1158 1893 1511 1952 nominatim
1546 1894 1620 1952 ad
1653 1894 1847 1969 Chry
1866 1913 1940 1952 so
1960 1912 1986 1951 s
2005 1899 2079 1952 to
2100 1914 2293 1951 mum
2323 1897 2662 1971 provocant,
2694 1892 2800 1969 qui
2825 1891 3048 1967 passim

432 1985 516 2042 ita
547 1983 817 2057 loquitur
848 1984 1002 2045 hom.
1041 1994 1073 2045 5
1110 1982 1182 2042 de
1214 1983 1579 2058 Incompreh.
1615 2002 1672 2040 n.
1710 1995 1779 2045 7:
1816 1982 2250 2052 ,Quamobrem
2282 1984 2460 2042 etiam
2493 1988 2672 2058 atque
2711 1982 2892 2040 etiam
2914 1981 3046 2038 hor-

429 2079 546 2142 tor,
579 2091 723 2148 rogo
769 2076 832 2129 et
876 2090 995 2141 ore,
1043 2076 1115 2130 ut
1158 2072 1503 2148 frequenter
1535 2073 1657 2131 Deo
1702 2072 2115 2132 confiteamini.
2177 2073 2313 2130 Non
2358 2076 2419 2130 te
2463 2072 2529 2131 in
2574 2072 2873 2130 theatrum
2909 2087 3045 2128 con-

433 2179 737 2221 servorum
768 2162 1013 2219 tuorum
1046 2162 1213 2231 duc0,
1247 2180 1440 2236 neque
1475 2161 1815 2219 hominibus
1848 2164 2083 2235 peccata
2112 2160 2371 2220 revelare
2400 2179 2573 2237 cogo;
2627 2158 3049 2219 conscientiam

432 2255 599 2308 tuam
632 2250 896 2325 expande
930 2269 1124 2308 coram
1159 2252 1299 2325 Deo,
1332 2251 1579 2308 ostende
1611 2251 1729 2326 ipsi
1759 2251 2024 2320 vulnera,
2060 2253 2122 2307 et
2152 2251 2226 2308 ab
2245 2269 2314 2309 eo
2334 2250 2762 2308 medicamenta
2778 2247 3047 2325 postula:

433 2339 675 2398 ostende
706 2357 826 2397 non
857 2340 1254 2415 exprobranti,
1307 2339 1412 2397 sed
1457 2339 1720 2410 curanti;
1768 2339 1910 2397 licet
1953 2339 2110 2398 enim
2156 2342 2367 2410 taceae,
2401 2339 2529 2416 ipse
2574 2338 2745 2397 novit
2789 2338 3045 2395 omnia}

431 2429 566 2487 Non
597 2427 923 2487 diffitemur
954 2429 1094 2487 haec
1124 2447 1365 2505 gravem
1397 2427 1682 2487 facessere
1713 2428 2143 2498 difficultatem,
2190 2429 2245 2487 si
2276 2448 2382 2502 per
2413 2447 2476 2486 se
2507 2432 2569 2486 et
2600 2427 2847 2486 seorsim
2880 2443 3040 2502 spec-

431 2521 639 2576 tentur
670 2521 732 2575 et
762 2536 884 2575 non
916 2517 1368 2576 considerentur
1412 2518 1477 2575 in
1520 2517 1744 2576 lumine
1793 2517 2131 2576 traditionis
2175 2536 2419 2576 coaevae
2464 2517 2757 2592 practicae
2789 2518 2851 2574 et
2880 2515 3049 2573 theo·

432 2607 663 2668 reticae.
727 2606 818 2664 Ad
851 2624 980 2664 eam
1013 2605 1357 2664 solvendam
1389 2607 1639 2665 dicimus
1686 2620 1748 2671 a.
1798 2607 1893 2665 vix
1925 2625 2053 2664 esse
2083 2606 2385 2676 credibile,
2419 2606 3051 2682 chrysostomum

435 2696 544 2755 hac
574 2697 636 2754 in
667 2716 730 2755 re
763 2696 898 2754 aliis
932 2695 1232 2755 adversari
1264 2696 1552 2771 patribus,
1587 2696 1948 2771 quibuscum
1980 2697 2042 2755 in
2074 2696 2276 2755 eadem
2299 2697 2574 2765 Ecclesia,
2595 2695 2848 2769 ideoque
2867 2693 2933 2751 in
2953 2711 3048 2751 ea·

431 2786 564 2844 dem
597 2785 712 2844 fide
745 2786 1001 2853 vivebat,
1038 2789 1098 2842 et
1130 2784 1234 2859 qui
1266 2785 1653 2844 confessionis
1685 2787 2101 2844 necessitatem
2131 2786 2485 2854 tuebantur3
2520 2784 2789 2859 alioquin
2814 2783 3049 2840 dissen-

436 2875 621 2933 sionis
653 2874 977 2950 vestigium
1008 2874 1333 2948 appareret.
1396 2873 1506 2931 Vix
1539 2875 1824 2933 credibile
1857 2877 1950 2933 est
1980 2871 2054 2937 b.
2090 2893 2133 2933 s.
2169 2875 2466 2932 doctorem
2512 2874 2624 2932 sibi
2671 2873 2787 2948 ipsi
2818 2873 3050 2929 contra·

434 2964 643 3030 dicere,
679 2983 815 3021 nam
849 2961 1231 3020 confessionis
1265 2964 1674 3021 necessitatem
1708 2963 1852 3022 alibi
1885 2964 2056 3022 docet
2088 2964 2300 3021 saltem
2331 2962 2948 3038 aequivalenter,
2978 2964 3053 3017 ut

437 3052 508 3111 de
543 3053 770 3110 Sacerd.
807 3052 907 3121 111,
947 3061 979 3113 5
1015 3070 1074 3109 n.
1108 3051 1273 3113 4383
1321 3053 1383 3109 et
1418 3046 1592 3114 514⁶.
1656 3053 1737 3112 cf.
1771 3054 1863 3110 Pe
1884 3053 2009 3110 sch
2055 3052 2165 3110 VII
2215 3072 2273 3110 n.
2311 3062 2455 3115 387.
2516 3051 2760 3110 Accedit
2791 3064 2854 3113 c.
2887 3047 3052 3123 quod

437 3143 594 3199 inter
622 3141 741 3198 alia
772 3139 1165 3198 accusationis
1213 3140 1407 3215 capita
1451 3142 1568 3218 ipsi
1614 3142 1679 3200 in
1727 3141 2122 3201 conciliabulo
2166 3141 2241 3199 ad
2275 3140 2569 3209 Quercum
2602 3139 2802 3198 habito
2832 3159 2883 3195 a.
2919 3146 3047 3199 403

433 3231 669 3304 objecta
699 3235 760 3287 et
781 3228 929 3287 illud
950 3228 1136 3286 fuisse
1156 3228 1412 3305 legimus
1447 3226 1546 3312 (cf.
1580 3230 1938 3289 Socrates
1970 3231 2040 3289 H.
2060 3231 2124 3288 E.
2148 3230 2239 3301 VI,
2266 3240 2335 3293 2]
2365 3252 2377 3299 ;
2411 3229 2740 3288 Photius
2772 3226 2896 3285 cod.
2921 3230 3049 3299 59):

439 3318 653 3387 ,Quod
667 3318 967 3376 licentiam
982 3319 1365 3392 peccantibus
1398 3320 1677 3395 praebeat
1708 3320 1795 3378 sic
1825 3321 2069 3379 docens:
2106 3320 2166 3378 Si
2199 3320 2419 3378 iterum
2449 3318 2724 3396 peccasti,
2746 3316 3052 3391 poeniteat

438 3409 684 3465 iterum:
733 3412 793 3465 et
843 3407 1077 3482 quoties
1124 3408 1474 3482 peccaveriS,
1525 3408 1664 3467 veni
1715 3409 1786 3466 ad
1820 3428 1931 3477 me,
1979 3427 2088 3485 ego
2134 3413 2194 3467 te
2227 3409 2508 3469 sanab0.‘
2570 3407 2716 3465 Cum
2748 3423 2887 3481 ergo
2919 3404 3050 3479 ipse

437 3496 668 3554 veniam
694 3496 1002 3571 pollicitus
1034 3498 1126 3554 est
1157 3498 1589 3571 peccatoribuS,
1626 3497 1729 3556 sed
1760 3516 1879 3556 non
1913 3498 2041 3556 sine
2073 3498 2396 3556 sacerdotis
2443 3494 2808 3555 ministerio:
2857 3511 3050 3552 sacer-

437 3586 652 3644 dotalis
685 3604 823 3643 vero
852 3588 1120 3660 potestas
1153 3589 1485 3660 peccatores
1533 3587 1782 3645 sanandi
1827 3587 2151 3646 secundum
2185 3606 2228 3645 s.
2261 3587 2561 3645 doctorem
2591 3589 2685 3644 est
2720 3582 3048 3660 judicialis,

440 3693 592 3749 quae
625 3674 751 3732 sine
783 3691 991 3732 causae
1023 3674 1394 3734 discussione
1426 3678 1616 3735 exseri
1644 3677 1887 3751 nequit:
1941 3676 2097 3734 credi
2131 3676 2229 3733 vix
2261 3679 2478 3750 potest,
2512 3694 2649 3733 eum
2678 3675 2823 3733 haec
2853 3671 3052 3731 omnia

438 3763 572 3821 aliis
606 3763 670 3820 in
701 3764 843 3821 locis
877 3764 1117 3839 penitus
1147 3764 1472 3842 ignorasse,
1505 3768 1566 3823 et
1595 3785 1716 3824 non
1736 3767 1942 3842 potius
1963 3766 2026 3822 in
2046 3765 2154 3822 hac
2174 3765 2583 3840 suppositione
2612 3781 2743 3823 esse
2762 3763 3048 3829 locutum,

439 3872 505 3910 ea
539 3852 663 3909 scil.
698 3870 1057 3927 supponem,
1094 3872 1244 3928 quae
1276 3871 1348 3910 ex
1379 3854 1795 3929 vulgatissima
1826 3854 2137 3929 disciplina
2168 3857 2338 3912 erant
2358 3853 2731 3912 auditoribus
2747 3853 2869 3927 jam
2891 3852 3049 3911 nota.

439 3940 631 4009 Quare
663 3938 731 4003 d.
767 3941 830 3999 in
861 3941 1007 3999 locis
1041 3942 1291 4016 objectis
1325 3960 1370 3999 s.
1403 3942 1606 4001 doctor
1650 3943 1745 4001 vel
1790 3962 1929 4018 prae
1975 3942 2160 4001 oculis
2206 3942 2384 4001 habet
2432 3953 2670 4017 peecata
2701 3939 3051 4016 quotidiana

439 4030 534 4088 vel
567 4030 713 4088 alias
741 4031 865 4105 jam
910 4030 1169 4099 remissa,
1215 4030 1288 4088 de
1335 4031 1553 4106 quibus
1600 4035 1799 4090 tamen
1842 4050 2073 4107 semper
2118 4032 2491 4107 poenitentia
2522 4034 2615 4088 est
2645 4028 2902 4106 agenda3
2953 4026 3049 4084 vel

439 4137 576 4176 eum
608 4119 775 4193 loqui
807 4119 880 4176 de
912 4118 1277 4177 confessione
1311 4120 1432 4177 Deo
1465 4119 1720 4194 primum
1752 4120 2035 4190 facienda,
2069 4122 2240 4195 cujus
2269 4121 2499 4179 fructus
2521 4121 2603 4177 sit
2620 4119 2838 4195 eligere
2856 4114 3051 4175 media

440 4224 546 4282 pro
579 4211 952 4282 peecatorum
984 4208 1329 4267 remissione
1360 4210 1746 4285 impetranda,
1795 4210 1952 4268 inter
1998 4228 2147 4284 quae
2194 4216 2283 4268 est
2325 4210 2524 4279 etiam,
2576 4208 2627 4265 si
2658 4209 2895 4283 peccata
2926 4203 3051 4264 sint

441 4297 660 4373 gravia,
697 4315 969 4355 recursus
999 4297 1072 4355 ad
1108 4298 1358 4356 clavium
1404 4302 1758 4374 potestatem
1809 4302 1869 4356 et
1901 4298 2218 4367 confessi03
2265 4299 2360 4357 vel
2408 4299 2478 4355 de
2512 4296 2876 4356 confessione
2907 4295 3045 4362 Dec,

443 4386 545 4442 sed
579 4404 682 4460 per
714 4388 1076 4445 sacerdotem
1111 4387 1388 4459 facienda,
1422 4389 1653 4445 seclusa
1683 4407 1751 4446 ea
1783 4388 2164 4454 confessione,
2198 4406 2374 4462 quam
2407 4387 2492 4445 rei
2524 4405 2716 4444 coram
2745 4382 3048 4459 judicibus

444 4475 628 4532 facere
660 4474 894 4544 debent,
928 4495 1078 4551 quae
1111 4476 1252 4534 solis
1286 4476 1623 4534 hominibus
1655 4480 1716 4534 et
1748 4476 1988 4550 quidem
2018 4476 2295 4550 pluribus
2328 4494 2461 4533 cum
2494 4492 2708 4551 magno
2738 4473 2827 4532 rei
2857 4472 3047 4547 ipsius

437 4564 656 4622 damno
689 4567 750 4622 et
781 4564 1004 4639 pudore
1036 4564 1304 4622 facienda
1335 4567 1442 4624 est.
1505 4565 1655 4624 Vult
1704 4564 1862 4623 enim
1895 4566 1970 4623 ob
2004 4565 2203 4622 oculos
2237 4583 2455 4640 ponere
2487 4566 2699 4640 ingens
2732 4561 3048 4620 discrimen

445 4654 603 4710 inter
627 4653 923 4728 judicium
956 4654 1375 4711 sacramentale
1420 4655 1821 4729 poenitentiae
1852 4659 1913 4713 et
1935 4653 2166 4729 judicia
2210 4653 2321 4711 fori
2353 4654 2613 4712 humani.
2674 4653 2785 4710 Hic
2819 4670 3049 4709 summa
