3538 5364
1470 314 1804 372 Corollaria.
2809 324 2940 389 563

310 504 440 580 jam
491 502 818 574 citavimuS,
869 502 1197 562 clarissima
1244 505 1388 562 sunt
1437 503 1579 561 haec
1624 500 1893 577 ejusdem
1939 501 2120 562 verba
2162 502 2227 560 in
2266 512 2303 565 4
2337 502 2473 561 dist.
2508 511 2587 567 28
2623 522 2677 578 q.
2718 515 2739 566 1
2783 523 2832 562 a.
2869 512 2938 566 3:

324 593 697 663 ,Consensus
726 610 1041 667 expressus
1072 611 1177 668 per
1207 591 1390 650 verba
1427 592 1499 651 de
1540 591 1844 668 praesenti
1874 591 2033 651 inter
2061 610 2338 667 personas
2368 591 2664 669 legitimas
2694 592 2769 651 ad
2800 611 2938 653 con-

318 681 679 741 trahendum
711 679 1160 743 matrimonium
1190 679 1350 752 facit,
1402 681 1542 756 qnia
1589 680 1732 739 haec
1781 680 1899 739 duo
1949 683 2096 739 sunt
2137 680 2209 739 de
2255 682 2511 740 essentia
2555 682 2938 752 sacramenti;

319 770 436 829 alia
467 773 669 828 autem
700 768 899 829 omnia
930 773 1075 830 sunt
1104 769 1176 828 de
1207 768 1581 829 solemnitate
1613 768 1981 841 sacramenti,
2033 768 2174 844 quia
2203 769 2278 827 ad
2309 769 2419 828 hoc
2449 769 2826 842 adhibentur,
2870 775 2942 829 ut

320 859 768 918 matrimonium
799 858 1247 918 convenientius
1278 857 1399 917 fiat.
1414 866 1445 897 ¹
1511 858 1589 917 Et
1632 858 1968 934 expressius
1999 857 2078 920 ib.
2111 857 2186 917 ad
2222 867 2292 920 2:
2340 898 2369 929 ,
2385 859 2715 918 Sacerdotis
2758 861 2942 919 bene-

321 948 507 1007 dictio
539 966 657 1007 non
690 947 1021 1024 requiritur
1051 948 1115 1006 in
1147 946 1530 1006 matrimonio
1563 947 1735 1024 quasi
1765 947 1838 1006 de
1869 947 2130 1006 essentia
2161 947 2528 1006 sacramenti.
2543 956 2571 986 ⁴¹

499 1032 564 1099 4.
613 1037 737 1096 Nec
785 1037 985 1097 obstat
1028 1036 1300 1114 analogia
1348 1056 1482 1096 cum
1527 1036 1662 1095 aliis
1709 1036 2108 1096 sacramentis.
2173 1036 2340 1095 Siout
2387 1035 2546 1096 enim
2576 1037 2942 1099 matrimonii

319 1129 758 1185 sacramentum
808 1144 946 1185 cum
988 1125 1123 1184 aliis
1170 1126 1351 1184 habet
1382 1125 1672 1200 quaedam
1704 1126 2056 1197 communia,
2107 1125 2265 1185 unde
2315 1125 2389 1184 ad
2439 1130 2942 1187 sacramentorum

319 1233 514 1293 genus
536 1217 873 1275 revocatur:
907 1214 992 1274 ita
1022 1217 1084 1274 et
1113 1214 1399 1291 quaedam
1420 1214 1677 1291 propria,
1709 1213 1870 1275 unde
1891 1217 2325 1274 sacramentum
2357 1216 2447 1273 est
2475 1216 2668 1291 specie
2699 1215 2772 1274 ab
2806 1216 2939 1275 aliis

320 1304 695 1364 distinctum.
743 1302 825 1367 ef.
858 1302 978 1362 Ott.
1010 1303 1098 1362 de
1131 1303 1371 1362 Graes
1379 1304 1692 1363 enstein
1722 1303 1788 1362 in
1818 1302 1919 1362 fol.
1941 1303 2100 1362 trim.
2122 1302 2395 1362 linciensi
2423 1312 2587 1368 1880
2609 1325 2669 1380 p.
2696 1315 2819 1369 689
2843 1323 2939 1376 ss.,

318 1393 428 1469 qui
458 1392 677 1452 thesim
708 1391 1017 1452 duodecim
1049 1393 1417 1469 argumentis
1451 1393 1681 1469 probat.

504 1525 647 1581 598.
680 1510 1112 1581 Corollaria.
1176 1517 1262 1575 Ex
1294 1517 1403 1577 hac
1435 1517 1662 1594 duplici
1695 1516 1947 1577 veritate
1981 1517 2255 1593 sequitur
2284 1519 2588 1593 praeterea

504 1603 565 1669 l.
609 1606 1055 1665 matrimonium
1099 1605 1255 1665 inter
1284 1605 1490 1665 fideles
1523 1607 1744 1665 initum
1777 1625 1911 1665 oum
1943 1606 2204 1682 positiva
2232 1608 2544 1666 voluntate
2589 1626 2708 1667 non
2753 1608 2939 1667 susci-

320 1694 527 1771 piendi
558 1697 991 1754 sacramentum
1034 1696 1130 1754 vel
1173 1714 1295 1754 non
1341 1712 1472 1754 esse
1502 1699 1954 1766 sacramentum,
2000 1695 2139 1754 hinc
2169 1714 2278 1756 nec
2309 1696 2759 1756 matrimonium
2791 1697 2939 1756 vali-

320 1784 482 1854 dum,
516 1783 621 1843 sed
651 1784 1142 1853 concubinatum3
1188 1784 1285 1843 vel
1331 1784 1384 1843 si
1429 1784 1589 1843 valet
1632 1784 1697 1843 in
1731 1784 1965 1843 ratione
1994 1787 2357 1856 contractus,
2391 1785 2781 1845 nihilominus
2812 1804 2941 1846 esse

322 1874 788 1932 sacramentum:
833 1872 994 1949 quod
1025 1873 1281 1933 alterum
1312 1876 1404 1932 est
1432 1873 1821 1950 probabilius,
1861 1891 1995 1932 cum
2028 1877 2343 1933 censeatur
2371 1875 2711 1950 praevalere
2743 1875 2940 1935 inten-

318 1964 409 2021 tio
441 1961 851 2033 contrahendi,
882 1962 1144 2038 ponendi
1175 1980 1319 2040 ergo
1337 1962 1535 2021 omnia
1554 1962 1888 2022 necessaria
1918 1962 1994 2021 ad
2026 1963 2282 2022 valorem
2302 1966 2657 2036 contractus,
2689 1964 2941 2041 ideoque

320 2050 688 2126 suscipiendi
720 2053 1152 2110 sacramentum
1183 2051 1247 2109 in
1278 2051 1577 2127 praesenti
1608 2051 1816 2110 ordine
1857 2051 2397 2128 inseparabile
2441 2051 2515 2111 ab
2561 2052 2683 2116 illo.
2745 2052 2940 2123 Quare

317 2140 414 2199 Jo.
446 2140 532 2199 de
562 2139 1045 2217 Carthagena
1074 2139 1225 2215 disp.
1258 2140 1362 2201 sel.
1395 2139 1460 2198 in
1495 2150 1551 2202 4.
1585 2142 1732 2199 sent.
1754 2139 1906 2216 disp.
1931 2151 1965 2203 6
2000 2140 2140 2200 diss.
2176 2149 2209 2202 2
2246 2159 2293 2200 c.
2334 2154 2356 2205 l
2399 2141 2647 2201 statuit:
2683 2142 2790 2210 ,Si
2820 2142 2939 2201 duo

321 2228 608 2305 baptizati
638 2228 1002 2288 conveniunt
1045 2228 1118 2286 ad
1167 2228 1500 2287 faciendum
1546 2231 1921 2288 contractum
1965 2230 2328 2289 matrimonii
2358 2248 2551 2289 coram
2582 2231 2834 2306 parocho
2878 2234 2941 2290 et

325 2318 600 2390 testibus,
646 2336 768 2376 non
812 2323 1013 2376 tamen
1043 2316 1301 2376 habeant
1337 2317 1728 2379 intentionem
1760 2318 2014 2378 faciendi
2045 2323 2498 2391 sacramentum,
2544 2320 2938 2380 nihilominus

323 2408 525 2465 manet
553 2406 816 2466 validum
847 2406 1297 2465 matrimonium
1326 2425 1450 2466 non
1481 2408 1678 2466 solum
1722 2407 1787 2465 in
1834 2407 2066 2467 ratione
2097 2426 2438 2479 consensus,
2491 2409 2595 2467 sed
2644 2409 2823 2468 etiam
2874 2409 2940 2469 in

321 2496 550 2554 ratione
580 2494 946 2567 sacramenti,
993 2494 1136 2571 quia
1175 2512 1297 2554 non
1327 2501 1421 2555 est
1451 2494 1516 2554 in
1547 2499 1842 2583 potestate
1874 2497 2353 2575 coanntiQ
2383 2498 2614 2557 auferre
2645 2499 2937 2558 rationem

321 2584 672 2642 sacramenti
702 2603 738 2642 a
767 2583 1063 2660 praedicto
1094 2587 1466 2645 contractu.‘

500 2688 564 2756 ⁴2.
600 2692 883 2768 Sequitur
899 2690 1347 2751 matrimonium
1380 2712 1484 2769 per
1516 2695 1962 2769 procuratorem
1982 2694 2201 2753 initum
2233 2713 2359 2754 esse
2380 2699 2844 2767 sacramentum3
2877 2699 2939 2754 et

390 2850 401 2861 .
502 2795 567 2862 3.
599 2797 982 2857 matrimonia
1011 2798 1171 2857 inter
1202 2799 1525 2859 haereticos
1568 2804 1630 2859 et
1675 2800 2078 2860 schismaticos
2128 2801 2296 2872 inita,
2349 2801 2397 2861 si
2448 2802 2685 2860 nullum
2737 2801 2940 2861 obstat

316 2888 811 2965 impedimentum
842 2886 1146 2958 dirimens,
1191 2888 1387 2947 valere
1432 2892 1494 2948 et
1535 2892 1606 2947 ut
1651 2892 2019 2949 contractum
2052 2895 2113 2949 et
2155 2893 2228 2948 ut
2266 2892 2728 2949 sacramentum:
2777 2891 2937 2966 quod

317 2977 439 3036 dici
459 2977 671 3054 nequit
702 2976 774 3035 de
804 2975 1132 3036 infidelium
1151 2977 1528 3038 matrimonio
1545 3000 1559 3048 ;
1593 2978 1706 3037 etsi
1726 2979 1886 3037 enim
1905 2979 2062 3038 valet
2081 2981 2151 3038 ut
2168 2983 2527 3052 contractus,
2559 2980 2635 3038 ob
2651 2979 2937 3056 baptismi

315 3067 616 3126 defectum
647 3084 768 3125 non
815 3069 910 3125 est
953 3068 1416 3124 sacramentum:
1468 3067 1541 3124 ad
1593 3067 1751 3142 quod
1795 3070 1997 3127 tamen
2026 3072 2297 3144 suscepto
2329 3068 2620 3144 baptismo
2652 3067 2935 3128 elevatur.

496 3150 566 3218 4.
612 3156 771 3213 Num
811 3154 1255 3214 matrimonium
1287 3153 1443 3213 inter
1474 3154 1707 3214 fidelem
1759 3159 1822 3215 et
1870 3156 2191 3229 infidelem,
2229 3157 2463 3216 sublato
2511 3156 2936 3233 impedimento

316 3243 689 3321 disparitatis
719 3243 937 3315 cultus,
970 3243 1236 3302 validum
1267 3243 1349 3302 sit
1378 3243 1560 3302 etiam
1592 3244 1804 3304 saltem
1832 3265 1940 3322 pro
1969 3247 2221 3323 conjuge
2267 3245 2429 3304 fideli
2478 3250 2935 3320 sacramentum,

316 3332 686 3393 dissentiunt
713 3331 994 3413 theologi.
1056 3331 1296 3411 Negant
1345 3331 1722 3409 Vasquez,
1782 3333 2149 3406 Sanchez,
2201 3335 2533 3393 Pontius
2582 3339 2725 3395 etc.:
2782 3336 2936 3395 ratio

317 3422 576 3499 negandi
605 3420 859 3491 videtur,
894 3421 1051 3497 quod
1084 3422 1211 3497 ipse
1241 3425 1579 3482 contractus
1609 3427 1703 3481 est
1733 3425 2199 3482 sacramentum:
2232 3423 2372 3482 hinc
2402 3424 2562 3482 sicut
2593 3428 2935 3485 contractus

317 3512 530 3587 nequit
560 3530 628 3569 ex
660 3529 780 3569 una
811 3513 978 3585 parte
1003 3528 1126 3570 esse
1147 3510 1401 3581 validae,
1434 3511 1735 3570 invalidus
1766 3530 1833 3570 ex
1866 3513 1993 3584 alia,
2027 3511 2129 3571 sed
2149 3512 2245 3571 vel
2263 3512 2497 3571 validus
2519 3513 2616 3572 vel
2634 3513 2934 3573 invalidus

312 3603 410 3659 est
454 3619 521 3659 ex
569 3604 855 3676 utraque:
905 3598 995 3657 ita
1039 3599 1136 3658 vel
1183 3602 1618 3659 sacramentum
1662 3603 1756 3659 est
1799 3620 1904 3676 pro
1951 3603 2207 3677 utraque
2236 3601 2333 3660 vel
2363 3620 2471 3678 pro
2502 3605 2721 3661 neutra
2749 3606 2934 3678 parte.

316 3690 728 3748 Adversantur
756 3691 959 3747 tamen
987 3688 1325 3748 Perrone
1355 3691 1401 3747 t.
1425 3698 1458 3751 2
1495 3691 1634 3750 sect.
1665 3701 1690 3752 l
1732 3708 1779 3751 c.
1815 3699 1846 3753 7
1886 3710 1935 3749 a.
1977 3701 2001 3752 1
2043 3709 2176 3749 cum
2207 3690 2627 3766 Tournely,
2662 3691 2932 3762 Collet,

317 3778 501 3838 Bive
531 3796 574 3841 s,
610 3787 646 3841 8
680 3797 736 3853 Ρ.
774 3785 895 3840 240
930 3781 1150 3849 annot„
1197 3777 1567 3837 Palmieri
1602 3778 1856 3854 append.
1887 3782 2020 3855 post
2049 3779 2134 3842 th.
2178 3791 2243 3843 11
2285 3780 2528 3854 aliique,
2581 3779 2687 3855 qui
2717 3781 2932 3855 proba-

315 3866 435 3925 bile
465 3878 712 3926 censent
740 3864 1030 3943 ejusmodi
1060 3865 1507 3926 matrimonium
1552 3885 1622 3926 ex
1667 3868 1836 3944 parte
1880 3867 2040 3926 fideli
2088 3886 2212 3927 esse
2246 3872 2697 3928 sacramentum.
2764 3867 2934 3927 Sicut

312 3956 473 4014 enim
504 3955 661 4014 idem
681 3954 1126 4014 matrimonium
1156 3955 1316 4014 inter
1345 3955 1548 4015 fideles
1579 3956 1653 4015 ab
1686 3973 1809 4014 uno
1840 3959 2041 4032 potest
2072 3956 2159 4015 ita
2188 3958 2475 4028 contrahi,
2509 3961 2581 4016 ut
2610 3975 2930 4033 consequa-

314 4046 418 4103 tur
448 4044 700 4122 gratiam
735 4039 985 4127 (digne),
1035 4044 1110 4103 ab
1154 4044 1269 4103 alio
1315 4044 1415 4116 ita,
1470 4048 1542 4104 ut
1580 4044 1838 4122 gratiam
1881 4063 2003 4103 non
2040 4051 2436 4121 consequatur
2466 4042 2796 4126 (indigne):
2848 4047 2932 4104 ita

315 4134 535 4209 poterit
564 4133 631 4193 in
661 4149 781 4191 uno
812 4132 1027 4192 habere
1058 4133 1217 4193 hunc
1236 4134 1510 4194 effectum
1530 4133 1848 4211 dignitatis
1869 4135 2332 4201 sacramentalis,
2367 4135 2517 4210 quin
2550 4135 2765 4193 habeat
2793 4154 2932 4194 eum

315 4223 377 4280 in
409 4223 614 4294 altero,
647 4240 783 4280 cum
813 4221 910 4280 hic
939 4222 1182 4281 effectus
1215 4223 1278 4280 in
1309 4226 1567 4300 utroque
1599 4223 1849 4283 seorsim
1881 4223 2146 4283 exsistat.
2193 4223 2273 4284 cf.
2303 4223 2544 4283 Pesch
2566 4222 2673 4282 VII
2703 4242 2761 4282 n.
2788 4233 2931 4287 728.

496 4345 643 4411 599.
677 4343 751 4409 ὃς
777 4337 876 4404 De
905 4347 1174 4406 materia
1206 4349 1261 4406 et
1292 4339 1525 4422 forma.
1570 4382 1640 4391 —
1681 4341 2000 4427 Sequitur,
2032 4360 2180 4406 cum
2211 4342 2348 4424 ipse
2381 4348 2758 4407 contractus
2789 4362 2930 4407 ma-

311 4450 689 4514 trimonialis
732 4443 816 4513 'sit
861 4455 1356 4526 sacramentum,
1402 4449 1591 4531 hujus
1639 4450 1979 4515 materiam
2026 4457 2090 4515 et
2135 4449 2407 4514 formam
2454 4468 2597 4517 esse
2639 4451 2930 4528 eandem,

312 4574 480 4637 quae
514 4562 612 4621 est
641 4556 841 4638 ipsius
874 4562 1257 4621 contractus.
1291 4556 1454 4619 Hinc
1485 4574 1616 4620 non
1648 4556 1857 4641 major
1888 4564 1987 4622 est
2019 4555 2358 4621 difficultas
2378 4555 2720 4621 definiendi
2740 4558 2929 4638 hujus

310 4664 701 4728 sacramenti
745 4664 1081 4728 materiam
1128 4669 1191 4727 et
1237 4661 1527 4739 formam,
1574 4681 1768 4746 quam
1815 4663 1881 4726 in
1928 4663 2290 4728 definienda
2320 4664 2592 4728 materia
2624 4670 2688 4729 et
2719 4663 2929 4729 forma

312 4769 511 4850 ipsius
542 4775 927 4833 contractus.
980 4765 1249 4834 Omissis
1281 4769 1478 4834 variis
1512 4769 1959 4851 theologorum
1991 4770 2341 4846 sententiiS‚
2375 4787 2536 4852 quas
2568 4770 2762 4836 refert
2791 4770 2927 4835 Be-

2496 4877 2590 4930 36·
