3538 5364
532 356 669 421 630
1068 346 1071 349 “
1203 344 1388 400 Tract.
1415 344 1483 403 X.
1511 346 1581 399 de
1608 344 1726 399 Deo
1754 346 2229 403 consummatore.
2258 344 2503 413 Reliqua.

718 529 785 596 2.
832 532 986 592 Hinc
1032 533 1261 591 certum
1308 550 1563 607 quoque*
1588 533 1683 590 est
1726 548 1825 590 ess
1869 548 2110 607 peccare
2153 531 2412 607 amplius
2455 549 2578 591 non
2623 549 2797 608 posse
2843 526 2931 615 (n.
2968 530 3166 613 639);

543 641 728 699 quare
758 621 1013 681 absurda
1056 623 1150 679 est
1192 638 1359 697 prop.
1393 629 1473 684 39
1521 620 1851 679 Lutheri
1899 619 2189 689 ,Animae
2232 620 2301 679 in
2344 621 2691 698 purgatorio
2734 622 2983 698 peccant
3027 621 3166 682 sine

540 710 1001 781 intermissione,
1032 709 1321 786 quamdiu
1350 712 1649 786 quaerunt
1678 708 1949 785 requiem
1978 711 2041 768 et
2068 710 2314 769 horrent
2342 716 2624 785 poenas}
2689 709 2931 769 Certum
2961 713 3055 770 est

720 796 789 863 3.
819 800 1045 859 animas
1089 798 1154 858 in
1198 799 1543 876 purgatorIo
1572 798 1925 876 gravissime
1956 798 2140 876 affligi
2183 816 2373 875 poena
2416 797 2700 870 damni,
2746 801 2878 859 tum
2923 799 3168 860 ratione

543 889 703 961 boni,
736 908 855 966 quo
886 889 1217 965 privantur,
1262 890 1392 948 tum
1423 887 1653 947 ratione
1681 888 1916 958 amoris,
1962 905 2081 962 quo
2113 887 2178 946 in
2205 886 2358 946 illud
2381 888 2507 964 jam
2538 887 2834 959 feruntur,
2882 890 3015 948 tum
3057 909 3160 948 ra·

539 980 704 1038 tione
734 970 1109 1054 cognitionis,
1159 996 1277 1053 qua
1325 995 1389 1036 se
1437 976 1619 1053 hujus
1665 976 2019 1051 privationis
2069 976 2143 1034 ob
2186 995 2381 1054 nugas
2424 977 2711 1052 quasdam
2755 995 2885 1037 esse
2916 995 3162 1037 causam

541 1070 890 1146 agnoscunt.
954 1066 1172 1126 Tamen
1214 1066 1311 1125 hic
1353 1066 1520 1125 dolor
1562 1065 1691 1124 illas
1734 1065 2085 1125 nullatenus
2134 1065 2381 1125 adducit
2428 1066 2494 1125 in
2541 1065 3011 1142 desperationem
3059 1068 3161 1127 vel

540 1157 920 1233 impatientes
951 1154 1169 1227 reddit,
1216 1173 1349 1215 cum
1392 1156 1598 1232 pacate
1627 1154 1822 1213 ferant
1850 1172 2118 1231 poenam,
2163 1158 2296 1214 tum
2342 1155 2417 1215 ob
2464 1153 2919 1231 resignationem
2951 1157 3017 1215 in
3046 1157 3164 1216 Dei

533 1245 829 1323 judicium
852 1247 1107 1322 justum,
1139 1248 1272 1303 tum
1303 1247 1546 1320 propter
1575 1261 1740 1319 spem
1772 1243 2218 1320 consequendae
2248 1247 2411 1304 certo
2439 1243 2854 1304 beatitudinis.

716 1330 788 1398 4.
818 1335 1059 1393 Praeter
1077 1352 1325 1410 poenam
1356 1332 1558 1392 damni
1586 1332 1903 1410 patiuntur
1931 1332 2111 1392 etiam
2144 1351 2421 1393 sensus
2453 1352 2721 1410 poenam,
2753 1336 2827 1393 ut
2856 1334 3169 1413 colligitur

540 1443 609 1483 ex
641 1425 876 1484 decreto
906 1422 1147 1482 unionis
1176 1440 1337 1485 conc.
1368 1421 1824 1493 florentini,
1869 1421 1934 1481 in
1978 1440 2099 1498 quo
2130 1422 2370 1494 dicitur,
2418 1441 2516 1482 eas
2547 1422 2755 1498 poenis
2786 1423 3047 1501 purgari,
3095 1426 3163 1483 et

538 1532 610 1573 ex
639 1516 878 1591 patrum
910 1511 1120 1583 effatis,
1153 1530 1305 1587 quae
1334 1510 1578 1588 collegit
1606 1511 2138 1571 Bellarminus
2167 1512 2217 1583 1,
2255 1523 2353 1575 10.

715 1598 782 1667 5.
816 1602 887 1661 In
918 1600 1262 1678 purgatorio
1280 1620 1487 1660 verum
1505 1618 1634 1666 esse
1652 1601 1856 1677 ignem
1885 1599 1960 1659 de
1989 1600 2105 1659 fide
2135 1601 2375 1678 quidem
2407 1619 2528 1661 non
2559 1603 2669 1672 est,
2702 1601 2803 1660 sed
2835 1601 3159 1665 admodum

525 1690 853 1768 probabile,
883 1694 1016 1750 tum
1046 1692 1290 1766 propter
1317 1688 1734 1750 auctoritatem
1766 1689 1927 1748 haud
1957 1708 2281 1766 paucorum
2311 1691 2568 1767 patrum,
2602 1690 2708 1767 qui
2738 1691 2921 1750 verbs
2956 1702 3008 1754 1.
3028 1691 3163 1751 Cor.

531 1789 588 1853 3,
626 1791 651 1843 1
669 1790 702 1844 5
728 1800 742 1839 z
789 1779 924 1856 Ipse
954 1786 1146 1838 autem
1176 1780 1376 1838 salvus
1406 1780 1532 1855 erit,
1581 1780 1663 1837 sic
1695 1786 1887 1837 tamen
1915 1780 2090 1860 quasi
2112 1798 2224 1854 per
2253 1781 2459 1857 iynem,
2508 1779 2580 1838 de
2627 1779 2765 1857 igne
2796 1779 3156 1857 intelligunt

525 1869 888 1947 purgatorii3
935 1871 1067 1927 tum
1099 1871 1341 1945 propter
1371 1885 1727 1927 consensum
1756 1868 2192 1945 theologorum,
2241 1868 2347 1943 qui
2391 1869 2537 1928 adeo
2581 1868 2919 1944 praevaluit
2948 1868 3012 1927 in
3043 1869 3155 1927 Ec-

524 1958 703 2017 clesia
732 1958 938 2030 latina,
970 1951 1042 2016 ut
1072 1954 1429 2035 Eugeniu
1446 1975 1473 2015 s
1492 1955 1594 2016 1v.
1616 1957 1978 2016 sententiam
2011 1956 2162 2016 hanc
2191 1957 2256 2016 in
2288 1957 2593 2017 decretum
2610 1958 2871 2033 recipere
2894 1958 3159 2017 voluerit

522 2047 786 2118 unionis,
832 2047 951 2106 nisi
996 2046 1377 2106 obstitissent
1420 2046 1617 2123 graeci
1664 2041 1949 2127 (quorum
1980 2048 2178 2105 tamen
2217 2047 2497 2106 nonnulli
2542 2047 2598 2105 ei
2643 2047 3049 2125 suffragantur
3080 2048 3154 2107 cf.

520 2136 615 2196 Le
665 2135 912 2205 Quien
957 2135 1096 2197 diss.
1129 2135 1380 2195 damasc.
1412 2135 1463 2195 V
1495 2155 1552 2200 n.
1591 2132 1717 2217 12).
1779 2134 2158 2195 Dissentiunt
2200 2154 2339 2195 vero
2383 2136 2573 2211 aliqui
2618 2136 2899 2213 theologi,
2947 2139 3158 2195 nostra

521 2226 701 2285 etiam
731 2228 940 2295 aetate,
973 2227 1046 2284 nt
1076 2221 1400 2295 Mbhler,
1433 2224 1890 2302 Dieringer,
1925 2225 2109 2283 Klee
2141 2227 2251 2286 etc.

699 2310 768 2378 6.
802 2314 970 2384 Quod
1002 2333 1327 2390 poenarum
1357 2314 1715 2391 gravitatem
1747 2313 1987 2385 attinet,
2034 2312 2096 2371 id
2143 2314 2356 2373 saltem
2401 2316 2537 2373 tuto
2583 2313 2969 2374 affirmaveris
3015 2332 3153 2373 cum

520 2422 568 2463 s.
598 2404 1153 2463 Bonaventura
1193 2404 1259 2462 in
1292 2413 1348 2467 4.
1382 2403 1521 2462 dist.
1559 2413 1637 2467 20
1672 2422 1721 2461 a.
1760 2414 1789 2466 1
1829 2421 1885 2478 q.
1921 2414 1976 2473 2,
2025 2403 2338 2461 maximam
2368 2403 2702 2481 purgatorii
2732 2420 2986 2480 poenam
3016 2421 3153 2480 gra-

528 2493 714 2553 vitate
761 2492 1118 2568 praecellere
1149 2492 1482 2567 quamlibet
1512 2492 1695 2569 hujus
1744 2492 1905 2551 vitae
1950 2510 2213 2569 poenam.
2282 2531 2310 2562 ,
2327 2491 2478 2561 Quia
2528 2492 2751 2552 dicitnr
2798 2493 2994 2551 salvus
3042 2494 3156 2550 erit

527 2576 616 2664 (1.
648 2581 773 2646 Cor.
811 2592 867 2652 3,
910 2579 1032 2663 15),
1067 2581 1154 2640 ita
1183 2582 1686 2658 Augustinus
1716 2581 1780 2639 in
1812 2582 1908 2641 Ps.
1944 2590 2022 2644 37
2059 2601 2117 2640 n.
2154 2590 2210 2653 3,
2252 2581 2656 2641 contemnitur
2687 2582 2790 2640 ille
2820 2581 2993 2658 ignis.
3056 2580 3151 2639 Ita

527 2671 724 2748 plane,
757 2670 1034 2748 quamvis
1065 2671 1217 2731 salvi
1263 2690 1368 2748 per
1410 2672 1628 2748 ignem,
1669 2671 1912 2749 gravior
1939 2673 2141 2730 tamen
2170 2670 2287 2731 erit
2316 2670 2419 2730 ille
2450 2670 2610 2749 ignis
2641 2690 2821 2748 quam
2851 2670 3150 2746 quidquid

526 2761 701 2820 homo
721 2763 927 2837 potest
943 2760 1068 2837 pati
1088 2760 1153 2819 in
1171 2760 1279 2821 hac
1295 2761 1436 2820 vita.
1450 2768 1479 2800 ⁸
1500 2793 1587 2806 -
1606 2761 1634 2818 I
1651 2760 1716 2818 si
1732 2761 1771 2818 d
1786 2778 1820 2820 o
1834 2780 1922 2820 ru
1938 2779 1966 2819 s
1999 2760 2152 2836 hisp.
2172 2759 2246 2819 de
2265 2760 2470 2821 ordine
2488 2764 2740 2820 creatur.
2761 2778 2808 2823 c.
2838 2771 2864 2823 1
2878 2770 2934 2822 4.
2955 2779 3013 2819 n.
3045 2770 3149 2823 12:

525 2850 682 2920 ,Sed
715 2849 789 2909 de
820 2849 927 2909 illo
958 2850 1307 2927 purgatorio
1337 2848 1479 2926 igne
1510 2850 1620 2909 hoc
1650 2849 2245 2909 animadvertendum
2274 2853 2384 2920 est,
2432 2849 2593 2926 quod
2626 2849 2806 2921 omni,
2839 2867 3017 2925 quem
3049 2867 3151 2907 ex·

524 2939 783 3016 cogitare
814 2939 878 2998 in
909 2939 1207 3014 praesenti
1226 2940 1425 3014 potest
1442 2938 1635 3009 homo,
1666 2941 2101 2998 tormentorum
2132 2938 2305 2999 modo
2335 2941 2398 2998 et
2427 2939 2662 3016 longior
2689 2941 2751 2997 et
2784 2938 2973 2998 acrior
3003 2937 3104 2997 sit.
3119 2945 3148 2977 ⁸

522 3028 787 3087 Dubium
828 3045 969 3087 vero
1013 3030 1124 3097 est,
1170 3046 1317 3086 num
1364 3027 1690 3104 quaevis
1721 3045 1913 3103 poena
1944 3045 2204 3087 omnes
2236 3028 2476 3088 excedat
2509 3046 2727 3104 poenas
2755 3027 2939 3108 hujus
2969 3026 3145 3099 vitae,

522 3115 684 3191 quod
714 3119 924 3178 tuetur
954 3133 1001 3175 s.
1033 3115 1356 3175 Thomas
1387 3116 1451 3175 in
1485 3126 1542 3179 4.
1563 3117 1713 3180 d.21
1756 3136 1814 3192 q.
1852 3128 1880 3180 1
1919 3136 1969 3180 a.
2002 3129 2024 3179 l
2068 3117 2180 3192 qcl.
2217 3126 2285 3188 3;
2322 3117 2423 3176 sed
2457 3117 2789 3194 refragatur
2821 3135 2867 3179 s.
2898 3118 3148 3175 Bona-

522 3225 560 3265 v
576 3223 608 3263 Θ
623 3223 666 3263 n
680 3207 770 3354 ¹⁵¹7?
784 3205 1042 3352 rgeritsm
1075 3295 1167 3352 est
1196 3295 1613 3372 purgatorium
1644 3314 1766 3355 non
1798 3294 2015 3353 durare
2045 3295 2207 3353 ultra
2239 3294 2400 3353 diem
2424 3294 2655 3370 judicii.
2724 3333 2752 3364 ,
2765 3295 3152 3372 Purgatorias

523 3399 760 3457 poenaS,
804 3381 1009 3457 inquit
1053 3383 1556 3460 Augustinus
1603 3384 1677 3442 de
1722 3383 1833 3446 civ.
1866 3383 1974 3442 Dei
2004 3383 2155 3455 XXI,
2208 3395 2304 3455 16,
2352 3384 2552 3443 nullas
2602 3383 2838 3443 futuras
2870 3384 3156 3459 opinetur

521 3469 884 3544 christianus
928 3470 1045 3530 nisi
1076 3474 1214 3532 ante
1244 3472 1399 3532 illud
1429 3473 1715 3531 ultimum
1745 3471 2244 3548 tremendumque
2267 3472 2627 3548 judicium.‘
2695 3474 2779 3532 De
2824 3491 3152 3549 poenarum

522 3578 664 3620 vero
698 3560 1120 3620 duratione
1163 3581 1270 3638 pro
1311 3562 1569 3639 singulis
1598 3561 1751 3620 nihil
1781 3563 2076 3620 statutum
2107 3564 2198 3621 est
2228 3561 2302 3620 ab
2333 3562 2626 3622 Ecclesia:
2673 3565 2903 3621 certum
2947 3565 3152 3623 tamen

521 3648 776 3722 videtur,
809 3649 946 3709 illas
977 3668 1153 3726 posse
1183 3669 1312 3710 esse
1343 3650 1676 3721 diuturnas,
1711 3669 1848 3711 cum
1877 3650 2142 3710 Ecclesia
2172 3669 2282 3727 per
2312 3669 2516 3723 annos,
2553 3651 2672 3710 imo
2703 3654 2765 3709 et
2796 3652 3012 3730 secula,
3044 3671 3153 3711 an-

519 3737 907 3799 niversariam
938 3739 1360 3799 defunctorum
1391 3740 1736 3799 memoriam
1766 3742 1923 3817 agat,
1964 3739 2027 3799 id
2059 3758 2180 3800 non
2210 3744 2418 3799 actura
2449 3740 2502 3799 si
2534 3741 2817 3815 crederet,
2850 3740 3152 3801 neminem

518 3826 742 3887 ibidem
771 3828 935 3888 ultra
965 3847 1180 3904 paucos
1210 3829 1461 3889 detineri
1492 3829 1638 3888 dies.
1685 3828 1769 3892 ef.
1789 3829 2075 3888 Katholik
2104 3837 2287 3894 1873.
2319 3829 2395 3900 11,
2434 3839 2557 3893 697
2595 3847 2670 3889 88.
2704 3863 2793 3874 -
2823 3828 2978 3899 Quid
3007 3847 3155 3888 vero

518 3915 836 3976 dicendum
882 3916 955 3976 de
993 3917 1182 3992 justis
1226 3917 1569 3977 viventibus
1617 3918 1682 3976 in
1732 3918 1852 3977 fine
1898 3917 2129 3989 mundi,
2183 3919 2407 3995 quibus
2439 3917 2594 3978 forte
2625 3918 2896 3977 debitum
2924 3936 3151 3994 poenae

515 4005 862 4082 temporalis
893 4005 1087 4065 adhuc
1117 4007 1233 4065 erit
1262 4006 1729 4068 exsolvendum?
1796 4006 2138 4084 Respondet
2179 4008 2500 4067 Thomas
2529 4008 2598 4066 in
2631 4018 2687 4070 4.
2719 4007 2859 4066 dist.
2897 4017 2976 4070 47
3012 4027 3070 4085 q.
3107 4018 3148 4071 2

517 4111 570 4157 a.
606 4102 641 4155 3
678 4094 794 4169 qcl.
831 4105 864 4157 2
900 4094 974 4152 ad
1011 4104 1078 4159 5:
1128 4095 1311 4164 ,Tres
1343 4114 1552 4155 causae
1586 4099 1748 4168 sunt,
1801 4115 1982 4173 quare
2028 4097 2229 4157 subito
2276 4097 2384 4168 illi,
2431 4096 2540 4172 qui
2587 4095 2713 4155 vivi
2742 4096 3146 4173 reperiuntur,

515 4182 762 4259 pnrgari
794 4184 1094 4259 poterunt.
1159 4184 1286 4243 Una
1315 4187 1428 4255 est,
1461 4185 1603 4260 quia
1638 4182 1826 4261 pauca
1855 4185 2168 4263 purganda
2197 4187 2263 4245 in
2294 4187 2381 4244 eis
2414 4185 2822 4256 inveniuntur,
2856 4203 2992 4245 cum
3025 4189 3148 4245 ter-

513 4270 750 4330 roribus
781 4275 844 4331 et
873 4271 1390 4348 persecutionibus
1421 4273 1919 4348 praecedentibus
1951 4273 2179 4333 fuerint
2209 4275 2468 4352 purgati.
2535 4274 2804 4334 Secunda
2849 4277 2957 4346 est,
3007 4276 3157 4351 quia

511 4357 635 4418 vivi
682 4363 746 4420 et
794 4360 1118 4420 voluntarii
1167 4360 1557 4422 sustinebunt
1601 4381 1853 4438 poenam
1902 4358 2109 4443 (ignis,
2160 4382 2279 4440 quo
2330 4362 2791 4441 conflagrabitur
2822 4361 3151 4446 mundus);

512 4450 935 4522 poenaautem
977 4450 1040 4509 in
1085 4450 1194 4510 hac
1236 4449 1363 4510 vita
1392 4451 1732 4512 voluntaria
1763 4453 2043 4527 suscepta
2071 4453 2263 4512 multo
2295 4454 2438 4529 plus
2461 4454 2699 4530 purgat,
2749 4470 2926 4528 quam
2956 4471 3150 4529 poena

510 4538 650 4612 post
679 4540 933 4597 mortem
964 4539 1209 4609 inflicta,
1254 4542 1328 4599 ut
1358 4541 1524 4615 patet
1557 4540 1621 4599 in
1652 4540 2020 4617 martyribus
2052 4585 2066 4600 .
2103 4585 2117 4600 .
2151 4585 2165 4600 .
2198 4559 2333 4602 cum
2366 4545 2566 4601 tamen
2596 4559 2785 4618 poena
2815 4544 3148 4619 martyrum

493 4624 713 4684 ⁴brevis
765 4625 952 4685 fuerit
999 4626 1066 4685 in
1114 4628 1554 4705 comparatione
1603 4629 1678 4688 ad
1727 4648 2011 4705 poenam,
2077 4648 2231 4706 quae
2279 4632 2343 4690 in
2393 4629 2740 4708 purgatorio
2773 4630 3146 4692 sustinetur.

510 4712 716 4772 Tertia
746 4717 858 4787 est,
907 4715 1048 4791 quia
1078 4717 1238 4776 calor
1269 4717 1372 4777 ille
1401 4719 1780 4794 recuperabit
1810 4718 1877 4778 in
1909 4718 2267 4792 intensione,
2300 4723 2597 4797 quantum
2629 4718 2866 4779 amittet
2896 4719 2962 4779 in
2992 4722 3144 4779 tem-

511 4803 679 4879 poris
710 4804 1176 4865 abbreviatione.
1189 4812 1217 4842 ¹
