3538 5364
1130 275 1301 330 datur
1324 274 1513 347 gratia
1539 274 1613 328 ad
1640 273 1885 329 salutem
1904 273 2212 329 sufficiens.
2888 281 2970 346 73

356 471 395 518 a
421 454 715 535 patribus
748 455 1055 521 traditum
1089 456 1174 543 (n.
1208 458 1340 543 67),
1372 456 1502 520 imo
1534 455 1601 520 in
1620 452 1962 537 Scripturis
1996 453 2450 519 adumbratum
2480 456 2729 519 censeri
2747 453 2971 530 debet;

353 561 406 624 si
435 561 886 627 certitudinem
918 563 1191 645 quaeris,
1209 562 1543 627 indubium
1565 568 1694 626 est:
1728 559 1845 625 fuit
1865 561 2054 635 enim,
2075 567 2240 626 teste
2262 558 2593 642 Stephano
2612 560 2663 624 B
2679 580 2710 624 r
2724 561 2803 625 ul
2818 560 2973 626 iser

354 666 419 731 in
452 671 512 736 2.
546 667 605 731 d.
640 674 725 739 28
772 689 829 752 q.
863 674 923 745 3,
973 669 1195 750 regula
1242 669 1715 750 theologicalis3
1766 667 1822 731 si
1870 667 2329 744 extensionem,
2374 667 2565 749 plane
2614 667 2973 734 universale

350 780 467 853 est,
501 775 667 840 adeo
700 782 772 841 ut
801 776 883 842 de
914 775 1089 840 omni
1119 776 1379 841 homine
1428 775 1679 841 viatore
1726 774 1810 840 sit
1857 793 2098 840 verum.
2161 775 2544 856 Repugnare
2595 774 2764 839 enim
2794 774 2973 840 vide-

350 889 472 957 tur,
506 882 834 948 hominem
866 901 1009 949 esse
1040 884 1107 947 in
1136 889 1312 947 statu
1343 884 1488 947 viae
1521 887 1588 947 et
1616 899 1840 946 carere
1871 881 2084 945 medio
2119 880 2415 945 absolute
2434 880 2801 947 necessario
2821 899 2973 963 pro-

353 990 687 1072 grediendi
717 990 799 1054 ad
832 991 1194 1067 terminum,
1227 990 1408 1073 sique
1440 988 1677 1066 fecerit,
1710 987 1885 1071 quod
1936 995 2035 1053 est
2063 988 2128 1051 in
2160 1006 2249 1064 se,
2293 987 2359 1052 id
2391 1005 2534 1053 esse
2564 1005 2838 1052 cassum.
2900 986 2977 1051 Et

350 1115 510 1162 sane
543 1098 599 1161 si
630 1116 763 1161 non
792 1104 1009 1179 potest
1038 1097 1293 1179 operari
1345 1114 1532 1161 suam
1563 1095 1858 1170 salutem,
1888 1112 2021 1158 non
2053 1100 2151 1160 est
2182 1094 2248 1157 in
2279 1099 2451 1159 statu
2497 1092 2676 1158 viae:
2722 1094 2776 1157 si
2820 1111 2973 1159 vero

350 1210 585 1287 potest,
618 1222 769 1285 ergo
801 1203 998 1269 habet
1030 1202 1322 1285 gratiam.

531 1335 713 1402 ,Non
744 1334 900 1393 enim
932 1335 1042 1394 hoc
1082 1334 1276 1405 habet,
1323 1334 1524 1410 inquit
1568 1332 1642 1392 ad
1686 1351 1813 1390 rem
1844 1330 2163 1390 Thomas
2195 1329 2527 1406 compendii
2558 1347 2607 1393 c.
2647 1340 2787 1400 145,
2833 1330 2975 1388 ordo

349 1425 592 1484 divinae
616 1424 911 1500 justitiae,
958 1422 1119 1500 quod
1165 1424 1453 1499 quamdiu
1482 1420 1702 1498 aliquis
1732 1424 1829 1480 est
1859 1421 1922 1479 in
1953 1420 2071 1493 via,
2121 1419 2239 1478 sibi
2272 1418 2464 1490 detur,
2512 1418 2672 1495 quod
2717 1418 2979 1495 pertinet

350 1514 422 1573 ad
453 1513 786 1572 terminum
816 1513 978 1572 viae:
1011 1512 1401 1571 immobiliter
1429 1516 1631 1571 autem
1662 1528 1727 1569 se
1759 1509 1975 1569 habere
2008 1510 2103 1568 vel
2135 1508 2200 1568 in
2232 1508 2385 1567 bono
2435 1507 2529 1567 vel
2561 1508 2626 1566 in
2657 1509 2813 1567 malo
2845 1526 2975 1583 per-

349 1604 505 1662 tinet
535 1602 613 1660 ad
644 1601 970 1661 terminum
1001 1602 1190 1661 viae.‘
1257 1601 1383 1660 Etsi
1429 1619 1569 1660 vero
1615 1599 1687 1657 de
1733 1599 1893 1657 effati
1927 1615 2107 1658 sensu
2136 1616 2260 1657 non
2289 1616 2411 1656 una
2441 1602 2531 1656 est
2562 1597 2978 1674 theologorum

349 1692 672 1761 sententia,
719 1690 1129 1761 nihilominus,
1175 1690 1706 1766 quomodocunque
1736 1688 2084 1764 explicetur,
2132 1686 2408 1763 sequitur
2452 1705 2519 1745 ex
2566 1704 2654 1761 00,
2702 1685 2977 1745 omnibus

348 1780 698 1840 immediate
731 1780 824 1838 vel
857 1780 1065 1838 saltem
1098 1779 1353 1838 mediate
1373 1778 1624 1856 gratiam
1644 1782 1880 1853 praesto
1913 1794 2061 1839 esse.
2110 1775 2301 1844 Quare
2332 1774 2490 1834 idem
2523 1793 2569 1837 s.
2601 1774 2805 1834 doctor
2838 1792 2975 1832 con-

348 1870 606 1929 fidenter
638 1869 712 1927 de
745 1868 915 1927 verit.
948 1887 1005 1944 q.
1044 1877 1120 1931 14
1154 1887 1187 1925 a
1226 1879 1293 1931 11
1335 1867 1409 1926 ad
1453 1879 1473 1930 1
1516 1867 1759 1926 statuit:
1797 1865 1933 1933 ,Ad
1964 1865 2222 1923 divinam
2245 1864 2675 1940 providentiam
2694 1863 2976 1940 pertinet,

354 1964 419 2018 ut
447 1958 705 2018 cuilibet
737 1957 1040 2034 provideat
1071 1957 1143 2016 de
1174 1956 1525 2016 necessariis
1557 1955 1632 2014 ad
1665 1954 1939 2024 salutem,
1987 1952 2307 2013 dummodo
2352 1972 2422 2012 ex
2469 1956 2637 2029 parte
2682 1953 2813 2029 ejus
2858 1970 2979 2012 non

351 2047 735 2124 impediatur.
783 2045 843 2104 Si
876 2046 1032 2104 enim
1064 2045 1284 2122 aliquis
1316 2045 1522 2104 taliter
1539 2044 1812 2104 nutritus
1845 2038 1998 2125 (scil.
2031 2043 2094 2101 in
2126 2041 2294 2102 silvis
2327 2043 2422 2101 vel
2451 2042 2610 2101 inter
2641 2042 2819 2101 bruta
2848 2041 2975 2100 ani-

349 2131 557 2217 malia)
584 2135 835 2194 ductum
855 2135 1147 2194 naturalis
1166 2135 1414 2193 rationis
1434 2136 1786 2208 sequeretur
1816 2133 1882 2190 in
1913 2132 2187 2207 appetitu
2219 2131 2360 2190 boni
2393 2133 2454 2190 et
2485 2131 2628 2208 fuga
2659 2131 2819 2202 mali,
2853 2149 2976 2190 cer-

347 2225 587 2284 tissime
619 2230 714 2283 est
743 2224 1084 2296 tenendum,
1133 2224 1294 2299 quod
1338 2224 1393 2282 ei
1427 2224 1585 2282 Deus
1620 2223 1714 2281 vel
1746 2241 1852 2298 per
1881 2221 2178 2280 internam
2210 2220 2658 2296 inspirationem
2691 2220 2980 2278 revelaret

348 2333 437 2384 ea,
484 2332 641 2390 quae
685 2315 831 2372 sunt
874 2312 948 2370 ad
996 2313 1349 2372 credendum
1396 2311 1742 2381 necessaria,
1799 2311 1894 2369 vel
1939 2310 2197 2385 aliquem
2232 2309 2368 2367 fidei
2398 2309 2862 2385 praedicatorem
2904 2307 2979 2367 ad

348 2422 491 2463 eum
522 2401 830 2479 dirigeret,
879 2401 1035 2461 sicut
1066 2402 1236 2461 misit
1264 2402 1511 2460 Petrum
1542 2399 1616 2459 ad
1649 2399 2049 2459 Cornelium«
2115 2398 2192 2457 Et
2237 2398 2455 2457 iterum
2502 2397 2563 2456 in
2615 2406 2670 2460 2.
2714 2397 2853 2455 dist.
2896 2406 2974 2462 28

346 2512 406 2568 q.
449 2504 473 2554 1
515 2512 568 2550 a.
602 2501 640 2552 4
672 2491 747 2550 ad
781 2501 851 2554 4:
901 2491 1007 2560 ,Si
1038 2491 1255 2567 aliquis
1300 2490 1365 2549 in
1395 2490 1661 2549 barbaris
1693 2493 1871 2548 natus
1902 2487 2266 2559 nationibus,
2282 2488 2438 2563 quod
2472 2486 2536 2545 in
2566 2505 2627 2545 se
2658 2486 2976 2557 est,faciat,

346 2582 513 2641 Deus
547 2580 667 2639 sibi
696 2579 987 2639 revelabit
1017 2580 1189 2650 illud,
1220 2579 1378 2656 quod
1410 2584 1505 2638 est
1534 2578 1927 2637 necessarium
1958 2577 2032 2636 ad
2066 2577 2340 2647 salutem,
2382 2576 2476 2635 vel
2509 2574 2853 2651 inspirando
2882 2575 2979 2633 vel

349 2671 657 2730 doctorem
690 2669 1041 2730 mittendo}
1109 2668 1189 2732 ef.
1222 2690 1273 2728 a.
1309 2677 1344 2732 3
1379 2668 1451 2728 ad
1490 2679 1559 2738 53
1596 2668 1658 2727 in
1694 2676 1750 2731 3.
1783 2667 1838 2729 d.
1877 2676 1953 2731 25
1992 2687 2047 2744 q.
2085 2675 2118 2729 2
2155 2686 2205 2724 a.
2246 2676 2266 2728 1
2311 2665 2443 2742 qcla
2479 2677 2504 2728 1
2545 2663 2620 2723 ad
2661 2676 2712 2728 1.
2746 2674 2812 2732 23
2846 2664 2979 2723 lect.

357 2771 395 2825 3
430 2762 497 2819 in
528 2760 697 2820 Rom.
739 2759 1014 2830 1031ect.
1052 2769 1107 2822 5.
1139 2759 1203 2816 in
1234 2758 1327 2818 Jo.
1363 2769 1432 2829 6;
1471 2767 1570 2821 39.
1606 2767 1685 2822 86
1721 2777 1772 2817 a.
1812 2768 1866 2820 l.

537 2881 606 2946 6.
643 2876 867 2959 Neque
898 2878 1083 2943 deest
1112 2877 1531 2964 conciliorum
1561 2883 1949 2959 patrumque
1982 2875 2368 2956 suffragium.
2414 2874 2509 2937 lta
2538 2889 2715 2937 conc.
2749 2890 2979 2937 seno-

355 3003 613 3050 nense
647 3002 703 3048 a.
743 2988 912 3053 1528
944 3001 1084 3047 can.
1127 2987 1240 3053 15:
1311 2983 1571 3066 ,Neque
1616 2989 1837 3048 tamen
1883 2990 2067 3047 tanta
2112 2983 2355 3063 gratiae
2400 2980 2749 3047 necessitas
2779 2980 2980 3044 libero

348 3091 754 3175 praejudicat
784 3091 1067 3167 arbitriO,
1101 3109 1248 3155 cum
1281 3091 1389 3155 illa
1423 3108 1676 3171 semper
1694 3090 1761 3153 in
1779 3096 2080 3171 promptu
2115 3088 2214 3166 sit,
2249 3095 2314 3154 et
2343 3107 2551 3171 neque
2584 3092 2982 3150 momentum

354 3199 619 3282 quidem
649 3203 1032 3280 praetereat,
1065 3198 1129 3260 in
1161 3216 1289 3280 quo
1325 3197 1494 3261 Deus
1525 3216 1660 3261 non
1697 3202 1824 3260 stet
1856 3196 1940 3259 ad
1973 3195 2210 3259 ostium
2256 3200 2320 3259 et
2349 3194 2577 3277 pulset,
2623 3194 2725 3258 cui
2755 3193 2810 3258 si
2842 3194 2982 3275 quis

352 3304 682 3388 aperuerit
704 3305 991 3386 januam,
1025 3304 1290 3369 intrabit
1320 3303 1404 3368 ad
1435 3304 1613 3367 illum
1645 3310 1711 3368 et
1744 3302 2045 3366 coenabit
2075 3320 2222 3366 cum
2253 3301 2413 3366 illos

534 3417 765 3477 Similia
796 3417 1018 3475 habent
1048 3434 1207 3479 cono.
1239 3416 1701 3475 coloniense
1732 3434 1782 3478 a.
1827 3424 1987 3477 1536
2025 3433 2079 3489 p.
2119 3425 2151 3477 7
2187 3432 2233 3473 c.
2270 3423 2370 3478 32.
2420 3412 2500 3472 cf.
2534 3416 2579 3474 t.
2610 3413 2656 3470 1.
2688 3431 2746 3469 n.
2771 3421 2894 3473 219
2930 3431 2979 3469 a.

355 3508 435 3566 Et
482 3506 842 3575 Orosius.
894 3506 1223 3582 Augustini
1269 3503 1622 3580 discipulus,
1672 3505 1825 3579 apol.
1875 3504 1946 3562 de
1992 3503 2094 3561 lib.
2133 3502 2255 3564 arb.
2286 3521 2344 3562 n.
2385 3513 2494 3565 19:
2530 3501 2704 3570 ,Mea
2751 3519 2982 3575 semper

354 3597 499 3655 baec
527 3599 621 3655 est
651 3595 843 3654 fidelis
872 3600 1051 3670 atque
1082 3593 1420 3653 indubitata
1451 3593 1761 3663 sententia,
1805 3594 1998 3651 Deum
2028 3591 2394 3667 adjutorium
2425 3610 2600 3650 suum
2634 3608 2756 3648 non
2787 3589 2982 3648 solum

355 3686 422 3744 in
451 3704 697 3761 corpore
742 3702 868 3755 suo,
915 3684 1075 3759 quod
1108 3687 1200 3743 est
1230 3683 1506 3755 Ecclesia,
1554 3682 1651 3741 cui
1698 3681 1973 3757 specialia
2018 3681 2094 3740 ob
2139 3680 2508 3739 credentium
2549 3680 2725 3738 fidem
2755 3677 2982 3754 gratiae

354 3793 498 3833 suae
531 3774 687 3833 dona
727 3774 1000 3851 largitur,
1052 3791 1256 3832 verum
1304 3773 1481 3830 etiam
1533 3770 1829 3830 universis
1876 3770 1940 3830 in
1984 3771 2093 3829 hoc
2135 3770 2360 3829 mundo
2406 3769 2690 3846 gentibus
2737 3769 2983 3843 propter

354 3864 757 3940 longanimem
791 3862 885 3921 sui
917 3866 1335 3938 aeternamque
1368 3860 1743 3920 clementiam
1774 3859 2245 3927 subministrare,
2289 3878 2406 3917 non
2442 3863 2514 3917 ut
2545 3864 2613 3916 tu
2649 3856 2979 3934 (Pelagium

359 3947 714 4030 alloquitur)
759 3951 973 4010 asseris
1004 3969 1139 4012 oum
1170 3949 1462 4026 discipulo
1495 3952 1600 4008 tuo
1635 3949 1925 4009 Coelestio
1960 3996 1973 4011 .
2006 3996 2020 4010 .
2056 3995 2071 4010 .
2122 3948 2186 4007 in
2236 3948 2360 4006 solo
2410 3946 2670 4005 naturali
2719 3946 2876 4004 bono
2922 3948 2984 4002 et

357 4041 546 4100 libero
576 4040 827 4099 arbitrio
858 4040 1215 4117 generaliter
1243 4039 1542 4098 universis
1576 4055 1753 4096 unam
1787 4037 2037 4114 gratiam
2075 4037 2507 4096 contributam:
2541 4035 2642 4093 sed
2676 4034 2981 4109 speciatim

358 4129 628 4206 quotidie
659 4148 766 4205 per
795 4132 1077 4205 tempora,
1112 4147 1217 4204 per
1246 4127 1386 4199 dies,
1420 4146 1526 4203 per
1556 4135 1871 4196 momenta,
1906 4145 2014 4204 per
2044 4123 2246 4209 ἄτομα
2277 4132 2339 4183 et
2370 4124 2598 4184 cunctis
2631 4127 2694 4183 et
2724 4122 2980 4199 singulis

359 4218 700 4278 ministrare
732 4215 853 4300 (Mi
869 4237 1010 4294 gne
1042 4219 1104 4276 P.
1136 4217 1201 4276 L.
1233 4217 1433 4285 XXXI,
1476 4213 1735 4297 1183).‘
1803 4216 1882 4274 Et
1926 4236 1984 4275 n.
2034 4225 2147 4277 21:
2198 4215 2325 4284 ‚Ex
2374 4234 2492 4290 quo
2538 4211 2980 4272 evidentissime

359 4307 719 4367 declaratum
763 4311 868 4376 est,
916 4307 1140 4366 nemini
1175 4307 1478 4365 hominum
1510 4306 1714 4365 deesse
1746 4305 1857 4363 Dei
1887 4304 2283 4380 adjutorium:
2332 4303 2682 4379 praesertim
2714 4296 2985 4383 (notetur

362 4398 500 4456 haec
530 4395 710 4474 ratio)
744 4414 878 4455 cum
910 4402 972 4455 et
1002 4396 1279 4454 seductor
1309 4395 1553 4454 insistat
1582 4397 1646 4453 et
1675 4394 1825 4453 insit
1855 4394 2171 4453 infirmitas
2205 4389 2484 4472 (Migne
2517 4392 2593 4451 ib.
2625 4411 2682 4468 p.
2723 4402 2743 4453 1
2771 4389 2979 4470 190).‘

363 4483 540 4544 Porro
572 4486 818 4544 eandem
852 4485 1164 4543 veritatem
1195 4487 1393 4557 patres
1424 4483 1866 4560 aequivalenter
1897 4483 2125 4550 docent,
2168 4482 2405 4558 quoties
2437 4497 2503 4544 a.
2539 4480 2842 4539 inculcant
2874 4479 2978 4536 ho·

364 4575 549 4634 mines
580 4574 774 4651 perire
805 4592 925 4633 non
957 4592 1025 4632 ex
1057 4574 1299 4650 gratiae,
1346 4573 1450 4631 sed
1481 4592 1549 4631 ex
1583 4571 2014 4648 cooperationis
2046 4569 2313 4629 defectu:
2361 4571 2521 4648 quod
2565 4570 2650 4627 ita
2694 4567 2977 4643 expressit

368 4680 410 4724 s.
439 4664 758 4723 Thomas
790 4663 855 4721 in
886 4663 979 4725 J0.
1009 4672 1044 4724 6
1080 4663 1213 4723 lect.
1239 4672 1306 4725 5:
1343 4662 1495 4731 ,Cor
1526 4662 1852 4720 humanum
1884 4680 1955 4718 ex
1986 4678 2115 4719 sese
2147 4659 2222 4717 ad
2252 4659 2529 4719 inferiora
2558 4657 2811 4717 tendens
2843 4673 2975 4714 sur-

370 4769 498 4811 sum
527 4752 749 4812 elevari
779 4752 897 4811 nisi
928 4754 1189 4811 tractum
1221 4770 1339 4810 non
1370 4755 1586 4827 potest.
1652 4750 1716 4807 Si
1748 4769 1887 4810 vero
1919 4768 2040 4809 non
2071 4748 2356 4819 elevatur,
2403 4766 2525 4807 non
2569 4751 2664 4805 est
2708 4745 2975 4804 defectus
