3538 5364
1053 254 1127 308 ad
1155 271 1300 323 opus
1326 253 1516 307 ethice
1543 254 1756 308 bonum
1784 254 1870 306 est
1894 252 2228 307 necessaria.
2859 262 2944 324 47

326 444 536 503 motae
567 435 928 502 servabant
957 435 1260 518 puerulos
1284 434 1672 516 judaeorum
1701 451 1928 499 recens
1961 440 2150 498 natos
2181 440 2411 498 contra
2440 434 2607 514 regis
2638 452 2947 517 praecep-

330 552 477 620 tum,
508 544 817 623 legimus:
865 542 1181 625 Benefecit
1212 541 1389 606 Deus
1419 541 1844 606 obstetricibus
1875 548 1933 604 et
1966 541 2322 623 aedificavit
2352 543 2439 606 eis
2470 542 2682 605 domos
2695 565 2723 622 ,·
2766 548 2831 606 et
2862 542 2946 607 ad

326 650 544 714 Ezech.
578 655 686 725 29,
724 655 805 718 17
842 670 944 726 55.,
995 649 1105 713 0111
1137 648 1307 713 Deus
1356 649 1524 713 inter
1574 648 1704 712 alia
1753 648 1938 712 dicit:
1971 647 2139 711 Dedi
2187 650 2244 712 ei
2295 646 2947 735 (Nabuchodonosor)

324 764 557 820 terram
608 759 886 841 Aeqypti
924 777 1049 841 pro
1098 778 1187 840 ec,
1241 757 1405 841 quod
1454 756 1835 820 laboraverit
1866 754 2041 838 mihi,
2091 755 2158 817 in
2190 754 2545 820 obsidenda
2576 754 2706 818 5011.
2740 760 2805 819 et
2837 775 2948 820 ex-

320 863 672 946 pugnanda
701 864 864 929 urbe
894 862 1059 945 Tyri.
1131 862 1259 938 ,Ex
1309 881 1407 940 eo,
1454 863 1626 945 quod
1658 861 2261 927 Nabuchodonosor
2305 860 2557 942 accepit
2587 860 2949 926 mercedem

320 971 475 1035 boni
506 970 742 1052 operiS,
774 969 1179 1051 intelligimus
1213 971 1409 1035 etiam
1440 969 1749 1046 011101005,
1783 969 1841 1032 51
1873 968 2023 1051 quid
2054 968 2209 1032 boni
2241 967 2523 1043 fecerint,
2553 985 2685 1031 non
2704 966 2949 1048 absque

321 1078 623 1143 mercede
642 1077 758 1141 Dei
783 1076 1026 1158 judicio
1059 1077 1443 1159 praeteriri.‘
1481 1075 1579 1140 Ita
1608 1075 2156 1157 Hieronymus
2187 1076 2253 1139 in
2283 1075 2342 1138 h.
2376 1074 2412 1138 l.
2444 1113 2533 1122 —
2564 1074 2700 1137 Huc
2731 1073 2952 1139 referri

323 1186 517 1251 etiam
550 1190 827 1266 possunt
856 1183 997 1248 Act.
1029 1186 1134 1260 20,
1169 1189 1248 1253 21
1289 1190 1353 1249 01
1387 1191 1428 1250 2
1461 1182 1619 1247 Tim.
1656 1186 1713 1259 2,
1749 1188 1852 1252 25.

497 1292 568 1359 2.
606 1290 928 1355 Probatur
960 1308 1042 1354 ex
1072 1290 1473 1372 patribuS,
1519 1309 1554 1355 e
1587 1289 1821 1373 quibus
1854 1288 2373 1370 Augustinus
2419 1293 2566 1369 post
2596 1287 2949 1367 longiorem

323 1400 448 1462 hac
479 1398 561 1464 de
593 1417 663 1464 re
696 1397 1199 1480 disputationem
1243 1397 1369 1461 hoc
1400 1396 1804 1461 verissimum
1837 1395 2141 1461 enunciat
2188 1393 2570 1477 principium
2587 1395 2663 1480 ¹):
2735 1391 2951 1469 ,Sicut

330 1524 465 1569 non
493 1505 850 1586 impediunt
882 1522 922 1568 a
951 1504 1087 1568 vita
1116 1510 1384 1569 aeterna
1407 1504 1653 1585 justum
1672 1502 1993 1585 quaedam
2026 1501 2320 1576 venialia,
2353 1501 2491 1566 sine
2523 1499 2753 1583 quibus
2785 1500 2950 1564 haec

330 1612 462 1675 vita
491 1629 623 1675 non
655 1611 938 1675 ducitur:
988 1610 1081 1674 sic
1129 1611 1214 1674 ad
1262 1610 1537 1676 salutem
1589 1615 1920 1675 aeternam
1969 1608 2125 1672 011111
2174 1614 2444 1690 prosunt
2489 1607 2685 1688 impio
2735 1607 2952 1689 aliqua

327 1716 501 1781 bona
532 1735 751 1800 opera,
786 1717 923 1782 sine
954 1716 1184 1799 quibus
1235 1716 1597 1782 difficillime
1645 1717 1780 1782 vita
1828 1714 2167 1797 cujuslibet
2213 1714 2474 1797 pessimi
2521 1713 2800 1777 hominis
2849 1714 2948 1776 in-

323 1826 633 1889 venitur.‘
673 1864 762 1873 —
801 1823 1087 1899 ‚Natura
1118 1824 1416 1888 omnibus
1448 1825 1614 1888 inest
1644 1823 1758 1887 Dei
1790 1824 2036 1898 notitia,
2070 1822 2276 1905 inquit
2305 1821 2852 1903 Hieronymus
2885 1820 2950 1883 in

321 1952 420 2015 ep.
454 1933 540 1995 ad
575 1930 713 1996 Gal.
752 1937 807 2008 1,
841 1951 960 1997 nec
993 1931 1332 2014 quisquam
1363 1931 1503 1996 sine
1535 1930 1789 1995 Christo
1821 1930 2124 2006 nascitur,
2172 1936 2238 1994 et
2281 1946 2412 1992 non
2458 1927 2656 1992 habet
2700 1928 2950 1992 semina

321 2041 388 2103 in
420 2059 495 2105 se
528 2038 886 2120 sapientiae
919 2044 984 2102 et
1008 2036 1296 2119 justitiae
1328 2037 1845 2120 reliquarumque
1892 2036 2219 2111 virtutum,
2269 2034 2439 2099 unde
2491 2032 2674 2099 multi
2704 2034 2949 2118 absque

320 2145 448 2209 fide
481 2152 549 2211 et
581 2144 924 2225 Evangelio
959 2143 1192 2208 Christi
1221 2144 1323 2210 vel
1344 2145 1671 2225 sapienter
1689 2142 1933 2207 faciunt
1953 2142 2184 2224 aliqua,
2221 2141 2318 2207 vel
2338 2146 2578 2218 sancte,
2612 2148 2684 2205 01
2713 2159 2949 2223 paren-

320 2252 497 2315 tibus
531 2251 992 2333 obsequantur,
1044 2257 1116 2315 ut
1163 2250 1338 2333 inopi
1387 2269 1649 2314 manum
1699 2250 2046 2332 porrigant,
2098 2267 2230 2312 non
2276 2248 2641 2330 opprimant
2687 2249 2950 2325 vicinOS,

319 2375 453 2422 non
488 2358 705 2422 aliena
737 2357 1089 2438 diripiant‘
1129 2395 1214 2407 -
1250 2355 1366 2421 Cui
1396 2357 1806 2438 praeiverant
1830 2357 1966 2437 jam
1997 2375 2045 2418 5.
2080 2353 2531 2435 Gregorius
2564 2372 2700 2417 naz.
2737 2373 2828 2418 or.
2869 2353 2950 2423 18

320 2465 399 2529 de
431 2471 623 2547 patre
655 2483 774 2528 suo
808 2464 1133 2547 quondam
1168 2465 1424 2530 ethnico
1456 2484 1516 2528 n.
1551 2471 1592 2534 6
1625 2471 1691 2529 01
1721 2483 1767 2527 5.
1803 2463 2169 2527 Basilius
2201 2461 2353 2525 Hex.
2386 2460 2422 2524 l.
2458 2466 2498 2528 9
2530 2481 2590 2525 n.
2622 2467 2698 2529 4:
2755 2462 2950 2537 ‚Insi-

328 2572 481 2636 dent
509 2577 734 2636 autem
767 2577 832 2635 01
864 2571 1048 2635 001115
1079 2571 1350 2636 virtutes
1402 2571 1757 2637 secundum
1806 2578 2123 2646 naturam,
2157 2587 2300 2632 cum
2350 2567 2580 2649 quibus
2612 2568 2780 2633 inest
2811 2568 2951 2632 ani-

329 2697 473 2745 mae
505 2677 788 2743 affinitas
819 2678 1138 2761 quaedam
1186 2698 1320 2744 non
1369 2699 1451 2746 ex
1501 2679 1796 2744 doctrina
1843 2678 2195 2754 hominum,
2243 2675 2360 2740 sed
2405 2695 2487 2741 ex
2530 2677 2671 2758 ipsa
2701 2685 2949 2742 natura.

323 2784 889 2864 Quemadmodum
921 2787 1091 2851 enim
1120 2787 1297 2850 nulla
1328 2787 1662 2869 disciplina
1690 2804 1812 2851 nos
1844 2785 2076 2852 edocet
2104 2784 2402 2848 morbum
2433 2783 2662 2860 odisse,
2714 2783 2828 2848 sed
2870 2802 2950 2847 ex

323 2892 809 2973 nobismetipsis
841 2910 937 2968 ea,
970 2911 1137 2975 quae
1170 2894 1533 2960 molestiam
1566 2899 1806 2968 creant,
1840 2908 2244 2957 aversamur:
2275 2891 2369 2954 ita
2387 2895 2452 2955 et
2471 2890 2691 2954 anima
2710 2890 2941 2953 amalo

324 3000 612 3064 declinat
640 2999 804 3062 citra
834 2999 1210 3064 doctrinam.
1274 2996 1479 3066 Omne
1513 3007 1731 3065 autem
1762 3000 1986 3064 vitium
2019 2998 2351 3080 aegritudo
2385 3004 2486 3062 est
2517 2997 2790 3075 animae,
2821 2996 2950 3060 vir-

324 3113 427 3169 tus
458 3106 786 3172 rationem
819 3105 1067 3171 obtinet
1096 3108 1392 3172 sanitatis
1424 3158 1437 3170 .
1473 3158 1485 3170 .
1521 3159 1534 3171 .
1576 3106 1790 3188 Quare
1823 3107 2040 3170 anima
2071 3106 2233 3169 citra
2264 3104 2627 3168 doctrinam
2659 3104 2740 3181 id,
2779 3103 2950 3186 quod

325 3213 448 3276 sibi
481 3215 815 3295 proprium
848 3219 946 3278 est
976 3214 1276 3297 quodque
1309 3213 1430 3278 sibi
1462 3221 1695 3279 natura
1725 3214 2044 3289 convenit,
2078 3213 2337 3295 appetit.
2390 3211 2550 3274 Hinc
2583 3215 2950 3292 temperan-

323 3320 418 3384 tia
449 3320 536 3383 ab
571 3320 871 3384 omnibus
903 3320 1218 3397 laudatur,
1269 3321 1665 3403 approbatur
1704 3321 1972 3403 justitia,
2023 3319 2326 3384 fortitudo
2379 3325 2477 3383 est
2525 3317 2951 3393 admirationi,

328 3426 678 3507 prudentia
706 3426 895 3492 valde
927 3434 1320 3509 exoptatur.‹

508 3533 576 3599 3.
610 3532 930 3597 Probatur
959 3535 1305 3600 ratione.
1369 3534 1489 3616 Qui
1521 3534 1873 3600 secundum
1907 3531 2342 3597 conscientiae
2389 3530 2729 3608 dictamen,
2763 3531 2948 3594 dum-

325 3641 528 3704 modo
560 3659 696 3704 non
726 3642 810 3705 sit
828 3641 1226 3722 culpabiliter
1246 3659 1604 3718 erroneum,
1637 3642 1784 3722 agit,
1804 3658 1938 3704 non
1957 3644 2201 3721 peccat
2236 3638 2430 3720 Atqui
2451 3638 2647 3702 etiam
2665 3637 2951 3702 infideles

316 3748 511 3828 juxta
542 3747 978 3812 conscientiae
1008 3748 1332 3814 dictamen
1364 3766 1553 3829 agere
1573 3755 1860 3830 possunt,
1892 3745 2177 3828 alioquin
2195 3762 2316 3811 nec
2333 3750 2707 3827 peccarent3
2744 3763 2951 3828 neque

326 3874 558 3919 eorum
591 3854 1031 3919 conscientiae
1062 3854 1386 3920 dictamen
1404 3874 1658 3936 semper
1678 3860 1777 3919 est
1796 3852 2196 3936 culpabiliter
2216 3869 2555 3916 erroneum
2575 3873 2590 3915 :
2623 3853 2952 3933 conspirat

332 3961 506 4024 enim
538 3962 604 4023 in
636 3978 831 4042 quam
862 3960 1150 4041 plurimis
1182 3979 1333 4024 cum
1365 3961 1707 4025 dictamine
1739 3959 2174 4024 conscientiae
2194 3957 2599 4024 christianae.
2632 3958 2796 4039 Ergo
2819 3976 2949 4022 non

328 4066 620 4130 omnium
652 4066 1001 4132 infidelium
1032 4085 1232 4150 opera
1262 4069 1629 4132 necessario
1662 4073 1813 4131 sunt
1842 4071 2129 4148 peccata.

508 4175 572 4244 4.
605 4170 919 4255 Opposita
950 4175 1165 4256 opinio
1199 4181 1298 4239 est
1327 4174 1641 4250 absurda3
1692 4175 2046 4240 secundum
2097 4189 2242 4238 eam
2292 4173 2463 4237 enim
2508 4172 2775 4236 infidelis
2809 4190 2949 4236 mo-

330 4280 469 4343 neri
499 4298 632 4344 non
664 4289 885 4361 posset
916 4283 996 4347 de
1029 4282 1275 4348 orando
1309 4282 1461 4361 Deo,
1495 4283 1792 4348 facienda
1813 4281 2240 4363 eleemosyna,
2261 4281 2639 4363 inquirenda
2657 4281 2948 4357 veritate,

335 4386 391 4448 si
419 4386 585 4451 haec
616 4403 694 4450 eo
727 4387 886 4469 ipso,
920 4390 1092 4471 quod
1125 4390 1207 4453 sit
1238 4390 1525 4466 infidelis,
1558 4389 1767 4456 forent
1800 4395 2081 4471 peccata.

552 4585 589 4652 ¹)
617 4579 700 4634 De
716 4581 851 4652 spir.
869 4585 927 4636 et
937 4582 1024 4637 111.
1040 4600 1087 4639 0.
1099 4589 1168 4638 28
1183 4601 1235 4636 0.
1247 4589 1334 4639 48.
1357 4582 1519 4648 Quod
1541 4581 1892 4652 principium
1909 4582 2149 4636 tradunt
2168 4582 2342 4636 etiam
2358 4581 2438 4635 Pr
2451 4599 2482 4636 o
2498 4599 2571 4652 sp
2584 4597 2651 4635 er
2672 4580 2850 4651 epigr.
2863 4586 2948 4636 46:

337 4674 373 4711 a
389 4677 423 4712 11
437 4677 465 4713 0
478 4663 504 4713 t
520 4677 551 4714 o
567 4678 597 4713 r
636 4659 791 4715 vitae
831 4679 871 4715 ε.
896 4663 1245 4731 syncleticae
1286 4664 1457 4736 (inter
1497 4678 1669 4731 opera
1709 4662 1905 4732 spuria
1946 4680 1989 4717 s.
2030 4665 2077 4714 A
2095 4665 2120 4715 t
2133 4662 2173 4714 h
2190 4679 2224 4716 a
2239 4682 2276 4717 n
2292 4678 2325 4714 a
2342 4678 2366 4714 s
2382 4661 2404 4713 i
2419 4661 2457 4726 i,
2499 4659 2635 4730 Mig.
2663 4666 2748 4726 28,
2795 4663 2947 4730 1554)

341 4745 522 4797 n.108
547 4742 608 4793 ct.
632 4757 675 4793 s.
705 4739 1207 4811 Hieronymus
1233 4742 1294 4795 in
1321 4759 1411 4814 ep.
1435 4742 1509 4795 ad
1536 4741 1730 4795 Titum
1764 4750 1808 4806 1,
1842 4749 1903 4797 1⁶2
1932 4758 2002 4795 ss.
