3538 5364
596 238 682 302 50
941 230 1126 284 Tract.
1154 230 1303 283 vm.
1330 229 1399 283 de
1425 228 1631 300 gratia,
1660 229 1862 283 Thesis
1887 228 2228 285 CLXXXIV.
2255 229 2526 285 Doctrina
2552 230 2866 301 Augustini

774 414 876 479 56.
910 411 1455 479 Demonstratio
1490 431 1557 496 p.
1591 411 1694 478 ΙΙ.
1728 409 2039 490 Quamvis
2073 411 2306 475 harum
2334 411 2937 494 interpretationum
2965 412 3225 495 aliquae

594 517 913 582 sufficiant
944 516 1109 582 forte
1143 516 1225 579 ad
1258 536 1456 581 unum
1489 517 1891 600 alterumque
1923 524 2181 600 patrum
2215 518 2671 595 testimonium,
2696 519 2778 583 ad
2799 519 2969 601 quod
2989 520 3223 585 adver-

595 625 747 688 sarii
778 631 1151 707 provocant,
1177 623 1297 688 rite
1322 624 1803 706 exponendum
1826 608 1957 689 alia
1980 625 2192 690 adhuc
2211 626 2493 708 suppetit
2513 626 2852 708 explicatio
2874 627 3224 709 expedien-

595 732 716 796 dae
750 730 1100 796 difficultati
1131 732 1334 812 magis
1368 732 1619 810 idonea,
1653 751 1953 815 quaeque
1986 733 2214 797 melius
2247 733 2519 797 illustrat
2549 735 2867 798 sentiendi
2898 734 3224 799 disseren-

597 838 786 921 dique
830 839 1149 902 rationem
1196 859 1244 901 s.
1291 838 1753 920 Augustini.
1819 839 1909 903 Ea
1955 839 2038 903 ad
2083 840 2246 904 haec
2288 841 2579 904 revocari
2621 845 2834 922 potest
2881 841 3226 923 principia:

595 967 656 1015 a.
690 945 861 1009 Deus
894 944 1169 1009 elevavit
1201 945 1554 1008 humanum
1587 963 1788 1025 genus
1808 946 1873 1008 in
1893 946 2463 1028 protoparentibus
2486 946 2569 1010 ad
2588 946 2782 1012 finem
2803 947 3227 1030 ordinemque

594 1051 1150 1133 supernaturalem
1201 1051 1480 1133 illudque
1513 1052 1778 1116 donavit
1809 1053 1874 1115 in
1907 1052 2060 1134 ipsis
2092 1052 2399 1117 filiatione
2433 1054 2768 1135 adoptiva3
2818 1055 3018 1119 voluit
3049 1055 3226 1119 enim

591 1177 711 1223 nos
744 1176 970 1223 omnes
1003 1176 1146 1224 esse
1178 1159 1336 1223 deos
1370 1163 1434 1223 et
1463 1157 1628 1222 filios
1659 1177 1835 1237 suoS,
1868 1177 2001 1223 non
2033 1165 2294 1224 tantum
2326 1161 2621 1225 homines
2654 1167 2718 1225 et
2736 1160 2899 1225 filios
2919 1162 3220 1225 hominis.

593 1267 834 1332 Verum
866 1268 940 1333 b.
973 1265 1262 1330 Adamus
1294 1266 1525 1330 cecidit
1552 1267 2052 1349 universumque
2099 1285 2301 1347 genus
2352 1267 2707 1330 humanum
2739 1285 2962 1344 secum
2995 1269 3064 1332 in
3094 1269 3226 1333 rui-

593 1391 747 1438 nam
777 1373 999 1436 traxit:
1038 1377 1232 1455 atque
1264 1373 1355 1436 ita
1386 1373 1601 1450 hom0,
1635 1378 1706 1437 ut
1735 1372 1795 1437 A
1817 1373 2253 1454 ugustinus
2285 1373 2566 1457 loquitur
2595 1373 2632 1436 l.
2669 1378 2752 1443 83
2787 1394 2887 1458 qq.
2911 1395 2969 1458 q.
2994 1381 3080 1443 67
3104 1394 3163 1439 n.
3187 1382 3229 1443 4

601 1481 770 1562 ,jam
801 1479 1129 1560 signaculo
1161 1479 1456 1560 imaginis
1486 1485 1749 1561 propter
1781 1486 2121 1562 peccatum
2153 1480 2393 1544 amisso
2425 1482 2736 1546 remansit
2767 1482 3225 1553 tantummodo

595 1593 965 1663 creatura3‘
1017 1585 1256 1649 mansit
1285 1589 1541 1648 tantum
1573 1585 1793 1661 homo,
1825 1584 2167 1649 destitutus
2213 1585 2334 1650 illis
2365 1586 2726 1663 monilibuS,
2772 1606 2938 1671 quae
2970 1588 3053 1654 de
3086 1588 3228 1653 the-

593 1693 804 1758 sauris
836 1692 1056 1774 sponsi
1086 1692 1123 1754 i.
1158 1710 1210 1756 e.
1244 1711 1292 1754 s,
1325 1688 1598 1772 Spiritus
1631 1697 1992 1774 acceperat,
2044 1691 2349 1758 filiatione
2381 1693 2512 1757 scil.
2543 1693 2867 1776 adoptiva.
2938 1690 3231 1776 ,Objecit

597 1800 817 1887 (Deus)
852 1798 1237 1874 hominibuS,
1270 1798 1476 1880 inquit
1505 1796 1676 1865 idem
1707 1818 1755 1861 s,
1800 1804 1921 1868 166
1956 1817 2008 1863 c.
2041 1805 2083 1868 2
2122 1818 2183 1863 n.
2217 1802 2277 1876 2,
2312 1801 2463 1882 quia
2492 1799 2787 1865 homines
2820 1808 3023 1865 erant.
3064 1800 3229 1880 Quid

594 1907 737 1971 illos
767 1906 905 1971 fieri
935 1905 1214 1982 volebat,
1248 1904 1479 1987 quibus
1498 1905 1743 1970 crimen
1764 1912 1920 1984 erat,
1957 1906 2109 1989 quia
2138 1907 2355 1971 homi
2375 1925 2517 1973 nes
2551 1910 2780 1972 erant?
2811 1907 3229 1990 Exprobrans

596 2019 661 2078 et
692 2013 1038 2094 obJurgans
1072 2012 1192 2076 ait:
1244 2010 1473 2077 Nonne
1503 2012 1799 2077 homines
1833 2013 2034 2079 estis?
2098 2012 2263 2093 Quid
2296 2032 2446 2095 ergo
2481 2033 2594 2080 eos
2624 2014 2762 2079 fieri
2793 2015 3073 2093 volebat,
3108 2014 3230 2079 nisi

596 2120 769 2202 quod
800 2119 868 2182 in
898 2117 1157 2183 Psalmo
1191 2118 1454 2183 dicitur:
1507 2118 1642 2202 qu
1674 2121 1829 2197 dixi,
1866 2121 1959 2184 dii
1990 2123 2134 2184 estis
2166 2129 2222 2185 et
2248 2121 2371 2204 filii
2401 2123 2712 2186 Altissimi
2745 2122 2876 2208 (81,
2910 2122 2979 2209 6)
2999 2124 3029 2185 P
3092 2121 3231 2186 Hoc

596 2225 756 2290 dixit
787 2225 989 2291 Deus:
1023 2225 1106 2288 ad
1137 2225 1264 2289 hoc
1296 2225 1466 2290 enim
1498 2232 1746 2290 vocat«
1817 2226 1980 2291 Hinc
2014 2245 2079 2294 c.
2112 2227 2279 2291 sicut
2322 2227 2459 2310 ipse
2504 2228 2718 2305 homo,
2766 2229 2875 2312 qui
2918 2229 3230 2306 nascitur,

597 2337 819 2414 utpote
864 2331 1174 2397 difformis
1220 2350 1338 2395 suo
1388 2333 1739 2415 exemplari
1787 2339 1886 2397 est
1917 2331 2051 2398 Deo
2086 2332 2329 2397 invisus
2372 2340 2438 2399 et
2466 2334 2631 2399 filius
2662 2336 2828 2401 irae:
2877 2336 2971 2399 ita
3020 2337 3229 2400 omnis

594 2439 743 2515 vita,
778 2457 970 2504 omne
1004 2456 1166 2521 opus
1198 2439 1490 2505 difforme
1535 2439 1685 2503 huic
1730 2440 1947 2517 statui,
1999 2441 2338 2517 vocationi,
2372 2441 2800 2520 destinationi,
2848 2443 3078 2520 ordini,
3113 2444 3232 2510 etsi

594 2547 662 2610 in
692 2546 819 2609 alio
852 2565 1069 2612 rerum
1102 2546 1326 2633 ordine
1357 2545 1674 2628 potuisset
1705 2544 1841 2611 Deo
1873 2546 2132 2627 placere
2165 2552 2231 2611 et
2260 2553 2515 2629 gratum
2548 2567 2708 2626 esse,
2734 2549 2871 2630 Jam
2904 2549 2964 2614 ei
2999 2556 3100 2616 est
3129 2551 3227 2614 in-

596 2653 822 2731 visum,
851 2658 1191 2735 peccatum
1217 2659 1315 2719 est
1330 2654 1393 2738 ¹).
1424 2652 1570 2718 Jam
1588 2671 1744 2718 vero
1765 2654 1835 2723 d.
1853 2653 2018 2719 haec
2039 2653 2227 2718 ruina
2245 2655 2501 2719 nonnisi
2536 2654 2660 2723 fide
2678 2656 2900 2740 incipit
2917 2658 3227 2741 reparari,

595 2779 711 2842 per
742 2777 938 2842 quam
970 2760 1202 2824 iterum
1235 2760 1561 2839 dirigimur
1610 2760 1677 2824 in
1720 2759 1916 2825 finem
1960 2762 2517 2842 supernaturalem
2549 2768 2745 2845 atque
2774 2765 2842 2828 in
2871 2764 3054 2828 illum
3087 2771 3229 2830 ten-

596 2867 821 2930 dimus.
885 2866 1062 2930 Fidei
1096 2872 1315 2930 autem
1346 2867 1607 2930 nomine
1637 2867 1706 2930 in
1738 2867 1862 2930 hac
1896 2867 2279 2949 quaestione
2310 2869 2660 2951 intelligere
2691 2870 2839 2935 licet
2860 2890 2999 2935 non
3018 2872 3229 2935 solum

593 2973 786 3038 fidem
832 2971 1184 3037 formaliter
1229 2973 1665 3049 christianam,
1717 2992 1944 3038 verum
1991 2992 2251 3039 ornnem
2300 2976 2650 3040 salutarem
2680 2979 2914 3042 mentis
2946 2979 3227 3043 illustra-

595 3080 839 3144 tionem
887 3079 1147 3142 seminis
1196 3079 1399 3142 instar
1467 3087 1661 3162 atque
1726 3081 2166 3163 conceptionis
2228 3081 2404 3146 illam
2463 3090 2996 3165 praevertentem,
3062 3103 3227 3169 quae

593 3185 881 3267 practica
912 3185 1237 3264 agnitione
1273 3186 1385 3251 Dei
1433 3186 1717 3269 legisque
1771 3187 2059 3270 ejusdem
2112 3194 2417 3255 aeternae
2466 3209 2580 3271 per
2641 3192 3108 3257 conscientiam
3158 3211 3227 3257 se

593 3292 1057 3373 promulgantis
1090 3292 1469 3356 continetur.
1503 3290 1876 3359 Secundum
1907 3296 2078 3359 hanc
2110 3294 2257 3359 fidei
2291 3297 2734 3378 acceptionem
2766 3298 3026 3377 dictum,
3055 3299 3225 3383 quod

595 3398 909 3479 objicitur,
944 3400 1206 3480 exponit
1235 3408 1301 3465 et
1330 3399 1590 3466 Pesch
1621 3402 1818 3484 prael.
1854 3402 2063 3482 dogm.
2096 3409 2139 3467 t.
2172 3402 2245 3466 V.
2280 3423 2339 3466 n.
2381 3409 2523 3473 144.
2586 3404 2724 3469 Hoc
2756 3425 2954 3471 sensu
2985 3407 3225 3472 Paulus

593 3505 844 3569 locutus
889 3505 1140 3571 videtur
1185 3506 1366 3571 Rom.
1407 3514 1508 3585 14,
1544 3513 1628 3578 23
1663 3509 1748 3595 (n.
1784 3510 1967 3596 54¹);
2015 3516 2080 3573 et
2122 3529 2171 3573 s.
2220 3509 2710 3591 Fulgentius
2756 3512 2838 3577 de
2882 3514 3004 3577 inc,
3040 3520 3105 3579 et
3137 3533 3224 3596 gr.

595 3629 647 3675 c.
681 3618 767 3681 23
800 3632 859 3675 n.
892 3617 1013 3681 45:
1054 3610 1333 3687 ,Contra
1363 3622 1665 3679 naturam
1699 3615 1932 3697 quippe
1966 3615 2244 3680 hominis
2294 3617 2533 3703 (prouti
2562 3619 2694 3700 scil.
2726 3619 2792 3683 in
2823 3619 3078 3685 Adamo
3113 3620 3225 3685 fuit

594 3718 909 3805 instituta)
945 3726 1059 3797 est,
1094 3720 1266 3802 quod
1298 3722 1364 3785 in
1394 3720 1600 3787 Deum
1631 3739 1764 3785 non
1798 3722 2038 3787 credit:
2070 3724 2222 3805 quia
2241 3725 2751 3791 incredulitatem
2772 3728 3126 3793 nonhabet
3144 3746 3223 3792 ex

596 3827 924 3892 creatione
946 3827 1077 3903 Dei,
1108 3826 1224 3892 sed
1255 3828 1622 3893 voluntaria
1652 3830 2207 3910 praevaricatione
2240 3830 2583 3896 mandatis*
2621 3831 2786 3915 Ergo
2820 3854 2882 3901 e.
2917 3834 3221 3917 quidquid

596 3951 729 3997 non
763 3938 862 3997 est
893 3952 972 3998 ex
1004 3933 1148 4010 fide,
1180 3942 1518 4015 peccatum
1551 3943 1664 4000 est.
1700 3932 1873 4000 Sane
1903 3937 1959 4004 f.
1997 3936 2206 4000 omnis
2239 3937 2409 4002 actio
2442 3938 2706 4003 dissona
2736 3957 2777 4003 a
2807 3958 3042 4005 norma
3060 3940 3220 4005 obli-

597 4047 805 4120 gante,
838 4059 955 4105 seu
988 4041 1197 4105 omnis
1231 4043 1519 4124 operatio
1553 4060 1784 4107 carens
1817 4043 2034 4109 debito
2057 4044 2279 4110 ordine
2298 4054 2637 4127 peccatum
2657 4048 2780 4111 dici
2798 4055 3031 4130 potest,
3051 4048 3219 4113 unde

820 4299 855 4366 ¹)
888 4295 1008 4357 „Ad
1038 4296 1144 4350 hoc
1174 4297 1339 4351 credo
1368 4298 1673 4368 pertinere,
1702 4300 1858 4367 quod
1886 4299 2121 4369 quidam
2149 4301 2461 4371 prudenter
2487 4301 2847 4374 intelligunt,
2887 4303 3037 4359 illud
3065 4300 3216 4371 quod

598 4373 879 4427 Dominus
901 4375 1024 4430 viso
1054 4376 1307 4431 Caesaris
1334 4396 1568 4433 nummo
1613 4379 1726 4434 ait:
1767 4384 1991 4434 Reddite
2033 4384 2260 4436 Caesari
2298 4386 2437 4451 quod
2465 4387 2712 4438 Caesaris
2736 4395 2827 4454 est,
2869 4395 2916 4438 et
2943 4388 3053 4438 Deo
3078 4385 3215 4452 quod

595 4457 697 4508 Dei·
719 4464 793 4508 est
820 4453 1045 4524 (Matth.
1073 4462 1159 4521 22,
1184 4461 1292 4530 21).
1344 4458 1661 4526 Tamquam
1688 4458 1738 4513 si
1762 4459 2009 4514 diceret:
2050 4458 2537 4524 Quemadmodum
2564 4461 2767 4517 Caesar
2791 4481 2826 4516 a.
2852 4463 3014 4518 vobis
3039 4461 3216 4532 exigit

594 4533 1027 4604 impressionem
1047 4535 1322 4606 imaginis
1349 4555 1501 4602 suae,
1530 4539 1610 4592 sic
1636 4543 1695 4592 ct
1720 4537 1904 4594 Deus:
1930 4542 1998 4593 ut
2023 4541 2506 4610 quemadmodum
2532 4541 2623 4596 illi
2648 4544 2908 4598 redditur
2935 4559 3214 4605 nummus,

596 4612 676 4668 sic
703 4612 819 4668 Deo
846 4613 1040 4668 anima
1068 4616 1283 4671 lumine
1312 4618 1511 4672 vultus
1536 4620 1660 4689 ejus
1687 4618 1978 4674 illustrata
2002 4624 2177 4689 atque
2205 4621 2481 4690 signata.“
2536 4621 2590 4675 S.
2630 4624 2681 4675 A
2701 4642 2735 4677 u
2753 4642 2791 4694 g
2808 4642 2845 4677 u
2863 4624 3019 4678 stin
3036 4642 3073 4676 u
3089 4640 3114 4675 s
3150 4622 3210 4675 in

596 4692 684 4746 ΡΒ.
712 4703 745 4748 4
771 4712 826 4746 n.
852 4700 902 4749 8.
955 4693 1039 4750 Of.
1065 4696 1453 4752 Scheeben
1478 4708 1505 4764 ς
1535 4701 1654 4755 297.
