3538 5364
1377 275 1637 331 doctrina
1665 274 1989 344 exponitur.
2859 282 2997 348 539

370 464 876 540 presbyterorum,
910 463 1161 540 gratiam
1192 462 1564 538 adprecatur.
1613 462 1692 519 Et
1723 460 1919 520 citatis
1937 462 2066 524 Act.
2093 470 2191 532 20,
2219 469 2297 523 28
2321 465 2430 520 etc.
2460 460 2546 519 ita
2572 461 2988 537 prosequitur:

373 592 401 623 ‚
418 553 574 613 Haec
602 555 929 630 propterea,
962 555 1034 611 ut
1061 550 1510 611 ostenderemus
1537 550 1696 626 apud
1724 553 1954 610 veteres
1972 551 2209 610 eosdem
2228 549 2415 608 fuisse
2437 550 2817 626 presbyteros
2838 569 2988 626 quos

370 645 433 701 et
463 643 797 719 episcopos:
831 641 1122 718 paulatim
1154 658 1292 699 vero
1326 643 1396 699 ut
1425 640 1859 698 dissensionum
1892 640 2191 716 plantaria
2221 639 2633 711 evellerentur,
2680 638 2755 697 ad
2798 658 2993 698 unum

369 749 604 791 omnem
623 731 1092 790 sollicitudinem
1122 748 1253 789 esse
1283 729 1558 791 delatam.
1609 729 1779 788 Sicut
1807 747 1948 806 ergo
1979 728 2314 805 presbyteri
2347 728 2561 799 sciunt,
2595 746 2658 787 se
2689 746 2761 787 ex
2791 728 2990 787 Eccle-

370 821 492 879 siae
522 821 953 880 consuetudine
997 820 1068 889 ei,
1116 819 1222 895 qui
1252 818 1367 877 sibi
1397 817 1773 895 praepositus
1806 817 2005 887 fuerit,
2056 835 2186 876 esse
2219 817 2551 893 subjectos:
2599 817 2686 875 ita
2729 817 2990 892 episcopi

368 910 647 969 noverint
692 928 755 968 se
800 910 991 987 magis
1038 906 1488 977 consuetudine,
1537 926 1716 983 quam
1748 907 2153 982 dispositionis
2183 906 2509 965 dominicae
2542 906 2791 965 veritate
2822 924 2993 981 pres·

369 998 595 1074 byteris
627 1016 756 1058 esse
787 1000 1037 1075 majores
1070 1000 1132 1055 et
1162 997 1225 1056 in
1257 1015 1566 1056 commune
1598 995 1813 1054 debere
1832 996 2152 1055 Ecclesiam
2184 1003 2450 1073 regere.‘
2502 995 2572 1053 In
2605 1014 2696 1071 ep.
2728 1013 2868 1054 vero
2907 1005 2983 1056 35

368 1087 509 1146 haec
538 1087 745 1147 habet:
794 1086 1224 1157 ‚Alexandriae
1267 1106 1302 1145 a
1348 1087 1542 1145 Marco
1591 1084 1958 1162 evangelista
1988 1103 2181 1161 usque
2211 1085 2285 1144 ad
2317 1085 2625 1144 Heraclam
2658 1081 2721 1163 (†
2753 1103 2798 1143 c.
2836 1082 2991 1159 256)

369 1179 430 1235 et
474 1176 823 1254 Dionysium
858 1173 919 1255 (†
953 1174 1104 1253 265)
1150 1176 1454 1251 episcopos
1497 1174 1834 1251 presbyteri
1881 1192 2109 1251 semper
2152 1193 2341 1233 unum
2391 1192 2459 1232 ex
2511 1192 2572 1232 se
2621 1174 2876 1232 electum
2924 1174 2988 1232 in

367 1265 672 1327 excelsiori
704 1266 829 1325 loco
861 1266 1230 1335 collocatum,
1262 1264 1606 1340 episcopum
1635 1262 2054 1322 nominabant:
2103 1263 2397 1339 quomodo
2445 1263 2498 1322 si
2542 1263 2834 1321 exercitus
2875 1263 2986 1321 im-

365 1357 699 1430 peratorem
732 1355 934 1414 faciat:
985 1357 1092 1412 aut
1139 1353 1370 1412 diaconi
1419 1353 1647 1430 eligant
1695 1352 1767 1411 de
1817 1371 1898 1423 se,
1951 1370 2129 1427 quem
2173 1352 2537 1411 industrium
2585 1352 2878 1423 noverint,
2925 1355 2989 1411 et

366 1443 839 1503 archidiaconum
869 1445 1141 1504 vocent.‘

550 1578 693 1633 570.
726 1566 963 1642 Duplici
994 1566 1371 1642 potissimum
1407 1568 1757 1643 argumento
1790 1567 1987 1626 utitur
2017 1567 2429 1643 Hieronym
2448 1585 2534 1626 us
2554 1612 2567 1638 ,
2602 1585 2721 1642 quo
2753 1566 2989 1636 efficiat,

364 1658 427 1716 in
459 1657 755 1718 Ecclesiae
787 1655 1127 1731 primordiis
1160 1673 1351 1714 unum
1383 1654 1570 1714 fuisse
1601 1655 1868 1713 ordinem
1903 1657 2313 1732 episcoporum
2357 1657 2450 1714 vel
2497 1656 2984 1731 presbyterorum

364 1745 881 1806 indiscriminatim
913 1745 1156 1814 dictum,
1191 1745 1443 1803 alterum
1477 1763 1544 1803 ex
1578 1744 1902 1820 Scriptura,
1952 1746 2207 1804 alterum
2239 1765 2310 1804 ex
2342 1745 2770 1804 consuetudine
2803 1745 2983 1804 eccle·

367 1836 488 1895 siae
521 1834 944 1894 alexandrinae.
978 1834 1090 1894 Sed
1121 1836 1405 1892 neutrum
1438 1833 1509 1891 ad
1543 1852 1668 1891 rem
1701 1837 1810 1892 est.
1843 1833 1976 1893 Non
2008 1834 2160 1892 illud
2193 1854 2260 1893 ex
2295 1835 2629 1911 scripturis,
2665 1834 2823 1909 quod
2857 1834 2987 1896 scil.

365 1925 428 1984 in
459 1925 551 1984 his
584 1943 703 1983 non
735 1924 879 1982 satis
900 1923 1355 1999 distinguantur
1373 1922 1706 1998 presbyteri
1737 1922 1811 1980 ab
1843 1923 2150 1999 episcopis.
2199 1923 2470 1982 Affirmat
2498 1922 2657 1981 enim
2680 1923 2987 1982 occasione

364 2013 708 2073 corinthiaci
741 2012 1078 2071 schismatis
1111 2011 1335 2070 factum
1366 2030 1512 2082 esse,
1558 2013 1631 2070 ut
1674 2010 1819 2070 ordo
1866 2013 2276 2089 episcoporum
2307 2012 2380 2071 ab
2412 2012 2617 2071 ordine
2648 2011 2979 2088 distingue·

364 2106 531 2163 retur
561 2103 1072 2178 presbyterorum;
1103 2100 1257 2159 illud
1291 2118 1428 2159 vero
1460 2100 1678 2159 accidit
1707 2120 1759 2158 a.
1801 2110 1879 2162 54
1916 2103 2009 2160 vel
2036 2112 2110 2164 57
2134 2123 2147 2172 3
2180 2103 2290 2160 hoc
2320 2101 2508 2179 igitur
2538 2120 2692 2160 anno
2724 2101 2983 2176 episcopi

362 2212 397 2250 a
425 2192 791 2269 presbyteris
825 2190 1155 2249 ministerio
1188 2190 1595 2266 apostolorum
1628 2189 1876 2248 fuerunt
1906 2190 2193 2249 distincti.
2255 2190 2441 2266 Atqui
2475 2189 2648 2265 epist.
2681 2189 2756 2249 ad
2787 2190 2980 2248 Timo-

360 2280 586 2350 theum,
620 2280 821 2339 Titum
853 2283 914 2338 et
943 2279 1016 2338 ad
1046 2279 1453 2355 philippenses
1475 2279 1639 2337 fuere
1660 2279 1913 2354 scriptae
1934 2284 2072 2356 post
2090 2298 2313 2338 annum
2337 2290 2436 2349 60,
2474 2283 2653 2354 atque
2681 2278 2825 2337 adeo
2846 2282 2980 2354 post

360 2369 676 2428 inductum
708 2369 1118 2446 episcoporum
1151 2387 1184 2425 a
1214 2367 1577 2444 presbyteris
1598 2367 1940 2431 discrimen.
1987 2369 2214 2442 Nequit
2244 2387 2383 2445 ergo
2416 2388 2484 2427 ex
2517 2368 2679 2426 hisce
2710 2367 2981 2444 epistolis

359 2458 779 2534 Hieronymus,
827 2457 988 2534 quod
1019 2459 1217 2515 tamen
1261 2457 1419 2527 facit,
1465 2456 1847 2516 identitatem
1877 2459 2271 2533 utrorumque
2303 2457 2723 2527 demonstrare,
2770 2456 2819 2514 si
2867 2455 2980 2514 sibi

359 2548 496 2606 vult
524 2548 849 2609 cohaerere.
915 2545 1025 2605 Sed
1072 2564 1358 2605 verumne
1401 2548 1511 2616 est,
1558 2546 1718 2620 quod
1749 2545 2004 2605 affirmat
2034 2546 2450 2622 Hieronymus,
2484 2546 2784 2621 apostolos
2817 2563 2980 2604 occa·

359 2637 584 2697 sionem
616 2655 684 2696 ex
720 2636 1036 2696 schismate
1055 2635 1415 2695 corinthiaco
1436 2635 1775 2712 sumpsisse,
1809 2637 1937 2695 tum
1972 2634 2382 2711 distinguendi
2413 2635 2719 2712 episcopos
2749 2655 2783 2694 a
2812 2653 2977 2712 pres·

358 2726 609 2803 byteriS‚
643 2729 774 2785 tum
806 2724 1018 2784 edendi
1050 2725 1290 2797 decreti,
1320 2728 1392 2783 ut
1420 2724 1484 2783 in
1515 2725 1769 2802 singulis
1803 2725 2067 2784 ecclesiis
2099 2728 2399 2801 praeesset
2430 2744 2589 2786 unus
2621 2725 2983 2801 episcopus?

358 2815 494 2875 Non
524 2816 781 2884 videtur,
829 2832 962 2873 cum
995 2814 1175 2889 hujus
1204 2813 1344 2872 facti
1376 2816 1438 2872 et
1467 2814 1687 2873 decreti
1721 2814 2034 2889 apostolici
2065 2814 2329 2874 omnium
2364 2815 2594 2890 primus
2626 2818 2763 2890 post
2794 2833 2981 2874 annos

361 2914 486 2967 350
522 2903 861 2962 meminerit
879 2903 1296 2978 Hieronymus,
1329 2921 1524 2977 neque
1554 2903 1617 2961 id
1648 2921 1717 2961 ex
1750 2903 1923 2961 Pauli
1956 2903 2134 2979 epist.
2166 2904 2239 2962 ad
2271 2904 2597 2963 corinthios
2631 2903 2976 2981 colligatur:

354 3010 494 3052 nam
525 2994 635 3052 hac
665 2993 737 3052 de
769 3011 832 3051 re
865 2991 1104 3050 omnino
1138 2992 1277 3050 silet
1307 2991 1634 3068 apostolus,
1665 2995 1727 3049 et
1759 2992 2087 3051 secundum
2129 2993 2331 3069 ipsum
2363 3012 2557 3068 neque
2588 2992 2853 3051 ministri
2887 3011 2978 3051 se-

357 3082 536 3142 cundi
567 3081 794 3141 ordinis
826 3099 1020 3155 neque
1051 3079 1375 3139 eorundem
1405 3081 1725 3159 collegium
1757 3082 2121 3141 occasionem
2164 3082 2459 3141 dederunt
2503 3082 2826 3152 schismati,
2875 3081 2977 3140 sed

355 3172 587 3247 Apono,
622 3171 843 3247 cephas
874 3172 934 3229 et
966 3170 1093 3245 ipse
1124 3170 1366 3245 Paulus,
1401 3172 1472 3228 ut
1502 3169 1695 3246 liquet
1726 3188 1797 3228 ex
1836 3182 1887 3233 1.
1921 3171 2049 3233 Cor.
2093 3181 2140 3239 1.
2184 3183 2249 3234 ll
2278 3193 2291 3242 ;
2327 3180 2383 3244 3,
2422 3181 2456 3234 3
2492 3189 2570 3233 ss.

538 3306 681 3359 571.
726 3295 811 3353 De
856 3295 1290 3354 consuetudine
1321 3295 1599 3354 ecclesiae
1631 3294 2063 3366 alexandrinae,
2097 3295 2171 3354 ad
2199 3314 2377 3371 quam
2408 3295 2810 3373 Hieronymus
2842 3315 2982 3372 pro·

358 3388 542 3455 vocat,
575 3387 720 3444 nota
753 3379 817 3446 1.
852 3384 1281 3461 Hieronymum
1311 3384 1568 3460 primum
1602 3402 1747 3454 esse,
1782 3384 1888 3459 qui
1919 3402 2045 3441 eam
2081 3385 2253 3443 nobis
2272 3388 2490 3444 narret.
2524 3385 2732 3460 Neque
2762 3382 2827 3449 2.
2860 3386 2978 3460 ipsi

353 3492 478 3532 rem
510 3473 657 3533 satis
690 3472 876 3531 fuisse
908 3474 1291 3550 exploratam.
1327 3472 1759 3549 Designaturus
1792 3473 1950 3531 enim
1984 3476 2223 3549 tempus
2244 3477 2509 3533 mutatae
2529 3474 2976 3534 consuetudinis

355 3562 562 3621 scribit
591 3562 738 3621 satis
768 3580 1002 3638 anceps,
1035 3580 1228 3638 usque
1263 3561 1379 3630 ,ad
1399 3562 1707 3620 Heraclam
1738 3566 1803 3621 et
1831 3561 2186 3638 Dionysium
2220 3557 2645 3644 (episcopos).‘
2695 3563 2804 3622 vix
2838 3583 2982 3623 vero

355 3646 419 3716 3.
451 3651 730 3710 credibile
763 3651 1002 3710 videtur
1032 3652 1094 3709 iu
1125 3651 1367 3710 ecclesia
1397 3651 1781 3710 alexandrina
1812 3650 2145 3710 obtinuisse
2176 3670 2416 3720 morem,
2466 3652 2569 3725 qui
2616 3652 2691 3710 ab
2737 3654 2981 3711 univer-

355 3740 464 3799 sali
495 3740 796 3799 recederet
825 3740 1160 3815 disciplina,
1194 3740 1357 3816 quod
1378 3739 1824 3799 concedendum
1855 3739 2023 3811 foret,
2056 3741 2123 3811 si,
2158 3760 2309 3816 quae
2328 3741 2732 3817 Hieronymus
2754 3744 2973 3811 narrat,

354 3828 766 3905 probarentur.
826 3829 977 3887 Dato
1007 3828 1185 3887 etiam
1230 3825 1298 3892 4.
1346 3849 1486 3889 vera
1515 3847 1664 3900 6666,
1711 3847 1866 3904 quae
1897 3829 2024 3904 ipse
2061 3830 2257 3902 refert,
2305 3831 2651 3889 nullatenus
2684 3829 2977 3906 sequitur,

353 3921 424 3976 ut
466 3917 899 3993 presbyteriani
943 3918 1174 3989 volunt,
1220 3918 1344 3977 sive
1389 3936 1560 3995 pares
1600 3936 1734 3977 cum
1768 3918 2058 3994 episcopis
2088 3919 2386 3977 habendos
2419 3937 2549 3978 esse
2580 3920 2977 3995 presbyterOS,

353 4007 474 4066 sive
519 4006 614 4065 his
660 4006 841 4064 fuisse
872 4005 1185 4065 ordinandi
1215 4010 1593 4082 potestatem,
1646 4007 1771 4066 sive
1803 4006 2064 4082 aliquem
2097 4007 2283 4067 fuisse
2316 4008 2712 4066 constitutum
2745 4008 2976 4084 episco-

352 4114 493 4171 pum
543 4095 673 4153 sine
718 4093 1104 4165 ordinatione,
1137 4095 1240 4155 sed
1273 4098 1509 4155 tantum
1540 4095 1907 4173 presbyteris
1939 4096 2335 4155 alexandrinis
2360 4098 2463 4173 jus
2497 4097 2682 4156 fuisse
2714 4096 2975 4173 eligendi

351 4184 712 4260 episcopum.
758 4184 1031 4242 Ceterum
1062 4181 1129 4247 ὅ.
1162 4185 1400 4244 nullum
1432 4189 1626 4246 exstat
1657 4184 1984 4262 vestigium
2015 4186 2411 4256 ecclesiarum,
2447 4203 2596 4262 quae
2627 4188 2977 4262 regerentur

353 4273 837 4350 presbyterorum
868 4273 1135 4349 collegiO,
1169 4273 1273 4333 sed
1303 4275 1558 4334 relatum
1590 4275 1790 4352 potius
1823 4274 2095 4352 legimus,
2138 4276 2259 4350 jam
2306 4278 2442 4333 ante
2488 4275 2737 4334 schisma
2781 4275 2972 4333 corin·

350 4362 616 4421 thiacum
645 4361 974 4437 praefuisse
1006 4381 1197 4421 unum
1227 4363 1492 4422 ecclesiis
1523 4364 1863 4440 apostolicis
1897 4364 2241 4439 episcopum
2275 4364 2368 4422 uti
2403 4365 2682 4424 ecclesiae
2714 4364 2928 4423 hiero
2947 4397 2970 4408 ·

352 4451 891 4527 solymitanae,
924 4451 1455 4521 antiochenae,
1490 4471 1865 4515 romanae.
1899 4452 2053 4511 Hinc
2085 4458 2281 4528 patres
2300 4453 2710 4529 episcoporum
2743 4471 2972 4513 succes·

351 4541 574 4600 sionem
617 4541 681 4598 in
724 4539 986 4600 ecclesiis
1017 4544 1410 4611 recensentes,
1457 4542 1622 4600 illam
1652 4560 1777 4600 non
1809 4543 2095 4617 repetunt
2124 4562 2158 4600 a
2187 4543 2672 4617 presbyterorum
2703 4543 2970 4620 collegiO,

351 4630 455 4689 sed
499 4630 573 4687 ab
618 4629 815 4706 aliquo
860 4629 1143 4705 apost010,
1192 4630 1298 4705 qui
1341 4649 1531 4689 unum
1572 4631 1912 4689 instituerit
1942 4631 2302 4707 episcopum.
2367 4632 2460 4690 Ita
2491 4631 2862 4691 Irenaeus
2896 4631 2969 4699 11,

354 4729 389 4782 3
425 4739 482 4777 6.
525 4730 589 4781 l:
639 4718 1000 4790 ,Habemus,
1048 4718 1266 4794 inquit,
1314 4738 1703 4779 annumerare
1748 4738 1866 4791 eos,
1914 4720 2017 4795 qui
2068 4720 2141 4779 ab
2189 4720 2478 4796 apostolis
2525 4719 2794 4779 instituti
2826 4726 2971 4778 sunt
