3538 5364
591 254 715 321 146
1001 244 1185 298 Tract.
1218 246 1262 296 V
1268 245 1362 297 ΙΙΙ.
1388 244 1457 297 de
1483 243 1908 313 justificatione.
1939 243 2101 299 Falsa
2118 243 2563 314 justificationis
2588 244 2769 301 noti0.

585 434 673 491 est
722 450 902 507 supra
933 435 1208 491 naturam
1240 427 1577 491 humanam.
1638 430 1794 506 Ergo
1825 432 2062 506 oportet
2093 431 2254 506 quod
2284 430 2979 511 homini'superaddatur
3010 433 3219 507 aliqua

585 521 1059 595 supernaturalis
1092 519 1280 578 forma
1323 523 1386 597 et
1430 519 1732 595 perfectiO,
1785 538 1889 595 per
1933 539 2115 595 quam
2144 521 2565 580 convenienter
2594 521 2909 581 ordinetur
2937 521 3002 579 in
3037 520 3217 581 finem

584 609 954 685 praedictum
988 608 1190 684 (quam
1222 608 1517 672 rationem
1542 610 1850 683 praeclare
1882 608 2080 667 fusius
2124 609 2351 668 evolvit
2396 610 2467 667 de
2511 611 2684 668 verit.
2716 631 2770 686 q.
2808 620 2885 672 27
2921 630 2973 668 a.
3010 613 3089 681 2).
3123 644 3214 652 —

583 696 766 756 Item:
800 699 1035 777 oportet
1053 698 1211 774 quod
1233 697 1406 756 homo
1439 698 1509 756 ad
1542 697 1825 756 ultimum
1856 697 2034 757 finem
2067 714 2174 774 per
2195 698 2467 773 proprias
2488 699 2859 775 operationes
2882 699 3215 773 perveniat.

585 787 1062 863 Unumquodque
1107 791 1307 845 autem
1352 788 1631 862 operatur
1674 786 2003 845 secundum
2050 788 2350 862 propriam
2391 788 2659 849 formam.
2726 778 2979 865 Oportet
3021 788 3218 865 igitur

584 876 655 934 ad
704 877 828 947 hoc,
878 876 1039 950 quo'd
1081 877 1275 937 homo,
1303 875 1664 950 perducatur
1703 875 1773 934 in
1817 875 2097 934 ultimum
2135 875 2314 934 finem
2359 896 2468 952 per
2499 877 2779 953 'proprias
2811 879 3213 953 operationes,

583 964 744 1040 quod
776 964 1215 1042 superaddatur
1243 965 1298 1027 ei
1330 965 1535 1043 aliqu-a
1567 964 1772 1034 forma,
1806 983 1874 1023 ex
1908 983 2031 1039 qua
2051 966 2192 1039 ejus
2213 966 2587 1043 operationes
2606 966 2866 1043 aliquam
2888 966 3215 1043 efficaciam

583 1055 875 1129 accipiant
904 1054 1285 1129 promerendi
1315 1054 1606 1122 ultimum⁸
1629 1054 1868 1128 finem?
1898 1087 1970 1097 —
1998 1053 2053 1114 S.
2075 1055 2634 1122 Bonaventura
2663 1055 2727 1113 in
2763 1064 2818 1117 2.
2852 1058 3005 1121 sent,
3038 1055 3212 1119 (1,,26

583 1163 633 1202 a.
678 1156 697 1205 l
740 1163 796 1219 q.
834 1154 900 1205 2:
945 1143 1045 1211 ,Si
1078 1141 1305 1221 gratiae
1339 1144 1431 1223 est
1460 1134 1725 1203 recreare
1756 1145 1820 1200 et
1849 1136 2170 1203 reformare
2201 1146 2262 1203 et
2293 1143 2603 1214 vivificare,
2654 1143 2740 1205 sic
2772 1144 2844 1202 de
2876 1144 3024 1224 aliie,
3073 1163 3215 1204 cum

583 1232 775 1291 omnis
806 1230 945 1290 talis
978 1233 1145 1291 actus
1179 1231 1261 1290 sit
1292 1231 1365 1290 ab
1396 1231 1600 1306 aliquo
1630 1234 1936 1307 tamquam
1972 1251 2006 1288 a
2036 1232 2334 1309 principio
2370 1232 2631 1291 formali:
2677 1232 2991 1291 nonenim
3024 1232 3216 1292 estet

583 1322 891 1391 recreatio,
922 1339 1033 1379 nec
1065 1320 1423 1392 reformatio,
1470 1339 1580 1380 nec
1610 1321 1932 1379 vivificatio
1963 1323 2025 1379 et
2057 1321 2143 1379 sie
2175 1320 2249 1378 de
2279 1320 2415 1380 aliis
2449 1321 2578 1380 sine
2610 1322 3084 1390 forma,.necesse
3115 1327 3212 1381 est

582 1410 824 1486 aliquod
855 1411 1081 1469 donum
1112 1410 1255 1486 poni
1285 1410 1349 1468 in
1379 1410 1594 1480 anima,
1627 1409 1906 1485 quod-sit
1936 1410 2166 1469 animae
2199 1409 2390 1484 ipsius
2410 1411 2892 1471 informativum:
2928 1411 3030 1479 sed
3051 1412 3211 1471 Deus

579 1499 811 1559 nulli-us
860 1501 1056 1575 potest
1100 1517 1227 1559 esse
1246 1528 1249 1531 1
1270 1498 1463 1557 ⁴forma
1511 1498 1840 1575 perficiens,
1897 1499 2172 1573 quamvis
2222 1516 2286 1558 se
2331 1501 2526 1575 possit
2575 1500 2791 1559 habere
2841 1501 2904 1559 in
2964 1503 3204 1560 ratione

581 1589 804 1647 formae
836 1588 1204 1664 exemplaris.
1270 1588 1427 1665 Ergo
1476 1590 1708 1663 praeter
1755 1589 1978 1652 donum
2012 1589 2360 1658 increatum,
2408 1588 2574 1665 quod
2621 1590 2786 1648 Deus
2837 1594 2948 1660 est,
2993 1591 3067 1653 ad
3101 1591 3211 1649 hoc

581 1678 741 1754 quod
774 1677 975 1738 anima
1004 1677 1391 1759 gratificetur,
1425 1695 1662 1736 necesse
1695 1681 1791 1737 est
1823 1696 2042 1751 ponere
2073 1677 2296 1735 donum
2329 1685 2654 1737 creatum!
2708 1678 2791 1742 cf.
2823 1678 3072 1738 aliorum
3097 1680 3208 1743 PP.

580 1767 928 1883 testimonia
958 1766 1115 1841 apud
1151 1760 1608 1831 Scheeben§
1650 1776 1771 1829 163
1807 1784 1865 1823 n
1900 1775 2025 1829 694
2062 1784 2139 1828 ss,
2173 1769 2234 1825 et
2264 1761 2296 1832 ἓ
2331 1776 2456 1830 304
2490 1786 2551 1831 ιι.
2586 1777 2710 1830 649
2745 1786 2822 1830 ss,

768 1918 908 1971 169.
940 1902 1459 1979 corollarium.
1525 1910 1707 1969 Falsa
1740 1909 2182 1984 justificationis
2230 1911 2402 1968 notio.
2455 1943 2539 1954 —
2591 1909 2675 1968 Ex
2694 1909 2944 1984 quibus
2990 1871 3204 1984 liquet,

579 1985 1021 2073 justificationis
1055 2001 1308 2077 gratiam
1341 2017 1463 2057 non
1500 2016 1630 2057 esse
1677 1998 2152 2071 confundendam
2185 2016 2320 2056 cum
2352 2002 2516 2057 statu
2547 1990 2858 2074 cujusdam
2890 1997 3204 2079 psteifcctio-

580 2087 695 2157 nis,
732 2087 796 2145 in
827 2105 1002 2161 quem
1035 2087 1314 2146 exercitio
1347 2088 1645 2146 virtutum
1678 2088 1975 2165 gradatim
2007 2088 2199 2164 gratia
2229 2088 2450 2146 actuali
2481 2088 2674 2163 adjuti
2708 2087 3049 2157 transimus
3100 2096 3202 2145 ιιεὲ

582 2176 918 2251 que-ipsam
943 2176 1433 2252 justificationem
1466 2175 1791 2235 consistere
1823 2177 1887 2234 in
1918 2177 2173 2251 quodam
2207 2194 2547 2253 progressu,
2595 2195 2714 2252 quo
2760 2177 2980 2234 sensim
3011 2194 3080 2234 ex
3112 2176 3204 2234 vi-

581 2265 687 2323 tiis
718 2264 1059 2341 proficimus
1092 2266 1349 2342 propriis
1381 2266 1614 2326 actibus
1645 2266 1710 2323 in
1742 2265 1985 2324 virtute.
2033 2266 2186 2324 Nam
2221 2260 2281 2327 l.
2314 2266 2634 2325 concilium
2664 2265 2842 2328 trid.
2865 2283 2924 2323 c.
2968 2276 2998 2327 7
3034 2264 3208 2324 docet

579 2355 1052 2424 translationem,
1099 2355 1161 2413 in
1210 2374 1327 2430 qua
1364 2354 1717 2431 justificatio
1749 2355 2063 2431 consistit,
2093 2353 2346 2414 conferri
2376 2374 2497 2433 una
2527 2373 2661 2413 cum
2694 2354 3039 2412 remissione
3070 2373 3206 2430 pec-

580 2447 862 2515 catorum,
910 2462 1061 2517 quae
1094 2450 1250 2503 certe
1282 2462 1405 2502 non
1435 2443 1732 2520 gradatim
1764 2445 2086 2502 confertur.
2119 2477 2204 2486 —
2237 2440 2305 2508 2.
2340 2446 2546 2513 Actus,
2595 2443 2817 2519 quibus
2863 2443 2936 2500 ad
2975 2442 3204 2518 justifi-

578 2532 870 2591 cationem
898 2533 1293 2607 disponimur,
1340 2533 1667 2591 secundum
1698 2533 2015 2595 concilium
2048 2551 2175 2590 eam
2221 2551 2342 2591 non
2388 2535 2635 2601 merent,
2684 2533 2894 2590 saltem
2942 2531 3014 2591 de
3064 2550 3203 2591 con-

579 2619 790 2699 digno3
838 2622 1029 2679 multo
1059 2622 1259 2680 minus
1290 2640 1429 2698 ergo
1460 2621 1632 2679 illam
1664 2620 1991 2680 formaliter
2019 2620 2320 2680 efficiunt:
2369 2641 2502 2680 nam
2538 2620 2855 2698 dispositio
2888 2625 3205 2698 praeparat

579 2704 1190 2787 quidem‘subjectum
1223 2710 1296 2769 ad
1328 2710 1549 2768 formae
1582 2710 1957 2781 infusionem,
2008 2711 2109 2769 sed
2156 2728 2276 2769 non
2323 2716 2416 2770 est
2463 2712 2591 2788 ipsa
2635 2711 2841 2770 forma.
2873 2717 2959 2755 —'-
2994 2707 3061 2774 3.
3100 2713 3200 2770 Se-

580 2801 843 2860 cundum
874 2800 1196 2858 concilium
1220 2799 1669 2876 justificationis
1702 2799 1898 2876 gratia
1934 2799 2238 2859 confertur
2282 2801 2580 2876 baptismo
2623 2804 2685 2858 et
2733 2801 2974 2876 quidem
3021 2801 3203 2859 etiam

579 2889 944 2960 infantibus;
977 2889 1114 2947 hinc
1142 2889 1209 2946 in
1240 2888 1511 2958 instanti,
1543 2905 1662 2947 non
1694 2888 2003 2967 gradatim.
2062 2889 2197 2947 Non
2228 2891 2321 2948 est
2352 2908 2492 2966 ergo
2525 2890 2823 2965 perfectiO,
2856 2909 3031 2965 quam
3064 2908 3203 2960 sen-

579 2979 688 3037 sim
725 2982 965 3036 actuum
997 2977 1349 3053 repetitione
1381 2977 1763 3052 acquirimus.
1796 3011 1883 3020 —-
1917 2977 2184 3051 Denique
2233 2978 2293 3050 id
2340 2978 2646 3056 colligitur
2689 2974 2752 3041 4.
2800 2997 2869 3037 ex
2914 2996 3080 3055 prop.
3120 2989 3198 3041 52

576 3068 675 3126 Ba
680 3065 747 3141 ji
779 3067 1086 3126 damnata:
1137 3065 1449 3136 ,Justitia,
1498 3085 1616 3141 qua
1651 3065 2016 3140 justificatur
2046 3085 2152 3141 per
2182 3066 2357 3126 fidem
2389 3067 2629 3143 impius,
2673 3066 2951 3148 consistit
2982 3067 3201 3131 forma-

575 3155 717 3213 liter
746 3156 809 3213 in
842 3151 1179 3213 obedientia
1196 3155 1626 3225 mandatorum,
1661 3160 1924 3230 quaeest
1943 3174 2190 3231 operum
2216 3156 2490 3231 justitia3
2525 3172 2644 3215 non
2674 3160 2878 3215 autem
2908 3155 2968 3213 in
3004 3157 3204 3233 gratia

576 3244 780 3318 aliqua
810 3235 1041 3302 animae
1073 3244 1287 3314 infusa,
1335 3245 1453 3320 qua
1485 3243 1804 3318 adoptatur
1835 3244 2007 3303 homo
2037 3245 2103 3303 in
2137 3245 2328 3304 tilium
2364 3245 2467 3303 Dei
2497 3250 2560 3304 et
2590 3245 2915 3304 secundum
2946 3245 3197 3304 interio-

576 3352 700 3390 rem
735 3332 1030 3390 hominem
1061 3337 1386 3392 renovatur
1416 3351 1483 3392 ac
1514 3333 1747 3391 divinae
1777 3336 2029 3394 naturae
2062 3352 2301 3392 consors
2333 3332 2606 3404 efficitur,
2651 3339 2724 3392 ut
2755 3336 2841 3392 sic
2873 3353 2978 3410 per
3010 3335 3201 3410 Spiri-

575 3424 707 3479 tum
738 3441 781 3479 s.
814 3424 1156 3491 renovatus,
1192 3423 1467 3498 deinceps
1497 3422 1648 3480 bene
1677 3422 1880 3481 vivere
1911 3427 1972 3481 et
2004 3422 2111 3482 Dei
2141 3422 2438 3481 mandatis
2470 3423 2710 3482 obedire
2740 3425 2992 3499 possit.‘
3075 3423 3202 3482 Hoc

575 3511 775 3568 tamen
820 3528 941 3586 non
985 3510 1255 3586 impedit,
1290 3510 1621 3587 ,quominus
1653 3512 1715 3582 in
1748 3511 1973 3571 adultis
1997 3511 2351 3588 justificatio
2383 3512 2767 3588 concipiatur,
2815 3515 2886 3571 ut
2930 3511 3200 3589 operatio

579 3598 699 3668 Dei,
747 3617 896 3674 quae
941 3600 1137 3676 gratia
1180 3589 1472 3658 habituali
1512 3595 1673 3681 (cum
1706 3601 1986 3659 connexis
2017 3601 2312 3676 virtutum
2342 3596 2677 3684 habitibus)
2715 3601 2908 3660 infusa
2939 3601 3198 3660 hominis

578 3687 650 3745 ad
676 3688 979 3763 justitiam
1009 3688 1382 3747 tendentiam
1413 3692 1475 3747 et
1505 3693 1751 3760 motum,
1801 3689 1901 3766 qui
1942 3690 2006 3747 in
2038 3690 2187 3765 ipsis
2220 3689 2631 3765 dispositionis
2665 3690 2897 3749 actibus
2929 3690 3199 3749 contine-

574 3779 693 3846 tur,
741 3776 1088 3847 consolidet,
1137 3778 1499 3850 habitualem
1547 3778 1946 3854 stabilemque
1991 3778 2228 3848 reddat:
2281 3797 2399 3853 quo
2453 3797 2635 3837 sensu
2669 3778 2822 3836 dixit
2855 3778 3199 3837 Dominicus

576 3868 754 3925 Soto
788 3866 860 3924 de
891 3867 1012 3925 nat.
1046 3868 1107 3925 et
1137 3870 1286 3944 grat.
1318 3866 1357 3924 l.
1396 3877 1428 3928 2
1464 3885 1511 3928 c.
1548 3876 1616 3929 3:
1662 3867 2030 3944 ,Dispositio
2063 3867 2381 3937 sul‘ficienS,
2415 3887 2591 3942 quam
2625 3872 2785 3926 certo
2817 3870 2878 3926 et
2907 3868 3203 3937 infallibi-⁸

573 3953 716 4014 liter
747 3955 1022 4031 sequitur
1052 3956 1262 4032 gratia,
1310 3959 1403 4013 est
1447 3954 1742 4015 inchoatio
1774 3956 2064 4033 quaedam
2087 3956 2559 4032 justificationis.
2573 3964 2600 3995 ⁸
2669 3957 2874 4032 Neque
2906 3956 3201 4016 catholica

571 4043 1015 4119 justificationis
1060 4044 1224 4103 notio
1271 4044 1532 4103 excludit
1562 4045 1840 4120 justitiae
1873 4045 2326 4121 sanctitatisque
2359 4045 2789 4105 incrementum
2834 4049 2895 4104 et
2939 4046 3197 4121 explica-

575 4132 796 4191 tionem
829 4152 932 4208 per
964 4133 1260 4191 virtutum
1292 4133 1655 4192 exercitium.
1720 4135 1800 4193 Cf.
1845 4135 2203 4193 Schazler
2234 4134 2330 4192 die
2362 4133 2550 4193 Lehre
2583 4154 2699 4194 von
2732 4134 2839 4193 der
2870 4134 3064 4214 Wirks
3040 4155 3196 4192 sam-

572 4221 701 4279 keit
731 4222 836 4280 der
869 4213 1022 4285 Sacr.
1057 4226 1088 4294 S
1124 4231 1202 4285 23
1237 4242 1294 4297 ρ.
1330 4232 1453 4286 418
1489 4227 1689 4283 annot.

759 4365 901 4430 170
936 4360 1487 4429 Demonstratio
1534 4361 1758 4445 p.11.
1826 4359 2115 4425 Gratiam
2165 4380 2308 4424 esse
2370 4359 2710 4424 formam
2787 4362 3068 4444 aliquam
3131 4368 3198 4427 et

575 4465 1072 4548 qualitatem
1123 4468 1378 4531 animae
1428 4467 1874 4531 inhaerentem
1928 4467 2243 4547 colligitur
2276 4467 2337 4537 l.
2371 4487 2448 4531 cx
2483 4468 2693 4533 verbis
2742 4485 2920 4532 conc.
2973 4469 3195 4532 vien-

573 4563 857 4636 nensis
904 4573 988 4658 (n.
1034 4575 1235 4659 168³),
1283 4591 1322 4637 a
1371 4591 1497 4655 quo
1530 4555 1761 4652 dicitur
1808 4554 2238 4650 informansi.
2287 4592 2338 4655 e.
2386 4572 2659 4637 formam
2707 4575 2887 4649 danS,
2922 4579 2986 4638 et
3015 4578 3193 4637 cate-

575 4678 801 4742 chismi
832 4679 1283 4745 tridentini
1316 4681 1394 4744 de
1428 4680 1600 4760 bapt.
1635 4699 1693 4763 n.
1726 4686 1847 4765 50:
1918 4680 2064 4754 „Est
2115 4672 2332 4745 autem
2364 4682 2602 4768 gratia,
2649 4680 3192 4772 quemadmodum
