3538 5364
567 265 696 330 264
1102 255 1286 309 Tract.
1315 255 1407 308 IX.
1435 255 1505 309 de
1530 254 1917 309 sacramentis,
1946 253 2395 325 Exceptionibus
2421 253 2642 309 satisfit.

745 442 807 508 2.
855 443 1025 502 Vocis
1071 443 1537 501 sacramenti
1587 442 1894 501 notionem
1927 442 2069 500 olim
2098 441 2369 500 nondum
2402 441 2546 500 satis
2580 442 2766 500 fuisse
2799 441 3004 499 fixam:
3050 442 3181 499 hinc

568 533 740 592 modo
773 533 1028 591 duorum
1058 532 1319 590 triumve
1352 534 1852 591 sacramentorum
1884 530 2111 590 faciunt
2142 531 2521 601 mentionem,
2568 530 2743 590 modo
2787 531 2918 605 ejus
2961 530 3181 606 signifi·

567 621 861 682 cationem
892 621 1034 680 adeo
1066 621 1413 691 extendunt,
1461 624 1533 679 ut
1562 622 1738 695 plura
1767 639 1949 695 quam
1981 624 2209 696 septem
2239 624 2591 689 numerent3
2636 620 2723 677 ita
2774 620 2837 677 P.
2886 620 3181 678 Damia-

566 730 708 769 nus
742 713 1016 769 numerat
1047 710 1402 786 quindecim,
1438 711 1615 785 plura
1646 709 1862 787 Hugo
1894 729 1928 767 a
1959 727 2004 768 s,
2036 709 2270 768 Victore
2301 709 2375 767 de
2407 728 2519 769 sac.
2552 708 2611 766 11
2642 729 2698 784 p.
2736 721 2792 772 9.

745 797 808 865 3.
857 799 1134 875 Viguisse
1179 799 1321 857 olim
1368 799 1632 858 arcani
1679 798 2059 873 disciplinam
2108 799 2454 874 praesertim
2504 798 2570 856 in
2618 817 2682 857 re
2733 798 3189 857 sacramentaria

569 889 666 966 (cf.
698 907 757 949 n,
796 888 959 952 3253
990 885 1099 969 a,):
1131 905 1314 963 quare
1346 889 1540 947 solum
1575 887 1932 946 necessitate
1964 888 2256 963 compulsi
2291 890 2490 962 patres
2522 887 2594 946 de
2626 906 2747 946 uno
2777 888 3042 946 alterove
3075 887 3187 946 dis-

569 981 777 1037 serunt
806 980 1188 1047 sacramentO,
1236 978 1331 1037 vel
1377 981 1448 1037 ut
1477 978 1774 1036 Ecclesiae
1804 977 2130 1036 doctrinam
2163 977 2472 1036 vindicent
2517 997 2551 1035 a
2597 977 2932 1043 calumniis,
2983 977 3078 1035 vel
3125 980 3191 1035 ut

568 1065 892 1125 initiandos
923 1066 985 1124 in
1017 1066 1363 1125 necessariis
1395 1067 1732 1125 instruant:
1778 1066 1916 1125 hinc
1946 1067 2130 1124 trium
2163 1067 2518 1142 plerumque
2548 1065 2778 1125 faciunt
2808 1065 3189 1133 mentionem,

568 1154 848 1231 baptismi
879 1153 1022 1225 scil„
1055 1154 1519 1214 confirmationis
1550 1160 1611 1213 et
1643 1154 2051 1225 eucharistiae,
2086 1157 2228 1229 quia
2260 1156 2400 1214 haec
2429 1155 2610 1214 simul
2629 1154 2884 1214 conferri
2904 1154 3191 1213 solebant.

568 1245 715 1303 Cum
743 1263 884 1303 vero
917 1245 1059 1303 haec
1089 1245 1155 1302 in
1186 1245 1395 1320 primis
1429 1244 1724 1303 hominem
1748 1245 1866 1302 Deo
1887 1248 2235 1303 consecrent
2263 1245 2653 1321 mysticisque
2685 1244 2907 1303 ritibus
2938 1244 3189 1320 gratiam

568 1334 940 1408 adumbrent,
975 1332 1107 1392 ideo
1139 1353 1278 1408 prae
1309 1333 1523 1393 ceteris
1557 1342 1661 1395 τοῦ
1697 1330 2025 1417 μυστηρίου
2058 1334 2455 1409 appellatione
2487 1352 2593 1409 pro
2627 1333 3068 1410 significatione
3102 1337 3193 1391 sat

568 1423 792 1482 usitata
821 1424 1068 1482 fuerunt
1097 1423 1401 1499 insignita.

746 1507 813 1574 4.
861 1512 996 1570 Non
1040 1530 1325 1588 negamus
1358 1511 1643 1587 quosdam
1678 1529 1805 1569 esse
1838 1512 2158 1587 scriptores
2190 1511 2507 1570 orientales
2539 1511 2771 1570 mediae
2800 1511 3036 1580 aetatiS,
3086 1511 3190 1587 qui

570 1620 689 1659 uno
722 1601 983 1660 alterove
1014 1601 1232 1659 omisso
1264 1602 1627 1665 sacramento
1659 1601 2055 1659 caeremonias
2088 1600 2249 1668 alias,
2294 1619 2445 1675 quae
2477 1603 2845 1659 sacramenta
2875 1619 2998 1659 non
3030 1604 3190 1669 sunt,

569 1690 728 1747 inter
757 1693 984 1765 septem
1018 1693 1385 1748 sacramenta
1407 1693 1772 1757 recenseant,
1806 1693 1877 1746 ut
1908 1690 2335 1764 professionem
2355 1690 2741 1749 monasticam
2774 1694 2836 1747 et
2866 1689 3193 1765 exsequias,

567 1778 662 1837 Ita
693 1798 777 1837 ex.
810 1798 897 1856 gr.
929 1778 1317 1838 Vartanus
1347 1796 1624 1838 armenus
1661 1778 2098 1854 monophysita,
2133 1778 2432 1837 Ebed-J
2446 1796 2582 1837 esu
2615 1778 3014 1848 nestorianus,
3048 1779 3088 1837 J
3103 1779 3191 1837 ob

568 1868 889 1927 monachus
919 1874 980 1927 et
1010 1869 1180 1927 Dam
1198 1886 1522 1927 ascenus
1554 1867 2092 1928 thessalonicensis,
2146 1868 2362 1927 Verum
2396 1871 2458 1927 et
2487 1866 2552 1925 hi
2585 1883 2650 1930 a.
2684 1885 2807 1925 non
2826 1867 3193 1926 dissentiunt

569 1956 724 2016 circa
767 1976 1192 2027 numerum;
1245 1954 1314 2020 b,
1363 1975 1567 2015 eorum
1609 1956 2023 2015 testimonium
2056 1956 2267 2033 nequit
2298 1958 2533 2031 pondus
2568 1957 2880 2015 detrahere
2911 1957 3191 2015 solemni-

568 2046 682 2104 bus
715 2048 1008 2105 sectarum
1040 2046 1420 2105 orientalium
1452 2045 1920 2122 professionibus
1954 2064 2278 2121 earumque
2309 2046 2505 2120 praxi3
2539 2045 2611 2105 ad
2645 2064 2948 2104 summum
2981 2045 3192 2121 probat

568 2149 628 2198 c.
674 2155 947 2212 magnam
992 2136 1204 2194 horum
1238 2139 1552 2194 auctorum
1589 2135 2004 2211 ignorantiam,
2052 2154 2203 2211 quae
2247 2135 2399 2194 mira
2442 2134 2751 2193 videbitur
2795 2135 3042 2204 nemini,
3089 2135 3191 2209 qui

568 2224 979 2284 tristissimam
1012 2224 1344 2284 consideret
1387 2224 1788 2284 conditionem
1832 2228 1895 2282 et
1938 2228 2163 2283 statum
2209 2227 2502 2282 sectarum
2545 2224 2785 2282 illarum
2831 2244 2866 2282 a
2910 2226 3189 2299 tempore,

570 2331 691 2387 quo
725 2331 788 2372 se
818 2334 854 2372 a
882 2333 1020 2373 vera
1051 2313 1267 2373 Christi
1299 2317 1649 2389 separarunt
1679 2313 1955 2372 Ecclesia.
2019 2313 2278 2372 Tandem

748 2399 814 2464 5.
849 2403 1006 2479 quod
1039 2402 1455 2461 difficultatem
1485 2403 1707 2461 attinet
1736 2403 1982 2477 petitam
2015 2422 2085 2461 ex
2117 2402 2335 2478 pedum
2379 2403 2711 2472 lotione,
2759 2402 2857 2460 cui
2901 2402 3193 2460 elementa

572 2492 769 2549 omnia
799 2492 873 2550 ad
904 2493 1258 2551 sacramenti
1290 2493 1595 2550 notionem
1628 2492 1961 2550 necessaria
1980 2493 2296 2551 convenire
2315 2492 2616 2562 videntur,
2650 2491 2785 2549 aliis
2819 2489 3057 2549 omissis
3088 2508 3192 2548 no-

570 2586 784 2652 tamuS,
817 2601 943 2640 eam
979 2581 1086 2639 hoc
1117 2600 1307 2640 unum
1338 2581 1603 2656 probare,
1650 2581 1716 2638 in
1762 2600 1825 2639 re
1872 2581 2487 2639 sacramentaria
2529 2581 2812 2655 optimam
2847 2597 2976 2639 esse
3007 2579 3193 2638 inter-

570 2672 797 2746 pretem
829 2670 1123 2730 Ecclesiae
1157 2670 1398 2746 praxim.
1448 2670 1592 2729 Cum
1624 2689 1765 2747 ergo
1798 2691 1865 2730 ex
1898 2670 2007 2729 hac
2037 2672 2287 2741 constet,
2321 2670 2540 2747 pedum
2570 2669 2854 2730 lotionem
2889 2688 3194 2744 nunquam

573 2759 834 2819 habitam
880 2760 1068 2820 fuisse
1114 2778 1221 2835 pro
1268 2778 1405 2817 vero
1450 2760 1810 2835 proprioque
1849 2763 2214 2819 sacramento
2229 2754 2311 2842 1):
2363 2759 2742 2818 manifestum
2795 2777 3035 2834 quoque
3083 2761 3191 2827 est,

572 2849 751 2907 verba
767 2849 806 2906 J
809 2869 937 2908 oan.
970 2858 1063 2920 13,
1095 2860 1170 2910 14
1194 2867 1273 2908 ss,
1304 2849 1377 2907 de
1411 2848 1763 2907 sacramenti
1786 2850 2039 2925 alicujus
2060 2849 2443 2907 institutione
2476 2867 2596 2908 non
2628 2866 2755 2907 esse
2785 2847 3193 2924 intelligenda,

571 2937 672 2996 sed
718 2938 791 2997 de
835 2938 1037 3014 aliquo
1069 2937 1316 2996 virtutis
1348 2938 1644 3008 exercitio,
1694 2938 1856 3011 quod
1901 2938 2012 2997 hoc
2056 2937 2319 3012 praecise
2360 2938 2485 2997 ritu
2517 2938 2789 2997 Christus
2823 2935 3195 2996 commendat

572 3026 830 3101 quidem,
865 3028 1013 3100 quin
1045 3026 1245 3101 ipsum
1275 3027 1459 3085 ritum
1492 3027 1727 3102 proprie
1757 3028 2095 3102 praecipiat.
2159 3027 2239 3089 Cf,
2274 3028 2513 3087 Pesch
2544 3027 2625 3085 VI
2655 3046 2715 3085 n.
2750 3037 2831 3090 94
2865 3043 2945 3084 88.

754 3162 897 3213 301.
944 3145 1301 3216 Scholion
1351 3148 1782 3232 practicam.
1851 3152 1943 3210 Ad
1990 3154 2357 3211 sacramenta
2403 3152 2622 3227 populo
2667 3150 2993 3210 christiano
3039 3168 3194 3208 com-

572 3238 904 3298 mendanda
936 3240 1209 3315 prodesse
1242 3243 1515 3316 possunt,
1550 3260 1701 3316 quae
1733 3241 1993 3300 diximus
2026 3260 2083 3304 n.
2108 3251 2256 3314 245,
2292 3259 2563 3316 quaeque
2595 3241 2769 3299 docet
2799 3259 2846 3298 s,
2877 3239 3192 3298 Thomas

572 3348 629 3390 n.
665 3336 811 3390 299.
860 3328 1100 3387 Juverit
1133 3329 1284 3387 forte
1316 3334 1378 3387 et
1409 3330 1931 3402 characteris,
1969 3350 2147 3406 quem
2179 3330 2299 3388 tria
2328 3330 2703 3406 imprimunt,
2739 3329 3037 3388 inculcare
3068 3346 3192 3386 mo·

572 3421 860 3476 mentum.
921 3418 1030 3476 Est
1060 3419 1217 3477 enim
1249 3419 1350 3476 ille

756 3501 818 3568 l.
853 3507 1095 3583 signum
1126 3508 1784 3577 consecrativum,
1821 3528 1939 3583 quo
1973 3508 2243 3567 Christus
2268 3508 2622 3583 Redemptor
2653 3526 2831 3567 suum
2864 3507 2925 3564 in
2960 3524 3069 3565 nos
3093 3506 3195 3582 jus

572 3598 634 3653 et
664 3596 993 3654 dominium
1026 3597 1374 3655 solemniter
1403 3600 1465 3655 et
1496 3615 1689 3654 coram
1722 3599 2004 3656 universo
2038 3598 2333 3674 obsignat,
2381 3600 2443 3655 et
2480 3616 2597 3673 quo
2630 3597 2748 3655 alte
2781 3595 2956 3654 nobis
2989 3596 3195 3670 impri-

572 3684 758 3743 mitur
789 3685 1092 3762 obligatio,
1140 3689 1227 3756 ut,
1276 3687 1398 3744 sive
1431 3687 1705 3757 vivimus,
1747 3686 1875 3744 sive
1906 3687 2210 3755 morimur,
2261 3686 2492 3745 Domini
2525 3687 2710 3745 simus
2744 3681 2934 3766 (Rom.
2976 3695 3074 3752 14,
3113 3681 3194 3764 8),

571 3777 631 3832 et
660 3778 734 3832 ut
763 3775 952 3833 simus
983 3775 1187 3833 fideles
1222 3774 1461 3843 servi,
1498 3775 1731 3834 strenui
1764 3775 2097 3844 militeS,
2149 3775 2502 3833 ministri
2550 3774 2747 3834 idonei
2778 3780 2840 3833 et
2870 3773 3196 3850 prudentes

570 3863 724 3921 tanti
762 3864 1011 3932 Domini,
1061 3863 1238 3941 Regis
1284 3867 1343 3920 et
1377 3864 1721 3934 Sacerdotis,
1771 3865 1964 3939 qualis
1998 3870 2091 3922 est
2122 3864 2411 3923 Christus,
2473 3864 2879 3922 characterem
2912 3880 3043 3921 esse
3073 3863 3197 3938 sig·-

573 4089 695 4156 ejus
724 4089 844 4141 vita.
872 4108 926 4142 n.
957 4094 1022 4143 50
1051 4109 1090 4142 8.
1120 4092 1177 4142 et
1205 4106 1388 4143 sermo
1416 4089 1583 4159 Mig.
1616 4093 1735 4153 173,
1767 4095 1921 4146 1299.
1954 4091 2108 4159 1357)
2137 4099 2197 4142 et
2222 4089 2263 4143 G
2286 4105 2357 4141 re
2375 4107 2462 4158 go
2480 4088 2599 4142 riu
2617 4105 2641 4141 s
2668 4087 3057 4157 bergomensis
3084 4086 3200 4155 epi-

575 4185 778 4238 scopus
806 4173 1130 4240 (1133-46)
1157 4169 1219 4222 in
1247 4186 1438 4237 opusc.
1480 4168 1549 4223 de
1591 4169 1834 4223 veritate
1875 4169 2129 4238 corporis
2156 4167 2369 4223 Christi
2409 4172 2475 4240 (c.
2513 4172 2595 4239 13)
2637 4167 2889 4238 primum
2930 4166 3087 4220 edito
3126 4166 3201 4219 ab

577 4247 622 4300 U
644 4265 672 4300 8
689 4249 872 4302 88111
900 4266 999 4319 per
1025 4248 1258 4302 modum
1284 4250 1622 4320 appendicis
1648 4250 1722 4303 ad
1750 4267 1895 4320 opus
1922 4249 2121 4304 Scritti
2148 4248 2353 4302 inediti
2383 4249 2475 4304 del
2502 4250 2554 4305 b.
2583 4245 2856 4318 Gregorio
2884 4245 3199 4316 Barbarigo

576 4334 678 4388 etc,
734 4328 967 4381 Parmae
1000 4332 1151 4391 1877,
1180 4333 1238 4382 et
1261 4329 1411 4383 iuter
1438 4347 1631 4400 opusc.
1658 4348 1692 4383 a
1719 4332 1887 4385 nobis
1913 4331 2071 4384 edita
2100 4330 2348 4394 XXXIX,
2378 4336 2462 4386 56.
2507 4328 2591 4383 Cf.
2618 4327 2794 4382 etiam
2822 4325 2916 4379 Pa
2934 4344 2969 4380 u
2987 4326 3009 4379 l
3027 4326 3157 4380 ulu
3177 4344 3201 4378 s

577 4409 645 4463 de
674 4413 764 4465 off,
794 4410 987 4464 888188.
1016 4426 1061 4462 8.
1095 4417 1158 4465 12
1184 4428 1272 4475 ss„
1301 4410 1502 4480 Mign
1521 4428 1551 4464 8
1584 4413 1700 4475 177,
1728 4418 1834 4466 388
1860 4429 1962 4470 88.;
1988 4413 2067 4464 Sc
2086 4411 2273 4469 hana
2300 4419 2328 4477 5
2361 4416 2423 4466 13
2450 4429 2503 4479 p.
2538 4410 2638 4465 197
2663 4425 2733 4461 88.

797 4497 832 4560 ¹)
860 4490 1125 4543 Testatur
1146 4493 1195 4543 A
1215 4509 1249 4544 ιι
1267 4510 1306 4560 g
1323 4510 1358 4544 ιι
1377 4509 1401 4544 8
1420 4491 1478 4544 ti
1501 4510 1538 4544 n
1555 4510 1591 4544 ιι
1606 4509 1630 4545 8
1656 4507 1744 4561 ep.
1764 4500 1832 4546 55
1852 4509 1907 4544 n.
1929 4497 2028 4546 33:
2060 4490 2177 4552 „Ne
2193 4488 2265 4542 ad
2284 4488 2472 4559 ipsum
2490 4489 2906 4542 sacramentum
2929 4486 3201 4557 baptismi

578 4570 867 4624 videretur
892 4570 1194 4640 pertinere,
1223 4571 1389 4624 multi
1410 4571 1592 4625 hocin
1614 4570 2091 4625 consuetudinem
2108 4570 2356 4640 recipere
2372 4569 2713 4623 noluerunt:
2742 4567 3005 4621 nonnulli
3025 4566 3201 4622 etiam

576 4651 646 4704 de
673 4650 1087 4706 consuetudine
1114 4654 1337 4705 auferre
1365 4669 1479 4706 non
1507 4651 1972 4706 dubitaverunt.“
2025 4651 2106 4705 cf.
2140 4650 2179 4702 F
2196 4666 2271 4703 ra
2290 4668 2328 4702 n
2345 4668 2372 4702 z
2390 4648 2546 4703 elin
2572 4648 2720 4704 thes.
2752 4654 2833 4705 19.
2861 4655 2959 4708 2ος
3005 4648 3100 4701 Ba
3117 4667 3146 4702 8
3163 4649 3201 4702 h

583 4730 686 4783 Die
712 4730 1048 4787 Siebenzahl
1075 4732 1174 4786 der
1201 4733 1365 4795 Sacr„
1395 4730 1738 4786 Ratisbonae
1773 4739 1926 4790 1864.
