3538 5364
624 302 755 374 516
992 300 1176 355 Tract-
1204 300 1296 353 IX.
1323 300 1392 354 de
1419 305 1669 355 extrema
1696 303 1983 357 unctione.
2010 302 2208 357 Thesis
2236 303 2465 358 CCLIV.
2493 304 2852 361 infirmorum

518 550 520 553 ⁴
622 483 771 549 siae‘
788 480 1027 548 latinae
1059 481 1344 563 practico
1391 489 1455 547 et
1500 482 1852 546 theoretico
1904 501 1946 546 a
1990 502 2115 548 sec.
2148 483 2295 561 XII„
2343 486 2566 567 etjam
2598 504 2636 550 a
2669 505 2794 553 sec.
2826 488 2948 566 IX.,
2995 509 3142 554 cum
3174 491 3239 554 in

503 607 509 614 ·
622 590 791 656 hanc
822 589 1096 656 eandem
1126 588 1318 653 fidem
1350 588 1675 670 conspiret
1719 589 1993 653 ecclesia
2035 608 2271 671 graeca
2315 592 2728 659 schismatica
2740 598 2822 683 1);
2874 597 3005 662 imo
3032 598 3167 681 jam
3201 617 3243 661 a

621 715 746 792 sec.
777 687 872 774 V.',
906 716 1053 762 cum
1083 715 1216 760 non
1246 696 1626 760 dissentiant
1670 702 1888 762 sectae
1934 692 2246 774 Orientis;
2293 718 2492 781 quare
2537 701 2699 767 haec
2745 702 2902 768 fides
2950 704 3245 768 derivata

622 805 870 872 censeri
901 804 1092 869 debet
1124 804 1208 867 ab
1238 804 1381 884 ipsa
1412 809 1627 868 aetate
1659 804 2020 886 apostolica
2053 804 2155 891 (cf.
2189 826 2248 869 n.
2281 811 2415 875 334
2444 809 2538 895 s.).

800 933 868 999 2.
900 928 1219 994 Probatur
1248 928 1461 993 verbis
1491 928 1548 992 b.
1572 928 1802 993 Jacobi
1820 934 1881 1006 5,
1905 935 2021 997 14:
2054 930 2435 1013 Infirmatur
2464 933 2709 1000 ἀσθενεῖ
2742 933 2942 1019 (quod
2976 934 3057 999 de
3094 943 3245 1015 gra-'-

619 1040 784 1104 viter
828 1035 1358 1103 decumbentibus
1399 1035 1633 1101 merito
1665 1037 2016 1118 accipitur,
2065 1044 2138 1101 ut
2179 1044 2358 1119 patet
2406 1057 2486 1103 ex
2534 1057 2695 1104 voce
2741 1058 2896 1103 mox
2940 1040 3245 1122 sequenti

619 1139 928 1234 κάμνοντα
958 1149 1023 1207 et
1053 1161 1132 1238 ex.
1163 1142 1300 1234 Act.
1340 1146 1438 1219 19,
1475 1143 1584 1228 12)
1611 1144 1761 1227 ,quis
1791 1144 1861 1204 in
1891 1144 2058 1206 vohis
2095 1143 2353 1229 (quibus
2384 1145 2542 1208 satis
2574 1144 2746 1211 clare
2777 1147 3077 1224 innuitur,
3110 1148 3244 1212 1100

618 1250 1000 1338 beneficium
1031 1248 1304 1313 conferri
1335 1255 1587 1313 tantum
1621 1249 1697 1319 ei,
1744 1250 1853 1331 qui
1898 1250 2260 1315 membrum
2304 1250 2387 1314 sit
2432 1257 2657 1316 coetus
2688 1253 3038 1332 christiani,
3073 1254 3247 1321 fideli

619 1376 771 1439 ergo
803 1356 1153 1441 baptizato)
1171 1358 1201 1417 ’ἓ
1233 1355 1491 1418 inducat
1516 1356 1907 1441 presbyteros
1938 1355 2253 1420 Ecclesiae
2299 1357 2473 1443 (hinc
2520 1365 2738 1423 tamen
2765 1378 2899 1423 non
2931 1360 3241 1444 sequitur,

612 1467 830 1549 plures
858 1462 1271 1544 presbyteros
1322 1461 1511 1524 simul
1542 1460 1957 1525 advocandos
1990 1479 2136 1526 esse
2167 1462 2249 1526 ad
2283 1464 2632 1545 quemlibet
2661 1466 2942 1546 graviter
2974 1466 3242 1533 decum-

615 1571 896 1646 bentem,
918 1569 1039 1633 etsi
1052 1568 1115 1631 id
1136 1566 1288 1632 olim
1310 1585 1506 1649 saepe
1526 1567 1753 1632 fiebat:
1788 1569 1904 1631 sed
1935 1586 2051 1648 pro
2073 1585 2254 1631 more
2273 1568 2577 1651 loquendi
2596 1569 2993 1650 significatur
3011 1573 3241 1637 inunc-

617 1676 878 1754 tionem,
900 1693 1093 1758 quam
1108 1694 1259 1739 mox
1277 1674 1705 1751 commendat,
1728 1673 1811 1738 ad
1831 1692 2065 1737 munus
2087 1680 2382 1755 spectare
2414 1675 2936 1758 presbyterorum
2957 1678 3033 1743 cf.
3058 1698 3241 1744 0000.

615 1789 692 1848 tr.
724 1801 866 1858 can.
897 1782 983 1869 4.)
1015 1789 1073 1845 et
1103 1788 1276 1846 orent
1305 1803 1493 1868 super
1522 1801 1682 1865 eum,
1715 1788 2008 1866 unqentes
2039 1801 2179 1845 eum
2209 1782 2334 1844 oleo
2365 1783 2435 1844 in
2466 1785 2715 1847 nomine
2749 1784 3008 1851 Domini
3043 1785 3241 1871 (quae

616 1895 767 1971 apte
798 1890 962 1953 sicut
994 1881 1153 1952 alias
1185 1889 1276 1952 ita
1304 1888 1773 1969 intelliguntur:
1808 1888 2194 1951 auctoritate
2227 1886 2476 1964 Christi,
2513 1907 2643 1971 qua
2660 1890 2933 1954 ministri
2955 1892 3242 1977 Christi),

614 2003 673 2060 et
702 1998 906 2060 oratio
932 1995 1081 2078 fidei
1126 1996 1279 2081 (quo
1327 1994 1623 2078 apposito
1665 1994 1815 2076 fidei
1860 2012 1991 2057 non
2037 1995 2404 2060 necessario
2452 1995 2847 2076 significatur
2890 1997 3051 2064 fides
3083 2000 3241 2064 sub-

610 2102 848 2185 30011νο
877 2102 1381 2166 administrantis
1410 2101 1581 2164 hanc
1612 2101 2001 2177 unctionem,
2035 2102 2151 2166 sed
2182 2102 2393 2165 verius
2429 2101 2587 2167 fides
2608 2103 2945 2186 objectiva,
2968 2106 3138 2172 adeo
3172 2115 3243 2172 ut

615 2193 843 2286 sensus
874 2210 974 2287 sit,
1003 2209 1109 2273 1110
1137 2209 1296 2272 ritus
1327 2208 1655 2271 institutus
1701 2225 1818 2288 pro
1865 2205 2177 2284 fidelibuS,
2227 2227 2419 2290 quem
2452 2208 2642 2274 docet
2673 2209 2832 2276 fides
2866 2213 3245 2297 christiana,

616 2316 727 2402 qui
756 2323 1007 2400 spectat
1038 2316 1120 2380 ad
1151 2314 1342 2380 fidem
1387 2334 1501 2380 seu
1545 2314 1921 2395 religionem
1970 2313 2420 2402 christianam)
2454 2317 2721 2382 salvabit
2752 2319 3082 2401 infirmum
3117 2323 3238 2408 (τὸν

612 2425 921 2515 κάμνοντα
965 2442 1046 2488 ex
1091 2422 1271 2504 gravi
1321 2421 1550 2485 morbo
1597 2420 2120 2506 decumbentem)
2172 2429 2227 2484 et
2279 2422 2587 2486 alleviabit
2639 2424 2841 2510 (certo
2875 2419 3230 2493 secundum

615 2531 899 2596 animam
928 2531 994 2594 in
1024 2529 1262 2611 primiS,
1294 2530 1484 2616 ἐγερεῖ
1515 2526 1836 2603 excitabit,
1870 2545 2109 2591 novum
2144 2528 2203 2591 ei
2235 2527 2452 2606 robur,
2474 2530 2895 2609 alacritatem,
2918 2532 3221 2600 laetitiam

615 2645 680 2704 et
725 2638 1010 2718 vigorem
1046 2632 1536 2718 suppeditando,
1587 2634 1819 2717 quibus
1870 2635 2148 2716 graviter
2193 2634 2587 2701 decumbens
2633 2639 2911 2706 maxime
2966 2641 3228 2730 indiget)

614 2736 753 2815 eum
785 2745 1118 2828 DominuS,
1149 2751 1206 2807 et
1237 2746 1291 2807 si
1321 2746 1389 2806 in
1413 2744 1683 2828 peccatis
1713 2745 1815 2826 sit,
1847 2744 2244 2807 remittentur
2276 2745 2346 2810 ei.
2408 2744 2498 2808 Ex
2544 2763 2738 2809 sensu
2788 2740 3010 2813 autem
3044 2750 3235 2814 obvio

615 2861 679 2920 et
710 2859 1015 2918 contextu
1041 2852 1257 2932 liquet,
1287 2850 1391 2914 hic
1422 2868 1555 2913 non
1601 2867 1746 2914 esse
1792 2868 2160 2915 sermonem
2205 2850 2285 2915 de
2316 2851 2684 2917 inunctione
2718 2852 2860 2918 0100
2893 2855 3080 2919 verbi
3115 2858 3151 2919 i.
3186 2876 3237 2921 0.

614 2959 926 3027 concione
971 2958 1274 3022 unctione
1318 2956 1541 3037 plena;
1587 2974 1798 3039 neque
1845 2958 1924 3022 de
1972 2956 2134 3032 ole0,
2188 2958 2361 3039 quod
2394 2964 2566 3022 esset
2597 2977 2845 3023 merum
2876 2963 3234 3027 remedium

615 3066 1052 3152 domesticum,
1080 3082 1291 3146 neque
1311 3064 1392 3128 de
1410 3064 1779 3128 inunctione
1800 3065 2290 3129 charismatica:
2324 3064 2622 3130 tribuitur
2653 3066 2824 3129 enim
2855 3067 2941 3131 illi
2976 3068 3235 3135 effectus

614 3174 699 3238 ad
727 3172 1020 3249 ordinem
1052 3172 1298 3253 gratiae
1329 3170 1618 3236 facientis
1670 3179 1970 3251 spectans
2019 3172 2336 3258 (remissio
2369 3177 2830 3258 peccatorum).
2895 3173 3114 3253 Quare
3146 3177 3233 3238 ita

612 3279 997 3365 instituimus
1017 3284 1495 3359 argumentum:
1528 3277 2019 3343 Sacramentum
2032 3285 2138 3343 est
2169 3279 2326 3341 ritus
2359 3278 2677 3341 sensibilis
2710 3279 2935 3344 efficax
2967 3274 3231 3363 gratiae,

612 3404 654 3449 a
674 3384 924 3450 Christo
963 3384 1236 3449 Domino
1268 3384 1614 3448 institutus.
1648 3384 1844 3465 Atqui
1872 3384 2105 3447 horum
2137 3384 2291 3448 nihil
2325 3384 2508 3449 deest
2540 3386 2707 3458 ritui,
2740 3386 2922 3468 cujus
2955 3388 3060 3451 hic
3092 3408 3227 3452 me-

612 3493 795 3589 minit
824 3492 1124 3558 Jacobus.
1186 3492 1298 3556 Est
1330 3510 1481 3572 ergo
1515 3497 2010 3554 sacramentum.
2076 3489 2162 3554 Cf.
2197 3486 2375 3555 Osw
2396 3491 2530 3555 ald
2564 3511 2621 3572 p.
2658 3497 2698 3561 6
2733 3496 2767 3576 ξ
2808 3498 2861 3560 1.

791 3620 856 3686 3.
890 3617 1212 3682 Probatur
1245 3637 1322 3682 ex
1356 3617 1703 3682 traditio
1724 3636 1835 3693 ne,
1889 3635 2016 3699 qua
2049 3616 2237 3680 simul
2271 3618 2584 3681 evincitur
2615 3619 2809 3683 ritum
2837 3618 3012 3682 hunc
3043 3619 3226 3683 habi-

613 3731 746 3788 tum
778 3742 910 3787 non
942 3742 1086 3789 esse
1109 3724 1190 3787 ad
1213 3733 1464 3805 tempus
1485 3724 1861 3799 institutum,
1883 3723 1997 3787 sed
2018 3724 2384 3803 perenniter
2403 3725 2468 3787 in
2486 3724 2771 3789 Ecclesia
2791 3726 3228 3806 usurpandum

611 3832 678 3894 in
707 3830 986 3895 fidelium
1019 3831 1360 3894 utilitatem
1393 3830 1786 3910 spiritualem
1823 3849 1954 3893 non
1989 3847 2175 3893 secus
2212 3836 2404 3911 atque
2439 3829 2564 3893 alia
2597 3831 2823 3896 salutis
2863 3833 3078 3897 media
3117 3852 3225 3897 seu

609 3944 1032 4015 sacramenta,
1064 3938 1212 4000 hinc
1245 3955 1375 4000 non
1406 3942 1700 4017 spectare
1752 3936 1834 3999 ad
1882 3935 2277 3999 charismata
2326 3936 2524 4016 gratis
2571 3935 2725 4000 data
2774 3935 2927 4000 tun'c
2959 3937 3225 4002 subinde

610 4063 939 4121 concessa,
973 4045 1146 4126 quod
1173 4043 1424 4107 videtur
1444 4043 1544 4107 vel
1565 4061 1605 4106 a
1623 4044 1819 4123 priori
1839 4050 2105 4119 certum,
2127 4063 2274 4135 cum
2296 4030 2695 4119 describatur
2714 4043 2878 4108 adeo
2899 4045 3220 4126 proficuus

609 4150 675 4214 in
707 4153 1069 4215 animarum
1100 4152 1391 4215 salutem.
1455 4149 1783 4230 Ejusmodi
1826 4169 1983 4214 vero
2030 4136 2199 4215 ritus*
2235 4149 2477 4213 tamdiu
2509 4150 2723 4230 vigere
2755 4149 2964 4227 debet,
3000 4170 3225 4234 quam-

611 4256 719 4320 diu
750 4256 919 4338 viget
950 4257 1332 4321 oeconomia
1364 4256 1587 4321 salutis
1615 4274 1661 4327 ,a
1691 4254 1744 4320 J.
1778 4254 2037 4320 Christo
2075 4256 2386 4321 instituta.

829 4452 865 4521 ¹)
893 4450 1041 4504 Illud
1068 4448 1221 4503 enim
1245 4451 1543 4504 recensent
1567 4448 1719 4502 inter
1743 4451 1962 4518 septem
1988 4447 2269 4503 Ecclesiae
2296 4455 2650 4503 sacramenta.
2673 4449 2759 4503 Di
2776 4466 2807 4503 0
2824 4470 2862 4505 n
2877 4467 2915 4518 y
2931 4467 2957 4502 s
2972 4450 2994 4503 i
3010 4468 3048 4503 u
3064 4470 3094 4503 s
3135 4466 3227 4520 pa·

608 4528 859 4584 triaroha
884 4528 987 4583 GP.
1003 4528 1067 4582 in
1081 4545 1227 4599 resp.
1244 4545 1415 4599 super
1429 4528 1868 4583 calvinistarum
1883 4528 2169 4604 erroribus
2190 4545 2239 4581 a.
2262 4532 2400 4586 1672
2414 4529 2571 4582 edita
2594 4546 2686 4600 ap.
2714 4529 2766 4582 H
2782 4545 2817 4581 a
2830 4547 2860 4581 r
2876 4530 2913 4582 d
2930 4546 2964 4583 0
2981 4547 3020 4581 u
3038 4529 3060 4582 i
3076 4548 3114 4582 0
3132 4529 3224 4591 XI,

609 4611 744 4670 275;
783 4604 994 4677 synodi.
1030 4609 1152 4663 1110
1166 4626 1194 4662 1·
1211 4626 1284 4663 os
1302 4627 1333 4664 0
1351 4611 1424 4677 ly
1440 4628 1496 4663 m
1513 4610 1533 4662 i
1548 4610 1678 4662 tan
1692 4626 1728 4663 0
1768 4609 2024 4680 ejusdem
2060 4626 2114 4662 a.
2152 4626 2279 4679 cap.
2311 4617 2374 4665 15
2416 4608 2512 4681 (ib.
2540 4614 2665 4682 247)
2706 4614 2765 4663 et
2788 4608 2898 4663 ΟΡ.
2937 4611 3048 4664 sub
3075 4609 3117 4662 P
3131 4626 3224 4663 ar-

609 4690 732 4753 the
749 4708 787 4743 n
804 4689 882 4743 10-
898 4689 1097 4744 habita
1120 4706 1172 4743 a..
1198 4694 1334 4746 1642
1361 4689 1460 4761 (ib.
1495 4692 1630 4761 174).
1682 4689 1790 4744 Pro
1816 4688 1985 4744 sectis
2025 4688 2277 4763 Orientis?
2312 4691 2385 4745 cf.
2427 4689 2475 4742 R
2489 4707 2520 4743 0
2538 4708 2575 4743 0
2590 4706 2625 4742 a
2640 4707 2679 4741 u
2697 4691 2734 4743 d
2750 4705 2783 4741 0
2800 4692 2826 4742 t
2863 4688 3033 4759 Perp.
3076 4691 3146 4744 de
3171 4691 3221 4743 la

607 4770 689 4825 foi
715 4771 783 4837 V,
811 4778 842 4826 5
869 4786 916 4823 0.
951 4778 969 4825 1
1002 4787 1074 4831 ε.;
1102 4769 1437 4823 Martene
1464 4770 1500 4824 1.
1521 4787 1577 4823 ·c.
1603 4786 1654 4823 a.
1687 4779 1710 4826 1
1742 4788 1803 4835 0.,
1831 4768 2115 4823 Denzin
2136 4784 2280 4839 ger,
2307 4768 2463 4827 ritus„
2484 4770 2689 4824 orient.
2722 4800 2729 4805 -
