3538 5364
545 234 620 296 1ss
985 225 1166 279 Tract.
1198 226 1344 279 vm.
1372 225 1570 280 Thesis
1597 223 1835 280 CLXllI.
1862 226 1932 279 de
1959 225 2180 281 ratione
2207 226 2427 297 gratiae
2453 227 2696 283 actualis

535 413 774 487 petrant
805 411 1099 487 siquidem
1131 410 1365 468 meritis
1397 411 1553 468 vitae
1586 414 1823 469 sanctae
1868 428 1978 470 nec
2023 429 2143 469 non
2188 410 2340 470 fusis
2387 412 2660 487 precibus
2707 413 3085 492 lacrimisque
3131 437 3165 475 a

537 502 656 559 Deo
677 500 972 576 copiosam
993 499 1369 558 auditoribus
1392 499 1519 558 suis
1540 500 1794 575 gratiam
1815 499 2131 568 internam,
2167 519 2319 574 quae
2351 504 2552 576 aptam
2585 501 2998 579 efficacemque
3029 504 3159 564 red·

535 589 627 647 dit
670 589 742 647 ad
790 589 1044 648 salutem
1092 588 1390 647 concionis
1421 588 1675 665 gratiam
1706 591 2026 647 externam.
2093 589 2262 647 Unde
2312 592 2475 665 patet
2505 590 2715 665 quanti
2748 595 3033 652 momenti
3081 595 3163 653 sit

533 679 595 736 in
626 678 959 736 ministerio
991 677 1315 753 apostolico
1346 676 1823 735 mortificationis
1856 677 2260 753 orationisque
2293 678 2583 737 studium.

709 802 774 866 ἱ.
807 796 1125 860 Probatur
1146 797 1417 862 assertio
1439 816 1518 862 ex
1552 815 1648 860 an
1665 797 1798 860 alo
1818 817 1854 877 g
1870 798 1891 860 i
1907 815 1947 860 a
1978 796 2140 862 fidei.
2174 797 2373 862 Actus
2396 799 2565 863 enim
2589 799 2905 866 salutares
2922 800 3160 866 debent

534 877 1430 992 essge¹2⁸upernaturales
1496 903 1691 986 Atqui
1722 906 2245 986 supernaturales
2286 923 2419 969 non
2451 911 2619 982 sunt,
2671 907 2793 970 nisi
2824 906 3158 973 facultates

534 1011 861 1075 eleventur
893 1017 957 1075 et
986 1010 1229 1074 viribus
1262 1009 1857 1091 supernaturalibus
1892 1016 2281 1091 augeantur3
2332 1012 2676 1094 requiritur
2729 1032 2881 1094 ergo
2932 1014 3158 1077 imme-

534 1110 744 1181 diatus
778 1117 892 1181 Dei
922 1117 1197 1180 influxus
1230 1118 1296 1180 in
1328 1116 1723 1182 intellectum
1756 1123 2066 1194 nostrum,
2099 1118 2161 1180 vi
2182 1119 2364 1199 cujus
2386 1118 2604 1183 lumen
2625 1119 3054 1186 intellectuale
3074 1139 3156 1185 aa

533 1223 826 1287 altiorem
860 1224 1170 1289 evehatur
1201 1222 1511 1300 ordinem,
1564 1229 1639 1288 ut
1688 1222 1947 1305 objecta
1977 1226 2311 1306 proposita
2357 1243 2434 1289 eo
2468 1226 2912 1306 apprehendat
2942 1228 3155 1304 mod0,

534 1349 660 1412 quo
694 1331 814 1394 sibi
846 1331 1137 1396 relictum
1170 1336 1364 1394 antea
1396 1348 1527 1393 non
1558 1331 1783 1412 potuit.
1817 1330 2010 1414 Atqui
2043 1331 2357 1413 ejusmodi
2387 1330 2664 1395 influxus
2697 1332 3029 1415 aptissime
3061 1334 3155 1397 di-

533 1437 696 1501 citur
727 1437 1063 1502 illustratio
1096 1436 1483 1501 immediata.
1518 1436 1692 1502 Haec
1724 1454 1876 1517 ergo
1911 1444 2010 1501 est
2042 1437 2120 1502 de
2151 1438 2404 1502 ratione
2437 1438 2682 1518 gratiae
2717 1439 2799 1502 ad
2834 1445 3016 1503 actus
3049 1459 3155 1503 sa-

529 1544 768 1610 lutares
802 1543 1223 1609 necessariae.

701 1672 796 1735 19.
822 1668 1367 1737 Demonstrati«)
1384 1689 1449 1754 1).
1471 1668 1617 1736 111.
1640 1668 2017 1733 Tenendum
2033 1668 2295 1732 omnino
2315 1675 2425 1746 est,
2444 1670 2642 1733 etiam
2665 1670 3149 1752 inspirationem

530 1774 896 1857 voluntatis,
931 1793 1126 1858 quam
1160 1775 1243 1838 ad
1275 1775 1548 1856 gratiam
1582 1776 1903 1839 actualem
1953 1782 2247 1857 spectare
2297 1794 2495 1858 supra
2546 1776 2838 1854 diximUS,
2890 1778 3040 1842 oriri
3073 1797 3151 1843 ex

532 1880 707 1943 imm
723 1900 757 1945 e
775 1880 1002 1946 diato
1037 1882 1151 1947 Dei
1182 1881 1422 1946 influxu
1456 1882 1521 1945 in
1551 1882 1968 1958 voluntatem,
2001 1900 2209 1964 neque
2230 1881 2521 1948 sufficere
2545 1901 2708 1959 eam,
2733 1902 2898 1966 quae
2920 1890 3151 1966 sponte

530 2003 650 2050 sua
680 1986 744 2050 vi
774 1987 929 2068 legis
960 1988 1459 2069 psychologicae
1493 2006 1572 2052 ex
1604 1989 2075 2070 supernaturali
2125 1995 2190 2053 et
2219 1989 2593 2054 immediata
2625 1990 2982 2055 intellectus
3013 1990 3154 2055 illu-

531 2094 842 2159 stratione
875 2093 1183 2158 oboritur.
1249 2094 1435 2174 Quod
1468 2095 1784 2176 probatur

712 2202 774 2267 1.
812 2220 891 2266 ex
924 2201 1098 2264 anti
1118 2221 1157 2283 q
1175 2200 1475 2266 uitatis
1509 2203 1957 2275 monumentiS,
1979 2220 2146 2283 quae
2167 2204 2438 2282 gratiam
2462 2202 2898 2283 inspirationis
2921 2202 3151 2268 diserte

531 2306 924 2388 distinguunt
956 2326 996 2371 a
1027 2308 1233 2388 gratia
1265 2308 1765 2386 illuminationiS,
1801 2316 1864 2373 et
1897 2327 1977 2372 ex
1997 2326 2204 2390 aequo
2230 2308 2603 2372 adscribunt
2623 2305 2886 2390 Spiritui
2902 2316 3150 2374 sanctO.

530 2412 716 2492 Quod
748 2414 801 2477 si
834 2413 997 2478 illius
1030 2416 1289 2480 nomine
1322 2416 1579 2479 nonnisi
1611 2433 1756 2481 eam
1791 2414 2267 2489 intellexissent,
2291 2433 2456 2497 quae
2487 2423 2716 2497 sponte
2748 2433 2870 2479 sua
2888 2424 3151 2481 natura-

531 2520 670 2583 liter
701 2522 1116 2602 consequitur
1148 2522 1655 2598 illustrationem,
1690 2541 1821 2585 non
1842 2539 1988 2586 eam
2023 2522 2112 2585 ita
2147 2521 2369 2587 sedulo
2392 2522 2854 2603 distinguerent
2886 2523 3151 2606 ejusque

529 2627 977 2692 necessitatem
1013 2629 1176 2694 adeo
1210 2630 1621 2694 inculcarent.
1669 2627 1933 2711 Insuper
1964 2615 2701 2711 inspirationis'gratiam
2734 2637 2804 2694 ut
2835 2630 3150 2697 excellen-

531 2732 759 2799 tiorem
790 2737 998 2816 gratia
1028 2736 1467 2802 illustrationis
1500 2737 1835 2812 exhibent3
1868 2742 2143 2818 carpunt
2175 2736 2566 2818 pelagianOS,
2600 2738 2773 2819 quod
2804 2736 2939 2803 Deo
2973 2756 3150 2804 asse-

529 2847 693 2918 rant,
727 2844 899 2924 quod
931 2850 1030 2907 est
1060 2845 1271 2908 minus
1320 2844 1880 2929 (illustrationem),
1932 2844 2106 2926 quod
2157 2862 2311 2908 vero
2361 2843 2569 2924 majus
2616 2844 3149 2932 (inspirationem)

531 2947 747 3012 nobis:
781 2951 910 3014 imo
943 2957 1313 3034 supponunt
1345 2949 1519 3013 illam
1552 2951 1688 3014 sine
1721 2951 1846 3013 hac
1879 2968 2020 3014 esse
2052 2968 2262 3031 posse.

706 3078 799 3136 Ita
830 3080 1065 3137 concilii
1096 3079 1549 3138 arausicani
1586 3081 1654 3140 11.
1688 3098 1811 3138 can.
1838 3089 1868 3140 7
1910 3074 2116 3162 (supra
2149 3099 2205 3137 n.
2235 3075 2373 3160 182)
2407 3082 2469 3138 et
2500 3096 2625 3139 can.
2651 3088 2686 3140 4
2722 3094 2880 3141 conc.
2912 3080 3140 3137 cartha-

528 3166 817 3243 giniensis
851 3164 937 3249 (n.
980 3165 1100 3250 16).
1147 3169 1240 3227 Ita
1272 3169 1766 3246 Augustinus
1803 3169 1873 3227 de
1906 3186 2061 3245 pecc.
2095 3187 2235 3226 mer.
2267 3172 2329 3227 et
2359 3167 2584 3228 remiss.
2618 3167 2655 3229 1.
2694 3177 2727 3229 2
2766 3185 2812 3226 c.
2842 3178 2952 3229 19:
3005 3170 3144 3237 ,In-

530 3255 891 3332 telligamuS,
945 3257 996 3314 si
1048 3275 1385 3332 possumne,
1438 3259 1754 3317 Dominum
1790 3259 1978 3316 Deum
2009 3257 2232 3316 bonum
2265 3257 2397 3315 ideo
2444 3257 2663 3314 sanctis
2712 3256 2840 3314 suis
2885 3256 3139 3333 alicujus

529 3345 725 3419 operis
747 3346 902 3420 justi
936 3365 1056 3404 non
1088 3346 1228 3405 dare
1260 3348 1352 3406 vel
1386 3351 1603 3406 certam
1624 3347 1935 3405 scientiam
1969 3347 2063 3405 vel
2097 3346 2403 3404 victricem
2441 3345 2913 3415 delectationem,
2948 3351 3017 3404 ut
3054 3365 3148 3406 co·
3255 3352 3264 3361 '

531 3437 820 3510 gnoscant
839 3453 959 3493 non
980 3455 1013 3493 a
1034 3454 1097 3494 se
1129 3436 1297 3511 ipsiS‚
1333 3436 1435 3494 sed
1470 3438 1542 3494 ab
1575 3436 1679 3495 illo
1713 3435 1831 3494 sibi
1862 3454 1991 3495 esse
2023 3436 2234 3505 lucem,
2270 3454 2388 3510 qua
2419 3434 2843 3492 illuminantur
2873 3436 3149 3494 tenebrae

529 3540 758 3596 eorum,
794 3527 855 3582 et
887 3525 1263 3596 suavitatem,
1307 3546 1425 3602 qua
1457 3526 1557 3584 det
1588 3525 1853 3583 fructum
1885 3528 2044 3582 terra
2075 3534 2338 3585 eorum.‘
2404 3524 2481 3582 Et
2512 3523 2731 3581 iterum
2765 3541 2936 3581 serm.
2977 3535 3048 3587 17
3087 3525 3150 3583 in

529 3611 620 3668 Ps.
676 3622 794 3675 118
843 3632 900 3671 n.
953 3625 1023 3676 3:
1076 3616 1300 3683 ,Docet
1346 3615 1501 3672 Deus
1548 3615 1904 3672 suavitatem
1951 3614 2289 3688 inspirando
2336 3613 2788 3671 delectationem
2823 3657 2835 3670 .
2871 3657 2883 3670 .
2918 3658 2931 3671 .
2981 3612 3151 3672 docet

531 3700 841 3759 scientiam
862 3703 1221 3762 insinuando
1242 3704 1655 3780 cognitionem.
1704 3703 1849 3761 Cum
1871 3704 2073 3777 itaque
2094 3702 2208 3759 alia
2242 3703 2381 3771 sint,
2416 3719 2566 3776 quae
2585 3702 2718 3759 ideo
2739 3700 3044 3772 discimus,
3080 3707 3151 3761 ut

529 3791 939 3850 tantummodo
972 3791 1246 3862 sciamus,
1281 3794 1399 3851 alia
1428 3809 1584 3864 ver0,
1620 3795 1690 3850 ut.
1720 3792 1897 3850 etiam
1932 3791 2245 3849 faciamus:
2279 3790 2515 3866 quando
2549 3791 2707 3848 Deus
2740 3808 2808 3847 ea
2839 3790 3027 3861 docet,
3062 3792 3145 3849 sic

530 3877 719 3948 docet,
753 3885 825 3937 ut
856 3881 1093 3939 scienda
1112 3882 1367 3940 sciamus
1387 3881 1702 3957 aperiendo
1724 3881 2069 3950 veritatem3
2103 3886 2172 3938 ut
2205 3880 2470 3938 facienda
2499 3879 2783 3937 faciamus
2802 3880 3148 3954 inspirando

531 3967 959 4038 suavitatem3‘
1004 3974 1065 4028 et
1097 3971 1133 4032 l.
1169 3981 1205 4033 4
1239 3975 1444 4029 contra
1474 3971 1622 4028 duas
1657 3989 1744 4045 ep.
1776 3971 1967 4046 pelag.
2000 3989 2045 4033 c.
2085 3979 2116 4032 5
2153 3989 2210 4027 n.
2255 3981 2319 4031 ll
2348 3989 2361 4026 τ
2412 3968 2670 4044 ,Legem
2702 3967 2953 4026 diversis
2988 3969 3148 4027 locu-

530 4055 765 4114 tionum
798 4058 990 4116 modis
1037 4062 1099 4117 et
1143 4059 1429 4118 varietate
1462 4060 1775 4118 verborum
1820 4060 1880 4116 iu
1927 4058 2206 4118 omnibus
2239 4055 2747 4133 disputationibus
2781 4056 2907 4115 suis
2940 4058 3149 4117 volunt

530 4144 793 4221 intelligi
827 4143 1180 4231 (pelagiani)
1212 4149 1494 4226 gratiam:
1542 4152 1614 4207 ut
1659 4149 1786 4206 scil.
1831 4167 1865 4204 a
1911 4148 2162 4206 Domino
2211 4149 2331 4206 Deo
2378 4146 2742 4221 adjutorium
2790 4145 3147 4222 cognitionis

532 4233 872 4303 habeamus,
907 4255 1026 4311 quo
1059 4256 1143 4305 ea,
1179 4256 1330 4313 quae
1362 4237 1628 4295 facienda
1659 4241 1818 4306 sunt,
1853 4238 2210 4308 noverimus,
2252 4255 2370 4294 non
2401 4234 2849 4310 inspirationem
2879 4236 3146 4294 dilectio·

530 4322 640 4392 nie,
688 4327 761 4381 ut
805 4326 1042 4401 cognita
1087 4330 1285 4384 sancto
1331 4345 1524 4385 amore
1571 4326 1872 4396 faciamus,
1920 4344 2070 4401 quae
2116 4326 2356 4401 proprie
2388 4324 2583 4401 gratia
2614 4327 2761 4382 est.‘
2833 4325 2916 4382 De
2953 4325 3147 4402 gratia

531 4411 746 4469 Christi
768 4431 815 4470 c.
845 4422 956 4475 26:
993 4453 1020 4481 ,
1035 4416 1215 4472 Istam
1238 4416 1344 4474 Dei
1364 4417 1617 4492 gratiam
1649 4416 1713 4474 in
1734 4415 1954 4473 divinis
1976 4415 2231 4489 eloquiis
2252 4414 2627 4473 manifestam
2648 4413 2827 4471 etiam
2849 4414 3142 4490 Pelagius,

530 4501 841 4560 manifeste
886 4502 1144 4562 fateatur
1177 4549 1190 4561 .
1223 4554 1236 4567 .
1271 4549 1283 4561 .
1347 4505 1754 4580 Cognitionem
1803 4508 1864 4561 et
1909 4503 2303 4573 dilectionem,
2357 4503 2514 4560 sicut
2558 4503 2701 4560 sunt
2745 4501 3144 4574 discernenda,

531 4588 843 4648 discernat.
891 4592 1042 4660 Quia
1071 4595 1304 4651 scientia
1337 4595 1526 4667 inflat,
1561 4596 1781 4651 caritas
1811 4594 2077 4667 aedificat
2111 4592 2194 4673 (1.
2229 4593 2354 4653 Cor.
2392 4603 2447 4661 8,
2489 4588 2568 4671 l).
2616 4591 2693 4649 Et
2723 4595 2868 4649 tunc
2899 4592 3148 4650 scientia

530 4697 650 4735 non
697 4680 881 4749 inflat,
930 4682 1167 4756 quando
1205 4683 1417 4741 caritas
1449 4681 1731 4745 aedificat,
1798 4683 1875 4740 Et
1923 4700 2059 4739 cum
2111 4683 2191 4740 sit
2239 4686 2565 4756 utrumque
2609 4681 2826 4738 donum
2874 4681 2997 4753 Dei,
3045 4682 3144 4739 sed
