3538 5364
1359 330 1683 401 praeseutia
1712 346 2071 401 permanens.
2889 340 3018 405 359

404 513 601 577 modo
635 519 697 577 et
730 529 989 577 servare
1008 512 1255 592 possint
1267 511 1580 593 jejunium
1600 518 1665 575 et
1685 512 1979 593 accipere
1999 512 2519 578 communionem
2541 513 2621 578 de
2641 521 2801 578 orat.
2823 534 2880 578 n.
2908 519 3017 582 19:

412 619 678 694 ,Nonne
711 619 1059 685 solemnior
1090 620 1209 683 erit
1240 618 1432 683 statio
1465 624 1598 696 tua,
1631 619 1685 682 si
1717 625 1782 683 et
1813 620 1895 683 ad
1930 637 2114 683 aram
2135 618 2251 683 Dei
2283 621 2534 684 steteris
2557 621 2637 707 (si
2656 620 3018 688 interfueris

403 744 597 791 mane
630 728 892 813 sacro)?
923 725 1204 807 Accepto
1237 742 1510 806 corpore
1543 732 1608 790 et
1639 732 1990 803 reservam,
2015 731 2359 809 utrumque
2378 728 2626 792 salvum
2647 735 2764 804 est,
2784 734 2847 793 et
2869 747 3016 810 par-

405 832 688 914 ticipatio
721 832 1012 897 sacrificii
1044 839 1109 897 et
1139 833 1463 898 exsecutio
1497 832 1685 896 officii
1720 833 1785 919 (i.
1816 851 1868 897 e.
1896 834 2199 921 Jejunii).‘
2260 832 2346 897 Cf.
2378 833 2786 899 Mabillon
2816 836 2897 900 de
2930 835 3016 900 lit.

404 941 545 1021 gall.
578 940 621 1015 l,
653 944 720 1016 93
754 940 1154 1005 Muratori
1184 940 1333 1004 diss
1366 939 1448 1005 de
1479 940 1673 1004 rebus
1704 941 1792 1004 lit.
1825 958 1877 1004 c.
1913 946 2016 1009 24.

586 1080 731 1134 378.
777 1071 1011 1130 Potiora
1054 1075 1404 1148 argumenta
1447 1071 1652 1146 paucis
1698 1071 2037 1147 complexus
2083 1075 2176 1130 est
2216 1071 2714 1131 Leibnitzius
2763 1073 2824 1131 in
2871 1078 3016 1150 syst.

402 1162 582 1220 theol.
611 1180 668 1236 p.
706 1170 865 1222 224:
916 1161 1196 1228 ,Certum
1243 1164 1352 1230 est,
1399 1160 1823 1235 antiquitatem
1865 1159 2197 1231 tradidisse,
2245 1161 2380 1237 ipsa
2423 1163 2861 1221 consecratione
2892 1164 3017 1222 fieri

404 1249 863 1319 conversionem,
911 1248 1410 1324 quemadmodum
1440 1252 1685 1325 apparet
1714 1268 1785 1308 ex
1832 1249 2034 1309 verbis
2067 1250 2369 1309 Ambrosii
2400 1250 2584 1326 paulo
2618 1256 2756 1309 ante
2788 1253 3018 1313 allatis:

402 1358 597 1414 neque
629 1357 892 1414 unquam
924 1338 1228 1398 veteribus
1260 1338 1532 1397 auditum
1565 1341 1658 1397 est
1687 1357 1912 1398 novum
1944 1338 2315 1415 quorundam
2347 1339 2575 1417 dogma,
2609 1340 2767 1415 quod
2799 1343 2863 1401 in
2893 1361 3020 1401 mo·

403 1432 603 1487 mento
633 1428 1032 1503 perceptionis
1065 1428 1303 1486 demum
1335 1428 1494 1486 adsit
1524 1445 1739 1504 corpus
1771 1427 2002 1487 Christi.
2065 1429 2303 1487 Certum
2333 1428 2495 1487 enim
2539 1431 2648 1499 est,
2695 1432 3019 1491 nonnullos

404 1536 636 1576 sacrum
659 1517 818 1575 hunc
836 1517 1034 1575 cibum
1053 1535 1173 1575 non
1193 1516 1396 1575 statim
1417 1516 1871 1594 consumpsisse,
1895 1517 1998 1576 sed
2017 1516 2152 1576 aliis
2172 1514 2426 1583 misisse,
2457 1521 2519 1576 et
2538 1535 2738 1577 secum
2761 1521 3017 1591 domum,

405 1608 524 1666 imo
570 1608 634 1665 in
680 1605 913 1676 itinera,
960 1606 1025 1664 in
1072 1606 1306 1664 deserta
1335 1606 1568 1675 tulisse,
1615 1625 1872 1683 eumque
1902 1625 2127 1666 morem
2156 1606 2476 1681 aliquando
2507 1607 2693 1666 fuisse
2725 1628 3020 1669 commen-

404 1696 628 1766 datum,
664 1714 1024 1771 quamquam
1055 1697 1260 1771 postea
1291 1696 1611 1772 abrogatus
1645 1696 1726 1753 sit
1755 1696 1986 1771 majoris
2017 1696 2384 1755 reverentiae
2417 1714 2609 1755 causa.
2652 1697 2729 1756 Et
2759 1700 3019 1774 profecto

401 1788 510 1843 aut
539 1785 690 1843 falsa
720 1786 882 1854 sunt,
914 1804 1064 1860 quae
1096 1804 1131 1842 a
1161 1784 1461 1844 sacerdote
1481 1785 1972 1859 pronunciantur,
2006 1785 2186 1844 verba
2204 1784 2625 1855 institutionis,
2661 1789 2821 1862 quod
2840 1789 3017 1863 absit,

403 1878 509 1932 aut
552 1891 789 1933 necesse
834 1875 945 1944 est,
993 1874 1152 1949 quod
1197 1873 1579 1932 benedictum
1622 1877 1732 1942 est,
1781 1892 1912 1933 esse
1959 1891 2172 1950 corpus
2207 1874 2443 1945 Christi,
2490 1875 2671 1934 etiam
2703 1882 3018 1953 antequam

403 1964 811 2022 manducetur.
874 1962 952 2020 Ut
980 1964 1219 2033 taceam,
1268 1962 1373 2038 qui
1421 1962 1505 2020 sic
1547 1962 1835 2035 sentiunt,
1882 1962 1946 2021 in
1989 1964 2166 2021 tricas
2199 1963 2474 2034 incidere,
2510 1966 2715 2024 utrum
2746 1967 2810 2024 in
2841 1967 3018 2025 labiis

404 2055 510 2111 aut
540 2052 602 2110 in
633 2071 732 2110 ore
762 2055 871 2110 aut
900 2051 965 2110 in
996 2052 1137 2129 gula
1167 2054 1272 2109 aut
1302 2051 1366 2109 in
1397 2052 1694 2111 stomacho
1711 2051 1973 2127 primum
2006 2051 2269 2128 incipiat,
2302 2071 2378 2111 an
2408 2071 2483 2111 ne
2517 2052 2580 2110 in
2613 2055 2723 2114 hoc
2755 2056 3017 2130 quidem,

407 2141 459 2199 si
489 2142 640 2200 vitio
672 2141 800 2215 ejus
835 2140 1103 2216 symbola
1133 2158 1253 2199 non
1284 2142 1765 2199 consumantur.‘
1830 2140 1914 2200 Cf.
1946 2141 2313 2205 Kirchenlex.
2356 2141 2442 2212 1²,
2485 2151 2668 2207 1576.

1389 2351 1871 2419 Articulus
1919 2351 2044 2419 IV.

404 2472 704 2553 Dogma
752 2472 1262 2538 catholicum
1308 2474 1402 2539 de
1451 2476 2054 2556 augustissimo
2102 2477 2678 2542 eucharistiae
2725 2484 3020 2560 myste-

706 2581 828 2645 rio
876 2581 1319 2645 secundum
1366 2582 1721 2646 rationis
1767 2583 2038 2647 lumen
2085 2583 2718 2649 consideratum.

581 2729 729 2793 379.
766 2725 903 2788 Hoc
937 2726 1205 2789 articulo
1239 2727 1460 2807 paucis
1493 2744 1573 2791 ea
1604 2728 2128 2809 complectemur,
2162 2747 2329 2811 quae
2360 2729 2642 2794 tenenda
2673 2736 2823 2794 sunt
2852 2731 3023 2794 circa

405 2840 820 2912 apparentem
852 2852 1131 2914 pugnam
1162 2833 1328 2896 inter
1357 2834 1569 2915 ipsum
1604 2833 1843 2914 dogma
1874 2835 2270 2918 rationisque
2302 2836 2629 2918 principia.

585 2955 642 3026 1.
677 2955 1005 3038 Distingue
1053 2958 1219 3022 inter
1269 2957 1590 3022 rationem
1643 2978 1822 3024 mere
1866 2959 2300 3024 humanam
2346 2960 2594 3043 sibique
2624 2961 3021 3042 permissam,

405 3080 571 3143 quae
604 3064 958 3127 secundum
989 3063 1259 3128 Paulum
1297 3070 1350 3132 1.
1386 3063 1530 3128 Cor.
1567 3070 1624 3140 2,
1666 3070 1746 3133 14
1782 3067 2089 3148 competit
2123 3067 2366 3131 homini
2401 3067 2694 3133 animali:
2727 3074 2790 3132 et
2822 3069 3021 3132 ratio·

402 3186 572 3244 nem,
593 3187 786 3251 quam
806 3171 1021 3235 dicere
1042 3189 1388 3253 possumus
1422 3187 1456 3233 c
1472 3170 1514 3233 h
1530 3171 1640 3234 ris
1657 3171 1715 3234 ti
1732 3190 1774 3235 a
1788 3191 1830 3235 n
1850 3190 1890 3235 a
1905 3191 1988 3246 m,
2022 3191 2188 3255 quae
2213 3173 2622 3240 revelationis
2637 3175 2768 3238 scil.
2786 3175 3022 3240 lumine

404 3274 709 3340 imbuitur
739 3283 804 3340 et
834 3278 1102 3358 regitur:
1136 3277 1533 3341 ostendimus
1567 3278 1737 3342 enim
1772 3279 2042 3342 multum
2074 3279 2329 3343 luminis
2365 3288 2431 3345 et
2449 3282 2770 3345 commodi
2809 3300 2887 3346 ex
2918 3300 3020 3346 re-

403 3379 723 3447 velatione
755 3383 1114 3447 redundare
1149 3383 1215 3446 in
1246 3382 1565 3448 rationem
1600 3385 1668 3470 (t.
1703 3384 1725 3447 1
1760 3403 1822 3448 n.
1856 3387 2033 3471 494).

581 3509 645 3579 2.
676 3508 818 3573 Jam
851 3527 1004 3573 vero
1037 3509 1271 3572 rationi
1303 3509 1692 3575 christianae
1729 3530 1938 3593 neque
1971 3512 2342 3577 incredibile
2361 3513 2597 3594 dogma
2615 3513 3020 3588 catholicum,

400 3633 612 3696 neque
642 3613 994 3696 probabilis
1026 3616 1228 3680 videri
1258 3623 1472 3697 potest
1517 3617 1736 3699 opinio
1784 3619 1949 3684 adeo
1989 3620 2210 3701 J‘eJ'una
2262 3621 2921 3685 sacramentariorum
2956 3621 3022 3683 in

402 3718 640 3786 lumine
693 3740 914 3786 earum
965 3723 1326 3800 veritatum,
1378 3742 1541 3806 quas
1573 3723 1730 3790 fides
1763 3744 1883 3790 nos
1930 3726 2121 3792 docet
2165 3746 2227 3796 a.
2274 3727 2354 3792 de
2404 3727 3020 3807 omnipotentia

406 3827 535 3905 Dei,
569 3846 739 3911 quae
772 3831 989 3893 omnia
1020 3831 1262 3895 creavit
1306 3849 1385 3895 ex
1418 3831 1612 3895 nihilo
1646 3837 1711 3896 et
1742 3833 1846 3896 cui
1876 3834 2208 3915 possibilia
2243 3840 2409 3910 sunt,
2456 3851 2621 3916 quae
2654 3832 3020 3896 hominibus

406 3934 709 4001 videntur
737 3936 1187 4017 impossibilia3
1221 3940 1292 4008 b.
1325 3938 1405 4002 de
1437 3939 1547 4002 lib
1566 3958 1601 4004 e
1618 3958 1649 4002 r
1666 3940 1868 4004 alita
1884 3946 1909 4004 t
1927 3958 1962 4004 e
1995 3939 2125 4017 Dei,
2158 3943 2264 4023 qui
2291 3941 2550 4022 proprio
2573 3939 2729 4003 Filio
2751 3958 2868 4003 suo
2891 3959 3021 4004 non

408 4043 710 4124 pepercit,
743 4044 857 4108 sed
888 4062 1007 4125 pro
1059 4043 1356 4109 omnibus
1389 4045 1577 4109 nobis
1623 4046 1883 4110 tradidit
1927 4046 2100 4111 illum
2135 4047 2342 4131 (Rom.
2379 4052 2437 4122 8,
2471 4046 2615 4132 32);
2663 4065 2727 4114 c.
2776 4046 2855 4110 de
2901 4065 3020 4110 sa-

401 4150 725 4230 pientia
756 4150 889 4226 Dei,
921 4151 1032 4233 qui
1062 4171 1176 4232 per
1207 4170 1304 4226 ea,
1338 4171 1505 4233 quae
1531 4153 1789 4232 jndaeis
1822 4154 2217 4230 scandalum,
2240 4153 2488 4233 graecis
2507 4153 2779 4218 stultitia
2797 4153 3019 4217 viden-

407 4261 525 4331 tur,
573 4257 907 4321 constituit
956 4258 1170 4322 salvos
1220 4257 1430 4324 facere
1480 4260 1814 4324 credentes
1867 4261 1950 4343 (1.
2000 4258 2140 4323 Cor.
2195 4264 2248 4334 1,
2300 4261 2443 4346 21);
2494 4261 2563 4329 d.
2614 4258 2695 4325 de
2746 4278 3020 4324 amore

406 4361 655 4447 Christi,
687 4364 797 4447 qui
830 4364 1049 4430 dilexit
1079 4383 1232 4429 suos
1264 4366 1329 4428 in
1361 4365 1572 4441 finem,
1604 4367 1732 4430 imo
1768 4386 1971 4449 usque
1993 4367 2074 4430 ad
2095 4366 2532 4447 profusionem
2552 4366 2882 4447 sanguinis
2903 4368 3018 4443 sui,

403 4470 469 4533 in
489 4470 669 4552 cujus
690 4469 1048 4536 dilectionis
1068 4472 1294 4554 pignus
1315 4473 1564 4555 reliquit
1584 4473 2037 4537 eucharistiam
2055 4497 2069 4548 ;
2104 4494 2163 4544 e.
2197 4474 2276 4537 de
2310 4493 2375 4536 m
2390 4494 2430 4556 y
2449 4493 2480 4536 s
2497 4479 2523 4535 t
2539 4492 2574 4537 e
2594 4493 2626 4537 r
2641 4474 2660 4536 i
2678 4474 2743 4537 is
2774 4493 2856 4538 ss.
2878 4473 3017 4537 Tri-

400 4577 622 4642 nitatis
656 4584 721 4643 et
750 4577 1213 4642 incarnationis
1247 4579 1514 4662 aliisque
1562 4580 1864 4662 operibus
1910 4580 2168 4643 divinis:
2215 4581 2422 4661 majus
2467 4598 2624 4645 vero
2657 4581 3018 4661 prodigium

400 4690 519 4760 est,
551 4683 723 4766 quod
757 4685 926 4750 Deus
957 4684 1070 4748 fiat
1098 4686 1295 4749 homo
1330 4693 1393 4751 et
1425 4687 1709 4750 humana
1757 4686 2016 4750 indutus
2064 4685 2269 4751 sorma
2302 4694 2453 4767 agat
2484 4694 2549 4750 et
2579 4687 2865 4767 patiatur
2896 4688 3017 4750 hu-

400 4807 614 4865 mana,
649 4809 841 4872 quam
875 4792 1045 4874 quod
1077 4793 1262 4874 panis
1294 4793 1405 4856 fiat
1436 4810 1607 4869 car-0,
1656 4801 1720 4857 et
1766 4810 1919 4857 caro
1967 4793 2085 4857 sub
2133 4794 2319 4875 panis
2351 4793 2564 4874 specie
2604 4792 2921 4856 tribuatur
2954 4793 3019 4855 in
