3538 5364
1369 299 1806 370 exceptionibus
1834 299 2053 353 satisfit.
2886 307 3017 377 309

417 483 690 565 figurata
733 489 833 547 est
875 482 1129 559 locuti0,
1181 500 1261 547 ea
1309 481 1411 546 vel
1460 481 1812 564 explicetur
1858 482 1959 546 vel
2009 499 2090 546 ex
2138 487 2441 546 contextu
2493 480 2784 546 facillime
2815 482 3021 565 possit

403 592 628 673 colligi,
663 590 837 673 quod
869 591 949 656 de
981 590 1193 656 verbis
1224 590 1637 655 institutionis
1668 591 1891 673 nequit
1922 589 2242 654 affirmari.

574 717 638 786 3.
675 721 749 779 Ut
772 723 897 796 jam
930 721 1133 796 aliqua
1163 721 1237 779 de
1271 721 1527 798 singulis
1561 721 1851 780 classibus
1883 721 2168 791 dicamus,
2216 723 2464 797 prima
2509 720 2716 780 classis
2762 739 2881 780 non
2927 737 3020 780 est.

393 812 469 869 ad
499 830 642 881 rem,
690 810 830 886 quia
870 826 938 872 a.
971 828 1090 868 non
1123 809 1194 868 de
1225 810 1574 885 pronomine
1606 810 2065 870 indeterminato
2109 811 2211 869 hoc
2254 811 2482 891 aliquid
2528 810 2872 881 affirmatur,
2919 810 3021 870 sed

395 901 466 959 de
498 900 737 959 nomine
770 898 1147 958 substantivo
1179 899 1589 960 determinato
1654 899 1819 958 Tunc
1848 900 2000 959 forte
2031 903 2193 960 esset
2220 900 2441 976 aliquis
2471 899 2921 975 parallelismus‚
2970 900 3020 959 si

394 989 661 1049 Christus
692 988 957 1060 dixisset,
1004 988 1100 1047 hic
1141 990 1314 1064 panis
1359 992 1453 1047 est
1485 1006 1697 1065 corpus
1730 1008 1949 1061 meum,
2000 1007 2150 1063 quae
2181 989 2514 1065 propositio
2547 988 2749 1047 differt
2778 987 2853 1046 ab
2884 988 3018 1047 illa:

392 1080 497 1138 hoc
526 1080 620 1137 est
651 1095 865 1153 corpus
886 1096 1102 1140 meum.
1133 1076 1359 1136 Deinde
1392 1074 1462 1142 b.
1497 1077 1569 1136 de
1601 1078 1841 1137 nomine
1863 1077 2241 1138 substantivo
2264 1078 2595 1137 affirmatur
2612 1076 3021 1153 praedicatum

395 1187 513 1227 non
558 1166 879 1244 designans
924 1170 1150 1225 certam
1190 1166 1764 1243 determinatamque
1800 1166 2217 1238 substantiam,
2269 1171 2340 1226 ut
2389 1168 2452 1227 in
2502 1166 2701 1226 verbis
2750 1166 3019 1226 euchari-

394 1256 558 1315 sticis
604 1275 816 1332 corpus
859 1274 1066 1329 meum,
1113 1254 1212 1314 sed
1261 1255 1663 1331 praedicatum
1697 1256 2063 1315 abstractum
2099 1257 2193 1315 vel
2226 1256 2606 1316 collectivum
2640 1256 2735 1315 vel
2768 1274 2889 1315 non
2919 1255 3023 1315 de-

395 1347 637 1423 signans
679 1344 1099 1416 substantiam,
1150 1344 1272 1402 scil.
1324 1345 1483 1415 anni,
1533 1364 1721 1422 reges,
1775 1345 2054 1415 mundus,
2108 1349 2535 1405 testamentum
2583 1348 2693 1409 etc.
2770 1345 3022 1404 Demum

395 1449 462 1498 e.
499 1434 574 1494 ad
604 1434 1035 1493 excludendam
1080 1433 1175 1491 vel
1219 1434 1491 1492 umbram
1525 1434 1913 1506 difficultatis,
1961 1435 2184 1494 diserte
2233 1438 2492 1495 testatur
2536 1434 2847 1509 Scriptura
2891 1434 2927 1494 l.
2974 1451 3022 1492 c.

395 1525 491 1601 agi
523 1524 595 1583 de
626 1523 1119 1599 interpretatione
1150 1523 1382 1593 somnii,
1416 1523 1746 1599 parabolae,
1781 1524 2117 1601 allegoriae.

575 1611 744 1681 Quod
777 1612 992 1672 attinet
1022 1612 1347 1671 alteram
1378 1613 1640 1683 classem,
1673 1613 1876 1672 eadem
1909 1616 2066 1684 nota,
2108 1613 2171 1672 in
2201 1613 2408 1689 primis
2439 1631 2579 1672 vero
2613 1611 2916 1672 Christum
2947 1611 3017 1670 ad

396 1700 725 1761 tollendam
774 1719 1006 1760 omnem
1059 1701 1605 1777 aequivocationem
1653 1702 1946 1761 indicasse
1995 1703 2325 1780 analogiam
2387 1721 2494 1761 seu
2545 1700 3021 1770 similitudinem,

396 1794 639 1867 propter
683 1809 863 1867 quam
912 1808 975 1850 se
1021 1790 1241 1848 dixerit
1289 1790 1491 1861 vitem,
1544 1791 1785 1862 ostium,
1836 1791 2090 1867 ideoque
2137 1792 2291 1852 clare
2338 1791 2704 1869 significasse
2749 1807 2812 1849 se
2856 1789 3023 1865 loqui

398 1880 812 1955 metaphorice.

576 1968 790 2028 Classis
823 1968 1100 2038 tertia,
1149 1969 1248 2028 cui
1293 1969 1544 2027 maxime
1574 1968 1773 2027 fidunt
1805 1969 2151 2040 adversarii,
2194 1970 2350 2046 quod
2385 1969 2815 2045 complectatur
2845 1968 3022 2040 dicta,

402 2062 473 2117 ut
502 2060 690 2135 ajunt,
722 2057 1192 2127 sacramentalia,
1228 2058 1453 2133 pariter
1482 2057 1636 2116 nihil
1669 2075 1771 2117 eos
1795 2059 2006 2134 juvat:
2055 2063 2185 2117 tum
2231 2059 2371 2134 quia
2414 2077 2740 2135 pronomen
2774 2058 2874 2115 hoc
2903 2075 3021 2116 non

398 2147 653 2206 refertur
671 2145 743 2204 ad
763 2145 1006 2223 aliquod
1025 2145 1475 2206 substantivum
1495 2165 1774 2223 praesens
1807 2166 2002 2206 coram
2034 2148 2221 2206 oculis
2253 2148 2533 2224 positum,
2569 2147 2673 2206 sed
2703 2145 2777 2204 ad
2809 2146 3024 2215 ritum3

397 2255 591 2312 neque
633 2235 1041 2312 praedicatum
1090 2235 1388 2314 significat
1434 2235 1887 2295 determinatam
1934 2236 2350 2307 substantiam,
2415 2240 2510 2295 est
2556 2236 2714 2295 enim
2764 2237 3022 2311 pactum,

398 2326 721 2396 transitus3
767 2325 1015 2384 verbum
1061 2332 1142 2384 est
1187 2325 1272 2383 ibi
1317 2344 1438 2383 non
1482 2325 1819 2401 aequivalet
1850 2325 2164 2403 significat,
2199 2327 2618 2401 repraesentat,
2667 2324 2771 2383 sed
2800 2324 3024 2383 retinet

399 2414 889 2492 significationem
921 2414 1239 2490 propriam,
1272 2418 1334 2472 et
1361 2418 1483 2473 tam
1516 2414 1657 2474 Gen.
1689 2424 1783 2485 17,
1812 2426 1889 2478 10
1912 2434 2006 2485 sa„
2042 2434 2222 2491 quam
2255 2415 2358 2475 Ex.
2387 2423 2482 2483 12,
2519 2423 2597 2476 26
2636 2432 2712 2474 ss.
2746 2413 3025 2488 adJicitur

399 2503 732 2580 explicatiO,
765 2521 885 2578 qua
915 2503 1108 2562 omnis
1140 2503 1463 2562 difficultas
1496 2504 1768 2564 solvitur.
1837 2504 2059 2564 Sensus
2091 2504 2249 2563 enim
2283 2504 2426 2565 Gen.
2468 2510 2567 2576 17,
2609 2514 2685 2565 10
2720 2505 2842 2560 est:
2896 2500 3021 2560 Hoc

397 2600 480 2651 est
501 2600 747 2671 pactum
777 2592 818 2655 i.
850 2611 899 2651 e.
932 2594 1313 2668 praeceptum
1344 2611 1554 2667 meum,
1586 2594 1735 2670 quod
1768 2593 2141 2652 observabitis
2172 2638 2184 2651 .
2220 2638 2233 2651 .
2269 2639 2281 2651 .
2316 2593 2740 2651 Cicumcidetur
2770 2608 2840 2649 ex
2869 2590 3025 2649 vobis

401 2701 565 2742 omne
594 2681 998 2742 masculinum.
1047 2682 1316 2741 Alterius
1346 2682 1460 2741 loci
1479 2701 1690 2743 sensus
1711 2687 1835 2742 est:
1870 2684 2238 2743 caeremonia
2256 2681 2552 2758 descripta
2570 2682 2662 2740 est
2681 2679 3024 2740 solemnitas

401 2772 759 2831 nominanda
790 2772 970 2847 phase
1002 2771 1064 2850 (i.
1097 2791 1145 2832 e.
1176 2769 1499 2850 transitus)
1532 2777 1594 2832 et
1626 2790 1790 2831 sacra
1823 2773 2089 2832 Domino.
2138 2772 2272 2834 Scil.
2304 2772 2409 2830 Ex.
2450 2780 2543 2841 12,
2582 2778 2661 2832 26
2696 2788 2772 2831 ss.
2805 2769 3023 2829 descri-

403 2861 570 2920 bitur
598 2860 923 2937 singularis
955 2861 1325 2920 caeremonia
1353 2861 1648 2920 divinitus
1679 2862 2060 2937 praescripta,
2108 2881 2259 2938 quae
2293 2859 2523 2937 aliquid
2555 2858 2890 2936 significare
2920 2857 3023 2917 ad·

396 2952 607 3026 juncta
639 2949 985 3020 suadebant,
1018 2950 1166 3008 adeo
1196 2952 1269 3009 ut
1299 2969 1354 3009 V.
1378 2959 1457 3013 26
1485 2949 1595 3008 filii
1619 2951 1978 3025 judaeorum
1998 2951 2360 3010 inducantur
2378 2948 2833 3025 interrogaturi:
2868 2948 3026 3020 Quae

404 3046 488 3098 est
518 3041 632 3098 isia
662 3040 866 3114 reliqio
882 3037 912 3096 ἓ
943 3041 1004 3096 et
1036 3038 1315 3114 sequitur
1343 3056 1728 3114 responsum:
1778 3039 1997 3098 Diouis
2027 3042 2144 3098 eis:
2189 3039 2436 3098 Victima
2466 3039 2754 3096 transitus
2784 3037 3027 3095 Domini

405 3124 702 3208 (hebraice
731 3124 1008 3209 Domino)
1060 3135 1161 3205 est,
1213 3129 1445 3205 quando
1490 3130 1757 3186 transivit
1800 3147 1976 3204 super
2021 3130 2218 3188 donnas
2261 3130 2517 3203 filiorum
2562 3127 2751 3185 Israel
2795 3129 2907 3185 etc.
2937 3159 3026 3170 —-

416 3229 466 3279 l.
498 3217 621 3280 Cor.
664 3227 757 3287 10,
809 3227 846 3278 4
891 3217 1141 3275 verbum
1188 3224 1314 3275 erat
1358 3216 1623 3275 sumitur
1652 3218 1912 3293 proprie,
1962 3218 2225 3276 Christus
2256 3236 2461 3277 revera
2491 3219 2618 3275 erat
2648 3218 2819 3292 petra
2850 3215 3024 3290 spiri-

404 3306 589 3364 tualis
620 3306 971 3364 adumbrata
1000 3308 1170 3381 petra
1200 3305 1439 3365 deserti.
1501 3306 1776 3365 Ceterum
1807 3307 2030 3366 Paulus
2060 3306 2353 3366 claritatis
2386 3306 2581 3383 gratia
2622 3304 2820 3363 addit:
2869 3304 3029 3363 Haec

405 3402 597 3453 autem
628 3397 824 3453 omnia
855 3397 920 3453 in
946 3397 1141 3471 fiqura
1172 3395 1563 3472 continqebant
1591 3396 1709 3454 illis
1738 3415 1793 3454 v.
1836 3407 1932 3458 10.
1998 3396 2231 3466 Mirum,
2281 3396 2345 3453 in
2391 3394 2669 3454 omnibus
2715 3394 2838 3452 fere
2882 3393 3027 3452 locis

406 3482 654 3560 objectis
683 3484 908 3561 legitur
947 3483 1283 3559 explicatio,
1333 3503 1408 3543 ne
1457 3502 1529 3542 ea
1577 3485 1937 3558 accipiamus
1984 3504 2163 3544 sensu
2209 3485 2477 3560 proprio:
2527 3483 2592 3542 in
2641 3483 2840 3542 verbis
2890 3499 3028 3541 vero

409 3572 629 3632 Christi
659 3571 732 3631 de
762 3571 1121 3632 eucharistia
1151 3592 1224 3632 ne
1254 3573 1575 3650 vestigium
1599 3577 1848 3650 apparet
1865 3573 2157 3649 ejusmodi
2190 3573 2618 3649 explicationis,
2651 3572 2767 3630 etsi
2799 3570 2872 3630 ab
2905 3589 3028 3629 om-

406 3661 588 3721 nibus
619 3662 1007 3739 evangelistis
1052 3665 1114 3720 et
1157 3683 1191 3721 a
1234 3662 1420 3721 Paulo
1466 3663 1593 3721 fuse
1625 3663 1807 3722 verba
1841 3664 2062 3723 Christi
2106 3663 2442 3722 referantur
2486 3665 2547 3720 et
2590 3671 2806 3739 agatur
2850 3660 2922 3719 de
2966 3679 3028 3718 re

406 3750 628 3809 summi
672 3752 976 3810 momenti.
1043 3751 1123 3813 cf.
1175 3751 1601 3829 Gregorius
1650 3752 1816 3828 berg.
1868 3752 1941 3811 de
1991 3753 2159 3812 verit.
2209 3769 2367 3828 corp.
2418 3750 2637 3809 Christi
2686 3771 2737 3809 a.
2790 3757 2892 3811 22.
2946 3757 3027 3811 23

406 3857 604 3916 opusc.
637 3839 905 3910 XXXIX;
938 3840 1279 3916 Perpetuite
1311 3841 1384 3899 de
1415 3841 1475 3899 la
1505 3840 1587 3900 foi
1617 3843 1660 3903 t.
1681 3842 1738 3898 11
1772 3841 1810 3899 l.
1850 3852 1875 3903 1
1918 3859 1965 3900 c.
2008 3853 2074 3904 11
2115 3860 2225 3910 ss.;
2258 3841 2638 3899 Wiseman
2669 3839 2851 3914 prael.
2882 3849 2936 3900 7.

592 3975 736 4027 341.
769 3961 872 4027 Il.
911 3965 1129 4024 Verum
1162 3951 1403 4040 quidem
1436 3968 1530 4024 est
1561 3965 1626 4023 in
1659 3965 1863 4025 verbis
1884 3966 2077 4025 Lucae
2099 3975 2199 4037 22,
2237 3976 2351 4029 20:
2387 3965 2500 4023 Hic
2530 3972 2611 4023 est
2641 3965 2796 4023 calix
2824 3983 3031 4022 novum

422 4053 837 4112 Testamentum
867 4056 933 4112 in
961 4056 1243 4131 sanquine
1260 4072 1381 4113 meo
1391 4074 1422 4126 ,·
1453 4058 1514 4113 et
1531 4054 1784 4131 geminis
1807 4055 1977 4114 Pauli
2004 4068 2054 4118 1.
2076 4056 2202 4118 Cor.
2226 4067 2248 4117 l
2274 4067 2323 4127 l,
2349 4064 2428 4118 25
2452 4055 2708 4132 figuram
2726 4071 3031 4113 occurrere

410 4143 822 4220 metonymiae,
873 4162 1007 4202 cum
1052 4143 1363 4201 continens
1395 4137 1600 4226 (calix)
1631 4147 1894 4219 ponatur
1936 4163 2043 4220 pro
2088 4163 2152 4203 re
2197 4147 2502 4203 contenta:
2553 4143 2655 4202 sed
2705 4157 2772 4206 a.
2822 4161 2892 4201 ea
2938 4145 3032 4200 est

411 4231 821 4305 usitatissima,
858 4251 1039 4307 quam
1071 4250 1246 4291 nemo
1277 4235 1476 4308 potest
1505 4252 1813 4308 perperam
1843 4233 2212 4310 intelligere:
2254 4235 2617 4309 quapropter
2647 4231 2827 4291 etiam
2858 4249 3031 4290 nemo

414 4319 489 4379 ad
520 4321 828 4380 saeculum
859 4339 1051 4398 usque
1082 4320 1230 4380 XIX.
1276 4321 1340 4380 in
1371 4340 1439 4379 ea
1469 4322 1813 4397 explicanda
1845 4322 1941 4381 vel
1970 4323 2196 4381 erravit
2226 4323 2320 4381 vel
2353 4322 2571 4381 dubius
2604 4321 2825 4380 haesit:
2872 4321 3030 4396 ejus-

410 4428 527 4485 que
559 4428 681 4469 non
712 4410 974 4486 ineptam
1004 4410 1295 4469 rationem
1329 4410 1526 4468 reddit
1557 4429 1602 4472 s.
1635 4411 1952 4470 Thomas
1987 4421 2043 4474 3.
2075 4431 2130 4486 p.
2163 4430 2218 4486 q.
2256 4420 2333 4473 78
2368 4430 2418 4469 a.
2455 4421 2489 4474 3
2524 4410 2599 4468 ad
2637 4421 2662 4472 1
2689 4430 2704 4469 ε
2755 4410 2879 4479 ,De
2911 4427 3031 4485 quo

409 4495 638 4580 (calice)
672 4498 741 4557 fit
771 4499 867 4558 hic
910 4499 1152 4569 mentio,
1197 4499 1341 4574 quia
1371 4499 1616 4577 sanguis
1647 4499 1867 4557 Christi
1898 4499 1961 4557 in
1993 4500 2101 4558 hoc
2133 4502 2495 4559 sacramento
2528 4500 2922 4570 consecratur,
2970 4498 3033 4556 in

410 4590 705 4662 quantum
735 4592 827 4647 est
860 4591 1035 4664 potus
1065 4588 1349 4660 fidelium,
1383 4588 1545 4664 quod
1562 4607 1683 4646 non
1701 4588 2061 4663 importatur
2091 4588 2153 4645 in
2184 4588 2415 4647 ratione
2436 4588 2775 4665 sanguinis;
2807 4589 2869 4645 et
2898 4587 3031 4645 ideo

415 4677 684 4751 oportuit
703 4677 815 4736 hoc
835 4676 1134 4754 designari
1151 4695 1259 4753 per
1276 4695 1379 4736 vas
1399 4676 1540 4736 huic
1556 4677 1698 4736 usui
1714 4676 2237 4740 accommodatum.
2252 4685 2280 4716 ‘
2313 4677 2394 4740 Cf.
2414 4677 2549 4735 lect.
2573 4687 2607 4739 6
2631 4678 2694 4734 in
2721 4689 2773 4740 1.
2789 4676 2913 4735 Cor.
2937 4687 2957 4738 1
2984 4687 3033 4738 l.

435 4799 505 4808 —
547 4762 614 4829 b.
645 4766 779 4825 Non
800 4766 998 4824 minus
1017 4765 1258 4825 evidens
1279 4769 1369 4824 est
1387 4766 1593 4842 figura,
1627 4765 1678 4824 si
1710 4785 1828 4841 qua
1853 4766 2003 4825 latet
2030 4766 2093 4823 in
2124 4784 2262 4825 voce
2282 4766 2665 4837 Testamenti,
2697 4783 2830 4824 cum
2850 4783 3032 4841 penes
