3538 5364
1452 314 1857 385 poenitentiae.
2827 320 2962 382 443

334 501 565 580 agenda
609 500 845 577 publice
889 500 1257 576 poenitentia
1303 505 1475 570 esset,
1525 499 1854 558 secundum
1886 500 2182 560 Ecclesiae
2220 500 2382 577 leges
2415 499 2634 558 nedum
2667 499 2960 575 publicae,

337 610 542 649 verum
565 590 740 649 etiam
763 589 1027 664 privatae
1046 589 1447 665 poenitentiae
1465 589 1958 664 praecludebatur
1989 589 2208 660 aditus,
2223 598 2251 627 ‘
2285 607 2464 665 quam
2496 590 2748 647 tuentur
2777 588 2959 647 etiam

335 678 916 755 Albaspinaeus
947 675 1024 758 ¹),
1059 673 1515 761 Morinus²)‚
1551 668 2032 760 Petav'iuw),
2083 673 2523 759 Witasse⁴),
2573 672 2958 759 Hefele⁵);

335 787 469 827 mox
502 774 701 826 tamen
734 768 977 826 alteram
1012 768 1282 844 subjicit:
1335 767 1785 837 ,Peccantibus,
1836 768 1943 843 qui
1993 772 2234 843 peracta
2281 767 2518 844 publice
2570 765 2957 840 poenitentia,

335 858 537 916 eadem
570 857 666 916 vel
711 875 896 932 aeque
928 858 1132 933 gravia
1163 857 1413 916 crimina
1443 860 1945 934 perpetraverant,
1992 857 2225 933 privata
2268 855 2639 931 poenitentia
2683 858 2746 913 et
2789 855 2958 913 abso-

337 947 490 1005 lutio
538 948 601 1004 in
645 950 834 1005 morte
879 964 998 1004 non
1031 945 1498 1023 denegabatur-‚⁴³
1549 945 1706 1022 quod
1744 947 1995 1021 probant
2026 946 2207 1005 etiam
2241 945 2494 1004 Collet
2517 941 2567 1026 6)
2615 946 2678 1001 et
2720 944 2955 1005 Τουτ-Ἰ

335 1037 512 1112 nely
537 1034 588 1117 ⁷)
620 1035 814 1094 verbis
847 1035 1116 1094 Siricii
1162 1055 1363 1112 papae,
1413 1035 1518 1110 qui
1564 1035 1879 1094 consultus
1932 1036 2005 1094 de
2052 1036 2144 1105 iis,
2196 1035 2300 1110 qui
2332 1038 2463 1093 acta
2493 1033 2862 1110 poenitentia
2893 1033 2956 1091 in

336 1126 543 1201 gravia
572 1127 809 1199 peccata
839 1124 1054 1200 relapsi
1088 1128 1272 1193 erant,
1308 1123 1628 1200 respondet
1660 1143 1749 1199 ep.
1793 1136 1813 1186 1
1857 1124 1930 1182 ad
1966 1124 2251 1186 Himer.c.
2277 1133 2344 1187 5:
2383 1123 2508 1192 ,De
2542 1122 2781 1198 quibus,
2815 1123 2958 1197 quia

328 1215 451 1289 jam
486 1213 815 1291 suffugium
847 1231 967 1272 non
997 1214 1221 1272 habent
1252 1213 1613 1289 poenitendi,
1648 1213 1707 1270 id
1741 1212 2024 1272 duximus
2058 1212 2510 1280 decernendum,
2547 1216 2615 1270 ut
2646 1212 2769 1271 sola
2800 1212 2962 1269 intra

335 1302 636 1362 ecclesiam
669 1301 943 1361 fidelibus
975 1302 1240 1362 oratione
1262 1303 1617 1380 jungantur,
1652 1319 1849 1361 sacrae
1899 1302 2317 1378 mysteriorum
2360 1300 2711 1371 celebritati,
2746 1320 2952 1375 quum-

343 1392 435 1451 vis
468 1411 586 1451 non
619 1394 974 1461 mereantur,
1007 1392 1317 1462 intersint;
1351 1411 1385 1450 a
1415 1390 1741 1450 dominicae
1773 1395 2241 1451 autemmensae
2260 1390 2529 1451 convivio
2549 1394 2954 1467 segregentur,

334 1485 406 1540 ut
437 1482 545 1539 hac
574 1481 783 1540 saltem
817 1479 1187 1541 districtione
1219 1480 1497 1555 correpti,
1546 1484 1606 1539 et
1651 1480 1765 1555 ipsi
1800 1480 1862 1538 in
1896 1499 1957 1539 se
1991 1498 2098 1539 sua
2130 1483 2324 1539 errata
2355 1479 2665 1557 castigent,
2716 1487 2775 1537 et
2820 1479 2958 1537 aliis

336 1570 672 1646 exemplum
719 1569 1009 1638 tribuant,
1060 1572 1356 1645 quatenus
1410 1568 1484 1628 ab
1534 1570 1803 1628 obscenis
1854 1569 2285 1645 cupiditatibus
2337 1569 2730 1630 retrahantur.
2798 1569 2955 1636 Quos

332 1662 551 1728 tamen,
586 1658 871 1733 quoniam
904 1659 1124 1717 carnali
1154 1659 1479 1738 fragilitate
1510 1658 1870 1729 ceciderunt,
1919 1659 2134 1717 viatico
2167 1677 2430 1728 munere,
2481 1677 2615 1716 cum
2647 1658 2719 1716 ad
2755 1658 2952 1716 Domi·

334 1768 480 1807 num
512 1747 817 1824 coeperint
845 1747 1155 1824 proficisci,
1189 1767 1295 1824 per
1325 1748 1755 1808 communionis
1789 1749 2042 1826 gratiam
2075 1749 2350 1807 volumus
2383 1748 2704 1807 sublevari.
2768 1746 2958 1816 Quam

337 1837 583 1896 formam
613 1840 676 1895 et
706 1838 859 1896 circa
888 1838 1188 1907 muliereS,
1223 1856 1376 1913 quae
1408 1856 1468 1895 se
1500 1840 1638 1912 post
1668 1838 2099 1913 poenitentiam
2130 1837 2354 1896 talibus
2382 1836 2821 1912 pollutionibus
2854 1835 2955 1894 de-

338 1927 673 1996 vinxerunt,
708 1926 1055 1985 servandam
1087 1944 1217 1984 esse
1250 1935 1618 1989 censemus.‘

514 2011 567 2081 f.
612 2015 777 2074 Neve
806 2017 1014 2075 contra
1043 2019 1308 2074 nostram
1340 2016 1696 2074 sententiam
1728 2015 2002 2091 excipias,
2049 2015 2356 2074 meliorem
2400 2033 2541 2090 ergo
2590 2014 2767 2074 fuisse
2814 2032 2953 2072 con-

338 2105 625 2163 ditionem
675 2108 1048 2180 peccatorum
1093 2108 1234 2180 post
1280 2104 1598 2180 relapsum,
1650 2122 1785 2163 cum
1834 2104 1979 2179 ipsis
2028 2122 2147 2162 non
2199 2105 2453 2180 amplius
2503 2104 2686 2163 fuerit
2729 2104 2962 2180 agenda

336 2193 712 2269 poenitentia
742 2194 999 2269 publica,
1047 2194 1148 2252 sed
1194 2196 1433 2252 tantum
1464 2194 1713 2268 privata.
1781 2193 2245 2270 Respondemus,
2294 2193 2355 2251 id
2401 2211 2519 2251 non
2566 2194 2769 2268 sequi:
2818 2211 2954 2250 nam

336 2283 488 2341 tanti
521 2283 949 2341 aestimabatur
977 2283 1345 2359 poenitentia
1375 2282 1671 2352 solemnis,
1724 2285 1793 2341 ut
1838 2282 2082 2341 secundi
2132 2282 2412 2357 baptismi
2446 2283 2570 2340 loco
2605 2282 2951 2341 haberetur:

334 2370 729 2430 relabentium
764 2390 900 2430 vero
933 2372 1301 2446 poenitentia
1329 2372 1466 2448 plus
1485 2371 1762 2430 minusve
1786 2374 2057 2447 suspecta
2078 2371 2423 2441 videbatur3
2458 2370 2728 2447 quocirca
2749 2390 2956 2429 eorum

333 2462 509 2535 plena
540 2460 946 2521 reconciliatio
978 2479 1148 2537 saepe
1181 2460 1568 2520 differebatur
1598 2461 1672 2520 ad
1720 2464 1976 2519 mortem
2008 2479 2221 2536 usque.
2289 2460 2561 2519 Ceterum
2595 2460 2954 2535 quibusdam

334 2550 398 2608 in
430 2549 694 2609 ecclesiis
726 2549 953 2609 clericis
986 2551 1273 2626 majorum
1296 2550 1612 2609 criminum
1632 2550 1749 2609 reis
1772 2550 2107 2626 negabatur
2126 2549 2302 2609 etiam
2327 2549 2698 2624 poenitentia
2717 2550 2958 2624 publica

336 2644 397 2698 et
441 2639 740 2711 solemnia,
788 2639 934 2715 quin
983 2643 1303 2717 negaretur
1351 2639 1721 2715 poenitentia
1767 2638 2020 2716 privata.
2085 2639 2165 2698 ef.
2214 2657 2307 2714 ep.
2362 2648 2477 2702 167
2529 2640 2601 2698 ad
2648 2638 2956 2698 Rusticum

334 2729 579 2791 narbon.
626 2730 847 2803 inquis.
897 2739 952 2792 2.
1000 2727 1226 2812 (opusc.
1260 2729 1460 2798 XXVI,
1499 2731 1667 2808 281).
1732 2729 2042 2788 Illustrare
2076 2729 2218 2788 licet
2249 2729 2412 2787 illam
2446 2729 2671 2804 praxim
2704 2747 2821 2787 non
2861 2728 2953 2786 in-

336 2823 472 2894 epte
517 2838 586 2877 ex
632 2819 822 2889 modo,
869 2837 988 2895 quo
1034 2822 1252 2896 patrea,
1300 2819 1495 2896 graeci
1524 2819 1890 2893 praesertim,
1925 2819 1997 2877 de
2029 2817 2407 2877 matrimonio
2438 2817 2724 2877 scribunt.
2792 2817 2958 2878 Sicut

336 2907 495 2966 enim
514 2908 819 2966 inculcant
835 2911 898 2967 et
916 2909 1219 2967 extollunt
1236 2908 1597 2966 matrimonii
1620 2907 1930 2978 unitatem,
1967 2911 2039 2965 ut
2069 2907 2357 2966 secundas
2389 2917 2449 2966 et
2481 2907 2689 2966 tertias
2709 2906 2956 2982 nuptias

336 2997 712 3056 fornicationi
732 2997 825 3055 vel
845 2997 1304 3056 incontinentiae
1324 2996 1646 3055 damnabili
1669 2996 1793 3055 fere
1812 2998 2233 3072 aequiparent:
2267 3014 2403 3055 curn
2433 3000 2632 3055 tamen
2666 2999 2726 3054 et
2757 2999 2958 3071 poste-

336 3086 520 3144 riores
550 3086 799 3161 nuptiae
829 3087 948 3144 sint
978 3086 1301 3162 permissae
1332 3088 1394 3144 et
1423 3085 1638 3156 licitae,
1674 3086 1945 3160 quamvis
1969 3085 2264 3144 inferioris
2282 3085 2511 3150 meriti;
2543 3085 2630 3144 ita
2661 3086 2961 3143 extollunt

336 3174 768 3249 poenitentiam
801 3175 1100 3249 publicam
1132 3178 1192 3233 et
1223 3176 1564 3242 solemnem,
1604 3178 1674 3233 ut
1704 3175 2001 3249 privatam
2033 3174 2105 3234 de
2139 3175 2394 3250 peccatis
2427 3175 2632 3234 saltem
2667 3174 2955 3250 graviori-

339 3263 453 3322 bus
486 3282 762 3339 spernere
794 3264 912 3322 iere
945 3264 1276 3323 videantur.
1324 3264 1401 3322 Et
1431 3264 1587 3322 sicut
1605 3263 1864 3322 Ecclesia
1884 3264 2077 3339 primo
2098 3267 2337 3323 tautum
2370 3263 2746 3323 matrimonio
2777 3263 2956 3323 bene-

338 3351 664 3411 dictionem
694 3353 964 3427 impertit
997 3354 1336 3423 solemnem,
1368 3352 1599 3428 nuptiis
1631 3371 1767 3411 vero
1800 3352 2073 3411 secundis
2099 3352 2372 3428 adjunxit
2391 3355 2594 3412 notam
2616 3352 2958 3429 irregulari·

336 3441 482 3499 tatis
514 3442 698 3500 relate
727 3441 802 3499 ad
834 3441 1100 3501 ordines:
1149 3442 1234 3501 ita
1278 3442 1513 3500 unicam
1546 3444 1783 3500 tantum
1817 3442 2111 3500 concessit
2141 3441 2569 3517 poenitentiam
2602 3442 2954 3502 solemnem:

340 3547 461 3588 non
511 3534 712 3589 tamen
758 3530 982 3605 sprevit
1026 3530 1346 3590 secundam
1389 3531 1699 3606 privatam.
1762 3529 1842 3588 Cf.
1892 3530 2354 3589 Francolini
2401 3531 2616 3590 veteris
2667 3531 2958 3590 Ecclesiae

337 3618 618 3678 severitas
650 3618 949 3677 vindicata
979 3620 1016 3678 l.
1061 3631 1079 3682 1
1124 3620 1274 3696 disp.
1310 3630 1381 3688 5.;
1418 3621 1657 3678 Faure
1690 3620 1752 3676 in
1786 3623 1987 3682 annot.
2021 3620 2096 3678 ad
2133 3639 2178 3679 s,
2214 3620 2542 3696 Augustini
2577 3620 2955 3678 Euchiridion

337 3727 393 3765 n.
432 3717 510 3770 64
550 3726 628 3766 ss·

1467 3826 1838 3911 canutum

340 3950 445 4014 De
493 3951 1011 4014 contritione
1058 3950 1154 4013 ad
1202 3957 1738 4031 peccatorum
1788 3952 2377 4016 remissionem
2423 3969 2564 4031 per
2609 3951 2954 4013 clavium

838 4064 1344 4140 potestatem
1393 4056 1935 4122 obtinendam
1984 4058 2489 4122 necessaria.

516 4186 665 4252 458.
700 4184 1155 4247 Poenitentiam
1187 4202 1302 4248 seu
1336 4183 1531 4246 animi
1565 4184 1854 4249 dolorem
1875 4184 2498 4264 detestationemque
2530 4188 2943 4264 peccatorum

339 4286 569 4353 saltem
601 4289 881 4371 aliquam
914 4311 1040 4353 esse
1074 4292 1548 4378 necessariamS)
1584 4292 1664 4354 ad
1697 4290 2142 4357 remissionem
2176 4298 2594 4372 peccatorum
2634 4307 2748 4371 per
2768 4297 2950 4372 pote-

566 4472 599 4535 ¹)
628 4464 687 4518 L.
714 4469 746 4517 2
774 4467 989 4520 observ.
1023 4476 1071 4521 5.
1292 4469 1330 4534 ²)
1360 4466 1417 4518 L.
1448 4476 1477 4522 5
1506 4484 1552 4521 c.
1581 4473 1663 4522 29.
1705 4449 1709 4452 “
1884 4471 1924 4530 ⁸)
1953 4459 2042 4519 Ad
2071 4465 2283 4536 Epiph.
2310 4466 2463 4519 haer.
2494 4471 2578 4520 59.

558 4548 600 4615 ι)
628 4543 708 4598 De
736 4562 873 4603 sacr.
901 4561 1065 4616 poen.
1094 4563 1149 4615 p.
1185 4556 1199 4596 1
1237 4565 1278 4598 ει.
1308 4556 1339 4601 4
1365 4563 1470 4599 ass.
1508 4555 1546 4602 1.
1578 4555 1624 4602 2.
1847 4550 1886 4617 ⁶)
1917 4546 1973 4598 L.
2002 4563 2048 4599 c.
2076 4547 2118 4610 Ι,
2145 4552 2250 4602 409
2277 4546 2361 4601 ed.
2391 4554 2440 4601 2.

559 4628 600 4696 α)
629 4625 687 4679 L.
715 4643 760 4680 c.
788 4644 837 4681 a.
867 4633 898 4682 6
925 4629 1103 4683 concl.
1130 4634 1180 4682 2.
1402 4631 1441 4698 ⁷)
1471 4627 1549 4680 De
1576 4645 1744 4698 poen.
1774 4646 1829 4697 p.
1857 4634 1892 4684 8
1918 4645 1968 4680 a.
2000 4637 2030 4684 5
2059 4628 2237 4682 concl.
2266 4633 2315 4681 2.

561 4709 601 4778 ⁰)
627 4705 746 4759 Hac
774 4705 1065 4759 occasione
1092 4706 1465 4777 distinguunt
1490 4706 1743 4777 theologi
1786 4707 1935 4762 inter
1974 4725 1998 4761 s
2013 4725 2048 4761 a
2065 4725 2094 4760 c
2110 4726 2137 4760 ι·
2153 4724 2185 4760 a
2203 4727 2254 4761 m
2277 4725 2305 4761 e
2323 4711 2400 4760 nt
2418 4727 2452 4760 u
2471 4727 2525 4761 m
2568 4705 2955 4778 poenitentiae

338 4789 398 4840 et
432 4785 821 4857 poenitentiae
848 4786 1003 4839 virt
1020 4791 1141 4840 ute
1158 4806 1213 4840 m
1241 4788 1425 4856 deque
1452 4788 1558 4841 hac
1586 4804 1653 4841 ex
1682 4788 1880 4841 ordine
1909 4791 2209 4842 statuunt:
