3538 5364
568 167 697 231 416
1268 160 1452 214 Tract.
1480 160 1571 213 IX.
1600 161 1669 214 de
1697 165 2048 216 sacramento
2076 161 2484 231 poenitentiae.

566 345 675 404 das
707 345 801 403 vel
833 344 1248 422 glorificandas
1280 348 1388 403 etc.
1424 345 1714 405 deficient.
1749 347 1985 406 Excitat
2012 342 2085 412 h.
2117 348 2192 406 ad
2222 346 2534 407 fovendam
2564 347 3022 423 puritatem,
3057 366 3191 404 nam

565 437 801 493 tantum
845 433 985 509 puri
1025 453 1060 492 a
1103 436 1343 508 peccato
1373 435 1541 512 gravi
1573 439 2007 495 sacramentum
2037 436 2193 495 illud
2222 437 2482 512 recipere
2513 439 2800 510 possunt;
2848 435 2923 494 ad
2972 436 3189 494 sancti-

564 526 767 594 tatem,
800 542 938 581 nam
969 526 1191 594 ‚saneta
1222 523 1460 582 sanctis‘
1492 542 1550 581 n.
1587 533 1729 587 350.
1767 534 1925 595 385;
1973 525 2045 583 ad
2093 524 2399 584 colendam
2430 524 2855 601 virginitatem,
2902 528 2997 583 est
3029 525 3190 583 enim

563 612 921 671 eucharistia
950 613 1303 685 frumentum
1334 614 1636 671 electorum
1665 620 1715 671 et
1746 616 1943 672 vinum
1970 617 2308 690 qerminans
2337 616 2588 690 viryines
2619 614 2785 673 Zach.
2807 625 2865 684 9,
2908 623 3008 677 17.
3041 614 3189 672 Pro-

563 703 736 760 vocat
768 697 820 763 1.
854 700 927 758 ad
946 703 1039 758 tot
1058 700 1311 759 aliarum
1343 702 1602 761 virtut
1618 721 1732 761 um
1763 702 2177 777 imitationem,
2212 722 2466 780 quarum
2485 706 2609 761 tam
2627 703 2867 761 illustre
2888 702 3191 778 specimen

563 790 629 847 in
677 790 786 848 hoc
832 789 964 864 ipso
1013 792 1378 848 sacramento
1409 791 1678 849 Christus
1722 791 1895 850 nobis
1941 791 2195 854 exhibet.
2258 791 2468 850 Merito
2513 810 2654 868 ergo
2699 791 2855 850 dixit
2884 790 3188 850 Christus:

565 878 728 936 Sicut
757 880 912 935 misit
943 897 1029 936 me
1060 880 1246 936 vivens
1276 878 1453 937 Pater
1483 888 1536 938 et
1569 899 1665 957 eqo
1696 882 1817 938 vivo
1845 888 2086 956 propter
2116 880 2387 939 Patrem:
2432 888 2482 938 et
2513 883 2612 957 qui
2644 881 2956 938 manducat
2989 899 3099 955 me,
3136 885 3184 937 et

563 970 685 1042 ipse
716 969 857 1026 vivet
877 974 1122 1042 propter
1151 986 1239 1025 me
1268 967 1364 1030 J0.
1403 978 1459 1039 6,
1500 978 1600 1032 58.

744 1102 887 1156 434.
920 1087 1062 1157 III.
1095 1091 1330 1161 Quodsi
1348 1093 1703 1151 eucharistia
1732 1093 2143 1152 consideratur
2173 1097 2243 1153 ut
2273 1094 2521 1152 sacrif
2526 1094 2782 1166 icium,
2815 1094 2986 1153 illius
3017 1113 3190 1170 prae·

562 1182 786 1240 stantia
833 1181 1234 1240 commendari
1295 1183 1494 1257 potest
1553 1201 1624 1240 ex
1685 1182 2194 1259 quadruplici
2256 1182 2464 1259 capite,
2526 1186 2600 1242 ut
2659 1183 2805 1242 satis
2872 1183 3188 1242 innuimus

560 1290 618 1329 n.
656 1280 778 1334 328
797 1272 871 1341 ¹⁰,
907 1271 1003 1329 cui
1034 1270 1183 1328 adde
1215 1274 1277 1328 et
1307 1271 1668 1346 quintum
1700 1274 2086 1343 momentum,
2120 1271 2285 1330 illins
2314 1272 2646 1347 principem
2675 1272 3031 1332 ministrum
3061 1290 3191 1331 esse

560 1361 758 1436 ipsum
791 1360 1089 1419 Christum
1122 1378 1180 1418 n.
1214 1368 1360 1422 422.
1421 1359 1613 1429 Quare
1644 1360 1817 1418 nobis
1848 1379 2205 1437 magnopere
2251 1364 2343 1419 est
2387 1361 2749 1432 laetandum,
2798 1361 2961 1438 quod
2995 1361 3186 1420 Deum

560 1449 769 1519 colere,
817 1450 1052 1524 placare
1096 1451 1157 1506 et
1199 1448 1255 1506 ei
1300 1467 1407 1523 pro
1452 1449 1707 1524 acceptis
1748 1449 2047 1508 beneficiis
2079 1450 2302 1526 gratias
2334 1469 2509 1528 agere
2539 1468 2864 1525 possumus
2896 1450 3189 1509 sacrificio

559 1538 614 1596 ei
661 1538 1063 1614 condigno,
1141 1537 1389 1595 Obtinet
1438 1540 1498 1595 et
1548 1538 1642 1597 hic
1690 1538 1843 1596 illud
1897 1538 2051 1606 ,tibi
2099 1539 2227 1597 sine
2271 1542 2330 1598 te
2377 1540 2608 1616 placere
2654 1557 2773 1597 non
2820 1546 3184 1615 possumus⁴¹

562 1622 646 1708 (a
684 1622 852 1708 316).
916 1626 997 1687 cf.
1030 1644 1086 1684 n.
1124 1635 1267 1688 405.
1305 1635 1676 1689 424—427.

1613 1818 1926 1899 Sectio
1987 1823 2128 1902 IV.

1304 1968 1404 2022 De
1454 1971 1887 2022 sacramento
1933 1968 2422 2035 poenitentiae.

736 2090 883 2154 435.
916 2085 1008 2150 De
1054 2086 1158 2150 illo
1197 2086 1336 2167 jam
1383 2084 1702 2164 agendum
1747 2090 1846 2147 est
1889 2091 2319 2159 sacramentQ
2370 2084 2543 2165 quod
2575 2084 3088 2166 praefiguratum
3120 2084 3182 2145 in

557 2192 967 2256 sacerdotum
1000 2193 1079 2256 de
1111 2193 1290 2275 lepra
1315 2190 1555 2272 judicio
1589 2189 1758 2278 (Lev.
1798 2194 1880 2258 14
1911 2191 2025 2276 s.);
2071 2190 2526 2254 adumbratum
2571 2190 2638 2253 in
2687 2190 3182 2255 resuscitatione

556 2298 808 2376 Lazari,
842 2318 1033 2382 quern
1065 2298 1357 2363 Christus
1389 2297 1606 2361 divina
1640 2297 1900 2378 quidem
1931 2297 2165 2362 virtute
2202 2297 2536 2361 suscitavit
2549 2298 2616 2383 ¹),
2650 2315 2690 2360 a
2721 2297 2994 2361 vinculis
3025 2316 3181 2362 vero

557 2406 934 2472 solvendum
986 2405 1246 2470 tradidit
1296 2404 1608 2486 apostolis
1651 2404 1747 2469 J0.
1797 2409 1900 2481 11,
1946 2409 2067 2479 44ς
2117 2404 2479 2469 institutum
2528 2403 2792 2468 demum
2842 2401 2977 2480 fuit,
3031 2421 3178 2466 cum

556 2511 845 2578 Christus
880 2531 920 2575 a
954 2512 1220 2576 mortuis
1254 2510 1571 2575 excitatus
1590 2508 1934 2573 insufflavit
1967 2510 2034 2573 in
2065 2509 2410 2592 discipulos
2443 2528 2598 2574 suos
2617 2509 2869 2573 dicens:
2901 2511 3181 2593 Accipite

556 2618 864 2704 Spiritum
910 2640 978 2703 a,
1024 2638 1286 2703 quorum
1332 2619 1694 2679 remiseritis
1714 2624 1997 2700 peccata,
2043 2619 2446 2681 remittuntur
2477 2618 2564 2681 eis
2597 2616 2716 2703 (Jo.
2751 2622 2855 2693 20,
2891 2621 2976 2686 22
3011 2620 3176 2700 etc),

554 2727 813 2793 Definiri
843 2733 1064 2790 autem
1094 2725 1257 2790 solet
1289 2729 1788 2799 sacramentum,
1834 2742 1961 2805 quo
2005 2722 2343 2805 baptizatis
2373 2724 2641 2806 relapsis
2675 2724 2985 2799 contritiS‚
3016 2739 3175 2787 con-

553 2834 737 2900 fessis
770 2851 848 2897 ac
879 2833 1248 2897 satisfacere
1297 2829 1805 2912 proponentibus
1845 2830 2232 2911 impenditur
2277 2829 2599 2894 absolutio
2647 2849 2689 2893 a
2730 2830 3032 2913 peccatis,
3098 2828 3177 2892 L't

551 2962 707 3008 vero
741 2942 1035 3006 doctrina
1079 2938 1397 3002 catholica
1443 2939 1522 3002 de
1565 2956 1642 3003 eo
1675 2955 1855 3001 conc.
1901 2938 2349 3002 tridentini
2394 2956 2548 3002 sess.
2589 2944 2670 3007 14
2703 2936 3174 3019 comprehensa

552 3051 739 3132 plene
771 3048 1081 3122 tradatur,
1113 3063 1378 3110 necesse
1411 3055 1511 3111 est

734 3158 797 3223 l.
832 3152 1273 3235 comprobare,
1320 3151 1643 3216 Christum
1678 3152 1998 3217 Ecclesiae
2043 3169 2202 3216 suae
2248 3151 2595 3217 contulisse
2640 3155 3035 3234 potestatem
3067 3167 3168 3212 re-

553 3262 841 3326 mittendi
872 3260 1309 3342 retinendique
1341 3266 1611 3341 peccata
1641 3259 1923 3323 fidelium
1955 3265 2102 3340 post
2133 3258 2523 3340 baptismum
2555 3264 2926 3332 contracta;

727 3370 792 3437 2.
827 3368 996 3431 hanc
1027 3372 1420 3448 potestatem
1440 3367 1792 3430 Ecclesiam
1814 3382 2114 3430 exercere
2146 3382 2279 3427 non
2308 3382 2518 3446 posse,
2550 3364 2673 3428 nisi
2701 3363 2935 3445 triplex
2955 3381 2997 3427 a
3017 3379 3168 3445 pec-

550 3481 770 3541 catore
800 3480 1080 3558 ponatur
1112 3480 1328 3536 actus:
1360 3473 1603 3537 scilicet
1636 3472 1850 3536 cordis
1882 3471 2182 3535 contritio
2215 3471 2295 3535 de
2327 3470 2627 3551 peccatis,
2661 3471 2791 3535 oris
2824 3467 3167 3540 confessiO,

548 3583 760 3665 operis
791 3579 1145 3646 satisfactio
1178 3599 1248 3646 re
1280 3581 1592 3662 praestita
1622 3580 1722 3645 vel
1754 3579 1984 3644 saltem
2016 3577 2380 3660 proposito;

724 3692 787 3758 3.
818 3690 1027 3763 ritum,
1061 3687 1169 3769 qui
1199 3687 1347 3751 hinc
1380 3687 1636 3768 quidem
1683 3685 2088 3750 absolutione
2132 3684 2504 3760 sacerdotiS‚
2549 3683 2698 3749 inde
2750 3701 2905 3747 vero
2940 3683 3166 3764 poeni-

544 3798 737 3862 tentis
768 3796 1173 3870 contritione,
1226 3793 1630 3858 confessione
1683 3799 1748 3857 et
1796 3790 2233 3855 satisfactione
2278 3791 2657 3866 continetur,
2705 3789 2840 3853 veri
2886 3788 3164 3852 nominis

544 3923 686 3970 esse
717 3909 1197 3967 sacramentum
1228 3902 1554 3983 peccatori
1586 3900 1914 3982 baptizato
1949 3897 2030 3960 ad
2064 3896 2340 3962 salutem
2370 3896 2826 3962 necessarium.

720 4011 788 4078 4.
822 4011 932 4074 His
965 4008 1264 4075 addenda
1292 4014 1461 4083 sunt,
1495 4025 1661 4089 quae
1696 4025 1776 4070 ex
1807 4004 2202 4088 praescripto
2255 4003 2585 4068 doctrinae
2624 4002 2984 4067 catholicae
3015 4019 3161 4083 spe-

541 4123 722 4182 ctant
752 4118 834 4182 ad
866 4118 1248 4195 ministrum,
1280 4117 1554 4182 formam
1588 4132 1665 4179 ac
1697 4113 2037 4178 materiam
2067 4111 2256 4194 hujus
2287 4111 2693 4176 sacramenti.
2725 4109 3016 4192 Denique

720 4228 785 4293 5.
820 4226 1187 4307 appendicis
1220 4226 1362 4289 loco
1397 4224 1771 4306 adjiciemus
1802 4220 2304 4302 disputationem
2336 4219 2418 4283 de
2450 4216 3026 4296 indulgentiis.

760 4474 797 4542 ¹)
824 4471 905 4526 De
930 4470 1367 4526 adumbratione
1393 4470 1568 4540 hujus
1584 4467 1925 4522 sacramenti
1958 4466 2022 4519 in
2049 4463 2420 4520 mundatione
2449 4464 2802 4534 leprosorum
2824 4464 2883 4515 et
2910 4465 3156 4517 mortuo-

538 4568 668 4604 rum
705 4551 1136 4606 resuscitatione
1177 4551 1466 4621 praeclare
1506 4547 1736 4603 disserit
1777 4546 2150 4600 Wiseman
2203 4542 2489 4598 Abhandl.
2552 4543 2691 4596 fiber
2755 4541 3155 4596 verschiedene

539 4629 934 4699 Gegenstande
963 4632 1003 4696 I,
1036 4633 1135 4686 177
1160 4647 1229 4684 ss.
1282 4628 1365 4683 cf.
1392 4628 1564 4683 etiam
1590 4645 1632 4680 s.
1661 4627 1760 4681 Th
1780 4643 1936 4680 oma
1954 4643 1979 4678 s
2005 4623 2198 4693 suppl.
2225 4641 2281 4692 q.
2310 4629 2375 4680 19
2402 4639 2451 4675 a.
2484 4632 2529 4679 1.
