3538 5364
1057 273 1255 329 'rhesis
1282 274 1516 330 CXCIV.
1545 276 1999 350 Exceptionibus
2028 277 2238 331 satisfit
2829 287 2957 351 109

310 455 629 522 flcacem,
684 470 846 511 eum
901 458 1047 512 imo
1093 461 1372 515 abunde
1422 464 1729 528 satisfiat
1783 466 1901 529 us,
1950 476 2136 529 quae
2188 463 2510 516 Maximus
2560 463 2646 516 de
2684 464 2957 530 dupltet

318 547 607 610 arettae
638 550 1217 615 praeparatione,
1252 550 1586 613 obiecttva
1623 556 1688 606 et
1722 551 2124 618 subjectiva,
2161 550 2422 604 mov-alt
2460 554 2524 603 et
2554 552 2868 618 physica.

506 649 1074 724 Demonstratlo.
1124 654 1185 723 1.
1230 653 1505 720 Maxime
1554 661 1916 738 provocant
1965 661 2100 719 tam
2129 654 2191 731 ii,
2228 653 2338 736 qui
2369 654 2641 734 gratiam
2673 656 2954 719 necessi-

322 761 573 821 tantem
605 763 867 822 tuentur
898 758 999 846 (cf.
1032 761 1380 853 Bastida
1410 762 1445 826 l.
1480 781 1532 825 c.
1565 762 1668 837 Vl,
1704 766 1836 849 15),
1870 780 2064 844 quam
2095 763 2351 843 patroni
2383 763 2628 843 gratiae
2659 780 2738 825 ex
2769 780 2840 825 se
2861 761 2953 826 ef-

322 860 541 926 ficacis
578 863 641 931 1.
677 865 761 929 ad
792 866 956 931 haec
1000 868 1099 934 vel
1144 868 1375 933 similia
1422 870 1794 935 testimonia
1826 869 1927 933 Ez.
1967 875 2067 946 11,
2108 873 2187 938 19
2219 889 2304 932 s.:
2368 868 2451 931 Et
2500 868 2662 933 dabo
2712 872 2799 932 eis
2847 890 2955 932 cor

320 991 522 1034 unum
556 973 685 1058 (vel
705 980 809 1050 36.
831 979 950 1044 26:
981 986 1254 1059 novum),
1287 982 1343 1039 et
1376 978 1666 1060 spiritum
1699 997 1929 1040 novum
1961 978 2234 1041 tribuam
2269 978 2333 1041 in
2369 974 2705 1039 visceribus
2736 995 2946 1038 eorum

323 1077 431 1163 (ib.
452 1099 700 1164 ponam
732 1083 800 1144 in
831 1082 1028 1145 medio
1059 1085 1294 1167 vestri),
1338 1090 1394 1146 et
1441 1083 1735 1165 auferam
1786 1104 1892 1146 cor
1935 1083 2253 1167 lapideum
2299 1083 2374 1146 de
2424 1103 2609 1145 carne
2642 1102 2854 1145 eorum
2890 1089 2946 1145 et

322 1185 484 1248 dabo
515 1188 607 1249 eis
636 1207 743 1251 eor
773 1208 1090 1273 carneum,
1122 1196 1191 1252 ut
1222 1191 1287 1253 in
1321 1192 1667 1274 praeceptis
1698 1192 1850 1253 meis
1870 1189 2183 1254 ambulent
2215 1196 2270 1253 et
2293 1189 2544 1273 judicia
2576 1208 2714 1253 mea
2747 1196 2948 1252 custo-

321 1293 509 1356 diant
538 1293 908 1379 faciantque
952 1317 1063 1374 ea,·
1106 1297 1206 1360 vel
1254 1303 1325 1359 ut
1370 1296 1646 1362 habetur
1677 1302 1782 1372 36,
1817 1303 1900 1366 27
1921 1317 1935 1359 :
1986 1297 2066 1359 Et
2112 1296 2378 1378 faciam,
2407 1302 2476 1358 ut
2511 1297 2576 1359 in
2597 1296 2951 1381 praeceptis

320 1400 473 1461 meis
504 1401 833 1465 ambuletis
876 1408 931 1464 et
969 1402 1216 1484 judicia
1262 1424 1401 1468 mea
1433 1405 1797 1468 custodiatis
1846 1412 1901 1466 et
1935 1406 2291 1487 operemini.
2327 1402 2482 1467 Phil.
2518 1410 2576 1480 2,
2614 1407 2726 1472 13:
2779 1403 2951 1467 Deus

319 1511 406 1567 est
437 1508 627 1590 enim,
659 1509 768 1592 qui
799 1517 1097 1592 operatur
1128 1511 1197 1573 in
1229 1510 1396 1574 vobis
1440 1520 1496 1575 et
1541 1511 1689 1575 velle
1734 1518 1789 1576 et
1814 1512 2111 1595 perficere
2138 1532 2260 1595 pro
2292 1512 2452 1575 bona
2484 1511 2796 1575 voluntate
2829 1517 2949 1575 etc.

320 1613 517 1696 Atqui
549 1615 713 1681 haec
745 1634 877 1679 non
908 1616 1228 1682 sufficiunt
1259 1618 1343 1682 ad
1374 1619 1643 1700 gratiam
1676 1619 1815 1685 sive
1847 1619 2365 1695 necessitantem,
2399 1619 2534 1683 sive
2567 1636 2647 1682 ex
2680 1638 2822 1683 sese
2854 1617 2946 1684 ef-

318 1719 588 1786 ficacem
620 1724 1034 1788 statuendam
1049 1727 1116 1811 ¹).

502 1852 650 1915 123.
682 1847 751 1911 ln
781 1848 1003 1929 primis
1035 1849 1205 1912 enim
1238 1856 1555 1924 notamuS,
1602 1850 1803 1916 verba
1849 1850 2203 1931 prophetae
2250 1849 2376 1913 dici
2423 1848 2503 1915 de
2548 1850 2947 1925 omnibus,

316 1954 422 2033 qui
456 1953 543 2016 ad
576 1972 819 2017 novum
850 1962 1147 2036 spectant
1178 1962 1669 2033 testamentum;
1703 1957 1903 2023 verba
1935 1976 2088 2023 vero
2123 1956 2417 2037 Apostoli
2448 1956 2638 2020 scribi
2673 1957 2757 2021 ad
2789 1975 2827 2020 o
2849 1978 2944 2020 m-

316 2079 358 2123 n
377 2078 461 2125 es
494 2059 740 2137 fideleS,
770 2080 902 2125 non
933 2062 1015 2125 ad
1046 2063 1561 2144 praedestinatos
1595 2069 1886 2128 tantum:
1917 2070 1982 2128 et
2000 2070 2218 2128 tamen
2252 2082 2460 2145 neque
2480 2081 2705 2127 omnes
2728 2061 2947 2128 fideles

314 2165 675 2231 observant
704 2176 1053 2251 praecepta
1082 2170 1357 2247 Domini,
1390 2189 1599 2253 neque
1631 2188 1860 2235 omnes
1894 2171 1958 2234 in
1990 2171 2064 2234 iis
2086 2170 2436 2245 ambulant,
2459 2170 2700 2233 bonum
2723 2171 2948 2234 volunt

314 2280 377 2336 et
405 2273 769 2354 perficiunt
802 2274 965 2356 Ergo
999 2276 1327 2343 evidenter
1347 2277 1743 2358 significatur
1765 2284 2034 2353 tantum,
2055 2277 2218 2341 haec
2235 2276 2438 2341 Deum
2459 2277 2712 2357 operari
2734 2277 2944 2355 gratia

313 2398 447 2455 sua,
482 2388 801 2463 quantum
833 2388 932 2449 est
964 2402 1041 2448 ex
1072 2402 1176 2459 se;
1208 2384 1381 2448 nullo
1414 2384 1609 2448 modo
1644 2385 1968 2459 evincunt,
2015 2384 2289 2464 gratiam
2340 2402 2422 2447 ex
2453 2401 2596 2447 sese
2629 2401 2771 2447 5555
2804 2383 2939 2448 effi-

312 2503 555 2563 cacem,
587 2486 876 2570 alioquin
928 2489 992 2552 in
1038 2490 1337 2555 omnibus
1387 2490 1678 2555 fidelibus
1724 2492 1898 2554 hunc
1945 2489 2214 2555 haberet
2245 2490 2559 2554 effectum.
2623 2489 2765 2569 Quo
2798 2490 2938 2554 solo

312 2610 633 2674 responso
667 2595 877 2658 omnis
909 2595 1096 2678 huJus
1130 2596 1391 2662 Achillis
1442 2597 1981 2673 adversariorum,
2033 2597 2136 2661 cui
2185 2603 2521 2678 tantopere
2571 2596 2791 2672 fidunt,
2841 2597 2941 2660 vis

311 2699 584 2764 eliditur.
618 2741 708 2750 —
740 2699 869 2767 Sed
899 2703 1367 2785 interrogemus
1399 2706 1452 2769 A
1471 2725 1620 2786 ugu
1639 2707 1969 2782 stinum,
2001 2724 2191 2787 quem
2213 2705 2473 2768 maximi
2507 2703 2746 2768 faciunt
2777 2705 2938 2770 alte-

309 2807 439 2870 rius
472 2809 839 2874 sententiae
870 2811 1141 2891 patroni,
1175 2813 1500 2894 quomodo
1522 2811 1695 2878 Deus
1729 2819 2033 2894 operetur
2055 2811 2119 2875 in
2139 2811 2326 2876 nobis
2345 2809 2506 2876 velle
2529 2819 2592 2876 et
2615 2811 2937 2892 perficere,

310 2912 505 2980 saciat
536 2923 611 2981 ut
643 2915 971 2982 faciamus.
1034 2916 1244 3001 Saepe
1275 2921 1446 2984 enim
1476 2940 1524 2983 5.
1559 2919 1786 2983 doctor
1816 2919 2125 2983 adversus
2156 2917 2547 3001 pelagianos
2580 2918 2936 2982 secundum

310 3038 472 3101 quos
504 3021 683 3086 Deus
716 3023 828 3086 dat
858 3030 1107 3088 tantum
1139 3044 1332 3107 posse
1366 3026 1673 3113 (illudque
1706 3027 2050 3111 naturale),
2100 3025 2396 3101 inculcat,
2459 3024 2594 3089 Deo
2647 3024 2938 3089 tribuen-

310 3126 462 3191 dum
497 3149 647 3194 esse
680 3130 746 3194 in
779 3131 1001 3196 ordine
1032 3131 1259 3196 salutis
1291 3152 1421 3197 non
1454 3132 1666 3197 solum
1697 3152 1890 3215 posse
1926 3135 2112 3219 (sane
2146 3131 2679 3220 supernaturale),
2713 3151 2938 3197 verum

312 3235 520 3316 ipsum
552 3237 751 3303 etiam
785 3256 1053 3319 agere,
1103 3240 1312 3321 ipsum
1357 3259 1448 3304 ac
1468 3249 1628 3305 tum
1678 3242 2045 3316 salutarem,
2081 3239 2488 3323 explicatque
2521 3257 2649 3323 qua
2682 3239 2939 3302 ratione

312 3341 479 3409 Deus
513 3350 818 3425 operetur
847 3346 914 3409 in
945 3346 1131 3410 nobis
1162 3346 1323 3412 velle
1356 3354 1421 3412 et
1451 3366 1657 3429 agere.
1722 3348 1916 3431 Atqui
1947 3368 1995 3410 5.
2029 3347 2423 3428 Augustinus
2456 3346 2648 3411 docet

489 3471 554 3536 1.
591 3468 796 3533 Deum
826 3470 952 3533 hoc
984 3472 1242 3552 operari
1274 3473 1477 3552 gratia
1511 3491 1630 3537 sua
1661 3491 1780 3536 nos
1799 3473 2293 3554 praeveniendo,
2329 3472 2801 3546 alliciendO,
2836 3473 2935 3534 in-

312 3575 594 3653 vitando,
628 3576 950 3642 movendo
985 3583 1102 3642 etc.
1164 3577 1241 3641 Et
1290 3597 1519 3644 revera
1566 3597 1809 3644 causae
1860 3579 2106 3654 morali,
2158 3580 2352 3645 etiam
2404 3578 2645 3642 homini
2678 3578 2938 3642 motivis

309 3682 610 3761 gravibus
643 3683 963 3760 allicienti,
992 3684 1335 3762 inducenti,
1367 3685 1651 3749 moventi
1683 3685 1980 3762 alterum,
2014 3685 2201 3768 hujus
2236 3704 2434 3767 opera
2468 3685 2745 3749 adscribi
2778 3703 2932 3766 pos-

307 3796 472 3864 sunt,
506 3790 766 3853 etiamsi
796 3792 1038 3856 motiva
1069 3799 1133 3857 et
1161 3793 1464 3868 rationeS,
1498 3793 1728 3875 quibus
1761 3795 1977 3869 utitur,
2011 3812 2092 3857 ex
2113 3811 2256 3857 sese
2276 3800 2340 3858 et
2359 3791 2768 3856 infallibiliter
2801 3810 2934 3855 non

309 3894 435 3960 sint
468 3894 783 3961 efficaces.
816 3897 912 3960 Ita
942 3898 1023 3963 de
1043 3899 1302 3964 homine
1333 3900 1728 3975 consulente,
1764 3900 2134 3975 mandante,
2168 3898 2535 3981 impellente
2556 3898 2639 3961 ad
2661 3898 2933 3962 homici-

526 4110 565 4180 ι)
593 4107 859 4163 Ceterum
885 4108 1023 4163 satis
1047 4109 1325 4165 inculcari
1352 4110 1572 4178 nequit,
1600 4109 1928 4181 Scripturas
1949 4111 2018 4165 de
2040 4109 2228 4181 gratia
2248 4107 2582 4163 testimonia
2601 4109 2935 4162 harmonice

306 4204 419 4241 5555
445 4189 821 4260 exponenda:
863 4189 1018 4258 quod
1045 4188 1166 4261 ipse
1194 4192 1296 4244 Au
1314 4207 1404 4261 gu
1423 4207 1449 4243 5
1466 4188 1583 4243 tin
1601 4208 1638 4243 u
1655 4208 1680 4243 5
1708 4191 1920 4261 passim
1946 4193 2131 4255 notat,
2159 4195 2226 4244 ut
2250 4207 2338 4261 ep.
2365 4198 2468 4246 215
2497 4207 2553 4243 n.
2583 4199 2646 4246 5:
2687 4188 2757 4243 de
2786 4191 2932 4259 grat.

305 4270 363 4322 et
385 4270 482 4324 lib.
511 4269 638 4324 arb.
663 4286 710 4325 c.
743 4278 823 4325 15.
876 4270 998 4334 Qua
1024 4269 1087 4322 in
1113 4286 1172 4324 re
1198 4271 1467 4325 nonnulli
1495 4269 1668 4324 nimis
1691 4270 1896 4325 leviter
1922 4287 1979 4325 55
2007 4272 2233 4340 gerunt.
2260 4269 2581 4324 Provocant
2597 4269 2671 4322 ad
2694 4269 2930 4337 aliquod

306 4348 638 4419 Scripturae
664 4351 919 4414 effatum,
946 4352 1014 4403 ut
1035 4351 1106 4404 ad
1129 4350 1276 4406 illud
1304 4360 1348 4406 l.
1370 4351 1493 4405 Cor.
1515 4360 1565 4415 4,
1588 4357 1649 4407 6:
1677 4353 1818 4419 Quid
1840 4354 1997 4405 habes
2015 4354 2155 4420 quod
2171 4370 2280 4405 non
2299 4355 2564 4419 accepisti,
2587 4348 2678 4403 vel
2700 4348 2933 4411 similia,

306 4446 488 4498 neque
515 4429 676 4485 illius
703 4446 948 4495 sensum,
973 4434 1396 4501 argumentum,
1420 4430 1705 4485 ambitum
1732 4435 1838 4487 etc,
1864 4430 2189 4485 accuratius
2214 4431 2615 4493 determinant,
2643 4429 2740 4482 sed
2770 4428 2932 4497 quid·

303 4509 443 4576 quid
470 4510 699 4574 volunt,
722 4508 999 4574 inferunt,
1026 4509 1190 4564 nulla
1216 4511 1437 4564 ratione
1465 4509 1663 4564 habita
1688 4510 1936 4566 aliorum
1962 4513 2244 4564 textuum.
2313 4510 2433 4565 Hoc
2460 4510 2626 4565 modo
2653 4507 2819 4563 facile
2847 4511 2936 4560 est

302 4588 606 4652 affirmare,
635 4589 980 4644 sententiam
1007 4590 1077 4643 de
1103 4591 1291 4660 gratia
1318 4608 1384 4645 ex
1401 4607 1457 4644 55
1474 4589 1692 4644 efficaci
1707 4590 1772 4643 in
1788 4608 1956 4645 sensu
1979 4589 2491 4646 neothomistarum
2512 4591 2624 4660 jam
2650 4588 2792 4641 adeo
2813 4604 2930 4641 esse

302 4671 530 4734 certam,
558 4672 628 4723 ut
652 4668 804 4723 desit
827 4671 1053 4723 tantum
1082 4668 1365 4724 Ecclesiae
1392 4669 1669 4733 definitio,
1712 4673 1778 4723 ut
1822 4670 1897 4724 sit
1922 4671 2132 4740 dogma
2158 4669 2291 4723 fidei
2318 4669 2664 4723 catholicae!
2716 4667 2798 4721 Cf.
2826 4666 2873 4719 R
2890 4666 2930 4719 i-

301 4749 529 4819 palda
556 4749 707 4821 disp.
742 4755 836 4806 101
865 4766 912 4803 c.
942 4751 1086 4810 52d.
1124 4757 1235 4808 109.
