3538 5364
586 292 717 358 512
1037 283 1222 337 Tract.
1247 283 1341 338 IX.
1369 283 1437 336 de
1466 281 1867 353 indulgentiis,
1898 280 2236 349 Requiritur
2261 279 2525 352 legitima
2552 296 2739 334 causa.

585 493 618 531 a
650 491 868 548 poenae
901 469 1120 537 debito,
1154 470 1254 529 sed
1289 469 1468 527 datur
1500 468 1570 538 ei,
1605 469 1764 527 unde
1785 467 2057 527 debitum
2078 468 2344 536 solvat3‘
2379 468 2553 542 cujus
2586 467 2797 526 asserti
2830 467 2978 525 hanc
3010 466 3214 525 reddit

584 563 873 620 rationem
905 558 1193 635 Aegidius
1227 557 1626 617 Carlerius
1671 558 1734 615 in
1781 575 1941 616 conc.
1987 557 2425 615 basileensi
2454 550 2536 637 ¹):
2590 556 3017 633 ,Indulgentia
3060 556 3211 615 dicit

584 650 1001 709 relaxationem
1033 666 1255 723 poenae
1289 647 1552 706 debitae:
1601 647 1704 705 sed
1751 646 1895 722 quia
1940 649 2191 721 oportet,
2241 648 2311 703 ut
2356 646 2623 704 salvetur
2654 645 2855 703 divina
2878 645 3120 721 justitia
3152 650 3221 703 et

585 740 689 813 qui
710 738 992 815 peccavit,
1027 737 1170 811 quia
1189 737 1422 795 debitor
1453 741 1562 806 est,
1598 736 1792 794 solvat
1823 741 1930 793 aut
1960 734 2115 793 alius
2137 734 2464 793 satisfaciat
2494 753 2602 810 pro
2633 752 2718 801 e0,
2751 753 2857 810 per
2888 734 3210 811 indulgen·

584 829 730 887 tiam
762 846 951 902 poena
979 829 1353 902 peccatorum
1374 825 1675 883 relaxatur
1706 844 1773 882 ex
1808 825 1935 894 hoc,
1967 824 2123 899 quod
2145 825 2356 882 merita
2375 824 2624 882 alterius
2645 823 2749 880 isti
2770 823 3165 899 applicentur.
3183 831 3213 860 ¹

583 919 901 993 Propterea
950 916 1131 975 etiam
1179 914 1408 972 romani
1460 913 1772 989 pontifices
1822 914 1887 971 in
1937 911 2324 971 concedendis
2373 913 2767 989 indulgentiis
2812 913 2886 971 ad
2915 913 3219 970 Ecclesiae

584 1007 932 1066 thesaurum
964 1007 1302 1079 provocant.
1369 1003 1450 1061 cf.
1481 1021 1648 1079 prop.
1685 1012 1763 1065 60
1801 1003 1930 1078 Baji
1964 1003 2241 1060 damnata
2271 1021 2329 1062 n.
2367 1004 2547 1065 5234.
2595 1000 2800 1060 Variae
2834 1002 2940 1060 hae
2973 1006 3214 1060 senten-

585 1096 702 1153 tiae
741 1095 815 1153 ad
859 1093 1225 1152 harmoniam
1258 1092 1409 1150 forte
1440 1092 1700 1152 revocari
1732 1097 2003 1167 possunt,
2052 1090 2101 1150 si
2145 1094 2465 1159 statuatur,
2514 1090 2949 1149 absolutionem
2980 1109 3109 1149 esse
3142 1090 3215 1150 de

584 1185 811 1242 ratione
842 1182 1268 1258 indulgentiae,
1317 1181 1370 1239 si
1414 1181 1822 1240 consideretur
1865 1199 2082 1239 nomen
2129 1183 2189 1238 et
2232 1180 2542 1255 primitiva
2586 1180 2777 1238 forma
2816 1179 3215 1238 concessionis

584 1293 805 1341 earum,
855 1270 1126 1348 quamvis
1172 1274 1234 1328 et
1278 1274 1423 1328 tunc
1462 1270 1679 1328 solutio
1711 1270 1906 1328 locum
1938 1270 2213 1328 habuerit
2246 1266 2329 1351 (n.
2365 1269 2578 1348 5268);
2625 1287 2786 1328 nunc
2830 1288 2970 1328 vero
3016 1269 3211 1345 magis

584 1363 833 1421 induere
864 1360 1160 1418 rationem
1193 1359 1513 1417 solutionis
1560 1378 1629 1417 ex
1676 1359 1957 1417 thesauro
2004 1359 2076 1416 ab
2122 1360 2477 1417 auctoritate
2509 1359 2752 1435 publica
2783 1359 2971 1416 factae
3008 1357 3083 1415 ad
3115 1376 3223 1415 ex-

585 1451 1015 1528 stinguendum
1047 1448 1317 1506 debitum
1348 1466 1572 1524 poenae
1603 1448 1971 1524 temporalis

765 1575 911 1640 534.
951 1569 1364 1654 propositio
1399 1567 1562 1636 VII.
1639 1567 1720 1631 Ut
1771 1568 2202 1650 indulyentiae
2248 1567 2520 1651 valeant,
2565 1568 2911 1651 requiritur
2954 1571 3223 1647 praeter

586 1678 1036 1744 auctoritatem
1069 1675 1481 1740 concedentis
1523 1677 1702 1756 jus-ta
1736 1681 1792 1736 et
1827 1674 2111 1758 leqitima
2145 1695 2363 1755 causa,
2399 1679 2470 1738 ut
2501 1674 2621 1755 ipsi
2651 1672 2986 1754 pontifices
3019 1672 3219 1754 profi-

585 1793 813 1851 tentur.
876 1784 1098 1866 Neque
1132 1783 1302 1846 enim
1335 1781 1473 1862 ipse
1508 1786 1606 1844 est
1637 1781 1928 1844 thesauri
1957 1778 2283 1844 Ecclesiae
2329 1780 2646 1854 dominus,
2682 1780 2796 1845 sed
2831 1786 3087 1844 tantum
3119 1779 3218 1842 di-

584 1899 941 1975 spensator,
973 1891 1245 1972 ideoque
1278 1888 1558 1970 prudens
1592 1893 1655 1952 et
1685 1887 1889 1951 fidelis
1923 1887 1989 1950 in
2025 1905 2104 1951 eo
2140 1887 2576 1968 dispensando
2611 1905 2752 1951 esse
2775 1886 2982 1963 debet,
3004 1905 3225 1968 neque

586 2002 804 2065 datum
839 2006 937 2064 est
969 1998 1028 2063 ei
1059 1995 1471 2077 dispensandi
1503 2013 1735 2058 munus
1769 1994 1835 2057 in
1868 1994 2143 2070 ruinam,
2166 1993 2363 2058 sedin
2388 1993 2918 2058 aedificationem.
2955 1993 3219 2058 Dissen-

586 2109 750 2172 tiunt
778 2124 932 2170 vero
966 2102 1264 2183 theologi,
1298 2103 1450 2166 dum
1484 2101 1810 2178 definiunt,
1846 2120 2012 2184 quae
2048 2120 2251 2165 causa
2283 2101 2407 2165 dici
2438 2102 2640 2183 possit
2682 2102 2930 2183 justa.
2995 2100 3219 2166 Placet

586 2214 775 2281 nobis
806 2211 1125 2278 sententia
1155 2208 1661 2284 Bellarmini,
1697 2209 1806 2290 qui
1838 2210 2166 2296 statuit²):
2203 2208 2265 2276 1.
2304 2227 2449 2273 eam
2482 2227 2624 2273 esse
2660 2227 2926 2272 causam
2954 2209 3217 2290 justam,

588 2342 668 2389 ex
700 2338 847 2404 qua,
881 2317 1177 2382 omnibus
1211 2316 1526 2397 expensiS‚
1560 2315 1702 2396 plus
1734 2316 2004 2379 honoris
2037 2317 2101 2380 in
2134 2317 2338 2380 Deum
2372 2322 2437 2381 et
2466 2315 2757 2380 utilitatis
2778 2316 2841 2379 in
2862 2315 3217 2379 Ecclesiam

808 2513 843 2570 ¹)
872 2509 1044 2578 Apud
1072 2510 1173 2562 Ha
1192 2527 1217 2560 r
1232 2509 1268 2561 d
1286 2528 1324 2561 u
1340 2508 1362 2561 i
1379 2527 1416 2562 n
1433 2528 1470 2562 u
1489 2528 1545 2562 m
1572 2509 1792 2564 collect.
1819 2509 2024 2563 concil.
2046 2508 2198 2573 VIII,
2231 2515 2293 2565 17
2298 2515 2383 2565 95.
2410 2509 2476 2562 In
2497 2508 2833 2579 explicando
2855 2506 3087 2568 habitu,
3105 2522 3207 2575 quo

586 2586 659 2640 ad
687 2586 931 2643 invicem
957 2606 1013 2643 se
1040 2591 1294 2643 habeant
1336 2590 1752 2646 satisfactiones
1782 2589 1995 2645 Christi
2039 2593 2097 2644 et
2140 2593 2483 2654 sanctorum,
2531 2607 2775 2657 quarum
2820 2588 3201 2658 applicatione
3286 2633 3290 2637 .

591 2669 845 2722 nostrum
875 2669 1116 2724 solvitur
1143 2669 1376 2724 divinae
1405 2669 1660 2738 justitiae
1688 2669 1969 2735 debitum,
1999 2669 2256 2739 theologi
2286 2669 2556 2724 nonnihil
2583 2668 2733 2722 inter
2759 2685 2815 2722 se
2842 2668 3209 2722 dissentiunt.

588 2747 907 2804 Secundum
937 2751 1246 2806 nonnullos
1273 2750 1691 2805 satisfactiones
1718 2755 2042 2804 sanctorum
2067 2751 2434 2821 applicantur
2462 2750 2626 2805 nobis
2654 2768 2782 2803 cum
2812 2748 3029 2803 Christi
3059 2750 3212 2802 satis-

585 2827 935 2883 factionibus
964 2848 1062 2901 per
1089 2831 1321 2885 modum
1351 2830 1524 2885 unius
1553 2830 1741 2899 pretii.
1793 2832 1881 2884 Ita
1912 2831 1951 2882 P
1973 2847 2001 2884 e
2020 2849 2044 2883 s
2061 2832 2145 2884 ch
2180 2831 2281 2884 VII
2307 2850 2363 2891 u.
2390 2838 2527 2888 498:
2566 2830 2798 2893 „Potius
2824 2828 3109 2883 dicendus
3133 2832 3219 2883 est

585 2908 736 2963 Deus
763 2908 821 2964 in
849 2912 1004 2964 omui
1025 2910 1385 2964 absolutione
1407 2928 1720 2980 poenarum
1741 2910 2019 2979 respicere
2040 2913 2226 2965 totum
2248 2912 2538 2966 cumulum
2563 2909 3021 2964 satisfactionum
3046 2913 3215 2979 prout

584 2990 645 3041 in
674 2988 925 3044 Ecclesia
951 2990 1190 3053 exsistit,
1219 3008 1333 3043 non
1360 2993 1428 3042 ut
1454 2992 1540 3044 tot
1565 2994 1623 3043 et
1648 2992 1737 3043 tot
1763 2990 2015 3043 unitates
2043 2991 2192 3044 inter
2219 3006 2274 3043 se
2302 2991 2474 3060 plane
2501 2992 2807 3059 separatas,
2828 2990 2924 3044 sed
2955 2992 3024 3043 ut
3044 3005 3209 3059 opera

585 3070 763 3123 totius
789 3070 1040 3139 corporis
1068 3070 1313 3138 mystici,
1340 3072 1504 3139 cujus
1532 3087 1726 3125 omnes
1765 3070 2019 3125 actiones
2061 3070 2483 3139 quodammodo
2524 3075 2658 3126 sunt
2699 3070 2955 3125 actiones
2983 3069 3208 3124 Christi.

587 3149 734 3202 Nam
763 3150 900 3202 haec
942 3149 1134 3203 omnia
1162 3149 1279 3203 Deo
1310 3151 1539 3219 placent
1565 3167 1678 3204 non
1724 3149 1892 3203 aliter
1919 3166 2092 3217 quam
2120 3166 2187 3202 ex
2216 3149 2423 3203 intima
2449 3165 2802 3205 eorumcum
2831 3147 3064 3202 Christo
3089 3165 3210 3203 con·

585 3229 898 3297 junctione,
940 3234 997 3283 et
1036 3229 1117 3282 ita
1144 3230 1458 3283 satisfactio
1487 3230 1699 3284 Christi
1741 3234 2033 3298 tamquam
2075 3247 2246 3283 causa
2289 3229 2629 3283 universalis
2669 3229 2773 3283 dat
2809 3229 3211 3284 satisfactioni·

588 3312 691 3361 bus
718 3312 1043 3363 sanctorum
1071 3309 1413 3379 dignitatem
1441 3316 1498 3363 et
1525 3310 1856 3373 efficaciam,
1884 3313 1942 3364 et
1968 3310 2028 3363 in
2058 3310 2149 3363 his
2177 3309 2442 3364 omnibus
2464 3310 2723 3364 Christus
2748 3308 3121 3363 honoraturst·
3146 3342 3208 3349 —

586 3388 910 3443 Secundum
938 3388 1081 3442 alios
1109 3388 1358 3444 Ecclesia
1386 3389 1502 3442 Deo
1530 3390 1696 3444 offert
1724 3393 2052 3443 sanctorum
2072 3389 2509 3455 satisfactiones,
2527 3394 2594 3443 ut
2609 3406 2803 3443 earum
2820 3389 3043 3443 intuitu
3063 3389 3207 3443 Deus

585 3468 841 3539 applicet
865 3469 1280 3524 satisfactiones
1308 3469 1537 3534 Christi,
1567 3469 1813 3536 ideoque
1834 3471 2187 3522 concurrunt
2206 3486 2306 3539 per
2328 3469 2561 3523 modum
2584 3468 3039 3539 impetrationis:
3067 3483 3208 3536 quae

586 3552 779 3602 tamen
806 3548 1001 3618 opinio
1028 3548 1247 3604 accedit
1285 3550 1357 3601 ad
1399 3565 1561 3619 prop.
1603 3557 1672 3606 60
1711 3548 1806 3601 Ba
1816 3550 1840 3617 j
1860 3547 1898 3601 i.
1951 3548 2329 3602 Praeferenda
2368 3549 2599 3602 videtur
2643 3564 2707 3602 ea
2737 3548 3038 3612 sententia,
3067 3564 3209 3616 quae

587 3634 794 3693 censet,
823 3630 906 3682 ita
933 3646 988 3683 se
1016 3631 1222 3684 habere
1251 3632 1667 3685 satisfactiones
1697 3633 2027 3683 sanctorum
2055 3628 2220 3683 nobis
2246 3629 2567 3699 applicatas
2593 3628 2665 3681 ad
2693 3628 3033 3681 solvendum
3060 3629 3207 3681 debi-

589 3714 709 3763 tum
741 3714 1013 3773 nostrum,
1040 3728 1154 3777 quo
1182 3726 1238 3763 se
1268 3712 1544 3764 haberent
1569 3710 1988 3763 satisfactiones
2029 3725 2062 3760 a
2104 3709 2268 3762 nobis
2316 3707 2643 3778 praestitae,
2686 3709 2897 3777 quibus
2924 3707 3060 3762 illae
3088 3708 3209 3760 sub·

589 3789 941 3844 stituuntur:
969 3791 1245 3843 solvimus
1273 3807 1405 3859 ergo
1434 3789 1694 3844 debitum
1723 3791 1984 3842 nostrum
2026 3788 2517 3842 satisfactionibus
2559 3794 2882 3843 sanctorum
2926 3787 3093 3842 nobis
3118 3803 3208 3857 ap·

589 3870 831 3940 plicatis.
885 3870 1084 3938 Neque
1106 3873 1297 3923 tamen
1325 3868 1458 3922 inde
1486 3869 1747 3937 sequitur
1775 3866 2161 3937 indulgentiis
2187 3868 2469 3937 applicari
2496 3869 2681 3921 solum
2700 3871 3024 3923 sanctorum
3053 3867 3207 3920 satis-

589 3952 896 4004 factiones:
942 3968 1070 4004 cum
1111 3950 1264 4003 enim
1309 3951 1514 4003 harum
1556 3950 1716 4003 valor
1758 3949 2045 4003 innitatur
2072 3947 2286 4001 Christi
2326 3948 2816 4003 satisfactionibus
2856 3947 2949 4019 (cf.
2975 3969 3030 4003 n.
3061 3954 3205 4008 502⁴)
3236 3978 3252 3995 ·

587 4036 761 4098 atque
789 4031 909 4099 ipse
941 4030 1201 4100 passione
1229 4031 1522 4097 morteque
1552 4047 1654 4082 sua
1682 4031 1789 4083 hoc
1818 4030 2008 4098 ipsum
2038 4028 2201 4082 nobis
2229 4028 2564 4093 obtinuerit,
2594 4031 2661 4082 ut
2686 4029 2931 4082 aliorum
2961 4027 3209 4081 satisfac-

590 4111 774 4164 tiones
800 4111 965 4165 nobis
991 4112 1254 4180 prodesse
1284 4110 1519 4180 possint,
1557 4127 1669 4165 non
1713 4111 2091 4164 secluduntur
2130 4108 2191 4161 in
2233 4110 2338 4161 hac
2378 4108 2766 4178 applicatione
2794 4108 3008 4163 Christi
3052 4109 3209 4161 satis·

591 4190 886 4244 factiones.

807 4274 846 4338 ⁶²)
875 4270 933 4322 L.
967 4279 988 4325 l
1021 4287 1065 4322 c.
1101 4277 1178 4325 1⁴2.
1207 4270 1296 4323 Ad
1323 4287 1441 4325 rem
1469 4288 1509 4322 s.
1539 4270 1582 4323 T
1603 4270 1640 4322 h
1663 4286 1860 4323 omas
1888 4269 1950 4322 in
1978 4279 2026 4325 4.
2054 4269 2185 4323 dist.
2213 4276 2281 4324 20
2310 4287 2362 4337 q.
2396 4278 2419 4325 1
2450 4286 2501 4321 a.
2528 4275 2561 4324 3
2588 4269 2697 4336 qcl.
2724 4276 2787 4323 2:
2833 4268 2953 4330 „Ad
2981 4268 3089 4323 hoc
3116 4285 3207 4321 au-

589 4356 703 4403 tem
732 4351 884 4418 quod
913 4350 1351 4419 (satisfactiones
1379 4353 1726 4416 sanctorum)
1755 4350 2124 4419 applicentur
2152 4350 2265 4412 isti,
2293 4349 2613 4417 requiritur
2650 4349 2963 4403 auctoritas
2991 4348 3209 4420 dispen-

591 4431 752 4484 sandi
770 4431 1102 4500 hujusmodi
1120 4432 1469 4494 thesaurum,
1486 4434 1544 4484 et
1561 4430 1698 4485 unio
1715 4433 1838 4500 ejus
1856 4430 1948 4484 cui
1967 4430 2331 4499 dispensatur
2344 4430 2417 4483 ad
2434 4447 2564 4484 eum
2583 4431 2686 4498 qui
2702 4432 3042 4495 merebatur,
3060 4430 3209 4499 quod

591 4514 676 4563 est
701 4528 799 4581 per
826 4510 1137 4574 caritatem,
1166 4516 1223 4564 et
1241 4511 1388 4565 ratio
1410 4509 1873 4579 dispensationis,
1896 4511 2207 4562 secundum
2232 4526 2402 4578 quam
2428 4512 2679 4565 salvetur
2697 4510 2943 4564 intentio
2964 4510 3207 4573 illorum,

593 4591 695 4660 qui
722 4608 892 4661 opera
920 4592 1210 4646 meritoria
1237 4594 1522 4647 fecerunt:
1551 4593 1812 4645 fecerunt
1831 4591 1983 4643 enim
2005 4590 2075 4643 ad
2099 4591 2371 4644 honorem
2393 4590 2498 4643 Dei
2519 4595 2578 4644 et
2596 4592 2908 4647 utilitatem
2929 4592 3208 4646 Ecclesiae

593 4674 654 4725 in
683 4672 954 4741 generali.
983 4672 1144 4727 Unde
1173 4690 1550 4741 quaecunque
1576 4689 1746 4726 causa
1789 4671 1957 4735 adsit,
1999 4687 2146 4740 quae
2181 4671 2242 4724 in
2284 4671 2598 4724 utilitatem
2627 4671 2908 4724 Ecclesiae
2930 4678 3132 4743 vergat
3154 4674 3215 4724 et

594 4752 865 4804 honorem
897 4750 1015 4813 Dei,
1043 4752 1330 4807 sufficiens
1356 4753 1504 4805 ratio
1534 4754 1618 4807 est
1644 4753 2040 4821 indulgentias
2068 4751 2433 4820 elargiendi.“
