3538 5364
58 2130 208 2214 0:-
266 2091 507 2232 ἵζω

100 2230 437 2335 ὼ...

553 294 681 361 568
1041 287 1224 340 Tract.
1256 288 1345 341 IX.
1373 288 1441 342 de
1470 287 1853 342 matrimonio.
1883 288 1964 342 De
1992 288 2320 359 polygamia
2347 287 2680 343 successiva.

1176 378 1346 475 12„-
1360 395 1603 439 ...ιι
1740 349 2236 437 tau-Am«

553 474 682 533 sine
713 473 1183 533 contradictione
1199 446 1479 578 affirmaki
1508 474 1730 550 poterit
1761 476 1855 532 vel
1877 437 2109 552 ›fegarL
2143 476 2539 552 polygamiam
2570 494 2699 534 esse
2731 478 2936 534 contra
2965 475 3178 552 legem,

552 566 733 640 prout
763 563 913 641 legis
944 582 1163 621 nomen
1193 563 1288 622 vel
1320 581 1519 638 presse
1550 564 1647 622 vel
1677 564 1869 647 1232ss
1900 567 2246 639 usurpatur,
2300 582 2366 623 ao
2397 564 2579 623 simili
2610 564 2785 623 modo
2815 564 3051 623 dicetur
3083 564 3179 623 vel

545 654 714 728 justa
757 652 854 712 vel
896 652 1139 728 injusta,
1185 654 1366 727 prout
1396 653 1804 711 consentiente
1842 656 1949 712 aut
1978 653 2169 711 invita
2200 653 2385 730 priori
2414 672 2594 712 uxore
2626 656 2999 729 frequentata
3030 672 3179 728 sup-

553 744 841 818 ponatur:
890 742 1155 816 itemque
1187 741 1435 800 honesta
1466 742 1561 800 vel
1592 741 1923 814 inhonesta,
1971 746 2152 818 prout
2197 743 2323 817 ejus
2366 742 2504 800 finis
2537 746 2629 801 est
2660 743 2896 820 generis
2929 741 3184 801 humani

554 831 976 906 multiplicatio
1007 834 1114 888 aut
1147 830 1400 889 licentia.
1464 829 1704 889 Scilicet
1734 834 1806 888 ut
1835 830 2178 908 polygamia
2205 851 2241 889 a
2279 831 2524 890 crimine
2554 832 2810 890 violatae
2842 831 2993 908 legis
3025 831 3186 889 divi·

554 939 664 978 nae
696 919 981 978 immunis
1012 918 1303 990 credatur,
1336 922 1459 978 tres
1491 919 1864 979 conditiones
1886 921 2126 979 omnino
2145 920 2568 995 requiruntur:
2604 926 2674 979 ut
2703 920 2872 979 nulla
2903 919 3190 996 explicita

553 1008 682 1086 lege
714 1012 967 1079 vetetur,
1001 1012 1074 1067 ut
1102 1027 1252 1067 uxor
1270 1027 1543 1084 expresse
1574 1010 1669 1067 vel
1696 1009 1877 1069 tacite
1897 1009 2247 1079 consentiat,
2280 1012 2353 1067 ut
2382 1009 2519 1068 finis
2551 1010 2632 1068 sit
2661 1010 2983 1079 honestus;
3017 1009 3187 1085 quod

556 1097 607 1157 si
636 1116 757 1155 una
787 1117 855 1156 ex
886 1098 981 1158 his
1013 1097 1457 1157 conditionibus
1489 1098 1662 1169 desit,
1710 1099 1761 1157 si
1809 1098 1883 1157 ad
1916 1097 2231 1157 libidinem
2260 1098 2465 1174 potius
2498 1118 2676 1174 quam
2707 1100 2781 1158 ad
2812 1098 3187 1174 multiplica·

555 1186 778 1245 tionem
811 1187 1057 1245 humani
1088 1186 1324 1263 generis
1359 1187 1732 1258 adhibeatur,
1783 1187 1836 1246 si
1866 1187 2094 1264 primae
2126 1187 2296 1246 uxori
2329 1188 2609 1247 afferatur
2639 1188 2879 1265 injuria,
2928 1188 2979 1246 si
3025 1187 3191 1245 ratio

556 1276 846 1334 habeatur
877 1276 1027 1353 legis
1075 1276 1168 1335 sin
1211 1275 1414 1335 minus
1446 1275 1774 1351 explicitae,
1823 1277 2032 1335 saltem
2065 1276 2406 1351 implicitae,
2439 1280 2572 1335 tum
2604 1277 2763 1335 enim
2796 1296 2937 1336 vero
2970 1276 3186 1335 eadem

556 1364 894 1442 polygamia
923 1365 1236 1423 inhonesta
1267 1364 1504 1434 dicitur,
1548 1369 1753 1423 contra
1783 1365 1872 1424 fas
1905 1369 1966 1423 et
1987 1367 2111 1441 jus,
2159 1368 2220 1424 et
2266 1369 2472 1424 contra
2503 1366 2782 1441 spiritum
2815 1365 2964 1443 legis
2997 1370 3188 1441 atque

556 1453 757 1529 aliquo
789 1472 928 1513 vero
963 1473 1144 1513 sensu
1176 1454 1550 1531 illegitima.‘

736 1559 885 1623 607.
917 1555 998 1625 V.
1050 1555 1339 1637 Denique
1371 1556 1665 1637 quamvis
1697 1555 2063 1637 polygamia
2095 1557 2609 1622 simultanea
2640 1556 2781 1638 lege
2813 1555 3195 1636 evangelica

558 1660 641 1724 sit
684 1661 1026 1742 prohibita,
1062 1662 1431 1748 polyqamia
1464 1664 1809 1727 successiva
1840 1663 1877 1724 i.
1911 1680 1964 1726 e.
2000 1663 2172 1727 aliud
2205 1664 2685 1729 matrimonium
2717 1664 3020 1727 defuncto
3053 1680 3190 1726 uno

559 1767 829 1849 conjuge
860 1772 1108 1831 omnino
1130 1772 1512 1856 permissum
1545 1771 1781 1835 censeri
1811 1769 1999 1833 debet.
2033 1769 2408 1834 Doctrinam
2441 1771 2826 1835 catholicam
2846 1769 3013 1835 bene
3032 1787 3193 1851 pro-

559 1875 775 1954 posuit
806 1881 871 1939 et
900 1875 1305 1940 confirmavit
1351 1896 1399 1940 s.
1433 1877 1950 1957 Augustinus
1982 1876 2064 1940 de
2095 1877 2269 1942 bono
2301 1878 2516 1941 viduit.
2551 1896 2601 1941 c.
2640 1883 2751 1947 12:
2822 1876 2952 1952 ,De
2984 1877 3196 1942 tertiis

562 1987 627 2046 et
658 1982 738 2047 de
771 1984 1014 2064 quartis
1046 1990 1110 2047 et
1142 1983 1223 2049 de
1254 1984 1424 2048 ultra
1454 1984 1743 2066 pluribus
1777 1985 2014 2067 nuptiis
2047 1983 2257 2048 solent
2287 1984 2581 2049 homines
2613 2003 2874 2049 movere
2899 1983 3195 2066 quaesti-

508 2106 771 2153 nonem.
805 2087 1004 2167 Unde,
1036 2097 1108 2153 ut
1137 2089 1418 2156 breviter
1445 2091 1896 2172 respondeam,
1930 2110 2051 2156 nec
2071 2091 2240 2154 ullas
2258 2092 2518 2173 nuptias
2538 2092 2746 2157 audeo
2768 2092 3118 2155 damnare.
3143 2140 3157 2152 .
3180 2143 3198 2157 .

563 2194 720 2275 Quis
753 2198 923 2261 enim
955 2218 1115 2277 sum,
1148 2199 1256 2281 qui
1287 2204 1507 2280 putem
1540 2198 1991 2294 definiendum²
2039 2199 2212 2281 quod
2245 2217 2365 2265 nec
2397 2199 2777 2281 Apostolum
2809 2198 2998 2263 video
3032 2197 3196 2263 defi-

565 2303 751 2367 nisse.
785 2302 892 2368 Ait
925 2306 1113 2381 enim,
1146 2305 1370 2370 mul-ier
1402 2305 1667 2390 alliqata
1699 2313 1809 2390 est,
1841 2307 2148 2391 quamdiu
2179 2308 2278 2368 vir
2308 2307 2443 2388 ejus
2473 2308 2656 2369 viva.-
2687 2324 2820 2369 non
2851 2305 3028 2381 dixit,
3058 2305 3197 2386 pri·

563 2428 706 2472 mus
739 2418 851 2474 aut
881 2412 1202 2477 secundus
1234 2419 1347 2477 aut
1377 2414 1605 2478 tertius
1639 2419 1753 2477 aut
1785 2419 2083 2494 quartus:
2117 2412 2231 2478 sed
2263 2414 2510 2495 mulier,
2543 2412 2761 2495 inquit,
2794 2412 3062 2495 alliyata
3083 2419 3197 2491 est,

563 2518 867 2599 quamdiu
898 2521 996 2580 vir
1027 2521 1162 2603 ejus
1206 2521 1395 2598 vivit;
1441 2521 1497 2582 si
1528 2526 1740 2583 autem
1772 2526 2056 2581 mortuus
2088 2516 2291 2599 fuerit
2322 2521 2421 2581 vir
2450 2521 2604 2603 ejus,
2637 2518 2904 2583 liberata
2936 2524 3047 2600 est,
3092 2519 3196 2581 cui

562 2623 691 2687 vult
742 2626 954 2708 nubat,
1006 2632 1250 2690 tantum
1301 2627 1370 2689 in
1415 2625 1710 2694 Domino,
1774 2624 2041 2691 Beatior
2090 2632 2296 2690 autem
2347 2628 2482 2700 erit,
2532 2627 2588 2689 si
2651 2626 2739 2690 sic
2771 2626 3194 2710 permanserit

565 2733 649 2819 (1.
684 2731 824 2796 Cor.
861 2739 918 2807 7,
952 2739 1037 2802 39
1072 2734 1167 2820 s.).
1231 2732 1397 2813 Quid
1437 2733 1588 2797 huic
1632 2733 2013 2808 sententiae,
2062 2738 2376 2815 quantum
2422 2734 2508 2796 ad
2552 2733 2722 2797 hanc
2769 2751 2907 2796 rem
2941 2733 3189 2804 attinet,

567 2839 714 2902 addi
744 2840 845 2906 vel
877 2840 1125 2905 detrahi
1157 2841 1361 2923 possit
1391 2841 1614 2922 ignoro
1650 2891 1662 2903 .
1700 2891 1711 2903 .
1748 2892 1759 2902 .
1796 2840 2203 2922 Quapropter
2233 2858 2355 2904 nec
2388 2846 2617 2904 contra
2646 2841 2975 2904 humanae
3010 2857 3195 2904 vere-

566 2946 839 3011 cundiae
872 2965 1132 3011 sensum
1166 2947 1375 3012 audeo
1408 2947 1639 3024 dicere,
1674 2955 1749 3012 ut
1781 2947 2036 3028 quoties
2068 2947 2358 3023 voluerit,
2389 2947 2540 3010 viris
2575 2947 2848 3010 mortuis
2878 2946 3087 3010 nubat
3106 2945 3199 3009 fe-

567 3053 757 3130 mina,
804 3072 925 3118 nec
972 3074 1051 3119 ex
1097 3072 1242 3118 meo
1291 3055 1486 3118 corde
1531 3060 1790 3135 praeter
1826 3052 2195 3136 Scripturae
2241 3074 2288 3117 s.
2324 3053 2773 3118 auctoritatem
2807 3051 3201 3134 quotaslibet

567 3161 823 3241 nuptias
857 3161 1066 3226 audeo
1100 3162 1587 3225 condemnare<

749 3283 893 3336 608.
924 3274 1252 3332 Fatendum
1291 3273 1535 3350 quidem
1567 3276 1677 3344 est,
1712 3275 1931 3349 patrea,
1966 3273 2316 3348 praesertim
2348 3290 2705 3350 graecos,
2753 3273 2908 3331 circa
2951 3270 3200 3347 nuptias

565 3363 810 3422 iteratas
843 3362 1097 3440 rigidius
1122 3363 1445 3439 Judicasse,
1499 3363 1660 3439 quod
1708 3363 2066 3437 plerumque
2100 3363 2342 3439 signum
2390 3362 2515 3421 sint
2558 3362 2743 3420 animi
2774 3361 2975 3419 minus
3007 3360 3199 3419 conti·

566 3452 798 3523 nentis;
846 3451 967 3510 imo
1013 3452 1079 3511 in
1126 3452 1368 3511 Oriente
1390 3453 1532 3526 jure
1572 3451 1957 3510 ecclesias
1977 3452 2137 3511 tico
2170 3451 2410 3511 videtur
2441 3451 2628 3510 fuisse
2658 3449 3008 3527 conjugium
3041 3450 3203 3507 ultra

570 3541 817 3601 tertium
847 3541 1210 3600 invalidum:
1258 3541 1510 3616 ideoque
1556 3540 1619 3598 in
1657 3540 1963 3645 ejusmodi
1982 3541 2363 3600 matrimonia
2394 3540 2632 3599 acribus
2664 3539 3036 3599 invehuntur
3069 3556 3200 3597 ver·

569 3630 680 3701 bis,
732 3630 1214 3706 reprehendendo
1246 3630 1450 3705 potius
1481 3629 1751 3687 animum
1797 3615 1974 3710 qli-am
2025 3649 2167 3690 rem.
2228 3630 2383 3688 Hinc
2432 3629 2762 3687 Michael
2810 3627 3201 3704 Palaeologus

568 3720 893 3794 imperator
924 3720 988 3777 in
1022 3720 1386 3794 professione
1418 3718 1556 3776 fidei
1589 3718 1690 3782 cit.
1722 3719 2041 3794 profitetur
2083 3720 2245 3778 inter
2292 3718 2438 3777 alia:
2489 3719 2615 3786 ,De
2646 3716 3030 3776 matrimonio
3062 3733 3200 3774 vero

570 3812 736 3867 tenet
767 3805 1050 3889 (Ecclesia
1081 3803 1367 3887 romana),
1402 3808 1563 3882 quod
1595 3826 1701 3865 nec
1731 3825 1893 3866 unus
1925 3808 2018 3866 vir
2047 3809 2251 3884 plures
2284 3825 2497 3866 uxores
2532 3807 2731 3876 simul,
2778 3824 2885 3864 nec
2915 3824 3037 3864 una
3069 3824 3200 3864 mu·

570 3898 681 3955 lier
729 3899 1104 3973 permittitur
1152 3897 1367 3955 habere
1406 3897 1607 3972 plures
1648 3897 1825 3954 viros
1893 3897 2103 3956 Soluto
2152 3916 2291 3956 vero
2343 3896 2613 3973 legitimo
2663 3895 3049 3954 matrimonio
3096 3912 3202 3968 per

571 3989 824 4045 mortem
855 3988 1176 4063 conjugum
1211 3984 1474 4054 alteriuS,
1525 3985 1811 4043 secundas
1846 3989 1908 4043 et
1940 3986 2150 4044 tertias
2184 3984 2396 4044 deinde
2430 3985 2671 4061 nuptias
2705 3983 3042 4044 successive
3073 3982 3201 4041 lici-

572 4080 663 4132 tas
697 4095 819 4134 esse
852 4076 1073 4146 dicit3‘
1122 4079 1184 4133 et
1229 4074 1630 4151 Eugenius
1662 4075 1761 4135 IV.
1810 4074 1871 4131 in
1917 4074 2154 4134 decreto
2186 4093 2293 4150 pro
2316 4074 2632 4149 jacobitis:
2687 4072 3021 4142 ,Quoniam
3054 4090 3201 4130 non-

572 4164 773 4223 nullos
805 4165 1098 4224 asseritur
1122 4165 1364 4239 quartas
1386 4162 1631 4237 nuptias
1651 4165 1958 4236 tamquam
1981 4164 2416 4222 comdemnatas
2435 4182 2732 4240 respuere,
2766 4181 2840 4221 ne
2873 4165 3199 4238 peccatum,

573 4253 679 4311 ubi
710 4272 831 4312 non
863 4257 969 4323 est,
1003 4271 1132 4312 esse
1165 4255 1432 4328 putetur,
1468 4269 1604 4309 cum
1636 4251 1974 4322 secundum,
1997 4253 2373 4328 Apostolum,
2407 4256 2642 4311 mortuo
2673 4251 2818 4320 vir0,
2873 4250 3093 4308 mulier
3126 4250 3203 4307 sit

573 4341 648 4400 ab
681 4345 810 4417 eJus
844 4344 974 4420 lege
1008 4342 1205 4400 soluta
1236 4345 1298 4399 et
1328 4340 1594 4399 nubendi
1628 4341 1724 4399 cui
1757 4341 1895 4399 vult
1924 4341 1990 4399 in
2019 4341 2271 4401 Domino
2304 4342 2517 4399 habeat
2548 4341 2911 4410 facultatem,
2960 4357 3073 4397 nec
3120 4338 3205 4396 di-

576 4431 860 4509 stinguat,
894 4435 1129 4491 mortuo
1161 4431 1352 4506 primo
1383 4431 1478 4489 vel
1511 4430 1768 4489 secundo
1802 4430 1898 4488 vel
1929 4431 2139 4489 tertio:
2190 4432 2574 4500 declaramuS,
2617 4447 2739 4489 non
2770 4429 2968 4488 solum
2997 4445 3203 4486 secun·

576 4519 700 4593 das,
734 4521 836 4579 sed
868 4522 1074 4579 tertias
1107 4524 1169 4579 et
1201 4522 1443 4595 quartas
1476 4522 1656 4595 atque
1687 4519 2024 4590 ulteriores,
2073 4519 2122 4578 si
2151 4519 2397 4596 aliquod
2430 4519 2782 4577 canonicum
2812 4517 3203 4593 impedimen-

576 4612 709 4667 tum
756 4629 877 4669 non
926 4611 1137 4680 obstat,
1200 4609 1361 4668 licite
1412 4609 1679 4667 contrahi
1729 4626 1916 4683 posse.
1981 4609 2516 4668 Commendatiores
2566 4610 2766 4666 tamen
2815 4605 3092 4675 dicimus,
3156 4603 3203 4663 si

576 4699 831 4758 ulterius
878 4719 911 4756 a
956 4700 1230 4775 conjugio
1277 4698 1645 4756 abstinentes
1692 4698 1754 4757 in
1805 4698 2082 4756 castitate
2116 4698 2613 4774 permanserint.‘
2678 4696 2758 4758 Cf.
2805 4694 3204 4754 Renaudot

580 4787 924 4864 Perpetuite
956 4788 995 4849 l.
1034 4799 1066 4849 6
1103 4806 1147 4845 c.
1186 4797 1240 4849 5.
