3538 5364
559 312 691 377 636
816 303 908 357 Tr.
938 302 1002 355 X.
1031 302 1100 355 de
1128 301 1245 355 Deo
1272 303 1747 357 consummatore.
1775 300 1876 354 Th.
1907 299 2242 355 CCLXXIV.
2270 301 2339 355 de
2367 301 2607 355 visionis
2631 301 2925 356 beatificae

559 503 755 567 quam
788 501 867 548 ea
898 484 998 561 sit,
1030 500 1199 565 quae
1230 482 1290 547 ei
1313 483 1452 564 jam
1482 482 1862 548 naturaliter
1892 489 1991 547 est
2030 481 2266 560 debita,
2286 499 2435 546 cum
2453 482 2555 547 vel
2569 500 2754 562 reges
2773 484 3011 548 terreni
3031 482 3187 549 sub-

559 591 727 655 ditos
779 606 978 672 supra
1026 606 1212 653 suam
1261 588 1696 653 conditionem
1747 588 1999 671 possint
2048 590 2338 654 evehere.
2402 586 2492 652 Cf.
2525 586 2839 654 Scheeb
2858 609 2954 655 en
2985 592 3021 675 §
3060 595 3188 658 164

559 717 619 761 n.
657 702 803 767 711.
866 695 1135 760 Accedit

643 904 649 911 ρ
737 823 802 890 6.
835 821 1071 902 dogma
1119 821 1199 885 de
1231 821 1618 886 necessitate
1649 821 1898 902 gratiae
1944 820 2028 885 ad
2073 839 2272 903 opera
2316 822 2418 887 vel
2451 821 2710 886 minima
2758 821 3017 898 salutis3
3062 822 3189 886 hoc

559 929 734 994 enim
765 928 1084 1010 supponit,
1134 928 1412 992 salutem
1462 946 1605 993 esse
1655 946 1853 1010 supra
1897 934 2170 992 naturae
2211 928 2398 1022 vires,
2460 928 2625 1019 Ergo
2660 947 2701 991 a
2731 928 2981 993 fortiori
3024 929 3186 993 visio

558 1030 876 1113 beatifica,
909 1054 1077 1118 quae
1108 1035 1250 1098 finis
1282 1041 1381 1100 est
1401 1034 1702 1116 operibus
1722 1034 2115 1100 salutaribus
2135 1036 2651 1118 consequenduS,
2671 1054 2916 1100 corona
2937 1042 3002 1100 et
3020 1054 3187 1119 apex

560 1141 851 1207 omnium
882 1130 1253 1223 gratiarum,
1288 1142 1558 1207 excedet
1589 1160 1816 1206 omnes
1851 1142 2025 1206 vires
2056 1161 2442 1225 omnemque
2478 1142 2866 1224 exigentiam
2897 1150 3187 1209 naturae.

558 1248 722 1313 Hinc
752 1248 990 1313 Paulus
1022 1249 1205 1313 Rom.
1240 1255 1299 1325 6,
1333 1253 1450 1318 23:
1486 1250 1716 1313 Gratia
1747 1248 1873 1312 Dei
1903 1251 2034 1314 vita
2065 1256 2340 1318 aeterna.

743 1375 808 1441 7.
843 1372 1031 1437 Fides
1062 1381 1407 1455 praeterea
1436 1392 1515 1449 ex
1538 1392 1739 1438 sensu
1758 1374 1958 1439 totius
1979 1374 2375 1456 antiquitatis
2391 1374 2529 1456 jam
2550 1381 2649 1439 est
2665 1375 3188 1456 supernaturalis,

562 1481 727 1546 adeo
761 1487 831 1545 ut
880 1480 982 1546 vel
1028 1482 1113 1566 ad
1158 1482 1296 1563 ejus
1341 1480 1591 1546 initium
1637 1480 2009 1563 requiratur
2052 1481 2392 1546 illustratio
2440 1480 2737 1547 coelestis
2769 1481 2856 1568 (n.
2890 1485 2976 1550 32
3008 1483 3118 1568 s.):
3150 1500 3192 1547 a

561 1587 811 1652 fortiori
842 1588 1350 1669 supernaturalis
1382 1588 1502 1653 erit
1532 1588 1691 1652 visio
1724 1587 1840 1654 Dei
1873 1589 2182 1667 intuitiva,
2230 1589 2412 1671 cujus
2459 1588 2617 1653 fides
2664 1594 2763 1653 est
2811 1587 3193 1659 tenuissima

562 1701 817 1778 tantum
849 1712 1102 1760 aurora.
1135 1694 1362 1759 Merito
1395 1694 1585 1776 igitur
1616 1695 1965 1760 damnatae
1997 1695 2175 1762 fuere
2206 1696 2256 1759 B
2272 1714 2313 1760 a
2321 1695 2388 1777 ji
2420 1713 2601 1778 prop.
2622 1701 2694 1769 32.
2732 1695 2845 1769 »Et
2864 1694 3053 1759 bonis
3071 1711 3191 1759 an-

560 1802 719 1883 gelis
752 1808 817 1867 et
846 1803 1053 1884 primo
1086 1801 1349 1879 homini,
1370 1802 1510 1865 siin
1530 1807 1705 1866 statu
1724 1800 1833 1866 illo
1858 1808 2340 1884 perseverasset
2359 1820 2562 1884 usque
2583 1803 2668 1875 ad
2685 1802 2982 1866 ultimum
3000 1801 3192 1880 vitae,

562 1907 834 1974 felicitas
867 1914 1040 1989 esset
1069 1926 1319 1973 merces
1352 1913 1417 1974 et
1447 1926 1580 1972 non
1611 1908 1888 1988 gratia3⁴¹
1928 1913 1988 1977 4.
2022 1912 2303 1979 5.6.11:
2348 1907 2573 1990 ,Quod
2590 1909 2695 1991 pie
2715 1915 2779 1975 et
2789 1910 2963 1991 juste
2982 1910 3195 1974 inhac

562 2018 701 2082 vita
729 2017 989 2082 mortali
1021 2032 1225 2099 usque
1257 2016 1323 2079 in
1346 2015 1541 2080 finem
1560 2016 1732 2081 vitae
1750 2017 2115 2082 conversati
2132 2016 2333 2081 vitam
2361 2016 2817 2098 consequimur
2836 2022 3195 2094 aeternam,

558 2124 627 2188 id
659 2143 790 2189 non
824 2126 1081 2207 proprie
1112 2126 1357 2206 gratiae
1389 2124 1522 2201 Dei,
1555 2125 1671 2190 sed
1703 2123 2094 2189 ordinationi
2112 2123 2391 2199 naturali
2409 2124 2628 2188 statim
2647 2123 2825 2187 initio
2847 2124 3198 2188 creationis

558 2232 952 2297 constitutae
977 2231 1154 2312 justo
1188 2232 1304 2297 Dei
1327 2231 1568 2314 judicio
1617 2231 2055 2312 deputandum
2107 2237 2230 2296 est:
2279 2248 2489 2313 neque
2521 2230 2588 2294 in
2618 2231 2742 2294 hac
2772 2230 3197 2296 retributione

565 2337 888 2402 bonorum
904 2339 989 2402 ad
1004 2336 1240 2403 Christi
1253 2338 1555 2403 meritum
1569 2338 1923 2420 respicitur,
1940 2337 2057 2402 sed
2072 2344 2324 2402 tantum
2339 2337 2421 2400 ad
2436 2338 2714 2420 primam
2724 2337 3198 2404 institutionem

560 2445 819 2525 generis
851 2445 1134 2522 humani,
1166 2447 1230 2509 in
1264 2463 1393 2527 qua
1422 2446 1561 2525 lege
1592 2444 1872 2508 naturali
1907 2444 2325 2509 constitutum
2358 2450 2472 2520 est,
2504 2453 2578 2509 ut
2600 2445 2776 2526 justo
2809 2443 2924 2510 Dei
2948 2444 3196 2526 judicio

562 2551 980 2617 obedientiae
1011 2552 1471 2617 mandatorum
1504 2552 1637 2616 vita
1669 2557 1936 2618 aeterna
1967 2550 2327 2616 reddatur.‘

746 2700 893 2764 679.
926 2699 993 2765 8.
1028 2695 1291 2761 Difficile
1336 2688 1596 2778 quidem
1640 2702 1740 2760 est
1795 2695 2037 2762 fatente
2082 2694 2388 2762 Suarez
2432 2695 2515 2761 de
2546 2695 2680 2761 Deo
2711 2695 2780 2774 II,
2815 2701 2872 2772 8,
2917 2696 3194 2761 reddere

561 2803 905 2880 rationem,
937 2802 1022 2867 ob
1055 2822 1251 2886 quam
1283 2802 1584 2867 intuitiva
1602 2802 1718 2869 Dei
1748 2804 1910 2869 visio
1944 2804 2113 2869 vires
2146 2803 2415 2868 excedat
2445 2810 2718 2869 naturae
2750 2809 3030 2878 creatae,
3061 2804 3195 2867 imo

558 2910 777 2973 omnis
807 2916 1080 2975 naturae
1112 2910 1422 2987 creabiliS,
1454 2918 1526 2975 ut
1553 2911 1691 2992 ipse
1720 2929 1869 2975 cum
1901 2910 2189 2993 plurimis
2220 2916 2439 2974 tuetur
2468 2910 2800 2991 theologis.
2845 2909 2940 2973 Ea
2970 2916 3195 2976 autem

564 3015 820 3081 videtur
848 3017 1293 3099 praeferenda,
1324 3035 1520 3099 quam
1551 3018 1644 3081 ita
1673 3017 1976 3100 proponit
2007 3036 2055 3081 s.
2089 3017 2438 3081 Thomas
2475 3022 2529 3085 1.
2561 3036 2620 3099 p.
2643 3036 2699 3099 q.
2723 3021 2809 3085 12
2830 3034 2887 3080 a.
2907 3021 2982 3083 4:
3023 3015 3190 3091 ,Co-

561 3122 766 3203 gnitio
800 3123 1128 3204 contingit,
1160 3125 1515 3189 secundum
1546 3115 1719 3206 quod
1751 3123 2080 3216 cognitum
2125 3131 2225 3188 est
2267 3124 2336 3187 in
2366 3130 2815 3204 cognoscente.
2851 3111 3197 3204 Cognitum

566 3235 790 3294 autem
838 3236 936 3294 est
979 3230 1044 3294 in
1076 3240 1507 3313 cognoscente
1539 3221 1894 3297 secundum
1925 3230 2188 3295 modum
2221 3229 2685 3312 cognoscentis.
2741 3225 2930 3294 Unde
2978 3230 3196 3312 cujus·

562 3334 725 3399 libet
755 3338 1201 3416 cognoscentis
1247 3337 1527 3419 cognitio
1575 3344 1675 3404 est
1717 3329 2075 3402 secundum
2120 3336 2386 3400 modum
2416 3353 2574 3401 suae
2604 3341 2878 3401 naturae
2911 3337 3198 3423 (operari

569 3442 741 3507 enim
774 3442 1065 3525 sequitur
1096 3445 1281 3531 esse).
1345 3443 1413 3509 Si
1463 3444 1657 3526 igitur
1706 3443 1938 3508 modus
1990 3443 2245 3509 essendi
2293 3442 2562 3523 alicujus
2609 3442 2703 3507 rei
2752 3443 3051 3522 cognitae
3082 3462 3197 3509 ex-

561 3548 760 3613 cedat
789 3548 1053 3613 modum
1083 3556 1355 3616 naturae
1403 3551 1873 3632 cognoscentiS,
1921 3556 2192 3632 oportet,
2239 3549 2413 3632 quod
2459 3549 2738 3630 cognitio
2789 3547 2956 3613 illius
2987 3550 3083 3615 rei
3114 3551 3198 3615 sit

567 3669 764 3736 supra
795 3662 1096 3721 naturam
1130 3657 1293 3721 illius
1325 3657 1775 3738 cognoscentis
1809 3707 1822 3721 .
1858 3707 1870 3720 .
1905 3707 1917 3719 .
1958 3656 2361 3738 Relinquitur
2392 3673 2563 3736 erg0,
2595 3654 2769 3737 quod
2802 3673 3198 3736 cognoscere

564 3761 779 3844 ipsum
812 3782 954 3828 esse
986 3764 1342 3829 subsistens
1387 3764 1497 3840 sitv
1519 3764 1940 3828 connaturale
1989 3764 2110 3828 soli
2155 3761 2504 3836 intellectui
2533 3761 2770 3846 divino,
2816 3768 2879 3826 et
2909 3763 3084 3844 quod
3115 3764 3199 3828 sit

568 3887 767 3950 supra
799 3868 1170 3958 facultatem
1189 3859 1570 3946 ,naturalem
1601 3870 1944 3953 cujuslibet
1972 3856 2332 3936 intellectus
2365 3869 2583 3947 creati,
2615 3869 2769 3951 quia
2801 3867 2979 3933 nulla
3010 3887 3199 3942 crea-

564 3983 718 4041 tura
750 3983 849 4041 est
879 3996 1068 4042 suum
1099 3997 1263 4055 esse,
1308 3977 1423 4043 sed
1467 3977 1665 4042 habet
1711 3995 1855 4043 esse
1901 3978 2355 4060 participatum
2369 3978 2472 4064 ¹).‘
2550 3975 2751 4051 ,Cum
2796 3976 3004 4062 igitur,
3037 3997 3198 4043 con-

571 4082 886 4148 cludimus
918 4102 1065 4148 cum
1098 4105 1146 4149 s.
1180 4085 1446 4150 doctore
1478 4103 1535 4149 a.
1569 4090 1632 4162 5,
1663 4085 1864 4149 virtus
1910 4086 2221 4151 naturalis
2269 4086 2630 4150 intellectus
2662 4084 2866 4149 creati
2895 4103 3030 4149 non
3061 4085 3198 4150 suf·

566 4188 745 4254 ficiat
774 4190 858 4254 ad
891 4192 1241 4257 essentiam
1270 4192 1386 4257 Dei
1430 4191 1793 4271 videndam,
1843 4201 1914 4259 ut
1959 4199 2290 4259 ostensum
2337 4199 2435 4259 est
2467 4192 2551 4279 (a.
2583 4193 2673 4280 4),
2728 4197 2985 4274 oportet
3015 4200 3089 4256 ut
3119 4211 3201 4272 ex

565 4282 789 4360 divina
819 4298 1026 4379 gratia
1056 4281 1583 4381 superaccrescat
1613 4299 1673 4365 ei
1703 4299 1907 4365 virtus
1939 4299 2344 4381 intelligendi.
2375 4300 2453 4364 Et
2486 4300 2613 4363 hoc
2632 4304 3049 4378 augmentum
3068 4299 3200 4362 vir-

570 4403 730 4466 tutis
750 4403 1180 4498 intellectivae
1198 4406 1733 4472 illuminationem
1752 4406 2113 4472 intellectus
2146 4424 2459 4471 vocamus
2482 4456 2495 4469 .
2518 4456 2566 4469 ..
2601 4412 2666 4470 et
2694 4404 3047 4469 secundum
3072 4405 3202 4470 hoc

573 4507 790 4574 lumen
823 4509 1183 4577 efficiuntur
1214 4513 1441 4601 (beati)
1475 4512 1819 4578 deiformes
1851 4514 1886 4576 i.
1922 4531 1975 4577 e.
2008 4513 2142 4580 Deo
2174 4511 2413 4579 similes
2443 4512 2795 4578 secundum
2826 4511 2980 4576 illud
3013 4517 3071 4581 1.
3102 4512 3199 4578 J0.

795 4706 833 4775 ¹)
859 4702 941 4758 De
966 4702 1293 4775 principiis,
1332 4705 1544 4774 quibus
1585 4704 1863 4761 innititur
1888 4706 2316 4770 demonstratiO,
2367 4708 2440 4761 cf.
2468 4705 2558 4761 Su
2575 4721 2740 4760 arez
2767 4704 3020 4777 Metaph.
3047 4705 3103 4762 d.
3129 4709 3201 4762 30

569 4801 617 4837 ε.
647 4788 710 4841 11
741 4786 799 4838 et.
824 4783 887 4839 in
916 4783 1118 4855 primis
1142 4785 1547 4857 Kleutgen,
1573 4785 1948 4857 Philosophie
1975 4787 2077 4841 der
2104 4786 2263 4843 Vorz.
2291 4789 2334 4841 t.
2361 4787 2402 4843 Ι.
2431 4786 2487 4844 (1.
2515 4793 2538 4840 1
2571 4803 2619 4840 c.
2649 4793 2670 4841 1
2702 4795 2729 4852 5
2760 4792 2805 4840 l.
