3538 5364
539 321 678 390 602
977 317 1161 373 Tract.
1188 316 1254 372 X.
1283 316 1352 371 de
1379 315 1496 371 Deo
1523 318 1995 372 consummatore.
2023 314 2470 387 Exceptionibus
2495 315 2717 373 satisfit.

732 499 792 565 l.
826 502 966 561 inde
998 502 1246 578 petitur,
1280 501 1439 577 quod
1470 502 1535 560 in
1567 500 1785 560 divinis
1805 502 1994 560 literis
2014 501 2266 578 praemii
2297 504 2359 560 et
2387 519 2611 578 poenae
2642 502 2987 562 distributio
3016 521 3164 562 sem-

538 610 652 667 per
682 590 754 650 ad
787 590 1074 650 ultimum
1107 593 1168 651 et
1197 591 1535 650 universale
1564 590 1775 649 referri
1804 590 2046 651 videtur
2067 590 2386 667 Judicium.
2451 591 2671 650 Verum
2702 605 2769 655 a.
2804 590 3017 651 idcirco
3045 590 3164 651 fere

538 699 780 757 semper
807 679 1018 756 judicii
1049 680 1407 740 universalis
1440 680 1508 738 fit
1537 680 1783 751 menti0,
1822 680 1982 755 quod
2016 680 2078 738 in
2108 680 2214 739 illo
2236 679 2539 756 judicium
2569 680 2929 757 particulare
2958 680 3164 740 confir-

540 772 764 841 matur,
795 769 1214 848 promulgatur
1245 771 1427 845 atque
1458 772 1926 840 consummatur,
1974 769 2188 828 collato
2218 769 2298 827 in
2311 771 2339 827 t
2353 788 2386 829 e
2400 788 2441 845 g
2455 788 2486 827 r
2500 786 2534 827 o
2567 769 2827 846 praemio
2858 770 2954 830 vel
2982 788 3168 846 poena

534 858 727 919 etiam
759 857 1088 918 secundum
1119 877 1349 935 eorpus.
1400 857 1593 928 Quare
1625 855 1695 923 b.
1720 858 2016 934 judicium
2046 858 2406 935 particulare
2437 876 2557 918 non
2588 858 2938 931 excluditur,
2971 857 3075 918 sed
3103 859 3167 918 in

541 947 653 1007 illo
684 947 1040 1008 continetur.
1105 948 1346 1006 Falsum
1376 952 1577 1007 tamen
1609 962 1672 1013 c.
1703 950 1811 1017 est,
1857 948 2086 1006 nullam
2117 946 2247 1006 fieri
2277 947 2641 1006 mentionem
2662 947 2878 1024 judicii
2905 947 3168 1024 particu-

541 1036 689 1095 laris
720 1038 782 1097 et
818 1036 1214 1096 exsecutionis
1246 1037 1577 1096 sententiae
1608 1037 1674 1095 in
1705 1036 1811 1095 illo
1842 1037 2018 1106 latae,
2067 1038 2139 1094 ut
2168 1038 2334 1114 patet
2364 1055 2435 1095 ex
2466 1036 2646 1096 dictis
2678 1056 2737 1101 n.
2772 1046 2918 1100 640.
2979 1035 3170 1106 Quare

536 1122 614 1191 d.
663 1125 980 1185 dicendum
1030 1128 1141 1197 est,
1193 1126 1279 1183 ita
1327 1126 1682 1202 plerumque
1731 1126 1901 1202 loqui
1953 1124 2258 1200 Scipturas
2310 1124 2382 1184 de
2423 1126 2673 1201 judicio,
2722 1128 2795 1185 ut
2843 1129 3170 1200 utrumque

546 1214 934 1292 significetur.

723 1318 789 1387 2.
821 1320 1071 1380 Gravior
1101 1323 1195 1380 est
1225 1319 1564 1392 difficultas,
1611 1340 1762 1398 quae
1795 1339 1863 1379 ex
1896 1321 2167 1398 patribus
2199 1320 2448 1398 petitur.
2509 1321 2840 1380 Fatendum
2870 1320 3031 1380 enim
3060 1324 3169 1391 est,

540 1410 835 1486 quosdam
879 1410 988 1469 hac
1032 1410 1095 1468 in
1139 1428 1204 1468 re
1250 1428 1490 1482 errasse,
1537 1410 1682 1469 alias
1713 1410 1800 1469 ita
1830 1410 2015 1485 loqui,
2067 1412 2140 1469 ut
2184 1410 2372 1469 errori
2401 1411 2623 1486 rejecto
2652 1410 2866 1480 favere,
2918 1427 3026 1469 nec
3056 1409 3172 1469 sibi

548 1499 694 1558 satis
726 1501 996 1558 constare
1028 1498 1364 1561 videantur.
1412 1499 1800 1577 Singulorum
1829 1498 2180 1558 testimonia
2210 1498 2529 1578 diligenter
2559 1499 2842 1576 expendit
2870 1499 2935 1557 in
2965 1499 3173 1575 primis

482 1594 497 1611 “
546 1588 933 1647 Muratori
966 1587 1031 1646 in
1063 1606 1154 1664 op.
1186 1587 1284 1647 cit.
1316 1586 1389 1648 de
1419 1587 1707 1663 paradiso.
1739 1588 2041 1665 Principia
2060 1590 2299 1647 tantum
2329 1588 2621 1665 quaedam
2650 1590 3003 1660 statuemus,
3036 1587 3173 1664 qui-

545 1676 661 1736 bus
693 1677 893 1753 plures
927 1678 1247 1736 solvuntur
1266 1675 1666 1736 difficultates.
1714 1692 1777 1742 a.
1811 1678 2042 1754 Duplex
2061 1677 2358 1755 distingui
2378 1676 2555 1738 debet
2574 1678 2863 1754 quaesti0,
2895 1678 3086 1737 altera
3102 1677 3174 1736 de

540 1765 679 1842 ipsa
707 1765 1217 1825 beatitudine
1235 1809 1248 1836 ,
1283 1766 1469 1826 altera
1501 1765 1574 1825 de
1604 1765 1999 1825 beatitudinis
2031 1767 2217 1827 loco.
2249 1766 2536 1837 Quocirca
2565 1784 2700 1826 cum
2725 1768 2924 1843 patres
2944 1765 3172 1838 dicunt,

542 1855 780 1914 animas
810 1854 1057 1914 nonnisi
1078 1857 1213 1931 post
1231 1855 1730 1914 resurrectionem
1749 1874 2061 1931 corporum
2082 1856 2330 1927 coelum,
2364 1855 2705 1932 paradisum
2726 1855 2980 1932 ingredi,
3012 1873 3176 1915 nune

541 1944 836 2004 reservari
868 1944 934 2002 in
967 1944 1105 2003 sinu
1135 1941 1487 2024 Abrahae1),
1533 1944 1597 2002 in
1642 1944 2003 2021 quibusdam
2037 1962 2167 2004 esse
2197 1944 2617 2021 receptaculis:
2664 1943 2737 2003 de
2780 1943 3176 2004 beatitudinis

542 2032 744 2092 finalis
775 2032 941 2092 loco
970 2037 1228 2109 possunt
1258 2033 1539 2110 intelligi,
1581 2051 1778 2109 neque
1810 2034 1949 2093 inde
1981 2034 2314 2094 necessario
2346 2035 2635 2111 sequitur,
2683 2051 2783 2093 eos
2813 2034 3004 2110 ipsam
3034 2032 3174 2093 bea-

540 2121 870 2181 titudinem
888 2125 1028 2181 ante
1046 2122 1537 2182 resurrectionem
1556 2140 1823 2200 negasse.
1856 2155 1942 2167 —
1974 2120 2045 2187 b.
2064 2123 2299 2199 Duplex
2317 2122 2616 2201 distingui
2635 2123 2813 2183 debet
2831 2122 3172 2182 beatitudo:

537 2213 1103 2286 consummata,
1149 2211 1478 2287 adaequata
1521 2211 1722 2283 altera,
1769 2212 1955 2271 altera
1983 2212 2392 2289 inadaequata,
2438 2212 2951 2288 incompleta;
3000 2229 3175 2288 saepe

549 2302 750 2376 patres
793 2300 867 2359 de
910 2300 1018 2358 illa
1060 2300 1383 2372 disserunt,
1430 2318 1581 2377 quae
1626 2319 1833 2360 revera
1855 2301 2043 2377 justis
2074 2303 2213 2377 post
2241 2304 2734 2362 resurrectionem
2763 2304 3002 2360 tantum
3033 2318 3173 2360 con·

546 2381 790 2459 feretur,
836 2389 1109 2464 quamvis
1135 2390 1256 2465 jam
1290 2392 1465 2448 antea
1493 2389 1866 2450 beatitudine
1897 2390 2203 2450 essentiali
2234 2391 2559 2450 secundum
2589 2390 2845 2449 animam
2875 2389 3174 2461 fruantur,

551 2477 656 2538 sed
685 2479 953 2538 nondum
985 2478 1158 2537 totali
1190 2478 1316 2538 scil.
1348 2479 1543 2557 quoad
1574 2497 1808 2555 corpus.
1840 2512 1926 2523 —
1959 2494 2020 2544 c.
2050 2479 2346 2539 Incolumi
2366 2478 2644 2556 dogmate
2673 2478 2957 2538 catholico
2990 2496 3175 2554 quae·-

549 2586 680 2628 rere
724 2568 882 2638 licet,
933 2586 1079 2626 num
1130 2570 1269 2644 post
1313 2568 1809 2627 resurrectionem
1841 2568 2150 2628 beatitudo
2195 2568 2278 2627 sit
2322 2570 2513 2645 major
2555 2587 2675 2627 non
2719 2567 2912 2626 solum
2943 2567 3176 2627 ratione

548 2656 832 2734 corporis,
866 2655 968 2717 sed
999 2656 1177 2716 etiam
1209 2656 1536 2717 secundum
1557 2657 1833 2717 animam.
1881 2657 2190 2718 Rationem
2219 2657 2283 2717 id
2313 2656 2648 2718 affirmandi
2680 2655 2946 2734 aliquam
2975 2655 3178 2716 reddit

551 2747 1054 2825 Augustinus
1105 2747 1177 2805 de
1223 2747 1367 2810 Gen.
1410 2747 1482 2805 ad
1530 2746 1619 2810 lit.
1665 2746 1793 2817 XII,
1831 2756 1944 2811 35:
1997 2747 2183 2818 ,Post
2230 2751 2483 2808 mortem
2526 2749 2658 2824 ipsa
2701 2765 2874 2806 carne
2904 2745 3178 2823 deposita

542 2829 860 2917 (animam)
893 2854 1015 2894 non
1047 2836 1132 2894 sic
1170 2834 1373 2894 videre
1402 2854 1574 2912 posse
1604 2836 2155 2896 incommutabilem
2189 2836 2607 2910 substantiam,
2656 2835 2813 2896 sicut
2856 2854 2932 2895 ss.
2976 2834 3176 2912 angeli

550 2922 776 2996 vident,
823 2925 948 2985 sive
994 2924 1112 2982 alia
1147 2924 1464 2984 latentiore
1496 2944 1689 2996 causa,
1740 2925 1868 2985 sive
1917 2924 2066 2998 ideo,
2116 2925 2259 3001 quia
2302 2926 2460 2985 inest
2503 2926 2560 2984 ei
2603 2924 2898 2984 naturalis
2930 2923 3175 3000 quidam

547 3012 855 3088 appetitus
889 3031 1105 3089 corpus
1137 3011 1610 3084 administrandi,
1645 3033 1765 3091 quo
1798 3014 2073 3090 appetitu
2101 3014 2441 3075 retardatur
2458 3013 2909 3090 quodammodo,
2941 3032 3017 3072 ne
3046 3014 3178 3072 tota

552 3101 882 3161 intentione
912 3105 1124 3178 pergat
1153 3102 1219 3159 in
1250 3102 1404 3161 illud
1425 3121 1726 3162 summum
1745 3105 1995 3174 coelum,
2029 3103 2316 3178 quamdiu
2345 3121 2468 3163 non
2497 3104 2706 3165 subest
2734 3120 2967 3179 corpus,
2998 3102 3176 3178 cujus

550 3190 1074 3250 administratione
1118 3190 1425 3266 appetitus
1469 3192 1573 3250 ille
1618 3192 2058 3268 conquiescat.‘
2127 3191 2288 3262 Quae
2320 3193 2541 3269 repetit
2569 3192 2752 3253 etiam
2783 3192 3178 3251 Honorius

548 3279 870 3355 augustod.
902 3278 968 3336 in
1001 3280 1160 3338 scala
1190 3280 1338 3339 coeli
1370 3281 1506 3356 maj.
1536 3299 1583 3339 c.
1621 3289 1720 3343 22.
1769 3281 1851 3341 Cf.
1886 3281 2447 3342 Thomassinus
2480 3282 2551 3341 de
2583 3282 2705 3340 Deo
2736 3280 2835 3353 VI,
2876 3290 2973 3344 17.
3020 3279 3179 3340 Huic

774 3506 810 3574 ¹)
839 3501 1104 3568 Quaeras,
1144 3519 1322 3573 quare
1354 3503 1559 3570 harum
1592 3503 1918 3559 animarum
1950 3508 2276 3559 sanctarum
2307 3506 2490 3560 status
2517 3504 2714 3559 sinus
2738 3505 3004 3559 Abrahae
3029 3503 3181 3576 dica·

549 3585 665 3638 tur.
720 3582 1088 3654 „Respondeo
1116 3583 1440 3649 dicendum,
1466 3583 1662 3653 inquit
1686 3602 1728 3639 s.
1757 3584 1803 3639 T
1819 3585 1857 3637 h
1877 3601 1909 3639 o
1927 3604 1982 3640 m
1999 3602 2033 3639 a
2049 3604 2075 3639 s
2100 3584 2163 3639 in
2187 3595 2236 3644 4.
2264 3584 2395 3639 dist.
2423 3593 2492 3642 45
2519 3602 2574 3654 q.
2594 3593 2620 3641 l
2645 3601 2697 3638 a.
2719 3589 2752 3638 2
2773 3585 2920 3653 qcla.
2948 3594 2994 3648 1,
3021 3583 3180 3653 quod

551 3666 779 3720 animae
805 3663 1107 3720 hominum
1133 3666 1264 3736 post
1290 3666 1527 3720 mortem
1550 3663 1623 3719 ad
1650 3664 1902 3734 quietem
1926 3665 2224 3736 pervenire
2257 3681 2373 3719 non
2392 3668 2637 3736 possunt
2653 3663 2769 3719 nisi
2787 3663 2994 3718 merito
3013 3661 3149 3718 fidei
3165 3683 3182 3718 ι

552 3745 698 3814 quia
722 3748 1045 3800 accedentem
1072 3748 1145 3801 ad
1168 3748 1346 3800 Deum
1371 3755 1571 3815 oportet
1595 3749 1807 3800 eredere
1834 3746 2004 3800 Hebr.
2036 3754 2118 3810 11,
2147 3752 2196 3802 6.
2223 3744 2479 3799 Primum
2506 3747 2699 3800 autem
2718 3743 3047 3814 exemplum
3066 3758 3181 3800 ore·

547 3824 729 3879 dendi
753 3823 1087 3880 hominibus
1122 3825 1186 3879 in
1212 3825 1504 3880 Abraham
1543 3824 1732 3891 datur,
1775 3824 1880 3894 qui
1905 3825 2128 3896 primus
2154 3842 2211 3879 se
2236 3840 2272 3878 a
2304 3827 2470 3880 coetu
2498 3824 2823 3881 infidelium
2855 3822 3184 3896 segregavit

551 3905 613 3957 et
630 3903 876 3975 speciale
903 3903 1135 3975 signum
1160 3903 1294 3959 fidei
1319 3904 1572 3976 accepit:
1611 3907 1671 3959 et
1693 3904 1825 3959 ideo
1850 3904 2078 3974 requies
2102 3904 2223 3969 illa,
2250 3920 2397 3973 quae
2423 3903 2757 3959 bominibus
2780 3906 2916 3973 post
2939 3905 3181 3958 mortem

548 3983 742 4048 datur,
767 3982 928 4037 sinus
953 3983 1217 4038 Abrahae
1243 3982 1458 4038 dicitur
1486 4027 1497 4039 .
1528 4024 1540 4037 .
1567 4025 1583 4043 .
1631 3983 1740 4040 Sed
1781 3984 2006 4040 animae
2047 3987 2371 4040 sanctorum
2411 3988 2545 4055 post
2585 3986 2826 4039 mortem
2865 3999 2984 4037 non
3022 3982 3183 4037 omni

552 4065 804 4135 tempore
830 4064 1073 4117 eandem
1098 4062 1349 4132 quietem
1376 4063 1740 4120 habuerunt:
1786 4064 1926 4134 quia
1952 4068 2085 4135 post
2109 4063 2320 4118 Christi
2362 4063 2678 4119 adventum
2704 4064 2925 4118 habent
2947 4061 3180 4134 plenam

552 4142 805 4211 quietem
832 4141 1032 4197 divina
1058 4142 1280 4198 visione
1307 4142 1696 4213 perfruentes;
1733 4145 1830 4198 sed
1872 4146 2007 4198 ante
2034 4143 2247 4199 Christi
2270 4144 2584 4199 adventum
2630 4143 2921 4198 habebant
2945 4138 3181 4211 quidem

553 4222 807 4291 quietem
834 4238 935 4294 per
961 4222 1387 4278 immunitatem
1413 4238 1650 4294 poenae,
1677 4223 1776 4278 sed
1801 4241 1917 4279 non
1944 4224 2238 4279 habebant
2273 4223 2528 4293 quietem
2554 4222 2826 4278 desiderii
2863 4239 2967 4294 per
2990 4237 3182 4278 com

551 4301 838 4359 cutionem
866 4302 1013 4359 finis.
1042 4302 1116 4357 Et
1140 4302 1268 4357 ideo
1296 4304 1480 4357 status
1507 4307 1836 4360 sanctorum
1874 4306 2010 4358 ante
2037 4300 2252 4359 Christi
2277 4304 2590 4359 adventum
2617 4306 2808 4375 potest
2831 4300 3184 4359 considerari

552 4384 614 4436 et
637 4382 952 4437 secundum
969 4382 1030 4436 id
1047 4384 1202 4451 quod
1218 4384 1471 4438 habebat
1491 4383 1562 4437 de
1578 4383 1796 4453 requie,
1817 4386 1876 4438 et
1889 4383 1970 4440 sic
1984 4382 2200 4437 dicitur
2225 4400 2252 4437 s
2266 4384 2288 4436 i
2302 4402 2341 4437 n
2358 4401 2397 4438 u
2413 4400 2442 4437 s
2466 4383 2732 4439 Abrahae
2749 4403 2762 4442 z
2777 4384 2982 4453 -potest
3005 4381 3181 4437 etiam

551 4461 901 4517 considerari
924 4463 1208 4531 quantum
1233 4460 1309 4516 ad
1334 4460 1415 4527 id,
1441 4462 1599 4531 quod
1625 4462 1708 4517 eis
1734 4463 1807 4517 de
1822 4464 2023 4533 requie
2047 4462 2260 4529 deerat,
2284 4466 2344 4518 et
2367 4464 2450 4518 sic
2474 4461 2688 4518 dicitur
2724 4461 2855 4517 lim
2872 4464 2910 4518 b
2925 4479 2966 4516 u
2981 4480 3008 4516 s
3033 4463 3182 4533 (con-

554 4539 756 4595 finium
783 4557 882 4595 seu
909 4540 1073 4595 velut
1097 4543 1345 4596 extrema
1370 4546 1522 4613 pars)
1550 4542 1783 4596 inferni.
1833 4542 2071 4597 Limbus
2095 4559 2230 4614 ergo
2257 4542 2472 4598 inferni
2498 4545 2558 4598 et
2581 4542 2742 4597 sinus
2770 4542 3039 4597 Abrahae
3062 4541 3180 4595 fue-

552 4621 693 4674 runt
715 4620 849 4674 ante
875 4618 1091 4674 Christi
1116 4620 1429 4677 adventum
1454 4639 1637 4676 unum
1664 4638 1768 4692 per
1786 4621 2048 4678 accidens
2074 4625 2134 4678 et
2150 4640 2267 4678 non
2282 4639 2386 4695 per
2404 4639 2492 4684 se;
2518 4626 2578 4678 et
2595 4622 2725 4678 ideo
2745 4621 2895 4678 nihil
2914 4619 3182 4692 prohibet

553 4700 686 4769 post
708 4697 923 4753 Christi
948 4698 1261 4754 adventum
1288 4716 1406 4755 esse
1452 4700 1643 4755 sinum
1690 4699 1958 4757 Abrabae
2001 4701 2235 4758 omnino
2280 4701 2571 4757 diversum
2611 4719 2646 4755 a
2678 4700 2889 4808 limbo.
2932 4699 3074 4769 quia
3096 4713 3178 4765 ea,

553 4795 703 4848 quae
731 4781 868 4836 sunt
896 4797 1078 4836 unum
1103 4796 1206 4852 per
1229 4780 1510 4847 accidens,
1536 4781 1792 4852 separari
1819 4781 2153 4854 contingit·-
