3538 5364
1337 297 1714 364 reliquiarum
1741 296 2090 351 defenditur.
2886 308 3023 371 683

401 482 836 541 declarentur.‘
903 484 1189 556 Suspecta
1218 485 1313 541 est
1342 497 1426 553 c„
1465 483 1623 557 qnod
1653 483 1857 542 eadem
1902 483 2071 553 ratio,
2106 501 2258 558 quae
2290 483 2634 559 impellebat
2665 485 2912 557 arianos
2945 490 3019 544 ut

401 572 511 630 hoc
541 572 859 630 uterentur
889 570 1126 647 effugio,
1174 570 1480 646 impellere
1523 572 1597 631 ad
1642 572 1798 632 idem
1829 572 2073 631 videtur
2100 572 2488 632 adversarios.
2555 574 2805 649 ,Neque
2836 574 3012 644 enim,

401 660 603 736 inquit
635 659 1089 719 Ambrosius
1122 660 1160 717 1.
1195 678 1259 731 c.‚
1305 661 1478 719 aliter
1509 680 1712 720 eorum
1743 661 2025 736 operibus
2057 661 2410 732 inviderent,
2456 662 2576 720 nisi
2617 662 2792 722 fidem
2824 663 2887 721 in
2917 663 3021 721 his

400 750 581 808 fuisse
612 767 757 818 eam,
790 768 968 824 quam
999 749 1102 808 isti
1135 768 1254 808 non
1285 749 1523 820 habent,
1548 750 1949 826 judicarent.‘
2017 750 2130 809 Sed
2176 746 2245 814 d.
2292 769 2410 825 quo
2448 751 2603 827 jure,
2650 771 2770 827 qua
2798 751 3015 821 fronte,

402 839 635 916 exigere
680 842 947 913 possunt,
998 842 1070 897 nt
1117 838 1264 914 ipsis
1311 839 1509 914 potius
1555 839 1743 915 gratis
1790 841 1927 915 post
1971 841 2065 899 tot
2109 840 2305 898 secula
2350 839 2561 899 horum
2592 841 3012 900 miraculorum

402 928 714 987 veritatem
744 927 1107 1004 negantibus
1139 928 1463 998 credamne,
1510 947 1690 1003 quam
1721 930 1815 987 tot
1846 929 2066 987 sanctis
2097 928 2370 1004 patribus
2398 929 2656 988 testibus
2689 931 2915 989 coaevis
2956 934 3016 988 et

403 1035 574 1092 saepe
618 1017 868 1076 oculatis
914 1020 975 1076 et
1020 1017 1272 1089 auritis?
1336 1017 1398 1078 Si
1443 1036 1649 1077 eorum
1680 1020 1939 1094 negetur
1972 1017 2207 1090 veritas,
2250 1019 2374 1094 jam
2405 1022 2584 1077 nutat
2615 1019 2809 1078 omnis
2841 1020 3021 1078 certi-

400 1105 547 1164 t'udo
581 1105 863 1165 historica
892 1109 955 1164 et
984 1106 1256 1165 humana.
1290 1107 1349 1165 Si
1381 1125 1521 1184 ergo
1553 1124 1692 1165 vera
1722 1111 1867 1165 sunt
1885 1106 2186 1179 miracula,
2221 1108 2269 1165 si
2292 1108 2451 1166 Deus
2483 1108 2821 1167 nniversam
2855 1108 3014 1186 cogit

400 1198 678 1253 naturam
700 1196 1040 1254 sanctorum
1061 1196 1328 1255 venerari
1356 1195 1660 1271 reliquias,
1695 1196 1832 1270 quis
1865 1195 2074 1254 harum
2107 1196 2353 1256 audebit
2369 1197 2722 1274 impugnare
2741 1197 2969 1256 cultum
2985 1200 3020 1255 ’ἔ

404 1282 602 1352 ,Quid
634 1284 810 1356 enim,
853 1284 1051 1359 inqnit
1080 1285 1125 1342 T
1141 1284 1632 1344 homassinus
1663 1284 1793 1356 XII,
1841 1289 1943 1356 43
1986 1297 2034 1353 1,
2080 1304 2212 1344 cum
2260 1286 2331 1343 ad
2380 1287 2712 1362 appulsum,
2760 1305 2891 1345 cum
2940 1286 3013 1345 ad

401 1375 738 1431 contactum
771 1373 1148 1432 sacratissimi
1177 1374 1440 1450 pulveris
1470 1372 1717 1450 fugiunt
1745 1373 1956 1445 morbi,
2004 1374 2311 1433 difflantur
2341 1378 2556 1451 pestes,
2603 1375 2834 1451 ejulant
2877 1375 3019 1434 dae·

400 1480 616 1532 mones,
651 1465 868 1521 mortes
900 1466 1238 1531 vanescunt,
1287 1462 1412 1521 vita
1442 1462 1701 1522 recidiva
1731 1463 1905 1534 redit,
1952 1462 2101 1538 quid
2144 1463 2308 1522 istud
2354 1466 2463 1535 est,
2510 1464 2631 1522 nisi
2675 1465 2866 1524 totius
2908 1484 3016 1523 na—

400 1552 569 1609 turae
601 1550 953 1625 obsequium
1000 1556 1062 1609 et
1104 1551 1452 1611 adoratio?‘
1509 1551 1701 1621 Quare
1748 1552 2157 1611 concludimus
2202 1572 2338 1611 cum
2382 1553 2688 1613 Isidoro
2719 1553 3020 1630 pelusiota

398 1658 490 1715 ep.
523 1640 567 1709 I,
607 1649 718 1702 55:
768 1640 872 1708 ,Si
916 1644 978 1699 te
1021 1639 1188 1700 istud
1233 1641 1497 1711 offendit,
1544 1641 1706 1715 quod
1752 1641 2011 1700 cinerem
2056 1660 2132 1702 ss.
2174 1644 2503 1718 martyrum
2533 1645 2777 1719 propter
2807 1660 3014 1702 eorum

401 1748 540 1806 erga
573 1729 759 1787 Deum
792 1729 1097 1788 caritatem
1130 1732 1310 1806 atqne
1341 1729 1738 1789 constantiam
1772 1730 1994 1789 honore
2039 1730 2382 1801 afficiamus,
2429 1749 2548 1801 eos,
2597 1731 2701 1807 qui
2747 1731 2821 1791 ab
2866 1732 3016 1808 ipsis

400 1817 749 1876 medicinam
781 1817 1098 1893 accipiunt,
1145 1819 1448 1896 interroga
1493 1824 1555 1877 et
1600 1822 1748 1895 quot
1793 1819 2015 1878 morbis
2048 1820 2374 1879 remedium
2406 1820 2671 1892 afferant,
2718 1821 3013 1897 intellige.

402 1907 497 1965 Sic
526 1906 645 1976 fiet,
679 1925 799 1966 non
829 1908 1004 1966 modo
1035 1908 1111 1979 id,
1146 1908 1307 1983 qnod
1339 1928 1372 1966 a
1403 1908 1575 1967 nobis
1606 1908 1691 1979 fit,
1724 1927 1845 1967 non
1863 1908 2110 1967 irrideas
2130 1908 2479 1984 cavillisque
2497 1910 2775 1982 incessas,
2805 1929 3016 1969 verum

401 1996 597 2067 etiam,
631 1996 790 2071 qnod
825 1998 982 2055 recte
1014 2000 1075 2055 et
1107 2016 1240 2056 cum
1272 1998 1447 2055 laude
1478 1997 1562 2065 fit,
1597 1997 1909 2060 imiteris.‘

580 2103 724 2167 733.
755 2099 819 2168 2.
852 2097 1182 2165 Accedunt
1232 2100 1451 2179 gravia
1500 2107 1564 2165 et
1612 2101 1849 2165 rationi
1906 2107 2348 2166 consentanea
2401 2099 2652 2165 colendi
2703 2097 2814 2163 SS.
2863 2100 3016 2165 reli-

400 2207 584 2289 quias
615 2206 875 2281 motiva,
908 2223 1074 2288 quae
1106 2214 1398 2272 recenset
1428 2227 1476 2270 s.
1510 2205 1910 2271 Maximus
1942 2225 2129 2272 serm.
2152 2213 2236 2276 88
2270 2207 2349 2272 de
2382 2214 2510 2270 nat.
2530 2226 2612 2270 ss.
2633 2205 2807 2270 MM.:
2845 2206 3013 2281 ‚Ho-

401 2331 561 2377 noro
595 2313 659 2376 in
694 2331 889 2377 carne
934 2314 1233 2394 martyris
1278 2321 1578 2394 exceptas
1624 2334 1740 2395 pro
1774 2312 2007 2377 Christi
2046 2314 2306 2379 nomine
2352 2314 2714 2388 cicatrices;
2760 2313 3016 2379 honoro

397 2439 514 2503 pro
566 2419 968 2485 confessione
1015 2419 1268 2484 Domini
1316 2427 1607 2485 sacratos
1656 2421 1934 2496 cineres;
1987 2420 2235 2485 honoro
2287 2421 2352 2484 in
2402 2420 2725 2485 cineribus
2763 2421 3015 2485 semina

399 2526 830 2602 aeternitatis;
876 2527 1127 2590 honoro
1177 2545 1429 2608 corpuS‚
1480 2527 1655 2610 quod
1706 2528 1863 2591 mihi
1893 2527 2098 2591 Deum
2148 2546 2362 2592 meum
2411 2526 2693 2592 ostendit
2739 2527 3016 2608 diligere,

399 2635 568 2718 quod
603 2654 707 2701 me
738 2641 1000 2717 propter
1030 2634 1234 2700 Deum
1283 2641 1559 2700 mortem
1612 2634 1832 2699 docuit
1879 2653 2012 2699 non
2063 2634 2303 2700 timere.
2366 2632 2493 2699 Cur
2535 2652 2668 2699 non
2699 2635 3015 2699 honorem

398 2760 632 2824 corpus
662 2742 834 2817 illud,
867 2742 1039 2825 quod
1070 2749 1445 2806 reverentur
1477 2747 1541 2805 et
1572 2742 1971 2806 daemones?
2002 2742 2176 2824 quod
2197 2740 2557 2807 afflixerunt
2589 2741 2655 2804 in
2685 2741 3018 2822 supplicio,

401 2849 514 2914 sed
547 2848 903 2928 glorificant
933 2849 998 2912 in
1030 2848 1322 2930 sepulcro
1343 2851 1372 2910 ⁶?
1412 2847 1675 2912 Honoro
1708 2849 1925 2931 itaque
1957 2866 2213 2929 corpus
2248 2848 2420 2930 quod
2451 2846 2773 2913 Christum
2806 2849 3015 2912 hono·

397 2957 565 3020 ravit
595 2956 660 3019 in
690 2955 919 3036 gladio,
953 2955 1125 3037 qnod
1157 2972 1302 3019 cum
1336 2954 1588 3019 Christo
1620 2955 1917 3035 regnabit
1948 2955 2015 3019 in
2047 2956 2291 3020 6061οἐι

579 3063 646 3131 3.
679 3062 843 3141 Quid
888 3062 1118 3127 deinde
1161 3062 1397 3125 rationi
1440 3061 1828 3127 christianae
1873 3062 2077 3142 magis
2122 3079 2483 3126 consonum
2528 3068 2593 3126 et
2637 3081 2758 3125 usu
2803 3062 3014 3143 qnoti-

399 3170 592 3233 diano
624 3169 796 3250 apud
830 3186 1055 3232 omnes
1088 3175 1307 3248 gentes
1340 3166 1546 3231 cultas
1579 3168 1783 3248 magis
1813 3174 2162 3249 receptum,
2210 3186 2403 3250 quam
2437 3168 2610 3250 quod
2641 3168 2861 3232 scribit
2890 3168 3020 3232 hoc

400 3276 480 3341 de
514 3281 892 3356 argumento
925 3275 1386 3356 Augustinu
1407 3294 1438 3337 s
1470 3275 1550 3338 de
1571 3275 1686 3338 civ.
1707 3274 1822 3340 Dei
1855 3274 1896 3351 Ι,
1934 3277 2063 3343 13⁶?
2103 3273 2284 3350 ‚Non
2317 3275 2793 3340 contemnenda
2812 3281 2877 3340 et
2897 3274 3014 3339 ab·

392 3383 671 3465 jicienda
702 3389 868 3461 sunt,
903 3384 993 3447 ita
1023 3382 1144 3461 ille,
1191 3400 1466 3464 corpora
1510 3380 1977 3458 defunctorum,
2024 3383 2431 3464 maximeque
2477 3382 2791 3447 iustorum
2824 3388 3021 3464 atque

398 3489 695 3566 fidelium,
729 3489 961 3572 quibus
993 3496 1327 3572 tamquam
1359 3489 1616 3569 organis
1648 3495 1713 3554 et
1742 3488 1916 3552 vasis
1947 3489 2031 3552 ad
2063 3489 2283 3552 omnia
2312 3489 2489 3553 bona
2521 3506 2723 3569 opera
2754 3493 3015 3551 sanctus

400 3597 504 3681 (al.
525 3598 771 3682 sancte)
816 3615 973 3660 usus
1010 3602 1108 3661 est
1141 3593 1429 3677 Spiritus.
1465 3594 1531 3659 Si
1563 3596 1734 3660 enim
1766 3602 2038 3678 paterna
2070 3596 2267 3659 vestis
2300 3601 2364 3659 et
2393 3595 2624 3659 anulus
2662 3612 2739 3658 ac
2774 3596 2829 3658 si
2865 3594 3017 3677 quid

398 3704 766 3785 huJ'usmodi
797 3710 979 3769 tanto
1013 3703 1225 3767 carius
1257 3710 1356 3767 est
1386 3703 1682 3783 posteriS,
1717 3707 1959 3784 quanto
1994 3719 2148 3782 erga
2167 3708 2468 3784 parentes
2489 3702 2697 3783 major
2716 3700 3020 3776 affectus;

397 3809 575 3875 nullo
608 3810 803 3874 modo
836 3811 976 3891 ipsa
1007 3810 1371 3891 spernenda
1401 3815 1552 3872 sunt
1585 3826 1878 3890 corpora,
1927 3826 2097 3890 quae
2143 3809 2359 3890 utique
2406 3809 2607 3873 multo
2642 3808 3021 3872 familiarius

399 3922 594 3998 atque
639 3917 1060 3998 conjunctius
1111 3934 1308 3999 quam
1359 3915 1683 3998 quaelibet
1733 3915 2131 3989 indumenta,
2182 3922 2562 3995 gestamus}
2632 3914 2775 3993 Quo
2824 3933 3017 3996 argu-

399 4029 618 4088 mento
669 4029 936 4088 utuntur
985 4024 1177 4088 etiam
1228 4022 1323 4087 Jo.
1375 4022 1935 4086 Damascenus
1987 4022 2050 4085 F.
2100 4018 2171 4089 Ο.
2218 4021 2318 4099 Ν,
2377 4027 2457 4091 15
2508 4029 2572 4087 et
2621 4020 3021 4086 Leontius

399 4149 585 4195 serm.
621 4136 663 4200 5
693 4132 835 4195 adv.
861 4131 1134 4212 judaeos
1165 4131 1231 4193 in
1262 4147 1438 4194 conc.
1471 4130 1798 4194 nicaeni
1848 4136 1971 4194 act.
2003 4135 2045 4196 4
2094 4130 2350 4194 relatus.
2420 4130 2497 4193 Et
2528 4147 2687 4193 sane
2718 4147 2846 4210 quo
2880 4129 3019 4214 cul-

399 4238 524 4302 tior
556 4238 770 4320 aliqna
802 4238 1097 4315 societas
1132 4256 1211 4302 ea
1243 4238 1471 4319 majori
1502 4239 1741 4319 pietate
1762 4246 1828 4303 et
1848 4237 2268 4302 sollicitudine
2289 4237 2696 4318 prosequitur
2715 4236 3021 4318 reliquias

401 4346 723 4427 majorum
754 4346 835 4410 de
865 4344 1077 4427 patria
1107 4345 1274 4409 bene
1307 4346 1695 4409 meritorum.
1741 4344 1902 4408 Hinc
1935 4361 2159 4409 musea
2192 4343 2655 4424 archaelogica‚
2687 4344 2751 4407 in
2786 4342 3022 4425 quibus

399 4459 814 4518 asservantur
844 4452 1130 4515 virorum
1161 4449 1511 4517 celebrium
1545 4469 1746 4528 arma,
1780 4452 2225 4526 instrumenta,
2256 4458 2468 4515 vestes
2502 4457 2620 4513 etc.
2669 4449 2843 4514 Neve
2876 4450 3017 4532 quis

399 4559 692 4639 excipiat,
724 4558 872 4623 inde
903 4564 1156 4623 tantum
1187 4559 1370 4640 sequi
1414 4558 1655 4623 cultum
1706 4558 2030 4640 quendam
2075 4558 2431 4621 humanum
2478 4563 2540 4621 et
2585 4555 2852 4633 civilem,
2887 4576 3021 4621 non

399 4682 556 4730 vero
588 4665 1071 4744 religiosum
1106 4684 1248 4731 esse
1280 4665 1565 4748 reliquiis
1597 4665 2047 4731 exhibendum.
2111 4663 2276 4729 Nam
2321 4663 2561 4728 cultum
2601 4664 3014 4746 reliquiarum

398 4778 770 4835 sanctorum
803 4791 944 4837 esse
976 4773 1343 4853 religiosum
1388 4778 1567 4854 patet
1617 4791 1695 4836 ex
1741 4771 2081 4836 motivis
2125 4771 2737 4853 supernaturalibus,
2784 4770 3023 4854 quibus
