3538 5364
607 268 733 332 148
900 260 1086 314 Trans.
1110 259 1261 313 vm.
1288 259 1357 312 <10
1375 258 1807 328 justificatione.
1836 258 2033 314 'rhesis
2060 260 2246 315 com.
2272 240 2472 314 (ri-aua
2490 260 2920 330 justificationis

598 443 911 522 primarios
941 446 1037 504 vel
1079 444 1474 516 secundarios,
1524 444 1801 522 physicos
1847 444 1943 503 vel
1987 445 2229 516 ethicos,
2275 446 2617 521 privativo&
2669 446 3046 507 removentes
3090 449 3221 510 scil.

597 535 858 594 maculas
890 534 1131 611 peccati.
1178 534 1275 591 vel
1316 534 1624 609 positivos‚
1671 552 1886 593 novam
1916 534 2285 594 conferentes
2315 534 2549 594 animae
2580 537 3215 613 supernaturalemque

597 623 1037 699 perfectionem.
1097 623 1363 681 Dicimus
1395 640 1535 699 ergo
1567 623 1796 699 gratiae
1825 623 2101 682 effectum
2131 623 2437 683 formalem
2467 642 2594 683 esse
2625 625 2818 702 primo
2842 633 3219 701 peccatorum

597 714 1007 771 remissionem.
1059 711 1141 769 Ut
1170 715 1371 770 autem
1403 714 1628 770 statum
1649 712 2016 786 quaestionis
2052 713 2269 772 melius
2302 712 2623 790 intelligas,
2655 716 2895 773 noveris
2927 733 3037 774 nos
3071 733 3216 791 sup-

594 819 814 875 ponere
848 821 916 860 ex
949 800 1458 876 praecedentibus,
1504 800 1568 858 in
1611 801 2039 878 justificatione
2075 804 2314 878 peccata
2341 801 2601 860 remitti:
2647 803 2819 875 modo
2848 803 3217 863 affirmamus

594 890 747 948 hanc
778 890 1192 948 remissionem
1223 889 1348 948 fieri
1381 891 1576 966 gratia
1595 890 1998 949 sanctificante
2018 895 2326 965 tamquam
2345 909 2525 949 causa
2553 891 2804 953 formali.
2854 892 2991 951 Jam
3023 894 3223 952 oritur

597 978 841 1038 subtilis
872 977 1273 1038 controversia
1305 979 1462 1037 inter
1490 979 1803 1056 theologos
1835 979 1909 1037 de
1941 979 2327 1056 oppositione,
2359 999 2512 1055 quae
2542 978 2703 1040 inter
2719 981 2972 1058 gratiam
2994 981 3217 1040 sancti-

593 1066 867 1126 ficantem
898 1071 960 1127 et
988 1071 1227 1144 peccata
1256 1067 1522 1127 exsistat.
1579 1067 1897 1144 Triplex
1926 1067 2000 1127 de
2031 1088 2100 1127 ea
2131 1068 2292 1145 viget
2323 1069 2634 1128 sententia.
2685 1069 2841 1128 Sunt
2877 1066 2934 1133 l.
2965 1071 3072 1146 qui
3103 1070 3214 1129 do·

593 1161 780 1226 ceant,
814 1157 1068 1233 gratiam
1100 1175 1169 1215 ex
1201 1160 1483 1216 natura
1513 1156 1600 1215 rei
1633 1160 1695 1215 et
1724 1157 1968 1234 physice
1999 1157 2219 1234 opponi
2252 1160 2507 1234 peccatu,
2553 1158 2713 1217 sicut
2753 1158 2858 1217 lux
2890 1159 3216 1235 opponitur

591 1244 875 1316 tenebris,
911 1247 997 1304 ita
1029 1248 1101 1304 ut
1130 1248 1341 1305 mutuo
1375 1264 1438 1304 se
1469 1246 1789 1305 excludant
1818 1267 1850 1305 e
1881 1247 2169 1322 subjecto.
2232 1246 2318 1305 Ex
2365 1247 2629 1322 patronis
2664 1247 2844 1324 hujus
2877 1249 3214 1307 sententiae

592 1334 695 1392 alii
740 1334 1075 1393 admittunt
1120 1352 1256 1394 cum
1302 1335 1647 1410 Vasquez
1692 1336 1755 1393 in
1808 1346 1856 1398 l.
1894 1345 1927 1397 2
1963 1335 2116 1411 disp.
2152 1344 2299 1407 204,
2344 1336 2689 1395 Platelio
2734 1337 3011 1413 synopsis
3054 1355 3214 1397 curs.

590 1424 774 1482 theol.
807 1423 1053 1495 11‚402‚
1101 1423 1480 1483 Schiffini
1514 1424 1585 1483 de
1616 1424 1813 1502 gratia
1844 1443 1899 1483 n.
1944 1433 2061 1488 178
2095 1427 2223 1494 eto„
2258 1426 2711 1502 repugnantiam
2746 1426 3210 1496 absolutam,

589 1532 742 1588 quae
793 1513 1090 1572 sententia
1137 1513 1376 1571 videtur
1425 1514 1823 1589 praeterenda3
1874 1513 1978 1573 alii
2038 1531 2174 1572 cum
2220 1512 2503 1572 Suarez
2547 1515 2585 1575 l.
2637 1523 2671 1578 '1
2735 1532 2783 1573 c.
2832 1523 2911 1578 20
2955 1517 3214 1575 tuentur

588 1602 1047 1678 repugnantiam
1080 1602 1377 1677 physicam
1409 1603 1668 1678 quidem,
1701 1602 1804 1662 sed
1835 1621 1955 1661 non
1988 1602 2382 1673 essentialem,
2429 1603 2516 1662 ita
2563 1606 2636 1662 ut
2665 1603 2933 1680 potentia
2965 1604 3073 1663 Dei
3102 1605 3211 1664 ab·

587 1691 784 1748 soluta
814 1692 1008 1768 gratia
1038 1691 1360 1749 habitualis
1394 1691 1579 1750 simul
1608 1693 1933 1751 consistere
1963 1692 2154 1767 possit
2183 1691 2250 1750 in
2284 1690 2482 1751 anima
2511 1711 2645 1752 cum
2678 1695 2934 1769 peccato.
2966 1726 3054 1739 —
3087 1692 3209 1752 Alii

586 1776 652 1842 2.
701 1798 733 1837 e
780 1779 1074 1838 contrario
1120 1783 1361 1839 censent
1404 1781 1655 1857 gratiam
1691 1781 2121 1856 justificantem
2167 1799 2286 1839 non
2325 1781 2622 1857 expellere
2653 1784 2961 1858 peccatum
2991 1784 3210 1841 natura

583 1886 707 1936 sua,
757 1868 859 1927 sed
906 1874 1141 1927 tantum
1188 1870 1357 1946 lege
1387 1876 1448 1927 et
1479 1869 1907 1929 constitutione
1940 1870 2046 1928 Dei
2077 1869 2449 1929 decernentis
2479 1870 2552 1929 ad
2585 1871 2978 1946 praesentiam
3009 1871 3206 1946 quali-

583 1957 727 2015 tatis
758 1957 989 2033 gratiae
1019 1957 1322 2017 remittere
1352 1960 1677 2034 peccatum,
1722 1960 1893 2018 nulla
1920 1958 2074 2018 facta
2104 1960 2164 2017 vi
2195 1959 2477 2034 qualitati
2508 1960 2751 2036 gratiae,
2798 1958 2851 2018 si
2898 1964 3202 2036 peccatum

580 2064 704 2104 non
736 2047 1086 2106 remitteret.
1149 2048 1243 2106 Ita
1274 2047 1550 2106 Scotus
1582 2066 1715 2106 cum
1750 2049 1894 2118 suis,
1927 2066 1958 2107 e
1990 2047 2573 2119 nominalistis,
2605 2048 2790 2119 Biel‚
2824 2049 2917 2111 J0.
2946 2050 3021 2107 de
3054 2050 3206 2107 Me·

581 2134 621 2192 d
639 2134 658 2191 i
676 2153 797 2205 na,
830 2135 1170 2194 Coninck
1201 2140 1311 2195 etc.
1333 2170 1415 2180 —
1439 2138 1559 2195 Alii
1594 2132 1657 2200 3.
1688 2138 1946 2196 mediam
1976 2137 2190 2196 ineunt
2210 2138 2364 2195 viam
2382 2140 2716 2197 statuentes
2736 2137 2993 2215 gratiam
3015 2138 3201 2213 justi-

580 2225 873 2283 ficationis
905 2241 1028 2283 non
1047 2225 1266 2301 opponi
1287 2228 1528 2300 peccato
1560 2246 1628 2285 ex
1662 2230 1879 2285 natura
1908 2226 1993 2285 rei
2025 2230 2195 2285 tanta
2213 2225 2606 2302 oppositione,
2640 2230 2863 2302 quanta
2881 2226 3207 2303 opponitur

581 2312 738 2372 calor
769 2312 991 2390 frigori,
1037 2313 1246 2373 albedo
1276 2314 1610 2391 nigredini3
1661 2312 1765 2373 sed
1814 2316 2190 2391 oppositione
2235 2315 2426 2374 solum
2472 2316 2783 2386 morali,
2834 2315 3084 2374 fundata
3133 2316 3197 2374 in

580 2401 835 2477 quadam
867 2402 1220 2474 indecentia,
1268 2404 1320 2462 si
1365 2403 1592 2481 gratiae
1624 2404 1965 2463 excellentia
1996 2405 2459 2480 conjungeretur
2489 2423 2622 2463 cum
2655 2404 3028 2464 deformitate
3058 2424 3195 2481 pec-

578 2491 710 2559 cati,
745 2492 939 2566 qualis
970 2495 1216 2569 apparet
1246 2493 1311 2551 in
1338 2512 1424 2564 e0,
1461 2494 1514 2551 si
1545 2493 1827 2552 scurriles
1859 2512 2053 2552 mores
2086 2498 2532 2552 assumerentur
2561 2494 2631 2552 ad
2662 2493 3015 2570 dignitatem
3047 2513 3194 2570 pou-

577 2579 836 2643 tificiam.
898 2580 993 2640 Ita
1023 2582 1337 2640 Lessius
1371 2581 1442 2640 de
1475 2581 1592 2640 div.
1624 2582 1865 2657 perfect.
1897 2582 2024 2653 XII,
2067 2594 2132 2646 11
2177 2602 2234 2641 n.
2270 2591 2348 2647 '75
2384 2601 2489 2652 ss.;
2527 2581 2682 2653 XIII,
2720 2592 2798 2645 27
2834 2601 2893 2640 n.
2920 2592 3063 2645 195.
3114 2582 3198 2641 cf.

577 2667 904 2745 Ripalda
934 2670 1086 2746 disp.
1118 2671 1228 2729 ult.
1263 2689 1308 2729 s.
1350 2679 1445 2735 14.
1488 2680 1579 2734 15.
1623 2682 1730 2742 163
1766 2671 2048 2731 Suarez
2080 2671 2118 2731 l.
2156 2680 2187 2733 7
2225 2691 2270 2731 c.
2312 2681 2386 2735 12
2424 2691 2536 2742 ss.;
2571 2672 2921 2731 Becanus
2954 2691 3012 2747 p.
3050 2681 3084 2735 3
3121 2672 3194 2732 de

577 2776 723 2817 sacr.
757 2776 804 2817 c.
840 2767 914 2822 31
957 2779 1011 2835 q.
1048 2769 1103 2822 3.
1138 2771 1209 2830 43
1246 2760 1609 2818 Mazzella
1640 2760 1695 2822 d.
1730 2769 1764 2824 5
1802 2780 1851 2820 a.
1888 2771 1943 2823 6.
1975 2794 2062 2806 —-
2097 2761 2224 2830 Qua
2254 2761 2563 2820 occasione
2593 2765 2831 2836 praeter
2861 2759 2977 2820 alia
3010 2781 3194 2835 quae-

575 2853 719 2906 runt
763 2848 1043 2925 theologi,
1092 2867 1235 2907 num
1282 2864 1463 2908 causa
1504 2849 1772 2908 formalis
1817 2850 2188 2909 remissionis
2219 2857 2597 2925 peccatorum
2642 2859 2705 2908 et
2742 2850 3198 2925 justificationis

572 2939 767 3013 possit
812 2955 938 2996 esse
982 2940 1151 2996 actus
1196 2956 1282 2995 ex.
1315 2958 1404 3015 gr.
1437 2939 1718 2997 contritio
1762 2939 2038 3015 perfecta.
2102 2939 2419 2999 Probabile
2464 2939 2527 2997 id
2571 2943 2771 2998 censet
2818 2940 3195 3015 Vasquez,

571 3027 690 3085 imo
722 3027 786 3083 in
820 3037 876 3087 3.
908 3045 966 3100 p.
999 3026 1151 3101 disp.
1189 3036 1222 3088 2
1258 3044 1305 3089 c.
1341 3036 1376 3089 6
1412 3027 1654 3086 statuit:
1705 3028 1818 3097 ‚In
1848 3028 2081 3098 adult0,
2127 3028 2234 3104 qui
2267 3027 2640 3105 justificatur
2668 3031 2833 3087 extra
2864 3046 3194 3087 sacramen·

570 3116 718 3183 tum,
771 3114 959 3192 magis
1006 3119 1233 3174 certum
1285 3119 1391 3184 est,
1444 3135 1578 3175 eum
1619 3116 1935 3192 justificari
1978 3117 2334 3177 contritione
2377 3136 2558 3194 quam
2600 3116 2791 3194 gratia
2835 3117 3192 3179 habituali.‘

571 3203 726 3261 Haec
756 3206 956 3262 tamen
989 3203 1192 3279 opinio
1225 3205 1619 3264 communiter
1648 3226 1682 3263 a
1711 3205 2005 3283 theologis
2038 3206 2322 3283 reJicitur,
2368 3206 2511 3283 quia
2542 3223 2606 3270 a.
2639 3206 2917 3265 contritio
2950 3211 3045 3264 est
3074 3205 3193 3264 dis-

570 3291 786 3366 positio
835 3292 909 3349 ad
955 3292 1362 3352 remissionem
1397 3298 1771 3369 peccatorum
1817 3299 1876 3354 et
1911 3295 2421 3370 justificationem,
2470 3313 2591 3354 non
2642 3314 2783 3371 ergo
2832 3295 2963 3371 ipsa
3007 3296 3198 3354 forma

559 3379 930 3455 justificans;
982 3378 1053 3444 b.
1101 3382 1370 3441 remissio
1420 3386 1791 3459 peccatorum
1823 3384 2135 3443 exhibetur
2164 3387 2237 3442 ut
2266 3384 3019 3461 beneficium-consequens
3052 3402 3192 3443 con·

568 3468 894 3540 tritioncm,
940 3487 1063 3528 non
1107 3490 1248 3548 ergo
1294 3491 1362 3530 ea
1400 3473 1728 3531 formaliter
1756 3472 2029 3532 efficitur.
2091 3473 2312 3533 Nullus
2346 3473 2559 3532 deinde
2594 3487 2655 3537 c.
2687 3478 2959 3548 peccator
2989 3478 3194 3549 potest

567 3557 859 3634 condigne
892 3559 1229 3618 satisfacere
1262 3579 1367 3636 pro
1401 3562 1669 3637 peccatis,
1706 3579 1845 3638 ergo
1876 3581 2071 3637 neque
2104 3563 2368 3639 seipsum
2390 3561 2739 3638 justificare.
2772 3595 2860 3605 —
2882 3561 3196 3630 Quaerunt

565 3646 816 3722 insuper
845 3647 1124 3725 theologi,
1160 3650 1428 3724 possitne
1459 3649 1684 3709 remitti
1717 3654 2020 3725 peccatum
2057 3651 2185 3710 sine
2218 3651 2444 3728 gratiae
2476 3651 2793 3710 infusione.
2855 3651 3092 3719 Mirum,
3129 3651 3190 3709 id

564 3735 750 3794 fuisse
782 3755 850 3794 ex
882 3736 1216 3796 rationibus
1246 3741 1338 3796 sat
1367 3739 1598 3798 levibus
1629 3759 1663 3797 a
1694 3739 1971 3815 pluribus
2004 3745 2303 3818 negatum,
2353 3759 2502 3816 quos
2549 3740 2621 3798 cf.
2668 3739 2824 3815 apud
2860 3739 2941 3798 Ri
2960 3740 3195 3816 palda

564 3820 618 3886 d.
651 3826 762 3883 ult.
795 3829 936 3885 sect.
974 3834 1046 3888 21
1086 3846 1163 3897 s.;
1209 3846 1345 3885 nam
1392 3827 1634 3887 evidens
1666 3828 1923 3899 videtur,
1974 3830 2163 3887 Deum
2205 3829 2269 3887 in
2317 3833 2482 3887 statu
2514 3832 2762 3887 naturae
2794 3848 2976 3906 purae
3010 3847 3193 3905 posse

563 3913 896 3973 condonare
927 3918 1180 3990 peccata,
1218 3916 1365 3990 quin
1396 3916 1698 3976 hominem
1730 3918 1802 3975 ad
1837 3921 2062 3977 statum
2094 3919 2606 3994 supernaturalem
2642 3918 2851 3978 elevet.

742 4058 888 4121 172.
922 4054 1472 4123 Demonstrati«)
1505 4075 1575 4140 p.
1612 4056 1674 4124 1.
1718 4057 1779 4124 1.
1820 4054 2140 4119 Probatur
2173 4073 2252 4119 ex
2287 4054 2539 4119 concilii
2572 4052 2751 4119 trid.
2784 4072 2939 4119 sess,
2975 4059 3016 4122 5
3047 4072 3189 4118 can.

563 4163 635 4227 5:
678 4156 783 4233 ,Si
815 4158 956 4241 quis
991 4178 1106 4240 per
1134 4160 1287 4225 Jesu
1320 4159 1552 4225 Christi
1587 4160 1657 4224 D.
1695 4160 1766 4225 N.
1802 4161 2090 4242 gratiam,
2124 4179 2292 4243 quae
2323 4161 2388 4224 in
2419 4160 2809 4242 baptismate
2843 4161 3187 4236 confertur.

561 4272 812 4330 reatum
845 4267 1168 4347 originalis
1200 4267 1448 4348 peccati
1480 4268 1714 4332 remitti
1746 4273 1955 4348 negat,
1988 4267 2060 4330 A.
2084 4265 2144 4331 S.
2167 4280 2222 4345 ς(
2264 4274 2329 4332 et
2359 4286 2438 4332 ex
2469 4287 2623 4332 sess.
2657 4274 2697 4336 6
2732 4285 2784 4330 c,
2827 4274 2864 4335 7
2900 4269 2986 4354 (n.
3015 4269 3185 4353 164),

562 4371 670 4435 ubi
701 4373 893 4437 docet
943 4391 1213 4437 causam
1247 4372 1583 4440 formalem
1608 4373 2080 4455 justificationis
2127 4380 2191 4438 et
2242 4373 2512 4457 quidem
2533 4374 2794 4438 unicam
2828 4367 2972 4438 esse
2995 4373 3188 4455 justi-

562 4478 719 4542 tiam
751 4479 881 4555 Dei,
934 4498 1060 4562 qua
1111 4499 1231 4544 nos
1275 4481 1484 4563 justos
1535 4480 1703 4556 facit,
1758 4498 1886 4562 qua
1937 4497 2341 4550 renovamur.
2406 4480 2600 4563 Atqui
2631 4480 2984 4545 secundum
3018 4480 3186 4546 idem

559 4583 900 4649 concilium
942 4587 1311 4669 Justificatio
1360 4588 1721 4652 continetur
1769 4588 1963 4652 etiam
2000 4586 2378 4654 remissione
2424 4594 2859 4669 peccatorum.
2923 4585 3088 4668 Ergo
3123 4595 3190 4652 et

557 4691 745 4773 hujus
779 4710 980 4756 causa
1013 4692 1449 4758 formaliserit
1482 4694 1687 4772 gratia
1711 4693 2087 4775 justificans.
2120 4692 2468 4759 Praeterea
2501 4712 2638 4777 cap.
2674 4699 2718 4762 4
2748 4693 2969 4759 definit
2998 4695 3187 4776 justi·
