3538 5364
927 340 1174 411 perfecte
1201 344 1579 412 purgatorum
1606 359 1736 398 mox
1761 341 1823 396 in
1851 344 2071 397 coelum
2098 341 2475 413 recipiuntur.
2866 351 2998 418 599

375 537 512 584 non
544 537 676 584 una
707 519 789 585 de
819 520 914 599 iis,
946 520 1329 586 nominatim
1361 521 1442 587 de
1472 540 1633 589 voce
1663 523 2053 606 paradisi,
2086 523 2504 606 interpretum
2539 531 2636 590 est
2659 525 2998 601 sententia,

379 627 664 709 seposita
696 627 1072 710 quaestione
1103 628 1183 694 de
1215 629 1494 708 nomine,
1526 648 1606 695 ea
1639 630 1994 697 secundum
2024 629 2305 696 fidelium
2336 650 2597 697 sensum
2620 639 2906 714 accepta,
2928 640 3003 696 ut

378 734 510 797 alia
542 733 932 812 omittamus,
981 735 1219 816 dogma
1262 736 1650 802 catholicum
1694 737 2028 802 evincunt:
2073 754 2225 801 nam
2270 755 2402 802 non
2448 737 2705 802 aliunde
2751 738 3000 802 videtur

378 840 769 905 derivandus
801 859 957 905 usus
992 840 1316 924 loquendi,
1349 861 1480 925 quo
1513 843 1808 909 coelestis
1826 842 2160 908 beatitudo
2193 842 2565 926 designatur
2596 844 2857 910 nomine
2887 862 3004 926 pa-

380 946 595 1024 radisi,
641 965 838 1030 quam
884 966 962 1011 ex
1007 948 1187 1013 hisce
1220 946 1455 1015 Christi
1499 949 1712 1015 verbis
1725 951 1792 1037 ¹).
1823 988 1914 1001 -
1944 949 2269 1032 Apostolis
2313 967 2468 1015 vero
2515 948 2804 1015 Christus
2848 970 3002 1032 pro-

378 1053 605 1118 mittit:
638 1054 711 1119 Si
744 1055 957 1120 abiero
986 1066 1041 1121 et
1059 1078 1530 1142 praeparavero
1562 1059 1727 1123 vobis
1757 1059 1978 1139 locum,
2019 1059 2243 1121 iterum
2277 1059 2454 1123 venio
2473 1064 2529 1121 et
2563 1059 2870 1142 accipiam
2901 1077 3005 1120 vos

381 1162 470 1225 ad
501 1182 597 1225 me
626 1162 856 1247 ipsum,
891 1169 957 1226 ut
988 1163 1095 1227 ubi
1127 1183 1266 1227 sum
1298 1183 1426 1249 eqo,
1456 1170 1513 1227 et
1544 1185 1648 1228 vos
1677 1166 1817 1230 sitis
1851 1164 1949 1230 Jo.
1984 1169 2086 1242 14,
2120 1170 2178 1233 3.
2239 1163 2433 1229 Venit
2464 1170 2682 1229 autem
2716 1163 3004 1227 Christus

383 1286 517 1333 non
549 1268 759 1332 solum
789 1269 856 1333 in
886 1268 1095 1334 seculi
1134 1271 1708 1350 consummatione,
1740 1272 1855 1337 sed
1875 1272 2067 1338 etiam
2091 1270 2173 1335 ad
2193 1271 2475 1351 singulos
2494 1270 2559 1334 in
2579 1271 2802 1334 mortis
2821 1270 3008 1345 hora,

384 1382 458 1439 ut
488 1393 618 1452 eOS,
651 1373 778 1439 nisi
811 1375 964 1458 quid
997 1376 1227 1455 obstet,
1262 1376 1525 1441 inducat
1568 1377 1633 1441 in
1681 1377 1896 1442 locum
1947 1396 1988 1441 a
2036 1395 2106 1442 se
2152 1382 2470 1459 paratum,
2516 1395 2644 1460 quo
2678 1376 3005 1441 evidenter

385 1478 685 1547 coelestis
718 1482 921 1562 gloria
952 1483 1203 1548 visione
1236 1484 1351 1549 Dei
1382 1490 1690 1550 contenta
1720 1484 1981 1565 intelligi
2008 1483 2214 1549 debet
2247 1482 2654 1566 Quapropter
2683 1483 2820 1565 ipse
2851 1500 3005 1547 suos

388 1589 668 1653 solatur:
702 1587 858 1653 Ecce
889 1591 1067 1652 venio
1097 1592 1215 1653 cito
1247 1597 1301 1654 et
1332 1610 1559 1655 merces
1590 1612 1729 1656 mea
1763 1610 2002 1654 mecum
2032 1595 2139 1674 est,
2155 1590 2414 1654 reddere
2443 1591 2776 1675 unicuique
2793 1608 3003 1654 secun·

383 1697 537 1759 dum
568 1714 761 1780 opera
792 1716 913 1759 sua
946 1696 1145 1778 Apoc.
1178 1703 1283 1772 22,
1319 1702 1419 1767 12.
1482 1698 1642 1761 Hinc
1673 1697 1850 1762 haud
1879 1714 2028 1761 raro
2053 1696 2371 1779 justorum
2407 1696 2663 1761 animae
2695 1695 3004 1762 exhiben-

384 1809 491 1866 tur
519 1803 587 1866 in
618 1801 689 1866 N.
722 1801 789 1865 T.
821 1802 924 1867 vel
948 1802 1086 1884 Jam
1117 1803 1368 1869 incolae
1398 1804 1680 1887 paradisi
1711 1804 1815 1870 vel
1845 1822 1998 1869 mox
2041 1804 2107 1868 in
2151 1803 2366 1868 locum
2396 1801 2810 1868 beatitudinis
2839 1800 3005 1866 reci-

384 1908 679 1990 piendae,
709 1915 782 1972 ut
812 1907 1009 1990 Apoc.
1047 1913 1106 1984 7,
1138 1913 1179 1977 9
1212 1929 1333 1984 ss.;
1367 1915 1470 1986 20,
1502 1914 1577 1985 4;
1609 1908 1803 1974 Hebr.
1841 1912 1941 1988 12,
1974 1915 2091 1986 223
2124 1909 2270 1974 Luc.
2310 1915 2409 1987 16,
2442 1913 2500 1977 9.
2534 1907 2622 1972 Cf.
2643 1909 2840 1975 etiam
2856 1906 3005 1972 Luc.

396 2021 495 2093 12,
530 2020 649 2091 353
680 2014 872 2079 Marc.
914 2020 1010 2092 13,
1045 2020 1148 2084 33.

567 2140 630 2210 3.
663 2136 936 2203 Omissis
969 2139 1367 2219 singulorum
1397 2145 1654 2221 patrum
1686 2139 2086 2217 testimoniis,
2132 2140 2368 2219 dogma
2399 2146 2780 2220 argumento
2812 2154 3005 2218 gene-

385 2246 507 2312 rali
525 2266 606 2313 ex
627 2246 968 2311 traditione
986 2245 1079 2310 ita
1097 2263 1246 2310 cum
1278 2243 1328 2309 C
1343 2263 1382 2310 o
1397 2265 1442 2309 u
1456 2252 1529 2309 st
1546 2263 1642 2309 an
1659 2246 1835 2333 ti02)
1868 2245 2397 2328 comprobamus:
2437 2245 2695 2321 ,Fidem
2715 2250 3004 2309 nostram

376 2356 519 2437 jam
551 2372 712 2419 aevo
745 2372 863 2418 suo
894 2358 1222 2434 receptam
1253 2351 1489 2434 probat
1519 2352 1851 2418 Irenaei
1883 2352 1962 2430 V,
1993 2357 2074 2422 31
2111 2373 2170 2417 n.
2213 2360 2245 2422 1
2280 2370 2360 2417 ac
2389 2349 2897 2417 Tertulliani
2928 2349 3008 2415 de

386 2461 607 2525 anima
638 2480 691 2524 c.
723 2465 810 2530 55
841 2460 1047 2538 labor,
1080 2467 1153 2525 ut
1183 2478 1329 2527 eam
1361 2479 1440 2526 ex
1473 2461 1704 2526 animis
1735 2458 2017 2526 fidelium
2049 2466 2494 2544 extorqueant.
2557 2459 2721 2524 Tum
2752 2458 3010 2522 sincera

385 2574 743 2650 martyrum
776 2574 926 2632 acta
955 2568 1244 2649 legentes
1273 2569 1381 2633 vix
1399 2588 1599 2633 unum
1620 2568 1944 2651 reperient
1970 2568 2007 2634 J
2019 2568 2403 2647 ustinum,
2435 2567 2545 2650 qui
2575 2585 2708 2631 non
2738 2566 2863 2630 hae
2893 2582 3007 2647 spe

385 2694 617 2757 passus
648 2675 746 2751 sit,
779 2674 953 2758 quod
984 2676 1266 2741 moriens
1298 2676 1365 2741 in
1394 2676 1645 2743 coelum
1676 2676 2000 2758 migraret.
2032 2674 2214 2740 Hanc
2228 2674 2439 2754 fidem,
2461 2693 2658 2758 quam
2679 2671 3008 2756 conceptis

388 2782 603 2847 verbis
632 2782 918 2865 plerique
949 2781 1356 2864 profitentur,
1412 2801 1609 2865 saepe
1640 2781 1812 2848 Deus
1859 2783 2012 2847 visis
2043 2783 2380 2849 certiorem
2412 2780 2578 2847 fecit.
2640 2782 2822 2847 Adeo
2852 2798 3008 2846 vero

386 2889 647 2973 publica
677 2896 839 2967 erat,
872 2896 943 2953 ut
974 2895 1290 2972 martyres
1322 2889 1556 2955 Christi
1588 2890 1669 2955 de
1701 2908 1784 2955 ea
1815 2909 1855 2954 a
1879 2890 2198 2973 Judicibus
2217 2891 2349 2955 suis
2368 2890 2795 2971 interrogatos
2827 2892 2894 2952 et
2923 2886 3008 2952 ab

391 2997 660 3062 ethnicis
690 2997 945 3081 populis
976 2998 1196 3062 irrisos
1225 2998 1530 3078 legamus
1593 2997 1726 3065 Nec
1776 2998 1916 3063 leve
1947 2998 2235 3081 ejusdem
2264 2998 2412 3065 fidei
2442 2995 2881 3064 testimonium
2911 2999 3012 3058 est

392 3104 500 3187 pia
541 3103 749 3187 plebis
794 3105 1184 3171 christianae
1228 3105 1648 3183 consuetudo,
1693 3124 1827 3189 qua
1872 3106 1956 3170 ad
2000 3112 2315 3189 martyres
2365 3105 2667 3171 festinare
2715 3101 3014 3169 solebant

386 3229 636 3294 eosque
666 3228 913 3291 rogare,
965 3218 1038 3276 ut
1086 3229 1233 3276 cum
1286 3212 1371 3276 ad
1402 3212 1605 3278 Deum
1656 3213 1723 3276 in
1769 3212 2023 3278 coelum
2067 3213 2482 3295 pervenisset,
2527 3209 2627 3275 sui
2657 3209 2831 3291 apud
2862 3225 3012 3273 eum

392 3336 712 3383 memores
757 3335 900 3382 esse
945 3318 1375 3399 dignarentur.
1439 3318 1606 3399 Quid
1647 3336 1760 3383 eos
1808 3337 2256 3399 memoremus,
2302 3318 2413 3401 qui
2462 3322 2815 3400 martyrum
2865 3319 3015 3379 acta

394 3425 934 3507 conscripserunt,
967 3442 1116 3488 cum
1151 3423 1296 3488 illos
1336 3424 1517 3490 coelo
1552 3441 1630 3488 ac
1661 3423 1796 3488 Deo
1827 3424 2018 3506 potiri
2049 3424 2499 3508 quamplurimi
2528 3421 2900 3504 significent,
2931 3438 3015 3485 ne

393 3552 559 3597 unus
591 3531 852 3615 quidem
882 3535 1119 3613 neget?
1170 3532 1472 3615 ,Denique
1524 3531 1718 3596 fidem
1762 3531 2036 3596 eandem
2081 3530 2233 3597 olim
2276 3532 2344 3595 in
2390 3530 2663 3614 publicis
2693 3528 3014 3593 Ecclesiae

393 3636 692 3721 precibus
741 3640 1190 3720 consignatam
1240 3657 1433 3704 nemo
1485 3636 1763 3720 negabit,
1810 3637 1920 3720 qui
1970 3638 2303 3721 antiquum
2350 3637 2642 3703 ordinem
2669 3652 3015 3700 romanum

397 3752 510 3810 aut
539 3745 798 3810 missale
831 3746 1173 3827 gothicum,
1206 3763 1464 3810 necnon
1499 3745 2075 3810 sacramentarium
2105 3744 2492 3826 gallicanum
2522 3742 2778 3824 aliaque
2809 3740 2873 3804 id
2903 3757 3016 3821 ge-

395 3852 568 3917 neris
598 3859 1019 3918 monumenta
1050 3853 1360 3918 consulat
1406 3852 1552 3917 Jam
1582 3869 1738 3916 vero
1771 3869 1919 3915 cum
1949 3850 2201 3915 coelum
2233 3869 2364 3916 non
2394 3850 2672 3932 sanguiS,
2703 3848 2818 3913 sed
2849 3846 3016 3911 cari-

619 4074 656 4142 ι)
684 4071 768 4126 Cf.
794 4071 1201 4143 Passaglia
1248 4071 1309 4126 in
1345 4070 1483 4125 edit.
1509 4069 1735 4125 Petavii
1760 4070 1971 4125 Romae
2001 4073 2138 4127 1857
2175 4086 2226 4124 a.
2252 4070 2327 4124 ad
2352 4071 2474 4135 Vll,
2507 4079 2573 4126 14
2597 4087 2651 4121 n.
2681 4078 2743 4126 5:
2792 4067 3019 4121 Mura-

400 4155 472 4206 to
488 4151 552 4206 ri
591 4152 660 4207 de
701 4153 963 4223 paradiso
990 4168 1109 4206 non
1134 4153 1462 4221 exspectata
1500 4167 1803 4222 corporum
1829 4154 2124 4206 resurrect.
2151 4167 2197 4204 c.
2223 4156 2258 4206 2
2283 4168 2374 4215 ss.,
2398 4149 2502 4220 qui
2527 4168 2573 4207 c.
2599 4153 2633 4207 7
2659 4168 2727 4204 ss.
2769 4147 3019 4219 singulo·

398 4249 527 4286 rum
554 4233 787 4302 patrum
812 4250 916 4304 pro
944 4232 1053 4286 hoc
1078 4232 1346 4303 dogmate
1371 4231 1541 4286 affert
1562 4236 1737 4300 atque
1764 4229 2037 4302 expendit
2058 4230 2400 4287 testimonia.

616 4316 661 4369 ἣ
685 4311 930 4367 Praefat.
970 4327 1161 4383 gener.
1200 4311 1275 4365 ad
1314 4327 1406 4383 op.
1433 4329 1476 4365 s.
1502 4310 1713 4365 Hilarii
1751 4311 1889 4383 pict.
1913 4319 1943 4378 ς
1968 4316 2003 4368 6
2027 4313 2160 4366 sect.
2204 4319 2244 4370 3
2261 4329 2318 4367 n.
2344 4317 2466 4370 219.
2517 4309 2600 4365 Cf.
2640 4324 2832 4380 opusc.
2872 4306 3021 4372 xm.

399 4397 472 4450 39
497 4408 567 4446 ss.
600 4400 719 4455 151,
748 4399 869 4449 230.
922 4391 1275 4452 Testimonia
1299 4391 1569 4447 ecclesiae
1595 4407 1833 4464 graecae
1860 4392 2002 4447 bene
2027 4391 2211 4446 multa
2235 4408 2303 4446 ex
2327 4388 2594 4460 precibus
2608 4387 2894 4460 liturgicis
2912 4386 3025 4444 ool·

400 4472 549 4526 lecta
578 4471 816 4526 exhibet
837 4471 869 4526 J
875 4487 1001 4527 oan.
1042 4470 1086 4524 P
1103 4472 1124 4526 1
1142 4488 1180 4524 u
1197 4471 1311 4526 sia
1326 4471 1364 4525 d
1380 4489 1410 4526 e
1424 4490 1461 4525 n
1478 4491 1517 4526 u
1534 4490 1559 4526 s
1597 4488 1755 4529 conc.
1793 4471 2097 4526 florentino
2131 4486 2372 4525 coaevus
2409 4469 2473 4524 in
2500 4467 2732 4542 egregia
2755 4466 3024 4540 apologia

399 4545 506 4622 pr'o
546 4550 806 4622 quinque
846 4552 1136 4624 capitibus
1175 4551 1379 4621 synodi
1420 4552 1637 4609 florent.
1662 4568 1708 4608 c.
1738 4559 1775 4607 4
1810 4550 1967 4622 apud
2006 4550 2172 4622 Mig.
2210 4549 2417 4621 patrol.
2441 4567 2526 4623 gr.
2556 4554 2676 4617 159,
2706 4555 2843 4607 1283
2867 4566 2937 4610 ss.
2964 4551 3030 4606 et

400 4631 456 4686 N
472 4631 494 4686 i
509 4632 612 4687 lle
630 4650 656 4686 s
680 4633 743 4686 in
768 4632 1115 4687 Kalendario
1144 4631 1404 4687 manuali
1427 4633 1515 4687 ed.
1543 4640 1592 4689 2.
1618 4637 1669 4698 2,
1696 4640 1764 4689 25
1791 4649 1892 4693 ss.;
1927 4630 2265 4702 suffragium
2286 4631 2553 4687 ecclesiae
2580 4649 2606 4687 s
2619 4649 2658 4702 y
2673 4646 2750 4686 ro
2765 4648 2795 4685 r
2812 4648 2848 4685 u
2863 4650 2921 4688 m
2944 4647 3026 4687 re-

401 4712 586 4784 peries
611 4712 769 4783 apud
795 4712 840 4768 B
856 4713 877 4766 i
893 4730 924 4767 c
937 4713 977 4767 k
994 4730 1023 4768 e
1039 4713 1102 4767 ll
1128 4730 1170 4767 s.
1196 4711 1506 4784 Ephraemi
1530 4711 1649 4782 syri
1662 4712 1918 4767 carmina
1931 4711 2210 4784 nisibena,
2225 4711 2453 4782 Lipsiae
2473 4715 2611 4770 1866
2629 4729 2675 4767 c.
2703 4717 2767 4773 6:
2793 4713 3028 4782 patrum

402 4789 734 4849 testimonia
760 4794 831 4848 cf.
855 4793 1013 4865 apud
1040 4793 1079 4849 S
1094 4799 1163 4847 te
1179 4810 1219 4847 n
1235 4795 1356 4847 tru
1373 4812 1412 4865 p
1439 4792 1828 4863 Soterologiae
1853 4793 1936 4848 th.
1967 4800 2091 4852 145.
