3538 5364
1332 166 1398 219 In
1423 165 1649 220 inferno
1680 182 1845 222 verus
1871 168 1958 223 est
1980 165 2148 239 ignis.
2918 180 3054 251 δοῖ

428 350 746 422 ininferna
765 353 986 424 odium,
1004 352 1359 423 maledictio,
1382 352 1734 429 desperatio.
1766 352 1935 413 Siout
1955 366 2018 417 8.
2043 353 2109 412 in
2126 354 2290 413 coelo
2309 354 2658 415 universum
2679 356 3053 433 conspirabit

426 440 501 501 sd
531 441 792 502 beandos
820 443 1031 519 justos,
1077 443 1164 502 ita
1208 441 1275 501 in
1318 440 1553 500 inferno
1588 442 1878 520 puqnabit
1921 461 2053 503 cum
2083 443 2183 502 illo
2217 438 2523 526 (Domino)
2556 445 2716 506 orbis
2746 452 3054 507 terrarum

425 538 627 591 eontra
655 533 977 593 insensatos
1007 531 1136 610 Sap.
1163 541 1218 603 5,
1256 539 1354 593 21.
1388 530 1558 590 Siout
1588 525 1645 603 s.
1678 531 1745 590 in
1775 531 1935 591 coelo
1955 550 2189 591 summa
2218 532 2481 605 satietas,
2515 534 2704 611 quies,
2740 553 2852 609 pax
2882 535 3053 614 viget

426 621 504 682 ob
532 620 816 698 adeptum
846 620 1056 680 finem:
1089 621 1177 679 ita
1205 620 1270 680 in
1299 620 1406 679 illa
1435 623 1594 679 terra
1622 620 1898 679 miseriae
1928 623 1991 681 et
2018 620 2418 693 tenebrarum,
2450 621 2559 681 ubi
2587 622 2800 682 umbra
2819 625 3055 697 mortiS,

424 711 632 771 nullus
663 709 808 771 ordo
837 709 940 770 sed
970 709 1365 785 sempiternus
1395 709 1603 769 horror
1632 708 1959 780 inhabitat;
2007 713 2067 769 et
2099 711 2239 785 quia
2269 710 2467 769 anima
2498 711 2775 771 damnata
2804 712 3046 774 exclusa

424 803 518 860 est
560 820 601 859 a
638 817 749 860 suo
793 799 926 871 fine,
973 799 1106 858 ideo
1136 798 1289 858 fame
1322 797 1785 858 discruciabitur
1813 801 2069 870 aeterna,
2102 799 2397 859 discordia
2427 799 2731 872 intestina,
2765 801 3054 879 despera-

422 890 609 956 tione.
671 889 829 949 Hinc
859 888 1019 949 sicut
1048 902 1117 967 g.
1150 887 1238 947 ibi
1267 907 1407 947 vera
1437 891 1527 947 est
1557 887 1682 947 vita
1700 888 2016 964 omnisque
2036 888 2307 967 potentia
2338 892 2400 948 et
2428 889 2521 948 vis
2552 890 2811 966 perfecte
2841 894 3054 951 actua-

422 979 620 1039 bitur:
653 979 739 1038 ita
769 979 833 1038 in
863 977 1096 1038 inferno
1127 977 1404 1055 regnabit
1430 996 1570 1036 vera
1585 995 1762 1049 mors,
1797 996 1936 1036 nam
1968 977 2162 1037 omnis
2180 977 2450 1055 potentia
2468 978 2766 1039 afficietur
2784 980 3052 1041 miseria..

480 1118 483 1119 ⁷
604 1096 682 1150 65
696 1097 749 1148 1.
780 1084 1062 1162 Theologi
1092 1103 1286 1162 porro,
1333 1102 1468 1143 cum
1499 1083 1717 1143 inferni
1742 1101 1965 1159 poenas
1996 1084 2328 1144 accuratius
2358 1085 2724 1161 describunt,
2773 1105 3048 1148 commu·

422 1175 582 1237 niter
610 1175 996 1253 distinguunt
1025 1173 1182 1233 inter
1212 1172 1464 1232 damni
1506 1191 1752 1250 poenam
1785 1176 1848 1232 et
1876 1191 2129 1249 poenam
2171 1191 2468 1237 8888118.
2534 1174 2647 1234 Ι118,
2693 1175 3050 1237 continetur

423 1283 651 1325 summo
695 1263 925 1335 damno,
976 1262 1306 1338 privatione
1354 1262 1476 1322 scil.
1524 1261 1667 1321 boni
1715 1262 1936 1322 summi
1980 1262 2304 1339 eorumque
2334 1262 2646 1335 bonorum,
2700 1284 2853 1341 quae
2904 1283 3044 1325 cum

422 1353 603 1431 hujus
633 1351 920 1412 fruitione
963 1351 1030 1411 in
1074 1351 1236 1410 coelo
1269 1352 1600 1413 cohaerent.
1666 1352 1866 1427 Hujus
1898 1352 2137 1411 nomine
2167 1351 2536 1429 intelligitur
2568 1354 2816 1429 quaevis
2848 1372 3043 1430 poena

418 1443 680 1520 positiva
707 1442 870 1501 ultra
900 1441 1102 1500 damni
1132 1458 1383 1517 poenam
1414 1441 1476 1500 vi
1507 1440 1658 1518 legis
1690 1440 1986 1517 positivae
2017 1460 2125 1517 per
2157 1441 2414 1517 aliquam
2434 1441 2727 1501 actionem
2747 1442 3054 1504 damnatis

418 1532 607 1603 illata,
639 1531 899 1590 naturali
929 1529 1305 1590 inclinationi
1338 1530 1589 1607 ingrata,
1633 1548 1739 1606 per
1769 1529 2014 1606 aliquod
2045 1548 2228 1607 agens
2263 1530 2565 1602 sensibile,
2614 1531 2777 1607 quod
2810 1537 2874 1591 et
2903 1550 3039 1593 sen·

419 1639 533 1685 sus.
566 1620 877 1681 hominum
907 1619 1322 1679 damnatorum
1350 1618 1544 1695 possit
1572 1618 1858 1696 affligere.
1922 1618 2115 1688 Quare
2146 1618 2364 1693 triplex
2397 1622 2487 1679 est
2528 1619 2687 1679 inter
2718 1623 3046 1698 utramque

417 1728 665 1786 poenam
697 1709 1047 1768 discrimen:
1095 1724 1159 1771 a.
1204 1708 1435 1767 ratione
1467 1707 1592 1781 Dei,
1637 1726 1828 1784 poena
1859 1705 2062 1766 damni
2087 1707 2371 1768 'consistit
2402 1707 2467 1767 in
2499 1708 2907 1769 subtractione
2940 1711 3032 1770 in-

416 1798 614 1859 fluxus
646 1798 867 1866 divini3
899 1816 1089 1874 poena
1118 1815 1329 1857 sensus
1358 1797 1424 1855 in
1456 1797 1685 1857 actione
1716 1796 2004 1873 positiva;
2053 1793 2123 1862 b.
2167 1797 2396 1856 ratione
2429 1797 2691 1858 animae:
2739 1798 2846 1857 illa
2891 1817 3029 1859 con-

418 1887 578 1948 sistit
607 1888 673 1946 in
701 1886 1055 1964 privatione,
1085 1887 1230 1946 haec
1257 1886 1321 1944 in
1354 1885 1620 1945 cruciatu
1640 1886 1931 1962 positivo;
1966 1900 2028 1949 8.
2061 1886 2288 1945 ratione
2308 1886 2546 1961 culpae:
2579 1886 2682 1945 illa
2711 1887 3038 1963 respondet

416 1976 712 2038 aversioni
743 1997 777 2035 a
809 1977 947 2047 Deo,
982 1976 1125 2035 haec
1143 1975 1516 2035 conversioni
1536 1975 1907 2034 inordinatae
1927 1974 2002 2033 ad
2021 1978 2321 2034 creaturas
2336 1975 2401 2053 ²).
2432 1977 2599 2035 Inter
2617 1976 2811 2035 varias
2833 1980 3045 2037 autem-

415 2084 632 2142 poenas
650 2082 863 2125 8888118
882 2065 1105 2124 eminet
1134 2065 1211 2142 ig
1224 2064 1344 2123 nis
1360 2108 1374 2136 ,
1408 2064 1481 2123 de
1508 2083 1627 2140 quo
1647 2083 1767 2124 non
1787 2063 2098 2125 mediocris
2118 2067 2209 2123 est
2229 2064 2525 2139 quaestio,
2559 2064 2717 2124 sitne
2736 2067 3038 2141 proprius,

416 2175 492 2214 an
538 2154 973 2231 metaphoricae
1004 2157 1259 2213 tantum.
1324 2153 1450 2213 Hoc
1494 2152 1793 2229 posterius
1838 2151 2139 2212 affirmant
2179 2153 2557 2231 Origenes
2606 2154 2677 2214 de
2721 2154 2909 2230 princ.
2955 2156 3044 2227 ΙΙ,

425 2256 501 2308 10
534 2264 591 2304 n.
626 2255 666 2307 4
697 2262 794 2314 88.,
829 2243 1231 2313 Calvinus,
1279 2243 1497 2312 Beza;
1546 2261 1615 2301 ex
1659 2241 1955 2319 theologis
1988 2241 2291 2301 catholicis
2323 2243 2527 2303 Ambr.
2559 2242 3032 2304 Catharinus

413 2333 482 2393 in
523 2335 565 2399 1,
604 2334 675 2393 de
704 2351 924 2409 praem.
958 2336 1018 2391 et
1050 2332 1264 2409 suppl„
1314 2331 1640 2390 secundum
1675 2349 1826 2406 quos
1858 2330 2015 2408 ignis
2046 2330 2315 2407 symbolo
2348 2331 2444 2390 vel
2474 2333 2804 2409 generatim
2837 2332 3040 2409 expri-

412 2422 603 2483 mitur
647 2440 972 2498 poenarum
1020 2421 1281 2499 gravitas
1296 2464 1313 2491 ‚
1374 2420 1472 2480 vel
1529 2420 1836 2497 speciatim
1897 2419 2292 2497 designantur
2338 2420 2732 2481 conscientiae
2782 2420 3030 2493 stimuli,

413 2511 764 2590 desperatio,
799 2511 957 2570 sicut
980 2513 1043 2569 et
1064 2510 1406 2585 metaphora
1432 2529 1470 2567 v
1486 2529 1518 2569 e
1532 2529 1636 2568 rm
1652 2510 1675 2568 i
1690 2528 1736 2568 s.
1788 2508 2128 2568 Communis
2149 2512 2348 2568 tamen
2367 2509 2786 2587 theologorum
2805 2513 2867 2569 et
2885 2510 3038 2568 fide-

411 2601 563 2661 lium
581 2600 879 2660 sententia
908 2603 1016 2669 est,
1050 2600 1251 2676 ignem
1286 2598 1462 2658 illum
1492 2617 1623 2658 esse
1653 2617 1915 2658 verum
1948 2601 2010 2657 et
2040 2597 2471 2674 proprium:
2506 2617 2625 2676 qua
2656 2597 2728 2658 de
2761 2617 2825 2658 re
2857 2598 3041 2658 nulla

413 2690 657 2767 quidem
688 2689 920 2750 exsistit
947 2689 1242 2748 Ecclesiae
1273 2687 1558 2758 definitio,
1602 2688 1986 2748 temerarium
2019 2690 2219 2747 tamen
2261 2688 2414 2753 foret
2457 2707 2492 2747 a
2537 2689 2836 2748 communi
2868 2706 3028 2748 rece-

413 2780 551 2840 dere
584 2779 896 2849 sententia,
930 2779 1104 2854 cujus
1137 2777 1475 2854 oppositum
1505 2778 1766 2854 theologi
1799 2777 2095 2847 nonnulli,
2142 2780 2213 2836 ut
2248 2777 2571 2837 Toletus
2604 2780 2666 2836 et
2695 2778 3033 2849 Bannez,

413 2872 626 2929 vocant
655 2887 913 2928 errorem
944 2868 1039 2927 vel
1072 2867 1255 2926 errori
1285 2866 1639 2943 proximum.
1670 2866 1827 2925 Hinc
1845 2866 2025 2925 etiam
2046 2866 2426 2943 congregatio
2457 2885 2504 2926 s.
2536 2866 3041 2943 poenitentiariae

418 2967 518 3021 3ο.
548 2960 689 3033 Apr.
720 2966 884 3022 1890
920 2956 1152 3027 statuit,
1183 2974 1303 3015 non
1334 2973 1462 3014 esse
1492 2954 1900 3027 absolvendos,
1937 2955 2041 3014 sed
2073 2955 2474 3026 instruendOS,
2509 2955 2615 3032 qui
2646 2955 3043 3032 pertinaciter-

414 3049 709 3118 censeant,
753 3047 954 3123 ignem
985 3044 1207 3104 inferni
1237 3062 1359 3103 non
1397 3062 1527 3103 esse
1556 3045 1792 3115 realem,
1840 3044 1946 3102 sed
1992 3044 2481 3120 metaphoricum,
2529 3043 2783 3120 ideoque
2827 3048 3029 3104 autem

413 3135 632 3210 inferni
663 3153 881 3212 poenas
914 3133 1100 3193 dictas
1131 3133 1313 3192 fuisse
1344 3134 1564 3210 ignem,
1612 3132 1773 3208 quod
1816 3133 1988 3192 nulla
2019 3133 2213 3208 aptior
2245 3133 2325 3191 sit
2355 3133 2551 3211 imago
2586 3132 2659 3191 ad
2691 3133 3037 3211 significan-

413 3224 547 3283 dam
577 3224 950 3284 atrocitatem
982 3223 1238 3293 illarum,
1273 3240 1663 3298 quaecunque
1691 3220 1933 3280 demum
1963 3221 2099 3280 illae
2130 3222 2270 3291 sint,
2305 3241 2483 3297 quam
2514 3222 2690 3301 ignis,
2723 3223 2830 3299 qui
2862 3221 3031 3281 dolo-

411 3331 538 3373 rem
568 3314 837 3373 omnium
856 3312 1179 3371 maximum
1198 3309 1494 3388 producit.
1543 3311 1687 3369 Cum
1720 3329 1861 3370 vero
1892 3310 2145 3370 dicimus
2178 3311 2378 3388 ignem
2409 3310 2629 3371 inferni
2660 3329 2792 3370 esse
2821 3329 3040 3371 verum-

412 3406 474 3461 et
502 3404 832 3479 proprium,
864 3421 986 3462 non
1014 3402 1327 3478 propterea
1357 3400 1628 3470 dicimus,
1661 3418 1799 3458 eum
1832 3416 2077 3476 prorsus
2109 3417 2240 3458 esse
2272 3401 2525 3459 eundem
2557 3419 2690 3460 cum
2723 3401 2877 3478 igne,
2910 3419 3045 3476 quo-

411 3510 520 3551 nos
544 3493 728 3552 modo
761 3491 1020 3550 utimur:
1053 3508 1190 3550 vere
1221 3489 1378 3549 enim
1413 3488 1624 3547 scribit
1652 3489 2154 3566 Augustinus
2185 3488 2259 3548 de
2290 3488 2400 3550 civ.
2436 3489 2542 3548 Dei
2562 3489 2683 3561 XX,
2726 3500 2834 3552 16:
2870 3489 3029 3560 ,Qui

410 3581 571 3658 ignis
603 3580 936 3657 cujusmodi
982 3579 1080 3649 sit,
1127 3578 1433 3638 hominum
1466 3577 1615 3637 scire
1647 3577 1906 3636 arbitror
1933 3578 2248 3648 neminem,
2295 3578 2413 3636 nisi
2454 3577 2606 3636 forte
2637 3578 2734 3637 cui
2768 3578 3031 3653 Spiritus

411 3670 655 3730 divinus
688 3669 967 3733 ostendit.
983 3677 1011 3707 ‘
1078 3667 1148 3726 Id
1177 3671 1379 3726 tamen
1408 3666 1650 3726 videtur
1680 3665 2133 3737 defendendum,
2167 3685 2285 3742 quo
2317 3685 2454 3725 vere
2486 3666 2641 3744 ignis
2672 3664 2789 3725 dici
2820 3666 3033 3742 possit,

410 3777 547 3818 eum
578 3777 709 3819 esse
739 3757 968 3834 aliquid
1001 3759 1330 3828 externum,
1361 3756 1692 3832 physicum,
1727 3755 2046 3831 corporale,
2092 3772 2215 3813 non
2246 3773 2405 3813 mere
2436 3755 2756 3825 internum,
2787 3755 3030 3825 morale,

411 3847 739 3923 spirituale,
774 3847 1047 3922 illudque
1077 3845 1402 3922 producere
1434 3845 1712 3915 dolorem,
1746 3843 1986 3921 qualem
2017 3861 2193 3902 verus
2226 3843 2386 3922 ignis
2420 3844 2573 3903 solet
2601 3843 2939 3920 producere.

504 4049 507 4052 Α
591 3971 738 4037 652.
771 3967 1338 4056 Demonstratio.
1389 3966 1449 4035 1.
1498 3963 1823 4029 Probatur
1856 3964 2127 4028 assertio
2159 3981 2238 4027 ex
2272 3961 2617 4045 Scripturis
2650 3968 3042 4044 argumento

412 4073 815 4154 generali:
846 4091 889 4137 a
917 4073 1308 4155 proprietate
1340 4072 1690 4138 verborum
1724 4072 1866 4136 sine
1898 4071 2288 4136 necessitate
2307 4088 2438 4134 non
2460 4077 2559 4135 est
2576 4067 3027 4135 recedendum.

632 4245 669 4311 ¹)
694 4240 778 4296 Cf.
804 4240 1007 4295 laessi
1030 4257 1109 4294 us
1134 4240 1204 4295 de
1231 4240 1346 4296 div.
1374 4240 1607 4310 perfect.
1634 4241 1782 4305 XIII,
1808 4241 1904 4301 29:
1960 4236 2440 4293 Pallavicini
2467 4236 2562 4291 del
2589 4236 2739 4291 Bene
2767 4238 2802 4292 l.
2839 4246 2882 4293 1.
2910 4255 2963 4307 p.
2994 4245 3040 4292 2

410 4317 465 4375 c.
482 4327 582 4377 43:
609 4320 646 4375 S
662 4337 700 4374 11
716 4315 840 4375 are
856 4338 884 4374 z
912 4319 981 4374 de
1007 4319 1228 4391 angelis
1252 4319 1402 4383 Vm,
1428 4327 1492 4376 12
1511 4339 1567 4378 n.
1595 4330 1640 4385 1,
1666 4320 1771 4375 ubi
1797 4320 1991 4375 docet:
2022 4319 2281 4384 „Dicitur
2304 4334 2490 4389 poena
2509 4333 2724 4382 88118118,
2751 4334 2866 4373 non
2888 4318 3046 4385 quia

411 4417 515 4471 per
534 4403 699 4455 actus
723 4417 992 4456 sensuum
1020 4401 1111 4454 vel
1135 4399 1452 4470 potentiam
1480 4400 1751 4454 sensitive
1767 4400 2136 4465 sustineatur,
2152 4400 2251 4454 sed
2267 4398 2406 4468 quia
2421 4413 2649 4454 causam
2669 4400 2730 4452 et
2746 4396 3033 4468 originem

410 4480 588 4535 habet
608 4481 684 4534 ab
706 4480 904 4550 aliquo
930 4479 1189 4534 sensibili
1214 4497 1467 4551 corpore,
1507 4480 1663 4548 quod
1689 4496 1862 4535 causa
1901 4482 1989 4534 est
2027 4479 2202 4549 hujus
2228 4489 2493 4548 poenae.“
2543 4477 2727 4543 Quare
2767 4477 3040 4533 damnati.

409 4573 635 4636 praeter
675 4576 920 4630 poenam
965 4560 1162 4615 damni
1205 4577 1418 4631 poenas
1461 4577 1657 4615 sensus
1701 4560 2019 4625 incurrant,
2062 4559 2292 4631 egregie
2331 4558 2583 4628 explicat
2624 4576 2665 4613 s.
2712 4559 2757 4613 T
2774 4559 2811 4612 h
2829 4576 2862 4614 o
2879 4578 2934 4613 m
2950 4575 2986 4612 a
3001 4577 3040 4613 8

406 4659 456 4711 c.
482 4642 681 4712 gentes
708 4641 804 4705 llI,
835 4647 934 4697 145
963 4660 1003 4694 s.
1056 4640 1138 4696 cf.
1164 4642 1298 4696 Sch
1316 4640 1459 4695 mid
1489 4658 1582 4709 qq.
1610 4640 1850 4696 selectae
1878 4660 1931 4710 q.
1960 4649 2009 4698 3.
