3538 5364
536 252 660 318 164
886 238 1070 291 Tract.
1104 236 1246 290 Vm,
1273 236 1342 289 de
1362 234 1791 304 justificatione.
1819 233 2067 288 Effectus
2094 231 2417 286 secundarii
2445 250 2529 302 gr.
2549 232 2791 303 justific.

527 436 597 491 ut
629 446 751 488 non
784 423 1157 484 misereatur
1181 417 1313 501 filio
1344 418 1508 479 uter-i
1540 417 1691 479 sui?
1720 422 1778 478 et
1807 416 1861 478 si
1894 416 2010 479 illa
2030 414 2221 479 oblita
2249 416 2467 498 fuerit,
2500 435 2610 497 eqo
2629 421 2836 479 tamen
2855 436 2984 477 non
3002 414 3168 478 obli-

528 535 738 598 viscar
768 530 878 593 tui.
940 527 1098 590 Ecce
1127 525 1700 612 in‘manibusmeis
1731 523 2030 606 descripsi
2062 530 2154 585 te:
2202 523 2371 584 muri
2406 523 2502 584 tui
2533 541 2745 585 coram
2778 521 2972 585 oeulis
3001 524 3172 585 meis

529 658 803 721 semper;
834 640 940 710 46,
973 638 1046 708 33
1079 632 1298 695 Matth.
1334 637 1391 707 6,
1425 635 1510 699 25
1543 651 1624 705 s.;
1671 636 1735 694 et
1780 635 1965 693 tanta
1996 636 2094 694 est
2126 629 2286 694 haec
2316 628 2744 711 providentia,
2785 635 2856 692 ut
2888 631 2931 693 d
2941 630 3162 712 iliqen-

534 745 701 810 tibus
733 743 938 807 Deum
970 741 1180 802 omnia
1213 744 1611 820 cooperentur
1642 738 1709 799 in
1744 738 1966 800 bonum
2000 737 2183 800 Rom.
2219 742 2278 813 8,
2313 743 2414 807 28.

711 869 775 935 2.
809 865 991 930 Adde
1021 861 1367 944 specialem
1400 861 1872 942 angelorum
1904 861 2267 926 custodiam
2299 860 2485 925 Hebr.
2525 865 2579 937 1,
2618 864 2732 935 14;
2767 859 2866 923 Ps.
2901 864 3008 935 90.
3059 866 3170 928 11.

713 993 777 1059 3.
810 990 1080 1053 Adnexa
1111 994 1208 1052 est
1240 986 1356 1050 dos
1386 985 1684 1062 liberaliS,
1735 985 1942 1068 qualis
1974 986 2160 1051 decet
2192 1004 2322 1061 θος,
2369 986 2479 1068 qui
2510 984 2663 1049 faeti
2694 993 2848 1050 sunt
2881 984 2992 1048 filii
3023 985 3172 1058 Dei.

534 1101 761 1165 fratres
775 1098 829 1163 J.
844 1094 1345 1175 Christi‚templa
1359 1091 1633 1175 Spiritus
1650 1113 1717 1157 ss
1733 1094 1880 1157 hinc
1902 1093 2236 1174 singularis
2258 1093 2479 1157 virtu
2495 1112 2526 1156 s
2548 1098 2611 1157 et
2626 1092 2936 1174 potentia,
2963 1109 3169 1173 quam

534 1206 737 1287 fragili
751 1211 1022 1268 naturae
1039 1200 1285 1266 confert
1298 1206 1561 1282 propter
1578 1200 1837 1264 habitus
1862 1199 2104 1264 infusos
2125 1207 2190 1264 et
2208 1199 2538 1282 multiplex
2559 1199 2808 1279 gratiae
2832 1197 3170 1273 auxilium,

537 1313 709 1397 quod
742 1329 961 1376 secum
994 1308 1130 1385 fert,
1162 1315 1234 1372 ut
1265 1307 1649 1388 condignam
1693 1307 1927 1373 ducere
1971 1308 2222 1389 possint
2265 1307 2481 1371 vitam.
2545 1304 2739 1387 Cujus
2770 1306 3029 1370 virtutis
3063 1310 3174 1368 tot.

536 1427 687 1485 sunt
719 1422 1112 1498 argumenta,
1147 1421 1305 1495 quot
1336 1421 1669 1496 martyres,
1700 1415 1993 1495 virgines,
2027 1421 2187 1496 quot
2219 1415 2448 1478 horum
2480 1413 2789 1477 victoriae
2829 1412 2909 1476 de
2942 1429 3168 1486 carne.

538 1526 797 1601 mund0,
830 1521 1110 1596 infern03
1156 1520 1345 1601 hujus
1388 1520 1641 1584 virtutis
1673 1520 1904 1584 intuitu
1953 1521 2318 1585 exclamare
2352 1521 2533 1585 licet:
2583 1518 2733 1583 Vere
2764 1521 3003 1600 diyitus
3033 1518 3165 1581 Dei

539 1639 625 1697 est
658 1633 753 1695 hle
784 1629 892 1693 Ex.
927 1635 985 1704 8,
1025 1633 1137 1702 19;
1170 1627 1321 1690 haec·
1351 1628 1617 1690 mutatio
1650 1628 1938 1691 dexterae
1968 1626 2201 1691 Exeelsi
2232 1626 2331 1691 ΡΞ.
2368 1632 2470 1703 76,
2510 1632 2624 1703 11;
2657 1625 2970 1690 mirabilis
2990 1625 3174 1689 Deus

540 1741 609 1801 in
640 1737 871 1800 sanctis
901 1735 1033 1797 suis
1065 1731 1165 1796 Ps.
1197 1737 1301 1808 67,
1337 1737 1453 1808 363
1505 1730 1712 1797 Venite
1744 1740 1799 1797 et
1829 1734 2023 1797 videte
2053 1754 2244 1817 opera
2265 1732 2545 1812 Domini,
2579 1754 2738 1817 quae
2769 1733 2977 1816 posuit
2997 1752 3167 1818 pro-

542 1845 722 1929 diy'ia
752 1862 940 1926 super
972 1848 1207 1903 terram
1239 1837 1339 1902 Ps.
1372 1843 1477 1915 45,
1510 1845 1584 1916 93
1630 1839 1729 1903 Ad
1767 1840 1978 1920 justos
2024 1848 2320 1921 spectant
2363 1839 2437 1903 Is.
2470 1845 2575 1917 40.
2609 1844 2728 1909 31:
2802 1840 2924 1918 Qui
2957 1846 3172 1904 autem

544 1956 795 2034 sperant
827 1951 895 2011 in
917 1947 1205 2020 DominO,
1240 1946 1570 2010 mutabunt
1600 1948 2055 2031 fortitudinem,
2089 1954 2404 2010 assument
2425 1967 2676 2030 pennas
2706 1948 2862 2010 sieut
2896 1945 3176 2029 aquilae,

546 2064 797 2120 current
846 2061 901 2118 et
951 2073 1074 2115 non
1123 2052 1516 2134 laborabunt,
1563 2054 1967 2118 ambulabunt
1999 2061 2054 2117 et
2086 2075 2206 2117 uon
2254 2055 2550 2137 deficient.
2617 2053 2830 2133 Quare
2862 2053 2983 2117 illis
3015 2070 3166 2116 cum

547 2163 747 2227 Paulo
780 2161 934 2225 Phil.
966 2164 1026 2236 4,
1067 2165 1145 2228 13
1179 2161 1390 2224 dicere
1421 2161 1598 2224 licet:
1646 2162 1878 2225 Omnia
1902 2182 2154 2245 possum
2185 2163 2254 2223 in
2285 2181 2375 2242 ee,
2408 2164 2516 2245 qui
2545 2181 2641 2223 me
2670 2160 3004 2241 confortat.
3075 2158 3176 2223 Cf.

549 2269 997 2350 Gregorius
1031 2267 1107 2330 Μ.
1142 2267 1309 2330 hom.
1345 2273 1432 2336 30
1464 2269 1529 2331 in
1562 2267 1665 2331 Ev.
1700 2287 1917 2350 opusc.
1950 2268 2050 2345 VI,
2085 2274 2214 2338 240
2248 2288 2329 2332 ss.
2363 2286 2483 2332 ser.
2517 2267 2583 2331 11.

725 2394 790 2463 4.
822 2392 995 2456 Haec
1026 2392 1234 2473 gratia
1254 2410 1475 2456 veram
1506 2394 1808 2457 conciliat
1838 2392 2204 2457 felicitatem
2236 2398 2301 2457 et
2331 2409 2627 2474 pacem,
2662 2410 2859 2473 quam
2891 2390 3174 2454 mundus

551 2501 705 2565 dare
737 2518 870 2564 non
901 2504 1132 2581 potest,
1167 2499 1330 2564 adeo
1378 2506 1449 2563 ut
1480 2518 1626 2563 cum
1673 2499 1902 2565 eodem
1935 2497 2246 2580 Apostolo
2284 2504 2338 2565 2.
2374 2497 2515 2562 Cor.
2552 2504 2587 2565 7
2596 2548 2608 2574 ‚
2642 2503 2685 2566 4
2711 2498 2924 2578 justus
2960 2496 3178 2560 dicere

549 2609 782 2690 possit:
814 2608 1271 2693 Superabundo
1298 2608 1537 2691 qaudio
1568 2608 1637 2667 in
1669 2608 1838 2668 omni
1869 2605 2268 2670 tribulatione
2299 2612 2528 2669 nostra.

731 2737 793 2803 ὃ.
824 2733 969 2815 lpsa
1000 2750 1220 2797 veram
1252 2730 1497 2797 confert
1526 2730 2029 2809 libertatem,
2062 2752 2286 2798 verum
2317 2750 2728 2813 progressum
2763 2730 3179 2810 cultumque;

553 2841 905 2904 formamur
935 2840 1103 2903 enim
1138 2839 1220 2902 ad
1250 2838 1719 2901 nobilissimum
1750 2836 1987 2902 Christi
2019 2845 2083 2904 et
2114 2838 2228 2902 Dei
2261 2838 2602 2920 exemplar.

733 2967 801 3032 6.
835 2963 977 3027 Alia
1026 2963 1270 3043 gratiae
1320 2962 1777 3027 sanctificantis
1828 2964 2276 3045 praerogativa
2328 2970 2427 3028 est
2476 2964 2611 3044 ejus
2663 2963 3186 3044 perennitaS‚

557 3070 832 3135 nectitur
882 3071 1052 3134 enim
1100 3087 1247 3133 cum
1299 3070 1500 3150 gloria
1549 3075 1884 3152 tamquam
1934 3071 2122 3151 hujus
2173 3070 2375 3146 radix,
2428 3071 2576 3134 hinc
2622 3093 2683 3138 a.
2729 3070 2796 3132 in
2830 3067 3177 3150 Scripturis

551 3177 707 3258 justi
737 3176 925 3257 hujus
958 3178 1126 3241 vitae
1173 3176 1556 3242 exhibentur
1591 3177 1728 3257 jam
1773 3178 2115 3259 participes
2161 3179 2340 3257 regni
2371 3175 2701 3242 coelorum
2731 3178 3032 3259 vitaeque
3065 3195 3181 3240 ae-

560 3290 799 3349 ternae.
830 3283 1102 3347 Tamdiu
1134 3302 1285 3365 ergo
1319 3283 1596 3360 durabit,
1629 3284 1937 3368 quamdiu
1985 3285 2193 3365 ipsum
2243 3303 2510 3364 regnum
2543 3284 2891 3349 coelorum.
2938 3283 3205 3375 Deinde·

560 3393 631 3458 b.
666 3396 933 3454 eatenus
959 3391 1114 3471 justi
1146 3398 1621 3474 consequentur
1670 3389 1937 3472 gloriam
1986 3390 2347 3468 coelestem,
2399 3398 2717 3473 quatenus
2765 3399 2915 3455 sunt
2959 3390 3064 3455 filii
3117 3398 3188 3455 et

558 3499 845 3562 heredes,
909 3497 1044 3561 Filii
1077 3506 1294 3564 autem
1328 3505 1392 3563 et
1423 3499 1696 3564 heredes
1728 3499 2204 3563 constituuntur
2235 3499 2459 3579 gratia.
2523 3497 2796 3562 Tamdiu
2830 3516 2979 3579 ergo
3014 3496 3186 3561 haec

561 3604 793 3668 durare
825 3604 1033 3680 debet,
1068 3606 1373 3688 quamdiu
1405 3606 1622 3686 gloria.
1685 3606 1846 3669 Hinc
1879 3625 1943 3674 c.
1980 3606 2190 3686 gratia
2237 3605 2590 3682 exhibetur,
2637 3613 2708 3670 ut
2755 3605 2899 3669 fons
2944 3605 3192 3670 saliens

562 3713 627 3774 in
676 3711 877 3775 vitam
929 3719 1261 3777 aeternam
1289 3712 1382 3777 Jo.
1416 3718 1476 3788 4,
1518 3717 1613 3781 14.
1676 3713 1777 3776 Ad
1823 3714 1985 3778 haec
2035 3715 2105 3780 d.
2159 3713 2365 3793 gratia
2405 3712 2778 3777 deificamur
2827 3712 3186 3778 secundum

563 3826 821 3898 patrum
854 3819 1212 3882 doctrinam
1246 3819 1329 3905 (n.
1372 3820 1537 3906 193).
1570 3819 1745 3883 Haec
1775 3838 1929 3884 vero
1962 3819 2279 3883 deificatio
2302 3819 2555 3883 culmen
2588 3838 2780 3882 suum
2816 3820 3087 3901 attinget
3119 3821 3188 3882 in

565 3923 781 4004 gloria.
843 3924 1005 4006 Ergo
1039 3933 1103 3990 et
1134 3926 1341 4006 gratia
1370 3927 1436 3988 in
1467 3925 1669 4006 gloria
1700 3926 2004 3990 manebit.
2072 3925 2157 3989 Cf.
2207 3926 2745 4007 Kirschkamp
2795 3925 3021 3990 Gnade
3054 3926 3189 3989 und

566 4029 779 4095 Glorie
810 4050 950 4112 pag.
988 4038 1072 4101 74
1106 4052 1187 4096 ss.

745 4153 956 4233 Quare
988 4163 1135 4236 post
1166 4157 1327 4222 haec
1348 4157 1567 4221 omnia
1586 4158 1666 4221 de
1686 4158 1893 4238 gratia
1912 4157 2117 4238 repeti
2137 4165 2408 4238 possunt
2429 4158 2744 4235 encomia,
2767 4175 2934 4240 quae
2956 4165 3194 4221 auctor

568 4261 911 4341 inspiratus
943 4264 1298 4343 sapientiae
1329 4264 1549 4329 tribuit
1581 4261 1727 4345 Sap.
1766 4270 1820 4339 7.
1860 4270 1898 4333 8
1934 4284 2048 4327 ss:
2112 4264 2459 4349 Praeposui
2490 4265 2666 4328 illam
2702 4267 2910 4348 reynis
2941 4272 2997 4328 et
3029 4264 3189 4327 sedi-

571 4367 702 4447 bus,
734 4373 791 4431 et
822 4371 1079 4433 divitias
1123 4373 1280 4436 nihil
1325 4393 1450 4436 esse
1482 4374 1637 4436 duxi
1670 4375 1738 4434 in
1769 4374 2236 4456 comparatione
2268 4373 2454 4441 illius,
2519 4373 2647 4436 Nec
2696 4374 3063 4460 comparavi
3097 4370 3192 4434 illi

571 4475 838 4558 lapidem
882 4480 1221 4560 pretiosum
1236 4503 1262 4560 ;
1308 4482 1601 4564 quoniam
1647 4500 1822 4543 omne
1868 4499 2100 4542 aarum
2146 4481 2214 4541 in
2255 4482 2723 4562 comparatione
2767 4479 2939 4543 »illius
2990 4498 3194 4543 arena

571 4589 658 4646 est
690 4585 916 4666 exiqua
960 4591 1016 4648 et
1061 4595 1382 4671 tamquam
1427 4587 1625 4650 lutum
1671 4586 2102 4650 aestimabitur
2147 4596 2474 4668 arpentum
2519 4589 2587 4650 in
2632 4592 2957 4670 conspectu
3005 4584 3194 4648 illius.

575 4692 779 4775 Super
809 4695 1073 4756 salutem
1106 4700 1161 4756 et
1192 4695 1447 4777 speciem
1480 4695 1673 4756 dilexi
1704 4692 1916 4757 illam:
1963 4694 2256 4775 quoniam
2301 4692 2799 4776 inexstinquibile
2844 4702 2931 4758 est
2984 4693 3196 4756 lumen
