3538 5364
537 313 667 383 548
1378 308 1562 365 Tract.
1589 309 1683 364 IX.
1711 310 1781 364 de
1810 310 2028 368 ordine.
2054 310 2311 365 Praetica

536 507 682 554 esse
713 488 985 571 fragiles.
1032 490 1193 554 Hinc
1226 510 1287 561 c.
1319 490 1373 555 si
1407 507 1485 555 ea
1516 491 1709 554 nimis
1740 507 1991 571 urgeaS,
2024 499 2420 583 sequeretur,
2453 493 2932 559 matrimonium
2966 496 3165 561 etiam

535 596 722 660 unius
755 615 905 660 cum
936 617 1068 662 una
1098 598 1291 680 idque
1323 597 1761 663 indissolubile
1795 617 1939 664 esse
1959 597 2204 664 malurn
2227 606 2289 665 et
2310 600 2772 681 abrogandum,
2803 620 2952 666 cum
2972 621 3054 667 ex
3084 621 3168 668 eo

535 702 737 768 multa
769 703 854 767 ob
886 702 1220 769 hominum
1250 704 1560 769 malitiam
1592 712 2075 788 consequantur
2105 707 2520 773 incommoda
2550 714 2615 772 et
2647 708 2836 785 mala,
2869 716 2941 774 ut
2974 709 3166 773 adul-

536 809 714 879 teria.
748 810 1174 892 conjugicidia
1205 818 1324 876 etc.
1374 809 1670 875 Ceterum
1704 812 1779 879 d.
1814 813 2211 877 consulimus
2244 812 2444 889 hisce,
2489 814 2686 889 ,orbis
2717 815 3166 893 curatoribus‘,

534 924 604 979 ut
649 935 765 980 eos
808 916 973 983 belle
1007 916 1322 1000 Chryso
1345 924 1659 983 stomus
1705 921 1786 984 de
1818 919 1975 1001 virg.
2022 939 2083 984 n.
2119 924 2203 989 14
2234 926 2455 997 vocat,
2501 928 2575 984 ut
2618 923 2796 1003 prius
2837 940 3033 1004 quam
3081 941 3164 987 ex

534 1010 735 1087 oculis
767 1023 917 1089 cleri
950 1030 1181 1089 eruant
1212 1024 1526 1088 festucam
1557 1024 1896 1095 malorum.
1931 1045 2098 1109 quae
2135 1025 2529 1093 coelibatum
2548 1033 2811 1109 propter
2827 1028 3162 1093 hominum

532 1127 939 1210 fragilitatem
971 1130 1246 1195 subinde
1278 1138 1792 1214 consequuntur,
1840 1134 1923 1198 ad
1957 1134 2228 1197 crimina
2260 1133 2394 1197 sive
2425 1133 2687 1216 propria
2719 1134 2856 1199 sive
2889 1135 3163 1200 aliorum

533 1236 911 1317 respiciant,
957 1256 1111 1303 nam
1142 1237 1386 1303 fatente
1417 1238 1557 1319 ipso
1589 1238 1782 1303 Volt
1803 1241 1980 1305 aire
2027 1240 2224 1325 (apud
2255 1239 2600 1305 Maistre
2643 1241 2730 1305 du
2761 1240 2937 1323 Pape
2968 1242 3058 1319 111,
3092 1244 3163 1319 3)

530 1343 630 1407 vel
664 1343 1042 1408 tristissimis
1072 1343 1398 1410 Ecclesiae
1430 1345 1830 1427 temporibus
1862 1346 2008 1410 laici
2039 1344 2287 1410 clericis
2318 1365 2573 1428 semper
2601 1348 2855 1430 pejores
2887 1348 3162 1414 fuerunt.

712 1466 859 1538 583.
914 1470 973 1540 7.
1018 1468 1194 1535 Neve
1227 1477 1610 1552 opponatur,
1651 1471 1817 1535 haec
1854 1471 2114 1554 quidem
2147 1472 2365 1535 omnia
2396 1471 2738 1537 ostendere
2769 1473 3158 1538 coelibatum

534 1592 677 1639 esse
710 1574 953 1639 bonum
986 1575 1262 1659 ideoque
1295 1577 1651 1654 consuli,
1683 1584 2055 1643 nontamen
2086 1578 2456 1660 praecipi
2485 1597 2708 1660 posse:
2741 1597 2893 1643 narn
2913 1600 2977 1650 a.
2996 1581 3164 1645 haec

534 1699 575 1744 a
608 1680 852 1746 fortiori
884 1690 1112 1747 contra
1142 1684 1522 1748 societatem
1553 1682 1806 1749 civilem
1838 1686 2054 1766 urgeri
2084 1692 2386 1766 possunt,
2435 1704 2602 1768 quae
2651 1687 2733 1750 ad
2766 1685 3159 1752 coelibatum

529 1794 627 1852 tot
659 1785 892 1852 invitos
924 1807 1015 1852 co
1034 1790 1179 1870 git,
1213 1809 1345 1854 non
1378 1809 1530 1855 vero
1564 1797 1794 1855 contra
1824 1791 2195 1869 Ecclesiam,
2238 1810 2405 1874 quae
2438 1793 2695 1857 nonnisi
2726 1812 2837 1857 eos
2870 1795 2953 1857 ad
2985 1793 3160 1858 hanc

529 1894 733 1975 legem
785 1894 1028 1976 obligat
1076 1896 1492 1973 servandam,
1556 1897 1664 1979 qui
1711 1902 1944 1979 sponte
1994 1916 2116 1961 sua
2165 1905 2359 1981 atque
2409 1898 2677 1965 libere
2739 1918 2809 1965 se
2861 1901 3157 1967 offerunt.

530 2003 599 2069 b.
647 2000 1102 2067 Consilium
1148 2009 1395 2067 attenta
1439 2003 1719 2067 hominis
1767 2003 2108 2085 fragilitate
2153 2005 2278 2069 hac
2322 2007 2388 2069 in
2434 2005 2707 2072 materia
2744 2026 2876 2071 non
2907 2006 3158 2071 sufficit.

527 2107 688 2172 Hinc
719 2107 1002 2173 Ecclesia
1033 2109 1167 2175 fere
1200 2128 1457 2192 semper
1486 2110 1851 2191 privaretur
1881 2111 2055 2176 bono
2088 2109 2232 2190 illo,
2278 2112 2363 2176 ad
2411 2113 2582 2195 quod
2627 2112 2986 2178 coelibatus
3017 2122 3157 2179 tam

527 2215 928 2279 necessarius
962 2222 1073 2281 est.
1107 2214 1321 2296 Quare
1352 2236 1415 2285 c.
1449 2216 1717 2298 quilibet
1750 2218 2117 2283 consideret
2147 2219 2341 2300 prius,
2390 2219 2554 2284 sitne
2591 2219 2673 2283 ad
2705 2218 2879 2283 hunc
2909 2227 3158 2286 statum

529 2328 813 2399 vocatuS,
846 2329 1059 2388 certus
1091 2325 1159 2390 d.
1192 2322 1385 2404 quod,
1418 2323 1471 2386 si
1502 2330 1774 2388 vocatus
1807 2325 2074 2401 accedit,
2119 2324 2291 2391 Deus
2337 2326 2606 2391 daturus
2652 2327 2734 2391 sit
2765 2328 3037 2407 gratiam
3070 2331 3159 2394 ad

529 2428 789 2493 ferenda
818 2430 1008 2511 hujus
1039 2437 1246 2496 status
1280 2448 1500 2506 onera,
1532 2449 1654 2496 nec
1684 2433 2152 2513 permissuruS,
2195 2439 2267 2497 ut
2312 2434 2456 2516 quis
2501 2439 2784 2498 tentetur
2828 2455 3022 2518 supra
3070 2439 3155 2513 id,

527 2536 697 2618 quod
728 2537 929 2617 possit
961 2539 1043 2624 (1.
1079 2537 1222 2602 Cor.
1260 2543 1361 2613 10,
1402 2537 1525 2624 13).
1586 2537 1673 2602 Cf.
1709 2537 2075 2604 Perrone
2108 2540 2207 2603 IX.
2255 2540 2335 2604 de
2372 2539 2506 2604 ord.
2538 2557 2590 2603 c.
2626 2545 2699 2615 5;
2750 2541 3158 2608 Zaccaria

526 2638 740 2708 Storia
772 2641 872 2708 del
905 2642 1215 2721 CelibatO,
1247 2644 1497 2709 Romae
1534 2648 1613 2714 17
1622 2650 1656 2711 7
1664 2651 1739 2722 4;
1773 2646 2213 2728 Hettinger
2243 2647 2284 2724 I,
2318 2653 2358 2716 3
2391 2646 2539 2711 diss.
2573 2653 2677 2718 22.

708 2780 882 2836 583⁸.
918 2768 1269 2838 Scholion
1300 2772 1737 2854 practicam.
1787 2776 2034 2835 Uberem
2065 2776 2301 2836 dicendi
2333 2777 2562 2854 copiam
2583 2778 2654 2837 de
2675 2778 2986 2839 sacerdotii
3020 2781 3156 2858 dig·

523 2861 728 2932 nitate,
781 2881 932 2937 quae
980 2868 1420 2940 peropportune
1469 2866 1687 2940 populo
1741 2866 2186 2925 commendatur
2216 2867 2520 2926 occasione
2551 2867 2958 2943 primitiarum
3008 2889 3149 2929 neo·

525 2951 867 3021 sacerdotis,
901 2952 1247 3028 suppeditat
1276 2952 1610 3028 disputatio
1641 2955 1713 3012 de
1746 2957 2109 3013 sacramento
2142 2955 2386 3014 ordinis.

700 3036 762 3102 I.
796 3040 1161 3099 Ostendetur
1191 3041 1581 3101 ordinationis
1613 3043 2014 3114 efficacia,
2066 3062 2186 3120 qua
2231 3064 2340 3120 per
2387 3063 2674 3104 manuum
2705 3045 3152 3121 impositionem

707 3124 769 3190 l.
815 3129 1129 3188 ordinandi
1172 3132 1824 3191 irrevocabiliter
1868 3133 2201 3192 charactere
2246 3134 2535 3210 impresso
2566 3155 2601 3193 a
2632 3134 2796 3192 laicis
2829 3152 3151 3195 secernun-

523 3219 625 3276 tur
655 3218 851 3293 iisque
884 3219 1311 3291 praeficiuntur
1344 3216 1442 3301 (cf.
1477 3221 1745 3299 Gregorii
1778 3239 1941 3297 nyss.
1972 3222 2156 3280 verba
2186 3242 2242 3286 n.
2281 3219 2490 3306 5512),
2525 3226 2598 3282 ut
2629 3223 2755 3281 sint
2784 3222 2886 3282 lux
2917 3226 3152 3296 mundi,

525 3307 609 3365 sal
640 3310 846 3376 terrae,
881 3311 1097 3383 patres,
1129 3310 1419 3386 magistri,
1453 3309 1871 3376 benefactores,
1905 3311 2118 3369 medici
2139 3312 2468 3381 hominum,
2500 3312 2697 3389 angeli
2714 3312 2890 3389 pacis,
2924 3314 3154 3373 media-

524 3400 682 3453 tores
712 3395 786 3453 ad
817 3396 1040 3456 Deum:
1076 3400 1262 3456 omnis
1292 3418 1538 3475 namque
1566 3400 1825 3475 pontifex
1855 3417 1926 3457 ex
1953 3399 2281 3459 hominibus
2313 3409 2653 3477 assumptus
2674 3420 2792 3477 pro
2823 3403 3162 3462 hominibus

525 3486 893 3543 constituitur
923 3488 986 3543 in
1017 3489 1107 3563 iis,
1143 3506 1287 3564 quae
1317 3496 1451 3546 sunt
1482 3489 1561 3546 ad
1594 3488 1801 3562 Deum,
1833 3495 1897 3546 ut
1928 3489 2132 3562 offerat
2164 3491 2317 3548 dona
2348 3492 2401 3548 et
2429 3491 2726 3564 sacrificia
2749 3509 2866 3566 pro
2896 3495 3154 3567 peccatis

523 3573 700 3632 Hebr.
738 3583 793 3643 5,
834 3586 886 3636 1.
953 3574 1145 3644 Quare
1185 3577 1343 3635 sicut
1374 3577 1668 3652 baptismo
1701 3577 2120 3653 suppeditatur
2151 3578 2439 3638 Ecclesiae
2471 3578 2732 3650 materia,
2777 3579 2866 3637 ita
2911 3580 3155 3639 ordina-

523 3662 686 3722 tione
717 3664 1109 3723 constituitur
1139 3665 1401 3741 ejusdem
1436 3665 1793 3724 elementum
1825 3667 2083 3725 formale.

700 3748 767 3814 2.
804 3752 1187 3812 Ordinatione
1207 3753 1516 3812 ordinandi
1546 3754 1596 3811 D
1612 3773 1642 3812 e
1658 3773 1692 3814 o
1725 3776 1762 3832 p
1781 3774 1811 3813 e
1827 3775 1868 3814 n
1885 3755 1903 3813 i
1919 3760 1946 3813 t
1962 3775 2002 3814 u
2019 3773 2046 3814 s
2079 3757 2493 3832 mancipantur
2513 3761 2574 3816 et
2593 3757 2979 3828 devoventur,
3002 3758 3156 3817 adeo

525 3843 595 3899 ut
625 3840 785 3899 Deus
811 3842 936 3917 jam
969 3861 1171 3901 eorum
1205 3843 1284 3900 sit
1315 3861 1441 3900 sors
1472 3847 1652 3917 atque
1685 3844 2000 3916 hereditaS,
2036 3847 2097 3903 et

703 3927 765 3994 3.
799 3932 1394 4007 supernaturali
1424 3936 1724 4008 augentur
1754 3936 2080 4009 potestate:
2115 3953 2266 4010 quae
2299 3951 2363 3996 a.
2399 3933 2632 3993 excedit
2663 3938 3022 4011 potestatem
3054 3937 3154 3995 vel

523 4019 846 4093 regiam,
895 4020 1014 4079 imo
1059 4024 1121 4079 et
1166 4020 1622 4096 angelicam:
1671 4041 1790 4097 qua
1829 4023 2021 4082 caruit
2049 4023 2181 4100 ipsa
2211 4023 2317 4082 Dei
2348 4023 2624 4101 genitrix,
2677 4023 3023 4100 ordinisque
3055 4030 3153 4084 est

524 4110 996 4183 supernaturalis
1040 4109 1333 4185 planeque
1384 4109 1572 4168 divini
1623 4114 1834 4187 utpote
1865 4103 2258 4189 'participatio
2304 4113 2621 4189 potestatis
2654 4113 2904 4182 Christi3
2957 4133 3148 4189 eaque

522 4196 671 4254 nulli
703 4194 771 4262 b.
804 4199 1089 4273 potestati
1120 4201 1388 4257 terrenae
1419 4203 1511 4257 est
1542 4199 1794 4258 obnoxia
1836 4203 1897 4259 et
1942 4216 2005 4265 c.
2053 4202 2215 4277 ipsos
2257 4200 2550 4260 animos
2583 4202 2848 4279 attingit,
2899 4203 2963 4260 in
3015 4203 3145 4263 foro

524 4286 680 4343 valet
710 4287 999 4357 divin0,
1034 4287 1233 4346 efficax
1266 4292 1357 4346 est
1388 4288 1693 4362 gratiae
1725 4288 1995 4358 divinae;
2028 4292 2200 4365 cujus
2232 4285 2302 4354 d.
2335 4291 2577 4349 effectus
2610 4309 2717 4366 per
2749 4308 2812 4349 se
2843 4295 3050 4351 manet
3082 4293 3145 4351 in

525 4378 950 4447 aeternum,
985 4380 1046 4434 et
1074 4395 1225 4452 quae
1257 4392 1317 4442 e.
1349 4377 1517 4453 plane
1549 4381 1643 4435 est
1672 4377 2156 4438 inexhausta.
2223 4377 2415 4447 Quare
2448 4379 2520 4437 de
2551 4378 2840 4438 ordinatis
2873 4399 3012 4439 vere
3048 4401 3144 4440 re-

525 4467 693 4539 petas
724 4465 906 4523 verba
947 4478 995 4527 1.
1029 4466 1167 4543 Reg.
1204 4474 1259 4534 2,
1296 4474 1361 4528 8:
1411 4466 1661 4524 Suscitat
1706 4467 1775 4524 de
1795 4468 2031 4540 pulvere
2061 4486 2295 4543 eyenum
2325 4475 2375 4526 et
2407 4468 2476 4526 de
2504 4476 2751 4527 stercore
2783 4470 2959 4528 elevat
2981 4487 3143 4544 pau-

519 4572 733 4630 perem,
772 4561 833 4611 ut
864 4555 1053 4613 sedeat
1083 4574 1213 4614 cum
1235 4555 1608 4630 principibus
1639 4563 1689 4612 et
1718 4558 1931 4613 solium
1958 4558 2179 4632 qloriae
2211 4564 2407 4615 teneat.

709 4687 850 4741 584.
898 4674 1000 4740 II.
1052 4679 1381 4739 Sacerdotis
1413 4680 1854 4756 praerogativae
1898 4680 1998 4738 vix
2045 4681 2276 4756 plenius
2322 4683 2586 4741 enarrari
2633 4686 2908 4758 possunt,
2961 4702 3140 4759 quam

526 4768 730 4843 paucis
764 4768 866 4826 sed
898 4769 1175 4844 gravibus
1215 4787 1260 4830 s,
1292 4769 1748 4845 Hieronymi
1783 4770 1980 4828 verbis
2012 4789 2106 4846 ep.
2147 4781 2223 4832 14
2257 4771 2329 4829 ad
2362 4770 2748 4831 Heliodorum
2780 4790 2837 4830 n.
2870 4781 2940 4836 8:
2977 4773 3140 4840 ,Ab-
