3538 5364
1289 313 1708 384 Disputationis
1734 313 1992 384 partitio,
2816 326 2898 389 26
2910 326 2944 385 Τ

333 502 527 560 teria
556 504 788 559 remota
819 519 1011 577 aqua
1051 500 1209 559 vitae
1240 503 1530 571 aeternae,
1579 519 1740 559 sacra
1784 500 2042 576 piscina:
2089 521 2123 559 a
2168 502 2432 577 proxima
2478 502 2947 577 baptismus,

332 592 646 658 lavacrum,
681 591 981 649 lavacrum
1013 589 1349 665 mysticum,
1386 590 1660 660 salutare,
1697 590 1843 649 lotio
1876 593 2016 659 etc.;
2064 587 2133 654 2.
2172 611 2206 649 a
2236 591 2479 649 forma
2510 596 2943 651 sacramentum

331 678 794 749 Trinitatis:
827 675 895 741 3.
926 679 1157 737 ratione
1177 678 1496 737 effectuum
1516 697 1623 754 per
1638 678 2049 738 excellentiam
2081 680 2367 757 gratia,
2402 684 2831 740 sacramentum
2851 700 2944 739 re·

329 769 748 846 generationis,
781 767 1195 836 renovationis,
1239 768 1615 844 signaculum
1646 786 1751 828 seu
1782 767 2064 845 sigillum,
2111 769 2489 839 illuminatio,
2536 769 2678 845 quia
2720 770 2826 829 illo
2873 770 2947 829 de

331 862 621 935 potestate
638 857 1017 917 tenebrarum
1039 856 1455 916 transferimur
1481 857 1546 915 in
1574 857 1921 916 admirabile
1941 858 2145 918 lumen
2171 870 2221 920 1.
2242 858 2396 918 Petr.
2422 870 2475 927 2,
2501 869 2570 927 9:
2605 859 2721 918 Col.
2750 871 2801 929 1,
2836 870 2907 921 13
2931 882 2942 923 ς

326 943 389 1010 4.
420 948 653 1006 ratione
683 946 1043 1005 initiationis
1075 951 1508 1005 sacramentum
1544 946 1708 1017 fidei3
1759 942 1826 1009 5.
1859 948 2089 1007 ratione
2120 948 2430 1024 figurae
2449 992 2462 1017 ‚
2509 948 2605 1007 cui
2639 949 2945 1018 successit,

328 1036 828 1095 circumcisio
871 1054 992 1094 non
1023 1034 1358 1094 manufacta
1389 1036 1505 1094 Col.
1543 1041 1858 1105 2‚1letc.
1921 1037 2076 1114 Lege
2108 1038 2465 1113 praeclaram
2501 1055 2546 1095 s.
2580 1037 2943 1114 Gregorii

326 1144 446 1184 naz.
477 1144 561 1184 or.
595 1125 662 1184 in
693 1144 738 1188 s.
769 1124 1081 1200 baptisma,
1130 1124 1193 1182 in
1239 1143 1358 1200 qua
1395 1143 1452 1183 n.
1488 1135 1526 1186 4
1559 1126 1689 1199 ejus
1719 1125 1962 1183 nomina
1992 1130 2289 1185 recenset:
2339 1127 2618 1195 ,Donum
2649 1145 2943 1191 vocamus,

325 1215 599 1292 gratiam,
633 1214 1012 1291 baptismum,
1046 1214 1407 1283 unctionem,
1443 1213 1961 1286 illuminationem,
2005 1215 2471 1291 incorruptionis
2506 1215 2942 1283 indumentum,

325 1303 790 1380 regenerationis
821 1304 1134 1373 lavacrum,
1182 1303 1450 1380 sigillum
1494 1321 1561 1362 ac
1604 1303 1864 1378 denique
1908 1304 2402 1364 excellentissimo
2448 1306 2659 1379 quovis
2704 1306 2946 1365 nomine

325 1393 712 1469 appellamus.
775 1392 1007 1451 Donum
1040 1391 1274 1462 dicitur,
1309 1391 1451 1468 quia
1479 1392 1573 1463 iis,
1607 1392 1711 1468 qui
1744 1392 1896 1451 nihil
1929 1394 2097 1469 prius
2129 1394 2533 1463 contulerunt,
2569 1394 2773 1453 datur:
2808 1414 2943 1472 gra·

323 1482 425 1552 tia,
476 1481 626 1557 quia
673 1481 851 1540 etiam
901 1481 1287 1551 debentibus:
1351 1481 1701 1557 baptismus,
1751 1483 1897 1557 quia
1945 1486 2252 1557 peccatum
2302 1483 2366 1541 in
2418 1502 2570 1557 aqua
2619 1484 2931 1559 sepelitur:

323 1571 544 1642 unctio,
593 1570 735 1647 quia
777 1588 942 1629 sacer
971 1574 1032 1629 et
1061 1570 1265 1647 regius
1297 1568 1462 1649 (haec
1493 1571 1651 1629 enim
1684 1574 1855 1629 erant
1884 1590 2035 1647 quae
2065 1567 2506 1653 ungebantur);
2556 1571 2941 1639 illuminatio,

325 1661 465 1735 quia
493 1660 778 1736 splendor
808 1663 869 1718 et
899 1659 1167 1729 claritas;
1214 1659 1648 1729 indumentum,
1685 1660 1827 1734 quia
1858 1661 2220 1738 ignominiae
2252 1665 2490 1721 nostrae
2525 1661 2783 1721 velamen
2816 1670 2938 1731 est:

322 1750 638 1819 lavacrum,
673 1748 814 1824 quia
843 1748 1065 1812 abluit:
1112 1747 1399 1825 sigillum,
1448 1750 1588 1825 quia
1631 1750 1999 1809 conservatio
2037 1754 2131 1809 est
2175 1770 2241 1809 ac
2284 1750 2708 1810 dominationis
2741 1751 2941 1828 obsig-

322 1839 483 1897 natio
517 1834 654 1925 (τῆς
684 1832 1042 1910 &scitota-luc
1073 1833 1439 1922 σημείωσις).
1489 1837 1643 1896 Huic
1661 1839 2043 1914 gratulantur
2074 1840 2250 1909 coeli;
2284 1840 2442 1899 hunc
2473 1840 2667 1917 angeli
2701 1844 2945 1916 propter

321 1928 659 2003 splendoris
677 1927 1087 2004 cognationem
1105 1927 1437 1996 celebrant:
1471 1926 1567 1986 hic
1596 1927 1990 1987 beatitudinis
2024 1929 2191 1988 illius
2224 1928 2540 2006 imaginem
2562 1930 2748 2006 gerit3
2783 1929 2943 1987 hunc

321 2017 604 2076 laudibus
636 2016 879 2091 quidem
912 2018 973 2075 et
1002 2015 1242 2092 hymnis
1275 2016 1570 2075 celebrare
1601 2017 1898 2088 volumus,
1946 2036 2153 2076 verum
2198 2036 2304 2093 pro
2351 2018 2437 2076 rei
2485 2018 2774 2096 dignitate
2820 2038 2938 2077 non

319 2112 700 2182 possumus.‘
763 2105 844 2163 Cf.
876 2105 1162 2164 Schanz
1192 2105 1228 2182 ἓ
1269 2116 1364 2168 14.
1427 2106 1608 2164 Porro
1653 2125 1686 2163 a
1730 2107 2085 2165 catechismo
2130 2126 2281 2165 rom
2302 2126 2440 2166 ano
2474 2108 2804 2183 baptismus
2839 2109 2938 2166 de·

320 2196 531 2254 finitur
564 2190 667 2276 (11.
700 2213 749 2252 c.
787 2202 822 2255 2
858 2214 916 2256 n.
953 2193 1046 2271 5):
1083 2193 1565 2263 ,Sacramentum
1586 2194 2056 2271 regenerationis
2087 2214 2195 2272 per
2225 2215 2437 2272 aquam
2470 2196 2535 2254 in
2565 2197 2809 2269 verbm·
2845 2197 2942 2255 vel

320 2285 672 2361 explicatius
717 2302 752 2340 a
794 2283 1120 2359 theologis:
1167 2284 1609 2342 Sacramentum
1655 2304 1689 2342 a
1733 2284 1967 2344 Christo
2003 2285 2248 2343 Domino
2295 2285 2662 2356 institutum,
2710 2286 2774 2343 in
2819 2305 2940 2362 quo

320 2393 422 2449 per
452 2373 827 2433 ablutionem
856 2373 1200 2432 exteriorem
1237 2372 1494 2449 corporis
1541 2372 1655 2431 sub
1686 2373 2059 2432 invocatione
2092 2392 2167 2432 ss.
2200 2373 2517 2433 Trinitatis
2550 2375 2725 2433 homo
2759 2375 2937 2451 spiri·

319 2463 566 2522 tualiter
591 2465 995 2538 regeneratur.

498 2584 646 2651 305.
681 2581 1144 2667 Disputationis
1164 2584 1448 2668 patritio,
1481 2622 1569 2631 ——
1602 2582 1760 2646 Cum
1796 2583 1875 2645 ad
1912 2584 2299 2647 sacramenti
2332 2582 2744 2651 collationem
2777 2584 2935 2666 quass

320 2697 465 2754 tuor
515 2690 939 2773 requirantur,
989 2691 1372 2767 materia,
1420 2689 1709 2766 forma,
1755 2690 2137 2756 minister
2183 2697 2246 2755 et
2294 2690 2779 2773 subjeetum,
2834 2692 2935 2755 eui

319 2799 660 2874 confertur,
693 2799 773 2863 de
806 2797 981 2864 hisce
1001 2799 1303 2881 inprimis
1336 2799 1753 2863 disseremus:
1788 2799 2019 2881 quibus
2050 2801 2492 2882 quaestionem
2526 2798 2935 2879 subjiciemus

320 2907 398 2970 de
448 2906 753 2988 baptismi
800 2907 1331 2971 necessitate.
1394 2906 1611 2986 Quare
1662 2907 1883 2971 omnia
1935 2907 2017 2970 ad
2076 2908 2437 2990 quinque
2490 2903 2936 2970 revocabimus

317 3020 571 3093 puncta.
634 3011 908 3095 Reliqua
938 3013 1039 3078 vel
1062 3014 1198 3094 jam
1232 3015 1387 3077 satis
1421 3014 1839 3095 expendimus
1888 3014 2274 3079 disserentes
2308 3014 2386 3078 de
2420 3012 2836 3077 sacramentis
2872 3012 2935 3074 in

318 3137 566 3197 genere,
598 3120 700 3184 vel
730 3122 935 3201 magis
965 3128 1258 3202 spectant
1289 3121 1369 3185 ad
1406 3120 1792 3203 theologiam
1829 3140 2099 3198 morum,
2149 3123 2247 3186 vel
2299 3121 2564 3184 minoris
2612 3127 2760 3184 sunt
2794 3139 2933 3183 mo-

318 3227 532 3303 menti,
566 3245 760 3308 quam
795 3235 862 3292 ut
894 3227 959 3291 in
992 3227 1315 3308 theologia
1347 3229 1828 3310 compendiaria
1866 3235 2244 3294 tractentur.

498 3351 560 3417 l.
607 3357 739 3415 Huc
784 3359 1011 3433 spectat
1055 3357 1420 3433 baptismum
1464 3375 1594 3416 esse
1641 3361 2235 3426 sacramentum,
2287 3358 2358 3416 de
2408 3375 2527 3433 quo
2575 3357 2935 3416 christianus

317 3445 524 3503 nullus
555 3464 822 3522 unquam
854 3445 1183 3516 dubitavit3
1231 3447 1278 3505 si
1311 3447 1470 3505 enim
1502 3447 1683 3505 semel
1715 3449 1945 3505 certum
1978 3449 2087 3508 est.
2123 3465 2252 3505 esse
2285 3451 2668 3514 sacramenta,
2716 3446 2779 3504 in
2811 3445 2933 3521 pri·

316 3534 430 3592 mis
461 3534 523 3592 id
556 3534 627 3592 de
658 3535 959 3611 baptismo
989 3539 1084 3595 est
1112 3535 1456 3606 tenendum,
1491 3535 1595 3611 qui
1628 3554 1662 3593 a
1685 3535 1915 3594 Christo
1948 3537 2037 3594 est
2068 3536 2386 3594 institutus
2419 3540 2479 3594 et
2512 3536 2594 3594 ita
2625 3535 2936 3593 evidenter

316 3622 518 3682 efficax
563 3625 806 3700 gratiae,
855 3627 926 3683 ut
970 3625 1252 3700 pleraque
1297 3624 1643 3683 testimonia
1686 3625 1868 3682 allata
1913 3625 1986 3682 ad
2032 3626 2397 3700 probandam
2431 3628 2931 3682 sacramentorum

316 3713 603 3771 virtutem
633 3713 785 3772 thes.
821 3723 944 3776 208
980 3716 1161 3790 agant
1191 3714 1264 3772 de
1295 3714 1606 3789 baptismo.

492 3798 556 3864 2.
601 3801 767 3871 Quod
813 3802 1032 3862 attinet
1074 3807 1405 3878 tempuS,
1454 3822 1572 3879 quo
1616 3802 1951 3877 baptismus
1999 3803 2183 3861 fuerit
2232 3822 2265 3860 a
2311 3803 2542 3861 Christo
2594 3802 2930 3870 institutus,

315 3889 375 3946 id
423 3894 583 3949 certo
629 3910 698 3949 ex
743 3891 963 3950 divinis
995 3892 1187 3951 literis
1218 3892 1431 3967 nequit
1461 3891 1861 3951 determinari.
1924 3891 2312 3951 Praeferenda
2343 3892 2583 3951 videtur
2614 3892 2930 3954 sententia.

313 3997 466 4052 quae
511 3981 742 4049 statuit,
790 3980 1086 4039 Christum
1119 3981 1293 4039 illum
1336 3981 1672 4039 instituisse
1714 3981 1836 4056 jam
1879 3985 2017 4039 ante
2060 3982 2392 4057 passionem
2440 4000 2625 4040 suam.
2690 3982 2931 4040 Constat

314 4068 471 4126 enim
502 4068 797 4145 apostolos
834 4073 973 4128 ante
1016 4068 1206 4145 ipsius
1239 4073 1490 4129 mortem
1521 4070 1938 4129 eucharistiam
1972 4072 2305 4146 suscepisse
2321 4067 2398 4150 ¹):
2445 4071 2697 4130 aliorum
2730 4074 2930 4129 autem

315 4160 815 4217 sacramentorum
861 4158 1118 4217 efficacia
1161 4160 1594 4235 praesupponit
1637 4159 2036 4235 baptismum:
2088 4178 2281 4235 neque
2326 4160 2654 4235 probabilis
2705 4161 2931 4218 censeri

314 4244 490 4304 debet
520 4246 721 4322 opinio
752 4248 1049 4323 apostolos
1093 4267 1211 4307 non
1258 4248 1442 4308 fuisse
1473 4248 1823 4324 baptizatos
1887 4249 2191 4318 Quomodo
2223 4249 2381 4307 enim
2415 4251 2758 4325 potuissent
2788 4249 2930 4324 bap·

311 4334 475 4393 tismi
504 4336 918 4395 necessitatem
952 4338 1286 4412 praedicare
1317 4342 1378 4397 et
1408 4338 1704 4397 inculcare
1738 4333 1894 4418 (Act.
1931 4347 1986 4407 2,
2025 4333 2151 4414 38),
2202 4338 2250 4395 si
2286 4339 2419 4414 ipsi,
2467 4339 2759 4397 Ecclesiae
2795 4338 2931 4396 fun-

535 4555 569 4618 1)
600 4549 682 4603 Of.
710 4549 904 4603 Theol.
934 4551 978 4604 Τ
998 4553 1032 4604 h
1051 4569 1081 4604 o
1101 4568 1204 4604 ma.
1223 4570 1246 4604 s
1273 4558 1305 4607 3
1329 4569 1376 4619 q.
1404 4560 1471 4608 66
1498 4569 1547 4604 a.
1577 4557 1639 4610 2:
1671 4552 1892 4605 wirceb.
1926 4556 1964 4607 t.
1996 4562 2024 4607 5
2052 4552 2119 4604 de
2149 4568 2283 4608 sacr.
2314 4552 2455 4622 disp.
2496 4563 2513 4608 l
2547 4554 2614 4606 de
2648 4552 2930 4622 baptismo

313 4644 358 4680 c.
393 4634 413 4680 1
443 4645 493 4681 a.
529 4639 543 4684 1
573 4651 584 4683 ;
611 4629 726 4683 KL.
760 4639 865 4689 112.
901 4638 1049 4686 1255.
1103 4632 1518 4696 Quaestionem,
1561 4651 1698 4686 num
1746 4632 2091 4702 apostoli
2136 4632 2355 4686 fuerint
2397 4632 2692 4702 baptizati,
2740 4638 2931 4687 movet

305 4708 426 4775 jam
454 4708 497 4760 T
514 4726 544 4761 e
562 4711 628 4761 rt
646 4726 682 4762 u
700 4708 896 4763 llian
914 4728 949 4763 u
970 4729 994 4763 s
1021 4711 1090 4764 de
1121 4712 1272 4781 bapt.
1298 4730 1354 4766 n.
1393 4716 1468 4775 12,
1497 4713 1592 4765 sed
1624 4729 1738 4765 non
1767 4713 1958 4771 solvit,
2015 4712 2097 4764 (ff.
2138 4713 2185 4766 G
2202 4712 2443 4765 offrid
2463 4730 2498 4765 u
2520 4731 2543 4765 s
2584 4715 2672 4768 ab.
2705 4713 2925 4765 vindoc.

313 4791 359 4856 (t
393 4791 545 4858 1132)
574 4804 738 4841 serm.
767 4799 797 4844 5
825 4788 1009 4858 (Mig.
1043 4797 1156 4850 157,
1184 4794 1324 4862 255).
1381 4791 1659 4858 Negative
1687 4793 1993 4861 respondet
2021 4796 2063 4848 O
2082 4811 2105 4844 s
2124 4793 2309 4845 wald
2338 4811 2393 4861 p.
2422 4800 2452 4846 2
2480 4802 2506 4856 ξ
2535 4801 2581 4846 6.
2836 4811 2841 4816 ·
