3538 5364
497 338 628 405 604
1022 331 1205 386 Tract.
1232 332 1296 388 x.
1324 332 1394 386 de
1423 330 1540 386 Deo
1566 323 2040 387 consummatore.
2068 331 2269 386 'rhesis
2296 302 2576 386 ocnxrx.

494 511 879 599 Abrahae1).
943 512 1157 593 Quare
1203 513 1286 577 ad
1332 531 1467 577 rem
1513 532 1561 576 s.
1595 511 1943 576 Thomas
1989 512 2055 575 in
2102 517 2159 581 3.
2206 510 2348 575 dist.
2383 517 2470 581 22
2520 531 2578 595 q.
2612 517 2653 581 2
2687 529 2742 575 a.
2784 517 2813 580 l
2851 510 3011 594 qcla.
3042 520 3128 583 21

503 619 1075 703 ,Quadruplex
1129 628 1227 686 est
1274 620 1575 686 infernus.
1640 619 1819 684 Unus
1869 626 1970 684 est
2013 618 2299 684 infernus
2348 614 2821 696 damnatorum,
2870 618 2939 682 in
2987 639 3113 703 quo

495 734 647 793 sunt
676 728 983 793 tenebrae
1017 734 1081 793 et
1113 733 1426 811 quantum
1471 727 1553 791 ad
1600 727 1958 791 carentiam
1988 725 2258 790 visionis
2306 725 2560 790 divinae
2593 733 2658 791 et
2688 733 3002 808 quantum
3033 726 3116 790 ad

495 834 853 901 carentiam
896 834 1142 915 gratiae
1193 842 1257 901 et
1303 839 1402 898 est
1446 833 1536 897 ibi
1580 850 1794 914 poena
1825 831 2142 899 sensibilis
2189 838 2253 897 et
2297 832 2403 896 hic
2437 839 2535 898 est
2579 830 2863 898 infernus
2907 832 3119 899 dam-

495 948 896 1006 natorum.
958 941 1138 1006 Alius
1190 948 1288 1007 est
1338 939 1624 1006 infernus
1673 958 1873 1022 supra
1921 940 2135 1015 istum,
2182 939 2250 1002 in
2301 957 2431 1021 quo
2493 944 2645 1003 sunt
2696 940 3004 1006 tenebrae
3052 948 3136 1007 etr

493 1055 757 1131 propter
788 1049 1141 1114 carentiam
1174 1049 1429 1112 divinae
1464 1048 1724 1112 visionis
1758 1055 1824 1112 et
1853 1053 2118 1129 propter
2150 1045 2511 1111 carentiam
2543 1046 2805 1126 gratiae,
2839 1046 2955 1112 sed
2986 1065 3118 1112 non

495 1163 593 1220 est
622 1155 711 1219 ibi
742 1173 953 1237 poena
986 1153 1325 1232 sensibilia,
1358 1160 1425 1220 et
1454 1154 1683 1218 dicitur
1732 1152 2031 1218 limbus
2081 1171 2446 1235 puerorum.
2508 1150 2691 1216 Alius
2722 1171 2920 1235 supra
2948 1154 3119 1218 hunc

496 1269 612 1338 est,
643 1263 707 1326 in
741 1281 869 1345 quo
902 1268 1052 1326 sunt
1083 1260 1390 1326 tenebrae
1423 1267 1734 1343 quantum
1768 1260 1853 1324 ad
1884 1260 2241 1325 carentiam
2260 1259 2513 1323 divinae
2533 1258 2816 1337 visionis,
2849 1259 2965 1324 sed
2986 1278 3116 1325 non

496 1376 810 1452 quantum
842 1369 925 1432 ad
958 1368 1311 1432 carentiam
1344 1369 1606 1449 gratiae,
1639 1367 1754 1432 sed
1788 1374 1887 1433 est
1915 1367 2003 1432 ibi
2033 1385 2247 1450 poena
2278 1384 2524 1443 sensuS,
2568 1370 2629 1430 et
2664 1365 2894 1431 dicitur
2936 1386 3119 1450 pur-

496 1476 922 1558 gatorium.
985 1473 1166 1539 Alius
1211 1475 1416 1555 magis
1448 1493 1645 1557 supra
1677 1482 1796 1550 est,
1842 1474 1909 1537 in
1956 1492 2083 1557 quo
2118 1480 2218 1539 est
2250 1472 2522 1538 tenebra
2551 1478 2864 1555 quantum
2892 1474 2978 1538 ad
3008 1492 3120 1538 ca-

494 1583 770 1647 rentiam
802 1582 1057 1647 divinae
1086 1582 1370 1659 visionis,
1406 1581 1522 1647 sed
1552 1599 1682 1646 non
1717 1589 2030 1664 quantum
2077 1581 2161 1645 ad
2204 1581 2565 1645 carentiam
2615 1580 2877 1661 gratiae,
2909 1598 3140 1663 neque*

497 1696 597 1754 est
624 1688 714 1753 ibi
746 1706 958 1770 poena
989 1687 1336 1764 sensibilis;
1385 1694 1449 1752 et
1494 1688 1597 1751 hic
1642 1695 1741 1753 est
1784 1686 2069 1752 infernus
2116 1694 2491 1752 sanctorum
2540 1691 2918 1768 patrum«
2987 1685 3124 1752 Usu

498 1801 716 1860 tamen
746 1794 1048 1878 loquendi
1078 1811 1249 1858 nunc
1282 1800 1539 1876 recepto
1574 1792 1803 1859 inferni
1852 1794 2112 1858 nomine
2163 1794 2534 1874 designatur
2581 1793 2647 1856 in
2677 1792 2899 1875 primis
2930 1794 3116 1858 dam-

496 1907 798 1966 natorum
829 1902 1029 1966 locus.

675 2031 823 2096 649.
855 2027 1112 2094 Thesls
1135 2024 1511 2095 CCLXIX.
1594 2047 2213 2112 Transmontanos
2263 2047 2437 2111 lema
2474 2046 2758 2101 divinae
2795 2050 2874 2101 in
2903 2061 3121 2115 prac-

499 2139 681 2193 sentt
717 2139 867 2191 vita
902 2150 1046 2190 non
1083 2138 1427 2191 remissae
1464 2138 1544 2191 in
1579 2137 1814 2190 altera
1851 2148 1898 2188 a
1935 2136 2086 2190 Deo
2116 2137 2548 2202 puniuntur.

672 2242 1244 2311 Demonstratlo.
1277 2238 1422 2304 Non
1440 2240 1796 2322 probamus
1831 2239 2059 2305 inferni
2093 2240 2534 2306 exsistentiam
2564 2258 2644 2304 ex
2659 2238 3116 2320 divinisliteriS,

499 2367 668 2431 quae
698 2348 887 2412 nimis
920 2346 1250 2412 evidenter
1282 2365 1427 2411 eam
1459 2353 1798 2424 testantur,
1847 2364 2120 2429 quarum
2168 2353 2386 2411 tamen
2431 2348 2880 2413 auctoritatem
2912 2348 3121 2413 incre-

498 2456 630 2521 duli
660 2474 792 2520 non
824 2454 1189 2533 admittunt,
1223 2455 1396 2520 omni
1428 2455 1666 2537 rejecta
1695 2456 2109 2522 revelatione.
2142 2455 2357 2536 Quare
2388 2456 2471 2520 ad
2504 2453 2825 2538 quaedam
2853 2454 3124 2519 rationis

497 2562 994 2646 provocabimus
1015 2569 1412 2643 argumenta,
1433 2562 1664 2644 quibus
1699 2563 1896 2628 etiam
1930 2564 2029 2627 usi
2063 2570 2213 2628 sunt
2226 2568 2464 2645 patres
2496 2562 2740 2627 Horum
2770 2561 3122 2643 praecipua

497 2670 721 2752 paucis
754 2667 1203 2752 complectitur
1231 2668 1267 2734 J
1283 2669 1609 2735 ustinus
1642 2671 1808 2752 apol.
1843 2670 1909 2737 11.
1940 2691 2000 2735 n.
2035 2676 2107 2740 9:
2161 2669 2292 2747 ,Ne
2339 2671 2481 2755 quis
2514 2669 2679 2737 forte
2725 2670 2896 2736 idem
2928 2669 3117 2748 dicat,

498 2776 668 2859 quod
700 2777 759 2854 ii,
794 2778 902 2859 qui
934 2776 1380 2843 existimantur
1428 2777 1808 2859 philosophi,
1859 2779 2161 2861 strepitus
2212 2779 2438 2844 inanes
2488 2797 2632 2844 esse
2677 2796 2757 2842 ac
2800 2777 3117 2853 terricula,

497 2901 663 2964 quae
694 2882 775 2948 de
806 2884 1247 2965 improborum
1278 2884 1344 2947 in
1377 2884 1520 2965 igne
1554 2892 1819 2951 aeterno
1854 2886 2244 2952 cruciatibus
2276 2886 2564 2964 dicimuS,
2612 2903 2688 2950 ac
2719 2893 3009 2951 nostram
3041 2904 3120 2951 eo

496 2997 788 3072 spectare
837 2990 1242 3067 sententiam,
1294 2996 1366 3054 ut
1412 2992 1713 3056 virtutem
1763 2993 2058 3059 homines
2110 2999 2287 3058 metu
2335 2994 2636 3058 conducti
2684 2993 2917 3070 colant,
2980 3010 3114 3056 non

495 3103 761 3178 propter
790 3097 989 3178 ipsius
1021 3096 1575 3178 pulchritudinem,
1621 3116 1741 3164 nec
1787 3100 1939 3181 quia
1981 3098 2103 3164 illis
2134 3100 2375 3182 placet3
2423 3099 2647 3181 paucis
2690 3097 3142 3181 respondebo,

495 3204 621 3266 nisi
649 3203 761 3292 {ita
808 3221 912 3267 res
962 3220 1031 3267 se
1081 3202 1337 3280 habeat,
1385 3203 1488 3269 vel
1519 3205 1721 3271 Deum
1772 3224 1906 3270 non
1955 3224 2114 3284 esse,
2152 3207 2267 3283 vel,
2301 3207 2356 3270 si
2386 3207 2484 3284 sit,
2515 3206 2760 3271 nullam
2789 3205 3124 3269 hominum

496 3326 719 3372 curam
751 3327 993 3389 gerere,
1024 3328 1145 3374 nec
1177 3310 1528 3392 quidquam
1561 3330 1703 3377 esse
1747 3312 2050 3378 virtutem
2097 3318 2162 3377 et
2205 3313 2447 3389 vitium,
2495 3317 2561 3377 et
2590 3312 2805 3394 inique
2837 3329 2878 3375 a
2906 3311 3122 3392 legum

494 3413 807 3480 latoribus
851 3416 1080 3498 puniri,
1131 3417 1238 3498 qui
1286 3418 1622 3499 praeclara
1670 3419 1965 3485 instituta
2007 3419 2616 3501 transgrediuntur.«
2687 3417 2871 3499 Quae
2921 3436 3115 3500 argu-

495 3528 716 3587 menta
747 3522 840 3587 ita
870 3522 1256 3587 evolvimus:

676 3649 735 3718 l.
768 3645 1177 3728 Legislatoris
1208 3648 1642 3731 sapientisque
1674 3650 1942 3714 rectoris
1974 3651 2302 3715 societatis
2334 3668 2467 3714 non
2499 3635 2709 3715 solum
2739 3655 2837 3715 est
2869 3649 3144 3726 minari,-

494 3753 607 3819 sed
639 3759 703 3819 et
735 3752 967 3819 inferre
998 3772 1246 3837 poenas
1280 3755 1372 3831 iis,
1406 3756 1514 3837 qui
1545 3774 1697 3820 suas
1731 3758 2285 3837 transgrediuntur
2317 3758 2506 3838 leges.
2569 3756 2766 3839 Atqui
2797 3755 2968 3821 Deus
2999 3773 3115 3819 su-

492 3878 752 3941 premus
785 3868 883 3926 est
912 3859 1240 3942 legislator
1270 3862 1662 3946 humanique
1694 3864 1947 3944 generis
1977 3871 2206 3930 rector.
2239 3865 2403 3946 Ergo
2425 3872 2490 3929 et
2508 3864 2644 3946 ipse
2663 3863 2879 3945 legum
2897 3869 3115 3951 trans-

494 3967 855 4047 gressiones
886 3969 1125 4049 puniet.
1186 3969 1324 4035 Hae
1354 3988 1509 4034 vero
1542 3971 1921 4052 saepissime
1952 3972 2078 4036 hac
2108 3972 2174 4035 in
2207 3972 2338 4035 vita
2368 3978 2636 4038 manent
2664 3970 2927 4035 inultae.
2977 3967 3110 4033 Dif-

495 4073 731 4139 feretur
761 4092 913 4156 ergo
946 4075 1010 4138 in
1044 4073 1314 4141 alteram
1346 4077 1544 4140 vitam
1574 4077 1837 4143 inflictio
1869 4096 2143 4161 poenae.

671 4199 735 4270 2.
757 4198 938 4264 Deus
983 4206 1208 4284 utpote
1258 4220 1516 4265 summa
1559 4203 1985 4267 sanctitas
2027 4203 2250 4285 nequit
2295 4202 2730 4269 indifferenter
2773 4220 2845 4267 se
2876 4202 3144 4268 habere·

494 4305 666 4370 circa
695 4306 996 4372 virtutem
1027 4314 1093 4372 et
1122 4309 1379 4384 vitium;
1412 4315 1486 4373 ut
1513 4327 1771 4373 summa
1795 4310 2135 4391 ,iustitia
2167 4310 2340 4374 circa
2360 4309 2754 4392 aequitatem
2788 4316 2853 4375 et
2883 4308 3142 4392 iniqui--
3221 4393 3224 4396 η

494 4417 727 4488 tatem3
762 4418 834 4477 ut
879 4432 1133 4478 summa
1182 4415 1583 4496 majestas
1624 4395 1810 4479 ‘circa
1857 4416 2174 4481 honorem
2225 4421 2290 4480 et
2336 4415 2636 4497 injuriam
2684 4414 2808 4479 sibi
2856 4414 3118 4480 illatam.

495 4514 675 4581 Sicut
705 4519 874 4583 enim
909 4519 1086 4584 calor
1115 4521 1200 4585 ob
1232 4521 1567 4603 physicam
1610 4523 2102 4605 repugnantiam
2149 4523 2528 4589 adversatur
2571 4521 2803 4604 frigori,
2850 4521 3024 4605 quod
3055 4527 3146 4586 et,

710 4705 752 4775 ²)
781 4702 864 4758 Cf.
907 4705 979 4760 de
1017 4707 1223 4760 horum
1265 4707 1676 4763 vocabulorum
1716 4707 2139 4778 significatione
2182 4709 2602 4779 Atzberger
2650 4707 2744 4762 die
2789 4705 3142 4763 christliche-

494 4781 913 4855 Eschatologie,
942 4784 1213 4856 Friburgi
1244 4792 1381 4843 1890
1405 4802 1456 4840 a.
1488 4794 1510 4841 l
1544 4806 1598 4841 n.
1628 4795 1712 4845 18.
3067 4795 3070 4798 ’
