3538 5364
566 237 679 325 '40
1187 253 1371 307 Tract.
1399 254 1546 307 Vm.
1574 254 1644 307 de
1670 252 1876 322 gratia.
1904 253 2353 324 Exceptionibus
2378 252 2599 309 satisfit.

594 433 846 516 aliquos
878 451 1164 517 unquam
1197 434 1515 499 exstitisse
1547 441 1811 499 sanctos
1843 435 2142 522 (excepta
2172 435 2232 500 b.
2264 435 2385 524 V.),
2438 436 2545 519 qui
2577 436 2753 500 omni
2800 454 3066 517 prorsus
3097 454 3206 500 ca-

595 542 840 606 ruerint
868 548 1134 623 peccato
1170 540 1474 627 (actuali).
1536 538 1922 606 Gelasius
1966 542 2216 624 prolixo
2266 547 2447 606 tract.
2499 542 2640 606 adV.
2687 543 2887 624 pelag.
2923 542 3208 629 (Migne

590 650 695 722 59.
737 653 861 717 110
892 648 1035 734 ss.);
1084 647 1625 730 Hieronymus
1674 649 1711 712 l.
1759 654 1801 718 2
1847 649 1992 713 dial.
2040 649 2181 713 adv.
2227 650 2429 731 pelag.
2475 670 2535 713 n.
2586 655 2630 717 4
2661 670 2743 714 ss.
2790 656 2855 714 et
2901 669 2997 731 ep.
3052 654 3209 726 133;

592 764 885 819 auctor
915 754 995 820 de
1027 771 1164 819 voc.
1199 755 1484 820 omnium
1515 761 1681 836 gent.
1714 756 1756 834 Ι,
1792 762 1832 825 6
1867 762 1986 821 etc.
2050 754 2177 821 Sed
2215 757 2354 838 jam
2384 762 2601 838 patres
2654 756 3012 821 anteriores
3043 756 3212 819 hanc

590 861 1178 943 praesumptionem
1227 862 1794 943 praedamnarunt,
1846 869 1919 927 ut
1981 861 2444 945 Cyprianus
2508 863 2590 928 de
2650 863 2897 927 mortal.
2951 882 3012 926 n.
3060 867 3118 930 3.
3168 868 3212 930 4

592 968 834 1054 (opusc.
876 975 918 1033 t.
968 967 1077 1055 IV)
1131 975 1195 1034 et
1240 968 1320 1033 de
1371 986 1470 1051 op.
1518 974 1585 1035 et
1632 970 1929 1035 eleemos.
1963 989 2022 1034 n.
2056 975 2116 1047 3,
2164 971 2274 1034 ubi
2318 970 2529 1035 citatis
2562 970 2748 1035 ProV.
2783 975 2886 1046 20.
2922 974 2996 1037 9:
3059 968 3214 1047 Quis

584 1082 784 1158 potest
804 1075 1041 1140 dicere:
1073 1076 1389 1141 Mundum
1421 1083 1510 1139 est
1540 1097 1646 1140 cor
1675 1097 1899 1160 meum,
1926 1097 2135 1161 purus
2165 1098 2302 1140 sum
2336 1100 2378 1141 a
2390 1084 2666 1162 peccam,
2699 1083 2764 1141 et
2787 1082 2840 1145 1.
2862 1077 3048 1142 Joan.
3078 1082 3132 1154 1,
3154 1083 3213 1154 8,

588 1181 679 1244 ita
708 1182 1149 1265 prosequitur:
1189 1181 1294 1258 ‚Si
1328 1189 1546 1248 autem
1576 1201 1768 1248 nemo
1802 1201 1945 1249 esse
1978 1183 2117 1249 sine
2148 1190 2417 1264 peccato
2450 1188 2681 1265 potest,
2713 1189 2783 1247 et
2801 1183 3092 1266 quisquis
3112 1183 3210 1246 in-

589 1287 917 1370 culpatum
948 1308 1019 1354 se
1052 1308 1195 1355 esse
1227 1290 1471 1367 dixerit,
1506 1295 1619 1355 aut
1649 1290 1966 1372 superbus
1999 1296 2113 1355 aut
2143 1274 2536 1355 stultus'est:
2583 1308 2780 1372 quam
2820 1290 3213 1368 necessaria,

590 1412 785 1476 quam
816 1395 1096 1477 benigna
1127 1403 1226 1461 est
1256 1396 1472 1460 divina
1502 1397 1861 1473 clementia,
1908 1415 2093 1480 quae,
2142 1415 2288 1462 cum
2334 1398 2497 1462 sciat
2540 1415 2673 1462 non
2704 1396 2932 1461 deesse
2969 1397 3215 1461 sanatis

589 1501 909 1583 quaedam
942 1503 1354 1584 postmodum
1384 1504 1668 1582 vulnera,
1700 1504 1878 1569 dedit
1909 1504 2209 1569 curandis
2229 1504 2442 1569 denuo
2465 1504 2901 1586 sanandisque
2933 1504 3215 1568 vulneri-

591 1607 709 1672 bus
741 1608 1029 1674 remedia
1059 1610 1422 1674 salutaria‘
2209 1597 2216 1603 ’

767 1736 829 1804 3.
861 1733 1126 1799 Accedit
1156 1735 1569 1816 experientia.
1604 1735 1759 1817 Quis
1793 1737 1963 1802 enim
1995 1741 2246 1801 attenta
2263 1735 2539 1800 hominis
2560 1734 2897 1817 fragilitate
2919 1734 3048 1798 sibi
3069 1753 3216 1816 per-

589 1840 903 1919 suadebit,
936 1859 1007 1906 se
1040 1841 1148 1906 diu
1179 1841 1425 1924 absque
1456 1843 1586 1907 ullo
1617 1844 1719 1908 vel
1751 1844 2015 1907 minimo
2049 1842 2301 1909 defectu
2334 1843 2547 1908 vivere
2578 1845 2815 1924 posse?

770 1980 872 2034 45.
906 1966 1257 2035 Scholion
1292 1968 1355 2034 I.
1406 1973 1856 2047 Exceptionibus
1885 1975 2113 2048 satisfit.
2150 2008 2236 2017 —
2272 1970 2332 2035 1.
2359 1972 2742 2047 Objiciuntur
2760 1972 2946 2030 verba
2973 1983 3026 2034 1.
3047 1971 3087 2029 J
3090 1990 3216 2030 oan.

594 2069 649 2129 3,
689 2070 756 2121 9:
814 2060 927 2132 Qui
970 2068 1143 2119 natus
1188 2069 1268 2119 est
1312 2080 1385 2120 ex
1413 2061 1558 2137 Dec,
1594 2070 1894 2137 peccatum
1923 2082 2039 2121 non
2066 2064 2231 2139 facit,
2285 2065 2557 2140 quoniam
2602 2080 2790 2120 semen
2835 2062 3002 2119 illius
3046 2063 3110 2119 in
3154 2079 3216 2118 eo

588 2155 796 2224 manet,
831 2156 881 2206 et
911 2168 1027 2207 non
1048 2157 1237 2223 potest
1264 2169 1520 2226 peccare.
1584 2151 1956 2211 Probabilior
1986 2152 2200 2211 horum
2232 2151 2554 2210 verborum
2584 2168 2798 2209 sensus
2830 2153 2942 2221 est,
2980 2150 3216 2226 justum

589 2232 1177 2312 reduplicative
1223 2243 1574 2315 spectatum,
1622 2244 1919 2317 quatenus
1964 2245 2058 2300 est
2100 2245 2344 2301 renatus
2377 2259 2445 2299 ex
2476 2241 2598 2299 Deo
2632 2243 2694 2297 et
2723 2239 2920 2316 gratia
2953 2238 3215 2298 sanctifi-

588 2328 759 2386 cante
789 2327 1115 2406 praeditus,
1149 2346 1269 2387 non
1299 2348 1476 2405 posse
1507 2347 1778 2405 peccare3
1811 2348 2003 2406 neque
2035 2329 2194 2388 enim
2225 2329 2419 2406 gratia
2447 2328 2522 2387 ad
2554 2332 2861 2405 peccatum
2894 2328 3213 2397 concurrit,

588 2414 688 2472 sed
722 2415 796 2473 ab
828 2434 896 2474 eo
928 2417 1130 2492 potius
1160 2417 1422 2477 deterret
1451 2419 1614 2490 adeo,
1666 2422 1737 2477 ut
1781 2436 1915 2476 cum
1959 2419 2126 2495 gravi
2161 2419 2372 2476 saltem
2405 2420 2644 2493 peccato
2677 2416 3004 2477 consistere
3036 2417 3218 2475 simul

587 2508 874 2579 nequeat:
923 2506 974 2564 si
1018 2510 1215 2565 tamen
1240 2508 1448 2582 justus
1479 2510 1698 2583 peccat,
1732 2512 1937 2581 peccat
1967 2510 2264 2581 quatenus
2297 2509 2477 2565 natus
2511 2510 2604 2565 est
2635 2525 2703 2564 ex
2736 2506 2968 2565 Adamo
3000 2523 3212 2564 concu-

588 2593 912 2668 piscentiae
944 2595 1249 2666 obnoxius,
1296 2596 1562 2654 nondum
1606 2595 1862 2672 perfecte
1892 2592 2213 2655 renovatus
2260 2599 2323 2653 et
2366 2595 2692 2672 regenitus.
2759 2594 2928 2663 Quod
2984 2595 3072 2653 ita
3120 2613 3215 2653 ex-

589 2684 811 2759 pressit
842 2703 886 2745 s.
920 2686 1416 2763 Augustinus
1462 2685 1535 2743 de
1567 2704 1655 2762 gr.
1688 2685 1819 2744 Chr.
1853 2704 1900 2744 c.
1937 2693 2050 2747 24:
2100 2685 2384 2755 ,Caritas,
2433 2685 2764 2744 secundum
2811 2704 2996 2761 quam
3040 2688 3216 2743 natus

589 2778 684 2831 est
713 2792 783 2832 ex
815 2775 936 2833 Deo
971 2770 1245 2855 (justus),
1279 2792 1399 2833 non
1428 2774 1556 2850 agit
1586 2793 1913 2849 perperam,
1947 2793 2067 2833 non
2099 2775 2321 2851 cogitat
2350 2776 2593 2836 malum.
2662 2775 2808 2833 Cum
2840 2792 2986 2849 ergo
3017 2774 3220 2850 peccat

590 2861 782 2936 hom0,
817 2882 938 2922 non
970 2862 1301 2922 secundum
1331 2863 1658 2931 caritatem,
1693 2862 1798 2922 sed
1831 2863 2162 2923 secundum
2192 2863 2585 2939 cupiditatem
2617 2867 2837 2939 peccat,
2885 2862 3220 2922 secundum

588 2970 766 3025 quam
798 2971 917 3011 non
951 2955 1043 3010 est
1073 2955 1250 3010 natus
1280 2970 1350 3010 ex
1383 2952 1564 3010 Deo}
1631 2952 1709 3010 Et
1741 2971 1786 3011 s.
1819 2952 2133 3011 Thomas
2166 2971 2212 3010 c.
2250 2952 2314 3010 Gr.
2349 2951 2448 3021 IV,
2490 2963 2599 3016 70:
2650 2953 2788 3021 ‚Sic
2831 2951 3063 3011 dictum
3097 2954 3216 3010 est:

589 3039 723 3098 Non
755 3043 950 3115 potest
981 3058 1234 3116 peccare,
1270 3040 1375 3115 qui
1405 3059 1475 3098 ex
1495 3042 1615 3099 Deo
1646 3044 1823 3100 natus
1853 3043 1962 3110 est,
1995 3043 2152 3100 sicut
2184 3041 2235 3099 si
2267 3040 2582 3111 diceretur,
2616 3040 2774 3117 quod
2806 3041 3068 3101 calidum
3100 3058 3218 3099 non

588 3131 788 3203 potest
816 3119 1168 3213 infrigidare
1216 3125 1304 3209 (id
1354 3131 1556 3188 tamen
1596 3130 1756 3205 quod
1789 3134 1883 3190 est
1913 3130 2170 3188 calidum
2204 3132 2405 3206 potest
2433 3130 2564 3189 fieri
2594 3129 2878 3208 frigidum
2913 3134 2977 3189 et
3009 3131 3094 3189 sic
3125 3129 3218 3188 in-

587 3214 960 3299 frigidabit);
996 3218 1091 3275 vel
1122 3218 1280 3276 sicut
1312 3218 1361 3278 si
1393 3217 1709 3289 diceretur,
1743 3219 1784 3277 J
1787 3223 1959 3279 ustus
1980 3219 2209 3295 injusta
2228 3238 2350 3278 non
2369 3219 2515 3295 agit,
2549 3219 2673 3280 scil.
2703 3219 2767 3278 in
2795 3223 3094 3294 quantum
3127 3222 3219 3277 est

582 3306 852 3380 justus.‘
918 3306 1000 3368 cf.
1045 3307 1579 3366 Bellarminus
1623 3307 1697 3368 de
1734 3309 1932 3384 justif.
1964 3309 2002 3372 l.
2040 3319 2074 3372 3
2110 3327 2157 3367 c.
2200 3319 2295 3378 15,
2343 3310 2448 3384 qui
2495 3308 2761 3384 quinque
2797 3308 2854 3366 h.
2887 3308 2926 3367 1.
2961 3308 3218 3384 explica-

590 3393 782 3453 tiones
815 3395 1088 3467 adducit;
1126 3395 1521 3455 Scheeben
1553 3398 1592 3455 l.
1628 3407 1662 3460 3
1695 3417 1755 3456 n.
1792 3408 1936 3461 907.

767 3480 833 3546 2.
868 3483 1145 3555 Notatur,
1181 3484 1296 3543 etsi
1320 3485 1474 3560 justi
1506 3492 1813 3561 peccatum
1843 3487 2017 3562 plene
2050 3504 2254 3546 cavere
2273 3487 2599 3562 nequeunt,
2632 3503 2755 3544 non
2787 3484 2979 3561 sequi,
3014 3503 3220 3543 eorum

582 3572 884 3646 justitiam
918 3592 1039 3633 non
1070 3592 1199 3633 esse
1231 3593 1448 3644 veram,
1499 3573 1603 3633 sed
1649 3578 1888 3634 tantum
1934 3594 2063 3634 eam
2108 3576 2375 3634 nondum
2406 3592 2536 3634 esse
2568 3574 2845 3633 omnibus
2880 3574 3218 3632 absolutam

590 3662 886 3732 numeris3
924 3663 1080 3721 sicut
1111 3662 1311 3720 infans
1343 3666 1434 3721 est
1465 3663 1638 3723 homo
1669 3682 1866 3735 verus,
1900 3664 2015 3723 etsi
2046 3663 2315 3723 nondum
2344 3663 2659 3740 perfectus.

767 3746 828 3814 3.
860 3751 947 3809 Ex
991 3771 1078 3817 eo,
1125 3751 1284 3827 quod
1308 3752 1466 3827 J'usti
1498 3753 1738 3830 singula
1769 3753 2018 3812 seorsim
2050 3757 2318 3829 spectata
2347 3752 2535 3811 vitare
2565 3754 2814 3828 possunt
2846 3753 3090 3827 peccata
3120 3767 3217 3808 ve-

591 3838 792 3907 nialia,
827 3858 946 3898 non
979 3841 1266 3916 sequitur,
1315 3858 1414 3899 eos
1446 3859 1620 3916 posse
1653 3841 1860 3900 eadem
1892 3841 2181 3900 facilitate
2214 3842 2442 3900 omnia:
2491 3859 2608 3916 quo
2653 3840 2827 3917 plura
2872 3841 3036 3900 enim
3084 3856 3215 3898 suc-

590 3928 808 3986 cessive
841 3933 986 3987 sunt
1020 3929 1277 4001 vitanda,
1312 3947 1381 3988 eo
1413 3930 1601 4004 major
1632 3930 1700 3988 fit
1730 3949 1800 3989 ea
1831 3929 2060 3990 vitandi
2082 3930 2436 3989 difficultas:
2470 3929 2655 3988 donec
2686 3949 2757 3989 ea
2787 3928 3064 3988 redditur
3095 3945 3216 3985 mo·

588 4016 813 4087 raliter‚
846 4036 965 4075 non
997 4018 1287 4090 absolute,
1323 4018 1768 4094 insuperabili8‚
1803 4022 1874 4078 ut
1906 4020 2188 4095 exemplis
2220 4019 2454 4079 ostendi
2483 4021 2699 4096 potest.

767 4100 829 4171 4.
860 4105 1017 4165 Haec
1035 4106 1306 4166 doctrina
1326 4107 1556 4166 censeri
1576 4126 1698 4166 non
1731 4107 1910 4167 debet
1940 4107 2118 4166 dura:
2153 4108 2304 4167 dura
2333 4111 2482 4168 tunc
2511 4107 2664 4165 forte
2697 4110 2875 4179 esset,
2911 4106 2964 4165 si
2997 4121 3063 4168 a.
3098 4122 3215 4163 non

588 4211 896 4269 possemus
926 4213 1127 4254 cavere
1158 4200 1398 4273 peccata
1428 4196 1683 4256 venialia
1714 4197 1891 4272 plene
1924 4197 2283 4268 deliberata3
2331 4197 2383 4256 si
2429 4193 2503 4259 b.
2550 4214 2674 4254 non
2706 4214 3016 4271 possemus
3047 4193 3214 4252 facile

589 4282 832 4341 illorum
863 4283 1185 4358 impetrare
1218 4286 1484 4356 veniam;
1533 4285 1585 4344 si
1626 4299 1687 4350 c.
1719 4286 2016 4362 quidquid
2049 4285 2251 4344 damni
2284 4305 2351 4344 ex
2385 4286 2491 4344 hac
2521 4284 2851 4361 fragilitate
2885 4285 2951 4343 in
2982 4301 3092 4344 nos
3125 4300 3216 4340 re-

588 4371 832 4443 dundat,
866 4391 987 4431 non
1004 4373 1240 4433 abunde
1260 4378 1742 4450 compensaretur
1760 4375 1952 4444 boniS,
1987 4373 2062 4432 ad
2096 4393 2247 4451 quae
2278 4376 2410 4450 ejus
2443 4373 2807 4433 conscientia
2838 4378 2901 4433 et
2930 4370 3213 4433 memoria

587 4479 695 4518 nos
728 4461 977 4520 inducit.
1025 4462 1209 4522 Fovet
1227 4463 1385 4522 enim
1406 4464 1828 4536 humilitatem,
1864 4463 2080 4522 excitat
2112 4463 2186 4521 ad
2218 4463 2505 4522 fervorem
2539 4465 2600 4521 et
2630 4461 3003 4540 vigilantiam
3038 4476 3215 4536 opera

587 4549 1060 4610 mortificationis
1091 4556 1200 4610 etc.
1271 4552 1435 4621 ,Nec
1476 4553 1543 4610 in
1587 4572 1654 4611 eo
1700 4552 1848 4629 ipso,
1896 4553 2097 4627 inquit
2126 4552 2630 4628 Augustinus
2676 4553 2750 4610 de
2797 4571 2950 4628 pecc.
2981 4569 3124 4610 mer.
3155 4550 3215 4606 et

588 4639 812 4698 remiss.
846 4640 885 4698 l.
923 4649 955 4701 2
993 4658 1039 4699 c.
1082 4650 1156 4703 19
1194 4660 1249 4698 n.
1288 4649 1390 4711 33,
1436 4642 1574 4699 vult
1606 4638 1814 4722 (Deus)
1862 4660 1970 4700 nos
2002 4640 2370 4700 damnabiles
2403 4659 2550 4712 esse,
2601 4640 2704 4700 sed
2738 4641 3008 4711 humiles,
3056 4657 3214 4697 com-

589 4728 874 4787 mendans
906 4729 1077 4789 nobis
1110 4730 1353 4789 eandem
1384 4729 1635 4806 gratiam
1667 4749 1868 4801 suam3
1907 4749 1980 4789 ne
2012 4730 2359 4789 facilitatem
2390 4730 2455 4788 in
2486 4729 2765 4789 omnibus
2799 4729 3074 4799 assecuti,
3109 4744 3213 4785 no-
