3538 5364
518 277 650 341 600
771 269 956 323 Tract.
981 268 1049 322 X.
1075 267 1145 321 de
1172 266 1290 321 Deo
1317 270 1795 323 consummatore.
1835 266 1941 321 Th.
1968 265 2304 321 CCLXVIII.
2349 264 2592 318 Animae
2611 264 2905 334 justorum

524 455 627 514 tas
659 449 925 532 aperiat,
957 466 1035 513 eo
1069 446 1457 530 martyribus
1489 452 1733 529 apert0,
1766 446 2001 512 ceteris
2019 463 2276 529 quoque
2295 444 2483 527 justis
2501 451 2729 527 patere
2749 443 2935 513 facile
2966 464 3147 510 com-

526 555 892 639 probatur«

706 683 856 749 645.
885 681 951 749 4.
983 679 1317 746 Accedunt
1363 680 1552 762 plura
1595 678 1929 769 doctrinae
1975 678 2208 759 capita,
2254 695 2425 760 quae
2468 677 2572 743 vel
2600 678 2771 742 hanc
2801 679 3143 747 veritatem

528 793 918 869 supponunt,
946 785 1049 852 vel
1081 806 1160 852 ex
1190 786 1424 870 quibus
1456 787 1684 852 eadem
1715 785 2146 868 consequitur.
2209 784 2368 849 Eam
2399 805 2463 853 a.
2500 791 2874 867 supponunt
2902 791 3148 867 patreS,

529 893 659 957 imo
690 891 911 957 fideles
942 899 1008 963 et
1034 892 1320 959 Ecclesia
1349 894 1650 959 universa
1680 893 1874 958 toties
1907 891 2056 970 fere,
2089 891 2344 974 quoties
2378 892 2458 957 de
2490 897 2862 956 sanctorum
2893 892 3148 958 inter·

530 1000 912 1067 cessione
962 1000 1301 1066 disserunt.
1363 1001 1515 1067 Inde
1566 1001 1737 1066 enim
1786 999 2218 1064 invocationis
2270 1004 2646 1063 sanctorum
2695 998 3035 1064 utilitatem
3084 1005 3153 1065 et

530 1107 1006 1173 intercessionis
1036 1107 1389 1174 efficaciam
1416 1108 1710 1190 probant,
1761 1107 1935 1191 quod
1957 1107 2098 1188 Jam
2129 1107 2366 1171 throno
2399 1105 2516 1171 Dei
2546 1107 2854 1171 assistant
2884 1106 3150 1189 ejusque

529 1214 822 1280 fruantur
849 1214 1113 1281 visione.
1183 1214 1354 1290 ,Nec
1397 1214 1639 1292 dubito,
1684 1214 1889 1297 inquit
1936 1212 2388 1296 Gregorius
2419 1230 2560 1277 naz.
2593 1232 2683 1278 or.
2721 1218 2801 1283 18
2833 1232 2894 1276 n.
2926 1218 2971 1281 4
3003 1212 3149 1300 (col.

531 1340 623 1387 or.
655 1327 742 1391 24
773 1342 834 1386 n.
873 1322 999 1409 19),
1031 1322 1185 1406 quin
1214 1322 1339 1387 hoc
1368 1340 1540 1386 nunc
1570 1339 1830 1404 quoque
1860 1327 2042 1385 tanto
2074 1320 2279 1401 magis
2311 1320 2766 1402 deprecatione
2798 1338 2920 1385 sua
2951 1337 3149 1402 quam

528 1429 704 1511 prius
724 1429 1017 1492 doctrina
1033 1434 1317 1510 praestet
1338 1428 1550 1515 (pater
1568 1446 1752 1493 meus
1785 1427 1918 1491 scil.
1937 1445 2162 1491 curam
2181 1428 2407 1509 gregiS,
2440 1426 2623 1509 cujus
2644 1425 2854 1492 fuerat
2872 1428 3148 1515 pastor),

456 1589 469 1597 .
526 1540 772 1618 quanto
804 1552 976 1599 nunc
1006 1533 1211 1618 magis
1244 1533 1379 1600 Deo
1411 1535 1902 1617 appropinquat,
1935 1540 2008 1598 ut
2039 1535 2149 1617 qui
2183 1552 2532 1616 corporeas
2554 1533 2899 1616 compedes
2918 1550 3151 1597 excus-

515 1640 686 1719 serit,
721 1658 799 1705 ac
829 1640 982 1705 limo
1011 1639 1119 1706 illo
1152 1642 1388 1706 mentis
1417 1641 1761 1724 puritatem
1801 1641 2123 1707 inficiente
2155 1639 2466 1707 liberatus
2497 1641 2597 1719 sit,
2628 1640 2965 1723 nudusque
2996 1657 3151 1704 cum

515 1746 691 1812 nuda
720 1747 1005 1830 principe
1038 1754 1106 1813 et
1133 1748 1477 1830 purissima
1510 1754 1729 1814 mente
1761 1757 2076 1826 versetur,
2109 1748 2379 1829 angelici
2410 1748 2651 1813 ordinis
2684 1747 3064 1829 dignitatem
3082 1755 3153 1814 et

513 1854 815 1919 fiduciam
846 1861 1293 1920 consecutus«
1363 1855 1453 1918 Ea
1487 1856 1552 1924 b.
1588 1855 2005 1939 consequitur
2053 1874 2131 1919 ex
2179 1856 2276 1923 iis.
2326 1874 2493 1939 quae
2536 1861 2756 1937 patres
2801 1855 3037 1919 docent
3066 1855 3156 1920 de

517 1959 753 2025 Christi
785 1962 869 2025 ad
899 1961 1216 2028 inferos
1247 1963 1583 2028 descensu.

696 2110 823 2179 ,Ex
842 2129 962 2188 quo
980 2111 1139 2169 enim
1157 2114 1439 2187 tempore,
1459 2110 1662 2189 inquit
1689 2112 1738 2170 G
1753 2130 1785 2169 r
1800 2131 1832 2170 e
1848 2131 1889 2189 g
1904 2112 2018 2171 ori
2035 2131 2079 2170 u
2095 2130 2122 2170 s
2147 2111 2609 2188 thaumaturgus
2630 2110 2750 2188 (Mi
2764 2129 2821 2188 g.
2851 2120 2946 2181 10,
2972 2107 3151 2192 203),

516 2198 776 2275 primum
804 2199 1102 2259 Adamum
1132 2199 1426 2259 secundus
1457 2219 1527 2259 ex
1559 2200 1784 2259 inferni
1815 2200 2020 2272 fundo,
2059 2202 2366 2275 tamquam
2397 2199 2610 2259 Jonam
2642 2219 2712 2259 ex
2743 2203 2890 2271 ceto,
2922 2199 3150 2271 eduxit,

515 2306 582 2346 ac
623 2288 818 2359 illum,
867 2288 972 2365 qui
1014 2289 1296 2366 deceptus
1328 2289 1471 2349 olim
1500 2288 1706 2361 fuerit,
1755 2289 1904 2350 coeli
1936 2290 2125 2349 civem
2156 2308 2292 2349 cum
2323 2308 2538 2367 magno
2569 2288 2904 2365 deceptoris
2933 2289 3157 2365 probro

529 2394 597 2435 ac
627 2376 908 2437 dedecore
938 2377 1163 2437 effecit:
1210 2396 1280 2437 ex
1325 2397 1412 2451 88,
1458 2377 1721 2453 inquam,
1762 2381 2030 2455 tempore
2063 2379 2363 2438 obseratae
2395 2378 2641 2437 fuerunt
2668 2378 2889 2438 inferni
2910 2379 3154 2454 januae,

524 2465 677 2525 coeli
723 2484 862 2525 vero
907 2466 1062 2526 fores
1103 2469 1397 2527 reseratae
1426 2466 1683 2526 liberum
1716 2469 1897 2544 atque
1929 2468 2271 2545 expeditum
2304 2461 2676 2549 (ἀκώλυτον)
2722 2467 2814 2537 118,
2862 2467 2969 2543 qui
3012 2485 3153 2526 cum

524 2554 638 2617 fide
681 2554 829 2614 illuc
872 2556 1218 2629 ascendunt,
1264 2556 1496 2615 aditum
1533 2556 1929 2616 concedunt«
1962 2590 2052 2600 —
2082 2556 2512 2635 Gregorius
2543 2575 2667 2616 naz.
2699 2575 2784 2615 or.
2818 2564 2900 2619 29
2934 2575 2993 2615 8.
3028 2565 3152 2619 20:

527 2644 641 2724 ,In
683 2643 918 2706 inferna
961 2645 1089 2704 loca
1119 2645 1427 2705 descendit
1457 2640 1803 2728 (Christus),
1852 2645 1956 2706 sed
2000 2646 2140 2706 inde
2185 2647 2411 2705 animas
2456 2646 2717 2707 evehit.‘
2750 2679 2841 2691 —
2869 2646 3152 2706 Hiero·

524 2752 795 2813 nymus
839 2734 904 2793 in
948 2734 1094 2811 Eph.
1131 2745 1187 2806 4,
1226 2745 1296 2798 9:
1344 2734 1678 2805 ,Inferiore
1720 2738 1922 2795 autem
1962 2739 2156 2796 terrae
2185 2736 2456 2796 infernus
2488 2735 2792 2812 accipitur,
2844 2736 2919 2795 ad
2967 2754 3150 2811 quem

523 2823 593 2881 D.
614 2823 685 2883 N.
708 2823 1096 2899 Salvatorque
1115 2824 1436 2893 descendit,
1471 2827 1541 2883 ut
1572 2828 1914 2885 sanctorum
1932 2826 2175 2896 8818188,
2210 2843 2360 2900 quae
2378 2825 2466 2884 ibi
2483 2825 2847 2885 tenebantur
2863 2825 3146 2896 inclusae,

526 2913 727 2970 secum
772 2912 846 2973 ad
891 2913 1083 2972 coelos
1129 2913 1321 2973 victor
1352 2913 1746 2985 adduceret3‘
1793 2933 1888 2990 ep.
1924 2926 2003 2978 60
2038 2933 2097 2978 8.
2132 2924 2190 2978 3.
2220 2947 2307 2958 —
2339 2913 2836 2991 Epiphanius
2867 2915 3024 2976 haer.
3062 2924 3142 2978 77

521 3019 580 3058 8.
616 3011 732 3065 35:
781 2999 982 3070 ,Quin
1026 3002 1207 3061 etiam
1251 3005 1312 3061 et
1355 3001 1429 3061 ad
1473 3002 1693 3062 inferos
1724 3003 1913 3079 ipsius
1944 3004 2225 3065 divinitas
2256 3021 2392 3062 cum
2423 3004 2621 3062 anima
2650 3003 2975 3074 descendit,
3015 3021 3150 3063 eos-

524 3108 641 3163 que
672 3089 779 3165 qui
811 3090 1000 3149 vincti
1030 3091 1158 3150 illic
1187 3091 1616 3164 attinebantur,
1656 3092 1719 3151 vi
1751 3111 1863 3152 sua
1893 3111 1959 3151 ac
1989 3092 2256 3169 potentia
2283 3092 2627 3157 1111818111.ς
2693 3093 2910 3152 Christi
2943 3093 3018 3151 ad
3047 3092 3146 3150 in-

522 3177 678 3237 feros
710 3178 1055 3239 descensum
1086 3183 1542 3257 sanctarumque
1565 3181 1775 3241 exinde
1796 3182 2130 3241 animarum
2152 3182 2564 3242 liberationem
2583 3183 2813 3241 veteres
2834 3180 3150 3241 christiani

526 3266 892 3344 imaginibus
924 3288 1161 3347 quoque
1193 3270 1642 3348 sculpturisque
1673 3270 2215 3346 repraesentabant.

707 3391 916 3451 Merito
934 3411 1075 3470 ergo
1102 3394 1153 3452 D
1167 3413 1256 3453 ur
1270 3413 1359 3453 an
1374 3395 1413 3453 d
1426 3413 1469 3454 11
1484 3413 1512 3454 8
1538 3394 1857 3454 meldensis
1876 3395 2190 3497 episcopus
2211 3395 2274 3453 in
2294 3395 2717 3454 commentario
2730 3395 2771 3454 J
2772 3413 2951 3455 88881
2966 3395 3150 3456 XXII.

526 3480 599 3540 de
629 3481 738 3540 hac
768 3482 1118 3558 quaestione
1149 3483 1348 3542 oblato
1379 3484 1530 3542 hanc
1559 3484 1898 3554 rationem
1882 3504 1946 3543 18
1989 3484 2200 3561 primis
2232 3487 2412 3562 urget
2445 3480 2563 3566 (ap.
2596 3484 2959 3561 Raynald.
2991 3484 3065 3543 ad
3097 3503 3150 3546 c.

530 3578 694 3633 1333
728 3589 787 3634 11.
822 3564 966 3654 49):
1015 3571 1254 3639 ,Prima
1282 3571 1428 3631 facie
1462 3572 1717 3645 videtur,
1766 3573 1926 3649 quod
1958 3573 2168 3644 dicere,
2211 3573 2374 3652 quod
2403 3573 2635 3633 animae
2668 3577 3009 3633 sanctorum
3043 3573 3148 3633 de-

521 3657 860 3719 cedentium
905 3661 1034 3719 sine
1079 3662 1314 3736 peccato
1360 3662 1598 3720 mortali
1643 3664 1704 3721 et
1747 3665 2066 3739 postquam
2100 3665 2400 3740 purgatae
2432 3664 2577 3721 81181
2621 3682 2655 3720 8
2699 3662 2875 3739 culpa
2904 3663 3151 3738 veniali,

519 3747 571 3805 si
619 3767 798 3822 quam
842 3748 1080 3820 habent,
1126 3748 1219 3806 vel
1263 3768 1297 3808 a
1339 3768 1529 3826 poena
1573 3753 1986 3826 cujuscunque
2018 3752 2229 3827 culpae
2260 3751 2480 3823 debita,
2526 3769 2647 3810 non
2679 3751 2922 3811 videant
2952 3752 3145 3812 Deum

518 3835 663 3894 facie
693 3837 766 3895 ad
814 3836 1021 3897 faciem
1050 3856 1243 3913 usque
1273 3841 1409 3915 post
1438 3839 1929 3900 resurrectionem
1960 3859 2290 3917 corporum,
2339 3842 2429 3900 est
2470 3859 2689 3917 negare
2719 3841 3040 3900 articulum
3073 3842 3152 3902 de

517 3924 808 3984 descensu
837 3926 1057 3985 Christi
1087 3926 1162 3985 ad
1191 3927 1429 3998 inferos,
1476 3927 1636 4005 quod
1666 3930 1834 4005 patet
1866 3929 1981 3989 sic:
2028 3930 2297 3989 Christus
2329 3947 2449 3988 1188
2480 3928 2788 3989 descendit
2817 3931 2892 3989 ad
2924 3930 3148 3991 inferos

518 4013 847 4073 secundum
879 4032 1095 4091 corpus
1127 4060 1141 4074 .
1174 4062 1186 4074 .
1221 4060 1235 4073 .
1280 4035 1389 4075 nec
1434 4016 1764 4077 secundum
1797 4018 2100 4091 deitatem,
2147 4018 2290 4095 quia
2321 4019 2650 4078 secundum
2682 4018 2852 4087 illam
2882 4021 2973 4079 est
3003 4020 3148 4078 ubi-

516 4121 651 4178 que.
712 4102 911 4180 Igitur
939 4104 1243 4164 descendit
1273 4105 1602 4170 secundum
1634 4107 1910 4170 animam.
1973 4108 2066 4166 Ad
2098 4127 2275 4184 quem
2305 4107 2483 4167 finem
2499 4110 2528 4166 ’ἒ
2591 4107 2687 4168 Ad
2719 4107 2878 4167 hunc
2909 4109 2981 4168 111
3010 4110 3143 4168 ani-

513 4210 640 4251 mas
672 4194 1014 4252 sanctorum
1046 4196 1281 4270 patrum
1317 4196 1379 4253 et
1421 4194 1692 4266 aliorum,
1738 4214 1890 4271 quae
1924 4199 2093 4255 erant
2122 4197 2188 4256 18
2220 4196 2404 4257 limbo
2434 4196 2673 4266 inferni,
2719 4197 3002 4256 liberaret
3047 4215 3143 4257 se-

512 4281 776 4341 cundum
805 4281 961 4340 illud
993 4282 1331 4343 Zachariae:
1386 4284 1473 4343 Tu
1517 4291 1708 4343 autem
1751 4287 1815 4343 in
1860 4287 2145 4363 sanquine
2182 4287 2501 4344 testamenti
2531 4288 2618 4344 tui
2647 4286 2904 4346 eduxisti
2932 4288 3150 4346 vinctos

512 4376 641 4428 tuos
668 4370 739 4428 de
768 4371 900 4429 lacu
934 4368 1185 4454 (9,11).
1232 4372 1306 4430 In
1333 4371 1569 4432 inferno
1588 4376 1792 4432 8111818
1822 4393 1944 4434 888
1975 4377 2069 4433 881
2099 4374 2219 4434 8181
2239 4375 2459 4450 duplex
2480 4393 2690 4451 poena,
2720 4393 2913 4450 poena
2931 4392 3146 4435 8888118

512 4458 573 4516 81
603 4475 793 4533 poena
825 4459 1058 4519 damni.
1105 4461 1168 4519 18
1198 4461 1385 4521 limbo
1416 4464 1617 4521 autem
1648 4465 1992 4523 sanctorum
2024 4482 2145 4523 non
2176 4463 2295 4523 fuit
2326 4482 2518 4540 poena
2549 4479 2776 4535 sensus,
2809 4465 2912 4524 sed
2946 4464 3142 4523 solum

511 4545 732 4618 damni,
763 4566 916 4623 quae
948 4551 1041 4607 est
1069 4551 1332 4609 carentia
1361 4551 1611 4611 visionis
1643 4551 1901 4629 divinae
1935 4572 1970 4611 8
2001 4572 2120 4630 qua
2148 4553 2352 4613 nullus
2384 4555 2582 4654 potest
2613 4551 2854 4612 liberari
2882 4553 3005 4613 8181
3036 4572 3149 4629 per

510 4634 799 4695 visionem
831 4635 1111 4711 divinam,
1146 4639 1286 4715 quia
1314 4640 1568 4729 privatio
1587 4640 1842 4718 alicujus
1873 4660 1995 4702 non
2026 4642 2266 4704 tollitur
2296 4641 2416 4701 11181
2434 4661 2542 4718 per
2560 4644 2762 4701 actum
2780 4641 3146 4719 oppositum.

509 4723 667 4802 Ergo
710 4725 763 4784 81
808 4724 1122 4786 descensus
1151 4728 1382 4788 animae
1412 4728 1628 4819 Christi
1659 4730 1734 4788 ad
1764 4728 2021 4790 limbum
2052 4731 2274 4794 inferni
2305 4730 2422 4798 fuit
2451 4732 2718 4812 propter
2731 4728 3147 4811 liberationem
