3538 5364
575 303 709 365 222
1168 291 1353 346 Tract.
1380 293 1474 347 IX.
1498 292 1568 347 de
1596 290 1982 348 sacramentis,
2009 290 2288 345 Notiones
2313 290 2595 361 praeviae.

757 480 916 549 Quae
948 478 1218 554 quaestio
1251 482 1322 537 ut
1352 477 1570 536 melius
1592 477 1988 553 intelligatur,
2015 476 2250 552 juverit
2268 475 2551 552 quasdam
2572 477 2845 536 notiones
2865 477 3195 536 accuratius

573 588 884 647 exponere.
953 567 1454 643 Quadruplex
1500 570 1597 625 est
1641 566 1962 625 discrimen
1996 584 2231 624 causam
2266 566 2423 624 inter
2454 566 2762 642 physicam
2792 569 2854 624 et
2882 566 3193 625 moralem:

580 655 640 722 l.
675 677 851 718 causa
882 657 1122 716 moralis
1154 660 1247 716 est
1291 675 1467 715 causa
1512 655 1847 714 mediata
1885 655 2130 714 effectus
2175 655 2214 712 i.
2260 674 2309 716 e.
2354 655 2654 713 mediante
2700 673 2877 714 causa
2919 655 3193 732 physica:

577 748 719 807 haec
766 766 942 807 causa
987 750 1080 805 est
1127 745 1573 805 immediata
1616 745 1892 814 effectus:
1941 741 2009 808 2.
2058 744 2163 802 illa
2192 744 2494 803 concurrit
2524 744 2597 802 ad
2630 743 3083 820 productionem
3113 744 3193 802 ef-

576 838 767 897 fectus
813 836 1103 896 movendo
1148 835 1408 893 motione
1452 835 1663 892 morali
1717 834 2086 893 intellectum
2128 835 2621 909 voluntatemque
2666 851 2877 892 causae
2921 834 3196 909 physicae

576 926 944 995 auctoritate,
991 925 1274 995 bonitate,
1325 923 1599 1000 precibus
1645 925 1756 981 etc.
1804 917 2165 1003 (objective)‚
2212 941 2363 998 quae
2409 922 2539 981 ideo
2569 923 2794 981 motiva
2824 923 2943 981 dici
2974 922 3196 989 solent:

572 1035 754 1075 causa
784 1016 1028 1093 physica
1058 1017 1340 1091 operatur
1369 1012 1688 1071 exserendo
1722 1030 1861 1070 suas
1882 1012 2041 1071 vires
2060 1012 2336 1088 physicas
2357 1011 2430 1070 ad
2453 1012 2696 1070 effectus
2717 1012 3196 1088 productionem:

572 1101 642 1168 3.
677 1106 990 1164 causalitas
1022 1103 1261 1162 moralis
1291 1103 1471 1179 viget,
1518 1101 1624 1159 ubi
1667 1101 1885 1176 incipit
1915 1100 2056 1159 ordo
2088 1101 2346 1171 moralia,
2395 1101 2736 1160 intellectus
2782 1104 2845 1159 et
2889 1101 3197 1161 voluntas:

572 1194 894 1254 causalitas
913 1192 1160 1269 physica
1178 1195 1300 1251 tam
1334 1192 1455 1250 late
1486 1193 1654 1266 patet
1684 1210 1863 1266 quam
1895 1190 2024 1266 ipse
2056 1191 2196 1249 ordo
2223 1190 2507 1267 physicus
2539 1193 2602 1248 et
2631 1190 2797 1266 viget
2826 1191 3009 1249 etiam
3041 1191 3199 1249 inter

572 1286 874 1342 creaturas
907 1281 1310 1351 irrationales:
1357 1276 1421 1344 4.
1470 1298 1647 1338 causa
1690 1280 1938 1355 physica
1981 1282 2126 1338 tunc
2156 1282 2394 1338 tantum
2427 1280 2660 1354 operari
2690 1283 2908 1354 potest,
2957 1297 3096 1338 cum
3140 1283 3200 1339 et

576 1373 683 1432 ubi
714 1375 808 1431 est
839 1391 945 1430 seu
977 1371 1244 1440 exsistitj
1277 1388 1453 1428 causa
1481 1368 1724 1427 moralis
1757 1387 1893 1427 vero
1926 1369 2153 1444 operari
2184 1372 2386 1445 potest
2416 1370 2630 1427 absens
2663 1372 2725 1428 et
2755 1387 2892 1428 cum
2921 1388 3043 1428 non
3074 1389 3197 1427 am·

576 1462 736 1539 plius
768 1460 1010 1537 physice
1042 1463 1151 1519 est.
1185 1494 1265 1503 —
1301 1459 1575 1519 Proderit
1605 1458 1852 1534 insuper
1882 1477 2019 1534 prae
2050 1458 2240 1517 oculis
2273 1458 2487 1517 habere
2520 1458 2840 1517 discrimen
2871 1458 3031 1516 inter
3062 1476 3197 1518 cau·

573 1570 703 1610 sam
747 1550 1271 1626 principalem
1316 1552 1378 1608 et
1421 1548 2141 1615 instrumentalem,
2191 1547 2350 1621 quod
2395 1547 2481 1605 ita
2526 1547 2770 1624 exponit
2800 1566 2845 1605 s,
2877 1547 3198 1607 Thomas

581 1650 614 1703 3
650 1660 706 1715 p.
739 1659 794 1715 q.
830 1647 909 1701 62
945 1658 979 1696 a
1019 1650 1082 1700 1:
1134 1635 1665 1712 ,Principalis
1712 1635 1959 1711 quidem
1992 1631 2217 1719 (causa)
2260 1640 2544 1712 operatur
2588 1656 2694 1713 per
2736 1636 3026 1695 virtutem
3058 1656 3198 1696 suae

575 1730 814 1799 formae,
848 1728 948 1786 cui
977 1727 1346 1787 assimilatur
1377 1727 1638 1796 effectus,
1672 1725 1831 1784 sicut
1862 1725 2020 1802 ignis
2053 1744 2162 1784 suo
2192 1726 2382 1784 calore
2401 1726 2668 1785 calefacit
2699 1771 2711 1783 .
2747 1769 2759 1781 .
2794 1771 2807 1784 .
2839 1726 3027 1785 Causa.
3060 1746 3197 1785 vero

573 1818 1227 1876 instrumentalis
1258 1835 1379 1875 non
1411 1816 1536 1892 agit
1564 1834 1669 1889 per
1693 1814 1981 1873 virtutem
2002 1833 2144 1873 suae
2164 1814 2414 1885 formae;
2449 1816 2553 1873 sed
2587 1815 2779 1873 solum
2810 1834 2916 1891 per
2946 1817 3195 1885 motum,

575 1926 696 1984 quo
727 1910 1005 1965 movetur
1035 1925 1068 1963 a
1101 1905 1415 1984 principali
1446 1908 1676 1982 agente.
1741 1903 1910 1962 Unde
1947 1904 2193 1962 effectus
2225 1923 2343 1962 non
2378 1904 2752 1963 assimilatur
2780 1904 3195 1975 instrumente,

577 1997 678 2055 sed
713 1992 1027 2072 principali
1059 1996 1280 2074 agenti,
1318 1994 1477 2053 sicut
1508 1994 1698 2051 lectus
1729 2011 1850 2051 non
1883 1993 2253 2051 assimilatur
2283 1993 2490 2063 securi,
2524 1994 2626 2053 sed
2658 1993 2793 2064 arti,
2827 2013 2979 2069 quae
3011 1997 3105 2053 est
3133 1994 3197 2052 in

576 2089 774 2144 mente
806 2083 1047 2144 artificis
1081 2130 1095 2144 .
1128 2131 1141 2144 .
1176 2130 1188 2143 .
1232 2086 1359 2144 Hoc
1404 2081 1898 2163 propriedicitur
1928 2083 2415 2153 instrumentum,
2462 2102 2569 2159 per
2613 2082 2773 2158 quod
2806 2083 3026 2159 aliquis
3060 2088 3197 2159 ope⁶

576 2178 802 2237 ratur.¹
871 2173 1033 2242 Quae
1064 2174 1257 2252 magis
1290 2173 1590 2248 explicans
1620 2172 1802 2246 paulo
1836 2171 1991 2230 infra
2019 2172 2210 2229 addit:
2249 2172 2768 2240 ,Instrumentum
2799 2173 2978 2231 habet
3007 2173 3198 2232 duas

571 2264 854 2333 act-ione3‚
888 2281 1069 2322 unam
1102 2261 1640 2330 instrumentalem,
1673 2260 2003 2319 secundum
2035 2281 2213 2336 quam
2244 2265 2525 2336 operatur
2555 2280 2674 2320 non
2705 2261 2766 2320 in
2799 2262 3028 2321 virtute
3060 2281 3195 2338 pro·

579 2353 724 2429 pria,
759 2353 857 2411 sed
890 2351 955 2410 in
985 2354 1211 2413 virtute
1245 2351 1589 2429 principalis
1622 2349 1885 2426 agentis:
1918 2350 2096 2409 aliam
2128 2354 2325 2409 autem
2359 2350 2539 2409 habet
2568 2351 2860 2410 actionem
2879 2352 3196 2427 propriam,

580 2461 730 2518 quae
762 2443 1047 2516 competit
1090 2443 1144 2502 ei
1191 2440 1519 2501 secundum
1550 2439 1851 2514 propriam
1881 2439 2147 2511 formam,
2192 2440 2348 2498 sicut
2393 2440 2584 2498 securi
2616 2440 2899 2517 competit
2929 2441 3197 2500 scindere

576 2533 807 2591 ratione
845 2550 988 2590 suae
1034 2531 1342 2591 acuitatis:
1393 2529 1580 2587 facere
1629 2530 1829 2586 autem
1875 2528 2097 2586 lectum
2141 2529 2205 2587 in
2251 2532 2544 2604 quantum
2589 2532 2681 2587 est
2726 2530 3196 2589 instrumentum

571 2622 751 2693 artis;
796 2639 919 2679 non
965 2624 1165 2680 autem
1209 2618 1442 2696 perficit
1471 2617 1992 2676 instrumentalem
2022 2618 2332 2688 actionem,
2383 2618 2500 2676 nisi
2545 2619 2869 2677 exercendo
2901 2619 3195 2678 actionem

578 2713 896 2787 propriam,
943 2709 1261 2770 scindendo
1293 2710 1451 2767 enim
1481 2707 1622 2765 iacit
1666 2708 1950 2769 lectum.‘
2020 2707 2209 2776 Quare
2255 2708 2327 2766 de
2372 2709 2600 2767 ratione
2646 2709 3037 2768 instrumenti
3083 2710 3197 2767 tria

575 2805 751 2860 sunt:
795 2813 845 2864 1.
878 2805 951 2859 ut
984 2800 1198 2858 habeat
1229 2797 1630 2875 operationem
1662 2796 1959 2872 propriam
1993 2816 2099 2873 per
2128 2797 2414 2856 virtutem
2437 2797 2734 2873 propriam
2754 2801 3195 2874 permanentem

573 2892 637 2948 in
659 2910 725 2950 eo
759 2894 820 2948 et
839 2890 955 2948 sibi
978 2889 1402 2957 inhaerentem,
1435 2890 1505 2944 ut
1536 2888 1628 2944 est
1661 2885 1817 2944 acies
1849 2887 1914 2944 in
1946 2887 2159 2957 securi,
2190 2886 2252 2944 vi
2284 2887 2454 2963 cujus
2488 2887 2737 2956 scindit:
2793 2896 2848 2950 2.
2880 2891 2953 2946 ut
2985 2887 3198 2946 habeat

573 2980 863 3038 virtutem
895 2976 1414 3037 instrumentalem
1444 2978 1856 3034 transeuntem
1903 2995 1936 3033 a
1979 2975 2205 3034 virtute
2250 2976 2567 3051 principali
2599 2976 2927 3034 derivatam
2972 2979 3036 3035 et
3081 2976 3197 3035 sibi

571 3068 844 3137 inditam,
893 3085 1043 3143 quae
1075 3085 1193 3125 non
1226 3067 1318 3123 est
1347 3064 1467 3123 nisi
1498 3065 1719 3135 motus,
1752 3083 1870 3140 quo
1902 3072 2178 3123 movetur
2208 3085 2241 3122 a
2272 3065 2586 3140 principali
2619 3068 2832 3142 agente
2864 3068 2926 3124 et
2955 3084 3077 3142 quo
3107 3068 3196 3124 at-

572 3157 756 3234 tingit
785 3155 858 3213 ad
891 3156 1163 3214 effectum
1196 3154 1617 3230 principalem:
1659 3154 1796 3212 hinc
1826 3173 1932 3229 per
1964 3153 2193 3230 aliquid
2225 3153 2337 3212 sibi
2368 3154 2675 3230 proprium
2708 3154 3061 3230 dispositive
3095 3155 3194 3214 de-

570 3246 675 3305 bet
719 3263 1065 3304 concurrere
1110 3244 1184 3303 ad
1229 3244 1500 3302 effectum
1544 3243 1890 3319 principalis
1935 3243 2187 3320 agentis.
2257 3253 2312 3306 3.
2363 3247 2434 3302 ut
2482 3244 2723 3302 nonnisi
2753 3244 2980 3303 virtute
3012 3244 3195 3320 hujus

574 3334 856 3393 motionis
888 3334 1062 3392 illum
1095 3333 1354 3410 attingat
1386 3333 1678 3390 effectum.
1741 3332 1823 3394 Cf.
1856 3332 2272 3391 Franzelin
2300 3332 2386 3391 th.
2422 3343 2456 3396 6
2490 3353 2547 3409 p.
2587 3342 2643 3395 2,

753 3477 899 3541 260.
946 3472 1091 3537 Jam
1122 3470 1407 3552 potiores
1441 3470 1521 3535 de
1551 3478 2105 3535 sacramentorum
2150 3471 2529 3535 causalitate
2570 3470 2923 3536 sententias
2954 3488 3196 3552 propo-

571 3597 820 3643 namus.
853 3576 1312 3643 Causalitatem
1351 3577 1779 3659 physicam
1810 3584 2071 3643 tuentur
2103 3585 2400 3643 auctores
2432 3596 2701 3642 numero
2734 3577 3004 3659 plurimi,
3038 3594 3195 3641 auc-

571 3686 834 3750 toritate
867 3692 932 3750 et
963 3684 1234 3750 scientia
1265 3701 1528 3766 graves:
1561 3702 1835 3766 quorum
1869 3684 1975 3748 alii
2006 3689 2297 3748 statuunt
2327 3689 2737 3748 sacramenta
2755 3700 3027 3748 causare
3047 3702 3195 3764 gra-

574 3796 746 3870 tiam,
779 3812 912 3858 non
932 3792 1105 3876 quod
1138 3810 1218 3856 ea
1249 3793 1567 3873 attingant
1585 3793 1849 3874 physice
1881 3793 2213 3856 entitatem
2233 3791 2499 3872 gratiae,
2533 3791 2648 3855 sed
2681 3790 3043 3873 producant
3062 3790 3195 3854 dis-

569 3900 959 3983 positionem
992 3900 1325 3981 praeviam
1359 3904 1424 3962 et
1455 3899 1634 3981 quasi
1669 3900 2163 3964 necessitantem
2197 3898 2277 3961 ad
2313 3899 2603 3979 gratiam,
2649 3904 2721 3961 ut
2749 3898 3195 3963 characterem

572 4008 673 4073 vel
704 4014 1003 4072 ornatum
1049 4006 1370 4088 quendam
1403 4006 1830 4087 spiritualem:
1876 4006 1965 4071 ita
1998 4006 2241 4087 antiqui
2274 4006 2619 4069 thomistae
2651 4022 2855 4087 usque
2889 4004 2972 4067 ad
3004 4002 3197 4086 Caje-

572 4122 814 4190 tanum,
848 4113 1080 4196 quibus
1114 4113 1263 4176 addi
1299 4119 1570 4194 possunt
1601 4112 1993 4177 Albertus
2025 4113 2121 4190 M.‚
2170 4112 2461 4177 Petrus
2495 4131 2535 4176 a
2564 4112 2966 4187 Tarantasia,
3014 4109 3196 4176 Dio-

571 4221 858 4303 nysius
904 4219 1117 4285 Carth.
1166 4228 1282 4285 etc.
1331 4219 1432 4306 (cf.
1481 4240 1541 4283 n.
1578 4220 1804 4306 2671);
1852 4220 1955 4283 alii
2000 4238 2153 4284 vero
2202 4220 2422 4284 dicunt
2467 4224 2876 4283 sacramenta
2919 4236 3195 4282 causare

570 4328 846 4407 gratiam
877 4327 1447 4393 instrumentaliter
1477 4329 1741 4410 physice
1775 4334 1839 4391 et
1875 4327 2217 4409 perfective
2252 4334 2316 4392 et
2347 4327 2604 4410 quidem
2623 4325 2726 4390 vel
2755 4344 2872 4408 per
2888 4326 3194 4390 virtutem

575 4434 903 4516 quandam
942 4435 1295 4517 physicam,
1329 4435 1729 4517 spiritualem
1762 4440 1828 4498 et
1845 4435 2397 4516 supernaturalem
2433 4435 2584 4516 ipsis
2614 4434 3064 4497 inhaerentem
3092 4433 3191 4498 vel

567 4559 683 4622 per
713 4531 1054 4623 specialem
1077 4542 1500 4607 extrinsecam
1525 4542 1957 4606 assistentiam
1979 4547 2041 4607 et
2057 4541 2409 4606 indebitum
2431 4558 2833 4616 concursum,
2855 4558 2983 4622 quo
3004 4558 3192 4606 crea-

571 4654 717 4711 tura
757 4648 971 4731 aliqua
1002 4648 1243 4714 elevari
1287 4655 1515 4730 potest,
1562 4655 1632 4712 ut
1677 4649 1972 4713 effectum
2011 4647 2566 4729 supernaturalem
2611 4648 2923 4728 attingere
2967 4648 3191 4729 possit.

568 4754 889 4819 Alterutro
942 4756 1136 4819 modo
1200 4756 1644 4820 causalitatem
1705 4761 2260 4821 sacramentorum
2315 4756 2651 4838 physicam
2719 4759 2984 4820 tuentur
3046 4754 3188 4818 Ca-
