3538 5364
509 215 640 278 350
765 205 950 259 Tract.
987 204 1081 258 IX.
1108 204 1178 257 de
1208 202 1572 257 eucharistia.
1601 202 1799 257 Thesis
1827 202 2138 257 CCXXVII.
2165 202 2234 255 de
2262 202 2444 256 forma
2470 200 2863 255 eucharistica.

509 405 656 468 Luc.
690 409 792 480 22,
829 408 929 471 19.
993 402 1187 485 Atqui
1218 409 1476 484 praeter
1506 402 1923 465 institutionis
1970 400 2170 464 verba
2202 400 2290 463 nil
2321 400 2582 463 omnino
2628 398 2800 462 aliud
2843 398 3128 463 referunt

505 511 751 575 dictum
784 516 897 574 aut
928 508 1169 575 facturn
1215 526 1255 572 a
1299 509 1572 585 Christo,
1624 508 1798 591 quod
1842 508 2160 589 pertineat
2202 508 2286 572 ad
2330 507 2503 571 illam
2547 506 3031 587 significandam
3061 513 3129 571 et

511 616 938 683 efficiendam:
970 634 1123 680 nam
1155 616 1359 697 qualis
1393 615 1578 680 fuerit
1627 615 1735 679 illa
1783 613 2145 680 benedictio
2197 622 2263 680 et
2311 614 2660 696 gratiarum
2707 614 2897 691 actio,
2947 613 3127 695 cujus

513 725 879 790 Matthaeus
912 730 978 788 et
1007 723 1260 786 Marcus
1295 722 1451 808 (non
1481 739 1636 786 vero
1668 721 1876 785 Lucas
1908 728 1972 785 et
2001 719 2265 808 Paulus)
2301 721 2693 786 mentionem
2724 718 2983 797 faciunt,
3016 738 3126 783 ac-

512 833 800 896 curatius
833 849 965 894 non
999 830 1384 910 designatur.
1418 827 1633 909 Quare
1653 827 1806 892 solis
1825 828 2054 905 verbis,
2075 846 2242 911 quae
2262 847 2486 892 omnes
2506 835 2809 892 accurate
2828 826 3127 905 referunt,

508 938 964 1004 eucharistiam
996 935 1347 1000 confecisse
1380 934 1737 1000 censendus
1771 941 1887 999 est.

686 1065 755 1130 2.
790 1060 1223 1125 Confirmatur
1255 1058 1774 1141 splendidissimo
1808 1065 2130 1140 patrum
2162 1058 2482 1139 suffragio,
2503 1077 2775 1141 quorum
2787 1060 2924 1141 jam
2943 1059 3131 1140 plura

509 1169 833 1234 luculenta
866 1167 1224 1232 audivimus
1258 1166 1624 1231 testimonia
1641 1168 1706 1254 ¹),
1739 1166 1969 1249 quibus
2002 1167 2350 1230 addantur:

691 1297 1152 1357 Ambrosius
1184 1297 1255 1356 de
1287 1301 1463 1373 myst.
1498 1315 1544 1356 c.
1581 1308 1616 1358 9
1652 1316 1708 1357 ιι.
1746 1307 1860 1360 52:
1897 1297 2003 1364 ,Si
2034 1299 2270 1357 tantum
2305 1297 2498 1355 valuit
2516 1297 2775 1355 humana
2791 1296 3128 1356 benedictio

507 1384 602 1470 (in
632 1387 952 1457 miraculiS‚
987 1406 1139 1462 quae
1169 1387 1464 1445 retulerat
1495 1405 1564 1445 ex
1597 1385 1663 1448 V.
1696 1382 1803 1469 Τ.),
1852 1395 1923 1444 ut
1953 1390 2231 1447 naturam
2262 1390 2649 1456 converteret,
2697 1386 2845 1462 quid
2876 1386 3129 1445 dicimus

511 1478 583 1536 de
633 1477 761 1552 ipsa
807 1476 1246 1537 consecratione
1292 1474 1515 1545 divina,
1567 1475 1673 1533 ubi
1722 1476 1905 1534 verba
1946 1476 2072 1551 ipsa
2117 1476 2352 1534 Domini
2399 1475 2720 1534 Salvatoris
2767 1478 3130 1551 operantur?

510 1566 662 1625 Nam
695 1569 1126 1623 sacramentum
1161 1564 1340 1635 istud,
1371 1564 1532 1640 quod
1563 1565 1795 1640 accipis,
1830 1564 2051 1623 Christi
2072 1583 2339 1625 sermone
2359 1565 2725 1623 conficitur.‘
2761 1563 3129 1632 Quibuscum

508 1656 582 1718 cf.
602 1673 753 1731 quae
774 1655 1063 1731 leguntur
1094 1655 1165 1712 de
1199 1671 1342 1712 sacr.
1362 1652 1461 1723 IV,
1499 1664 1554 1715 5.
1576 1687 1662 1697 —
1683 1654 1722 1712 J
1738 1669 1772 1709 o
1790 1672 1877 1712 an
1893 1672 1934 1712 n
1950 1672 1982 1712 e
1998 1672 2026 1711 s
2060 1654 2347 1723 Darensis,
2381 1653 2799 1729 monophysita
2819 1671 2930 1712 sec.
2952 1652 3128 1727 vm..

512 1744 809 1821 explicans
841 1743 1027 1801 verba
1058 1739 1606 1823 consecrationis2):
1657 1742 1922 1818 ,Incipit
1966 1743 2071 1820 qui
2117 1743 2444 1802 sacerdotio
2488 1742 2766 1819 fungitur
2810 1744 2870 1800 et
2913 1743 3133 1819 repetit

513 1850 714 1909 preces
748 1832 1000 1903 deificas,
1050 1850 1265 1907 nempe
1296 1831 1619 1891 efficientes
1652 1849 1866 1907 corpus
1898 1834 1960 1890 et
2005 1833 2359 1910 sanguinem
2391 1832 2514 1890 Dei.
2579 1832 2734 1890 Sunt
2767 1836 2966 1890 autem
2998 1849 3130 1907 pre-

511 1939 609 1981 ces
643 1921 880 1980 deificae
913 1920 1051 1979 illae
1082 1921 1157 1979 ab
1189 1920 1509 1979 hierarchis
1540 1921 1815 1980 laudatae
1846 1923 1907 1979 et
1938 1921 2000 1979 in
2031 1921 2302 1998 mysticis
2321 1921 2674 1980 ministeriis
2706 1920 2934 1997 positae
2956 1922 3133 1997 juxta

512 2010 905 2087 Evangelium
936 2013 999 2069 et
1018 2010 1407 2086 Apostolum3
1441 2009 1593 2068 illud
1623 2005 2071 2093 (Evangelium)
2092 2011 2252 2070 enim
2272 2010 2448 2069 dicit:
2481 2011 2715 2085 Accepit
2734 2011 2909 2068 Jesus
2923 2028 3131 2085 panem

515 2107 565 2158 et
595 2100 897 2175 benedixit,
946 2118 1081 2157 cum
1120 2099 1194 2158 iis
1227 2117 1379 2175 quae
1411 2103 1779 2174 sequuntur;
1827 2100 1922 2158 hic
1956 2096 2329 2181 (Apostolus)
2363 2104 2591 2158 autem:
2640 2099 2930 2157 Dominus
2959 2098 3133 2157 Jesus

512 2192 577 2247 in
608 2208 721 2266 qua
755 2195 910 2246 nocte
940 2188 1297 2264 tradebatur,
1349 2191 1562 2263 accepit
1584 2206 1802 2262 panem
1833 2197 1884 2246 et
1929 2190 2116 2248 dixit:
2161 2189 2266 2248 hoc
2312 2195 2391 2247 est
2436 2206 2648 2267 corpus
2691 2207 2895 2249 meum.
2925 2223 3014 2233 —
3045 2187 3133 2246 Ex

513 2278 790 2355 pluribus
823 2276 1006 2335 medii
1038 2278 1167 2336 aevi
1213 2276 1606 2352 scriptoribus
1639 2277 1788 2337 duos
1818 2279 2056 2336 tantum
2087 2278 2413 2336 audiamus,
2477 2277 2533 2335 S.
2580 2278 2782 2336 Brun
2801 2297 2836 2337 o
2882 2277 3133 2336 astensis

517 2385 713 2443 expos.
744 2367 810 2425 in
841 2366 1027 2425 Levit.
1063 2376 1119 2437 8,
1161 2375 1237 2429 18
1273 2361 1469 2448 (Mig.
1510 2377 1649 2437 164,
1686 2362 1871 2447 407):
1924 2367 2089 2434 ‚Hoc
2132 2369 2221 2425 est
2266 2367 2419 2425 illud
2450 2366 2882 2436 holocaustum,
2914 2365 3131 2441 inquit,

512 2456 674 2532 quod
704 2455 973 2532 quotidie
1004 2456 1069 2513 in
1100 2459 1304 2514 sancta
1321 2455 1581 2514 Ecclesia
1612 2456 1692 2518 fit.
1726 2456 1915 2515 Offert
1944 2456 2102 2515 enim
2122 2457 2350 2532 Moyses
2367 2456 2405 2517 i.
2426 2473 2474 2515 e.
2495 2455 2767 2514 Christus
2788 2455 3037 2514 arietem
3067 2455 3131 2513 in

515 2545 948 2619 holocaustum,
984 2545 1267 2621 quoniam
1300 2545 1413 2603 etsi
1446 2545 1818 2603 sacerdotum
1850 2545 2183 2604 ministerio
2228 2544 2344 2615 fiat,
2393 2546 2522 2619 ipse
2562 2547 2762 2603 tamen
2795 2562 3028 2604 carnem
3073 2548 3138 2604 et

513 2634 867 2712 sanguinem
898 2652 1075 2693 suum
1105 2633 1376 2692 immolat
1405 2637 1468 2692 et
1499 2633 1803 2696 sacrificat.
1834 2635 1969 2694 Non
2001 2633 2162 2694 enim
2184 2634 2518 2705 sacerdotiS,
2553 2634 2657 2693 sed
2676 2634 2867 2711 ipsius
2886 2652 2999 2694 vox
3021 2638 3133 2706 est,

514 2744 667 2801 quae
699 2725 876 2783 dicit:
927 2723 1051 2782 Hoc
1096 2731 1176 2781 est
1221 2740 1433 2796 corpus
1478 2743 1665 2782 meum
1697 2767 1712 2782 .
1745 2769 1758 2782 .
1794 2769 1807 2782 .
1853 2725 1976 2783 Hac
2019 2724 2176 2783 enim
2223 2742 2363 2783 voce
2407 2727 2603 2783 totum
2637 2723 2988 2783 sacrificium
3018 2724 3132 2782 im-

511 2815 775 2873 molatur
819 2817 880 2872 et
929 2811 1392 2871 sanctificatur.‘
1424 2846 1513 2856 —
1557 2812 1637 2871 Et
1682 2813 2189 2891 Manegaldus
2223 2813 2305 2890 (fl.
2352 2814 2604 2872 exeunte
2637 2831 2749 2872 sec.
2780 2808 2903 2894 XI.)
2937 2831 3134 2889 opusc.

513 2907 721 2962 contra
751 2901 1132 2960 Wolfelmum
1163 2901 1350 2963 colon.
1381 2919 1427 2961 c.
1468 2910 1542 2964 18
1580 2897 1771 2982 (Mig.
1812 2912 1950 2975 155,
1993 2899 2171 2981 165):
2206 2902 2485 2971 ,Novum
2517 2903 2582 2960 in
2614 2921 2676 2960 se
2707 2903 2835 2978 ipso
2867 2893 3168 2961 condidit=

511 2992 979 3061 Testamentum,
1028 2988 1358 3047 secundum
1390 2990 1550 3066 quod
1583 2993 1759 3049 vetus
1793 2992 1967 3051 homo
1999 2992 2063 3050 in
2095 3010 2310 3050 novam
2340 2996 2668 3050 creaturam
2700 2991 3134 3050 convertendus

513 3081 861 3139 ablueretur
891 3097 999 3153 per
1030 3079 1330 3137 lavacrum
1361 3080 1846 3156 regenerationis,
1891 3081 2275 3158 postmodum
2315 3080 2386 3139 de
2418 3080 2634 3140 Christi
2666 3098 2904 3155 corpore
2933 3080 3134 3139 refice-

515 3174 699 3238 retur,
735 3167 895 3243 quod
926 3167 999 3226 de
1029 3167 1263 3244 virgine
1296 3172 1603 3244 sumptum
1635 3171 1781 3228 erat.
1847 3170 1971 3229 Hoc
2001 3170 2142 3229 licet
2173 3173 2312 3228 ante
2343 3169 2856 3239 resurrectionem,
2895 3169 3134 3228 immor-

514 3258 634 3315 tale
665 3260 864 3315 tamen
909 3262 970 3314 et
1014 3256 1464 3332 incorruptibile
1495 3258 1767 3334 potentia
1798 3258 2000 3318 divina
2038 3260 2385 3336 porrigitur,
2433 3261 2505 3317 ut
2547 3276 2682 3317 cum
2726 3258 2900 3317 audis
2934 3256 3134 3317 Domi·

513 3365 660 3404 num
707 3345 780 3403 ad
826 3345 1019 3403 coelos
1064 3346 1455 3421 corporaliter
1499 3347 1848 3418 ascendisse,
1893 3367 2015 3407 non
2060 3348 2195 3407 ideo
2241 3347 2515 3407 aestimes
2561 3347 2761 3406 fideles
2795 3365 2936 3406 suos
2967 3350 3135 3405 tanto

516 3451 761 3493 munere
793 3434 1161 3505 defraudari;
1197 3435 1300 3493 sed
1333 3435 1476 3494 licet
1504 3436 1970 3496 irrevocabiliter
2001 3437 2203 3496 sedeat
2233 3437 2308 3494 ad
2339 3437 2641 3495 dexteram
2672 3436 2885 3506 Patris,
2933 3435 3136 3495 eadem

513 3529 718 3583 tamen
749 3523 1018 3599 potentia
1047 3523 1199 3583 illud
1233 3523 1392 3583 idem
1422 3525 1752 3584 etiamnum
1784 3526 2000 3602 accipit
2029 3526 2094 3584 in
2139 3526 2314 3585 altari
2347 3525 2555 3595 fidene,
2604 3525 2763 3601 quod
2794 3531 2940 3584 tunc
2970 3523 3138 3583 dedit

513 3612 846 3689 discipulis,
894 3631 1028 3672 cum
1074 3613 1269 3672 adhuc
1301 3614 1459 3673 inter
1489 3631 1589 3673 eos
1623 3619 1938 3691 appareret
1967 3615 2257 3674 mortalis.
2322 3614 2488 3673 Sicut
2532 3614 2691 3674 enim
2735 3614 2800 3672 in
2842 3613 3137 3691 baptismo

511 3701 748 3762 Christo
779 3702 1159 3778 consepeliris
1206 3703 1269 3761 in
1315 3706 1583 3773 mortem,
1632 3707 1694 3762 et
1736 3704 2097 3780 baptizantis
2135 3721 2347 3763 manus
2392 3706 2696 3779 tamquam
2727 3704 3013 3779 quaedam
3044 3704 3136 3762 in-

516 3795 851 3851 strumenta
881 3791 1141 3850 exterius
1172 3792 1533 3861 ministrant,
1566 3793 1798 3851 medius
1828 3796 2028 3851 autem
2060 3796 2196 3864 stat,
2228 3792 2302 3851 de
2335 3811 2454 3867 quo
2483 3792 2738 3850 dicitur:
2780 3792 2896 3851 Hic
2926 3800 3009 3851 est
3038 3793 3139 3869 qui

512 3881 790 3956 baptizat,
826 3900 1004 3957 quem
1034 3880 1225 3939 fidelis
1257 3880 1438 3952 videt,
1470 3880 1726 3940 infidelis
1758 3883 2012 3958 ignorat,
2046 3882 2152 3958 qui
2185 3882 2459 3941 effectum
2478 3884 2753 3958 operatur
2773 3882 3020 3953 salutis;
3052 3881 3135 3941 sic

518 4091 864 4174 Heidelberg
896 4109 1048 4168 1896,
1100 4106 1272 4158 verba
1298 4104 1506 4158 Christi
1537 4104 1597 4157 in
1624 4105 1832 4159 ultima
1856 4121 2030 4158 coena
2057 4106 2281 4174 prolata
2306 4106 2423 4159 Hoc
2445 4114 2519 4159 est
2544 4123 2738 4174 corpus
2762 4123 2933 4158 meum
2960 4103 3134 4158 fuisse

518 4182 866 4237 declarativa.
893 4186 1120 4237 tantum
1149 4184 1784 4238 transubstantiationis
1815 4185 2208 4240 benedictione
2248 4186 2321 4238 ab
2361 4185 2485 4255 ipso
2518 4185 2639 4254 jam
2678 4186 2847 4240 antea.
2884 4184 3135 4247 effectae,

515 4281 670 4317 nunc
711 4279 842 4317 vero
883 4265 1089 4332 utique
1126 4279 1243 4317 esse
1271 4263 1702 4321 consecratoria.
1758 4263 1843 4319 Cf.
1869 4264 1905 4318 S
1922 4282 1959 4318 ιι
1976 4281 2010 4328 a
2030 4281 2100 4318 re
2118 4284 2146 4318 z
2186 4265 2332 4336 disp.
2362 4271 2429 4320 58
2455 4267 2587 4320 sect.
2617 4272 2641 4321 1
2690 4268 2749 4318 et
2773 4264 2817 4316 B
2834 4280 2863 4318 e
2879 4281 2957 4319 ca
2974 4283 3011 4316 n
3029 4282 3136 4317 um

511 4363 561 4399 c.
591 4351 652 4401 21
685 4362 739 4410 q.
766 4351 816 4400 3.

739 4429 773 4494 ¹)
804 4424 885 4479 Cf.
915 4425 1410 4480 Tertullianus
1435 4447 1488 4482 n.
1515 4433 1676 4488 358¹;
1716 4425 1748 4480 J
1768 4445 1802 4480 u
1823 4428 2076 4481 atinus
2101 4445 2157 4480 ιι.
2183 4434 2343 4485 352³:
2384 4426 2759 4481 Germanus
2779 4425 2883 4480 ΟΡ.
2900 4446 2955 4484 ιι.
2973 4433 3133 4483 354⁸:

511 4507 679 4562 Joan.
708 4505 1290 4574 Chrysostomus
1317 4526 1372 4561 n.
1401 4515 1562 4566 363³;
1603 4508 1954 4562 Isidorus
1979 4507 2129 4579 hisp.
2157 4526 2213 4561 ιι.
2240 4515 2401 4568 365⁵;
2440 4507 2604 4564 Joan.
2634 4505 3134 4562 Damascenus

517 4605 573 4640 n.
600 4594 705 4644 364
730 4590 837 4640 etc.
888 4586 969 4640 Cf.
999 4587 1114 4640 alia
1140 4588 1298 4656 apud
1328 4588 1379 4641 H
1399 4605 1430 4642 o
1449 4606 1486 4659 p
1505 4607 1542 4659 p
1559 4605 1588 4642 e
1617 4604 1710 4657 op.
1741 4588 1838 4641 cit.
1864 4607 1920 4659 p.
1947 4593 2209 4645 224—48.

735 4671 774 4737 2)
802 4667 973 4738 Apud
1003 4665 1093 4719 Be
1113 4667 1416 4722 nedetti
1443 4669 1503 4722 in
1530 4668 1838 4724 antirrhet.
1868 4670 1935 4723 11.
1962 4686 2007 4722 c.
2042 4676 2098 4723 ll
2132 4685 2220 4737 op.
2249 4687 2291 4724 s.
2318 4667 2362 4720 E
2383 4669 2473 4739 ph
2494 4666 2724 4722 raemi
2754 4667 2819 4730 ΙΙ,
2846 4673 2931 4723 48.
