3538 5364
606 268 697 332 60
956 258 1140 313 Tract.
1167 258 1318 312 VIII.
1345 258 1416 323 de
1441 257 1646 329 gratia.
1662 259 1875 324 ⁴'I'hesis
1902 216 2268 314 CLXXXVII.
2294 258 2571 314 Notiones
2597 258 2863 330 praeviae

606 441 881 522 pietatis,
928 440 1403 511 misericordiae
1454 447 1518 505 et
1567 440 1929 504 divitiarum
1956 439 2167 518 >illius
2215 458 2407 522 quem
2455 459 2777 521 rogamus,
2824 458 3092 505 movens
3143 440 3226 504 ad

606 547 920 612 beneficia
952 545 1357 612 conferenda.

785 698 946 756 Bene
977 698 1049 760 cl.
1080 695 1120 754 J
1135 716 1233 755 un
1248 718 1288 775 g
1306 718 1360 755 m
1378 717 1524 757 ann
1554 697 1754 756 Instit.
1776 697 1954 755 theol.
1975 695 2358 772 dogmaticae,
2387 695 2460 754 de
2480 695 2686 755 Gratia
2701 715 2760 758 n.
2785 705 2944 760 387:
2980 735 3007 764 »
3024 695 3224 755 Oratio

605 804 677 844 ex
710 803 778 845 eo
810 786 1096 862 peculiari
1130 787 1338 863 capite,
1387 787 1548 863 quod
1579 790 1672 846 est
1704 785 1935 861 petitio,
1984 785 2164 844 habet
2191 785 2491 861 propriam
2522 789 2583 844 et
2613 785 2970 861 peculiarem
3002 783 3225 861 aptitu-

608 875 806 933 dinem
840 876 912 934 ad
946 875 1403 951 impetrandum.
1452 876 1603 935 Nam
1627 875 1839 952 petitio
1870 868 2090 934 natura
2119 893 2228 933 sua
2259 874 2333 933 ad
2365 874 2474 933 hoc
2504 874 2833 944 ordinatur,
2867 877 2940 933 ut
2969 873 3227 933 animam

604 963 855 1023 alterius
874 964 1119 1023 inducat
1150 964 1223 1023 ad
1255 965 1518 1024 dandum
1548 965 1629 1036 id,
1663 965 1821 1041 quod
1843 964 2088 1040 petitur,
2122 982 2244 1022 non
2275 964 2416 1039 quia
2447 962 2745 1035 emitur,
2780 983 2903 1023 non
2932 963 3076 1039 quia
3108 963 3225 1021 sol-

605 1054 787 1124 vitur,
821 1072 930 1112 nec
959 1055 1102 1129 quia
1131 1053 1345 1130 aliquis
1376 1054 1529 1113 illud
1563 1057 1843 1125 meretur,
1892 1053 1995 1112 sed
2040 1052 2230 1112 solum
2262 1054 2404 1128 quia
2437 1072 2520 1128 pe
2540 1054 2765 1112 titur.
2831 1053 3093 1111 Eatenus
3138 1052 3226 1110 vi·

604 1141 823 1201 delicet
851 1142 1126 1218 aptitudo
1174 1144 1248 1202 ad
1292 1144 1731 1220 impetrandum
1765 1142 2007 1219 propria
2052 1147 2140 1201 est
2184 1142 2468 1201 orationis
2512 1143 2671 1201 inter
2703 1142 2900 1201 omnia
2930 1141 3227 1201 virtutum

606 1250 802 1307 opera,
835 1236 1133 1306 quatenus
1165 1235 1622 1291 consentaneum
1657 1235 1751 1291 est
1782 1231 2036 1290 bonitati
2082 1232 2177 1291 vel
2221 1221 2571 1290 liberalitati
2610 1232 2756 1306 ejus,
2803 1231 2907 1307 qui
2950 1234 3223 1308 rogatur,

604 1319 833 1379 moveri
865 1321 938 1379 ad
972 1320 1231 1379 dandum
1266 1322 1463 1381 solum
1500 1321 1644 1397 quia
1689 1324 1997 1398 πορεῖαι(
2067 1319 2310 1396 Triplici
2343 1319 2776 1396 significatione
2807 1320 2995 1396 accipi
3027 1323 3228 1395 potest

606 1409 1101 1484 impetratio:
1154 1428 1333 1470 sensu
1381 1412 1632 1469 maxime
1665 1409 1904 1487 proprio
1948 1413 2011 1468 et
2048 1401 2276 1479 stricte,
2311 1410 2372 1467 et
2401 1409 2487 1467 ita
2516 1409 2810 1468 tribuitur
2840 1408 3225 1479 orationi3

604 1517 787 1557 sensu
817 1498 1018 1557 minus
1047 1501 1288 1576 proprio
1322 1503 1383 1558 et
1413 1518 1633 1575 presse,
1668 1502 1729 1559 et
1759 1500 1846 1557 ita
1876 1499 2156 1558 convenit
2186 1497 2395 1557 merito
2428 1517 2773 1575 congruo
2791 1542 2804 1569 ‚
2839 1499 3014 1574 cujus
3046 1497 3227 1556 etiam

602 1589 699 1646 est
728 1606 964 1647 movere
995 1588 1193 1647 dantis
1226 1588 1644 1648 liberalitatem
1675 1591 1737 1647 et
1765 1587 2245 1658 misericordiam,
2292 1589 2364 1645 ut
2409 1589 2685 1664 suppleat
2735 1587 2894 1663 quod
2932 1588 3100 1646 deest
3121 1588 3224 1662 ju·

606 1677 824 1740 stitiae.
888 1680 1077 1738 Sensu
1108 1678 1397 1736 latissimo
1431 1677 1686 1737 subinde
1732 1677 2064 1737 affirmatur
2112 1677 2183 1735 de
2231 1695 2586 1753 quocunque
2630 1695 2809 1751 opere
2858 1678 3032 1752 bono,
3089 1676 3225 1734 ideo

604 1767 782 1824 etiam
828 1766 902 1824 de
947 1765 1161 1826 merito
1207 1767 1516 1844 condigno,
1564 1768 1706 1843 quia
1748 1766 2003 1825 orationi
2034 1765 2384 1841 adjunctum
2416 1767 2636 1825 mirum
2673 1765 2737 1824 in
2769 1766 3012 1826 modum
3044 1765 3228 1841 hujus

602 1857 786 1932 auget
816 1855 937 1913 vim
968 1855 1452 1930 impetratoriam.
1519 1856 1599 1916 cf.
1630 1855 1959 1932 Ripalda
1989 1854 2140 1931 disp.
2184 1864 2277 1918 15.
2321 1864 2414 1918 18.
2457 1865 2550 1918 19.

784 1994 848 2061 4.
883 1992 1105 2057 Differt
1149 2011 1192 2057 a
1238 1993 1466 2057 merito
1519 1994 1715 2058 etiam
1765 1993 2234 2075 dispositio,
2297 1992 2591 2057 Meritum
2638 1992 2808 2056 enim
2855 2010 2984 2074 qua
3034 1991 3228 2056 obse-

605 2099 826 2181 quium
858 2097 1129 2164 refertur
1161 2121 1223 2168 a.
1257 2099 1340 2162 ad
1373 2098 1601 2176 alium:
1649 2100 1892 2182 aspirat
1926 2101 1994 2168 b.
2028 2100 2111 2164 ad
2142 2098 2532 2181 praemium:
2577 2098 2884 2180 prodesse
2917 2118 2979 2169 c.
3010 2104 3229 2180 potest

603 2213 669 2271 et
701 2206 917 2282 alteri:
952 2212 1018 2271 et
1046 2207 1116 2276 d.
1149 2207 1205 2269 si
1235 2211 1335 2271 est
1366 2207 1772 2287 condignum,
1805 2207 1888 2271 ad
1919 2207 2277 2289 praemium
2301 2206 2406 2288 jus
2439 2204 2686 2270 tribuit:
2719 2223 2886 2289 quae
2906 2205 2987 2268 de
3006 2203 3227 2286 dispo-

601 2312 835 2377 sitione
868 2313 990 2377 dici
1022 2320 1362 2396 nequeunt.
1397 2311 1822 2378 Concedimus
1855 2319 2074 2378 tamen
2103 2313 2502 2395 dispositioni
2533 2331 2612 2377 ex
2643 2312 2852 2393 gratia
2881 2310 3228 2393 profectae,

605 2437 771 2503 quae
802 2417 868 2483 in
901 2420 1150 2484 actibus
1182 2420 1533 2484 moralibus
1569 2420 1881 2496 consistit,
1913 2438 2166 2503 semper
2195 2420 2405 2485 inesse
2449 2419 2770 2483 rationem
2814 2419 3021 2484 meriti
3066 2436 3228 2482 con-

603 2527 743 2607 grui
775 2526 857 2590 ad
890 2525 1084 2591 aliam
1116 2528 1407 2609 gratiam.
1474 2526 1817 2608 Dispositio
1866 2526 2271 2606 distinguitur
2314 2527 2381 2589 in
2424 2526 2914 2607 negativam,
2961 2543 3091 2609 qua
3119 2543 3227 2590 re-

602 2639 946 2700 moventur
978 2634 1197 2699 obices
1228 2633 1479 2699 formae
1511 2632 1993 2716 susceptionem
2022 2632 2476 2715 impedientes:
2525 2640 2590 2697 et
2637 2633 2702 2696 in
2750 2632 3226 2715 positivam,

602 2759 768 2823 quae
802 2746 901 2805 est
931 2741 1122 2806 realis
1154 2741 1464 2805 habitudo
1518 2740 1805 2822 subjecti,
1856 2759 1985 2824 qua
2035 2740 2392 2822 subjectum
2439 2759 2556 2823 per
2604 2759 2674 2805 se
2721 2740 3087 2806 indifferens
3133 2742 3228 2808 ita

600 2847 1009 2912 constituitur
1040 2847 1185 2929 plus
1217 2847 1427 2910 minus
1475 2847 1765 2928 proxime
1820 2846 2124 2911 idoneum
2175 2848 2257 2910 ad
2307 2846 2582 2911 formam
2628 2847 3120 2929 suscipiendam,
3152 2856 3229 2914 ut

599 2954 762 3018 haec
793 2954 876 3017 sit
906 2954 1102 3035 ipsius
1135 2953 1429 3017 naturale
1463 2953 1562 3017 vel
1597 2954 2019 3018 connaturale
2051 2953 2609 3036 complementum.
2673 2953 3014 3035 Dispositio
3045 2955 3225 3036 posi-

601 3060 733 3124 tiva
764 3060 996 3125 iterum
1028 3059 1518 3141 distinguiturin
1549 3053 2009 3142 proximam
2041 3067 2106 3125 et
2136 3079 2356 3125 remo
2376 3067 2534 3125 tam
2564 3080 2680 3126 seu
2698 3061 3138 3126 immediatam
3160 3069 3228 3127 et

603 3165 974 3230 mediatam.

780 3308 843 3376 5.
877 3304 1313 3372 Gratuitas
1359 3310 1604 3389 gratiae
1649 3328 1784 3373 non
1830 3310 2174 3391 opponitur
2217 3330 2283 3378 a.
2335 3309 2705 3375 necessitati
2735 3310 3223 3392 hypotheticae:

597 3432 751 3478 nam
781 3413 847 3477 in
877 3414 1219 3496 hypothesi
1268 3416 1645 3480 elevationis
1674 3417 1779 3484 ‚ad
1828 3416 2020 3481 finem
2063 3416 2617 3499 supernaturalem
2668 3418 2873 3497 gratia
2905 3425 3003 3481 est
3033 3418 3223 3482 nobis

596 3521 964 3585 necessaria
1002 3527 1067 3585 et
1087 3521 1321 3600 debita,
1344 3529 1408 3588 et
1425 3529 1645 3590 tamen
1666 3530 1765 3589 est
1785 3524 2083 3605 gratuita,
2105 3524 2255 3606 quia
2274 3523 2548 3589 elevatio
2569 3523 2676 3587 illa
2695 3531 2794 3588 est
2810 3542 3006 3605 supra
3027 3543 3221 3590 omne

597 3627 882 3692 debitum
904 3633 968 3692 et
985 3627 1177 3709 plane
1199 3630 1511 3710 gratuita;
1543 3630 1656 3694 sed
1677 3630 2025 3712 opponitur
2036 3631 2181 3711 juri,
2216 3630 2390 3713 quod
2408 3629 2549 3713 quis
2583 3649 2666 3695 ex
2697 3648 2767 3694 se
2800 3630 3057 3695 habeat.
3091 3630 3219 3697 Ne-

597 3754 721 3818 que
753 3737 820 3802 b.
857 3736 1061 3815 gratia
1092 3735 1376 3816 gratuita
1408 3737 1751 3818 opponitur
1796 3737 2150 3803 cuilibet
2193 3737 2447 3814 debito:
2493 3755 2625 3800 non
2672 3736 2842 3800 enim
2876 3738 3221 3819 opponitur

595 3842 832 3919 debito,
866 3843 1038 3925 quod
1072 3842 1274 3906 oritur
1307 3861 1389 3907 ex
1420 3843 1846 3924 promissione
1878 3844 2157 3924 gratiose
2178 3842 2364 3921 sacta,
2397 3845 2512 3910 sed
2531 3843 2746 3908 debito
2782 3861 2859 3908 ex
2893 3845 3217 3910 meritis

596 3948 914 4031 profecto:
964 3967 1175 4032 neque
1225 3969 1288 4018 c.
1340 3948 1603 4015 cuilibet
1632 3949 1849 4014 debito
1901 3969 1981 4016 ex
2015 3952 2259 4017 meritis
2288 3950 2573 4033 profecto
2607 3950 3012 4015 adversatur:
3063 3969 3216 4015 nam

596 4063 770 4120 certe
802 4055 1011 4136 gratia
1042 4055 1228 4120 nobis
1259 4056 1455 4137 gratis
1487 4056 1676 4120 datur
1708 4058 1827 4122 etsi
1871 4065 2134 4140 propter
2177 4059 2407 4123 merita
2439 4056 2686 4123 Christi.
2750 4056 2964 4137 Quare
3011 4059 3218 4139 gratia

595 4162 875 4226 excludit
906 4161 1190 4225 debitum
1222 4161 1582 4244 profectum
1627 4182 1708 4228 ex
1755 4164 1998 4229 meritis
2033 4164 2215 4242 illius,
2262 4167 2363 4228 cui
2396 4183 2474 4230 ea
2506 4167 2712 4231 datur.
2776 4165 3018 4230 Verum
3050 4167 3119 4237 d.
3152 4173 3216 4232 et

596 4269 720 4333 hoc
753 4268 1115 4332 accuratius
1149 4276 1246 4334 est
1278 4269 1866 4335 determinandum:
1914 4270 2223 4352 gratuitas
2270 4272 2440 4336 enim
2485 4272 2729 4353 gratiae
2775 4290 2904 4336 non
2938 4273 3216 4338 excludit

597 4375 925 4458 quodlibet
957 4374 1242 4440 debitum
1276 4395 1354 4441 ex
1387 4378 1614 4441 merito
1647 4377 1832 4454 illius,
1867 4378 1970 4442 cui
2010 4377 2153 4459 ipsa
2183 4379 2387 4455 datur,
2419 4378 2795 4461 profectum,
2827 4379 2883 4442 si
2912 4380 3043 4443 scil.
3075 4399 3213 4445 me-

596 4485 787 4547 ritum
818 4483 945 4546 hoc
977 4481 1181 4563 gratia
1213 4475 1428 4565 aliqua
1459 4484 1886 4565 praecedente
1936 4486 2172 4550 nititur.
2236 4485 2543 4565 Quamvis
2594 4488 2764 4552 enim
2810 4494 2962 4551 tunc
3008 4488 3216 4567 gratia

596 4589 963 4653 immediate
996 4588 1212 4654 debita
1243 4608 1386 4655 esse
1418 4592 1639 4673 possit,
1671 4593 1950 4658 mediate
1984 4600 2200 4658 tamen
2233 4594 2381 4657 etin
2400 4593 2617 4658 radice
2638 4594 2914 4675 gratuita
2934 4601 3046 4659 est.
3078 4594 3213 4658 Ad-

595 4702 888 4760 versatur
920 4714 1069 4776 ergo
1104 4698 1346 4778 gratiae
1377 4699 1690 4778 gratuitas
1722 4700 1951 4765 merito
1999 4718 2077 4764 ex
2123 4700 2275 4764 solis
2319 4700 2559 4765 viribus
2605 4708 2875 4766 naturae
2905 4701 3211 4783 prolecto.
