3538 5364
616 265 745 330 466
1020 256 1202 309 Tract.
1231 256 1323 308 IX.
1349 255 1417 309 de
1447 255 1819 324 poenitentia.
1849 256 2047 309 Thesis
2075 255 2411 311 CCXLVIII.
2441 256 2823 311 confessionis

612 457 749 520 cap.
794 446 869 506 15
903 455 1248 502 recensens
1280 443 1527 518 septem
1561 436 1883 502 Ecclesiae
1929 443 2340 501 sacramenta
2384 444 2569 501 sexto
2615 436 2757 500 loco
2804 437 2986 517 ponit
3017 454 3236 500 sacra-

615 552 905 610 mentum
938 543 1388 625 poenitentiae,
1429 543 1533 618 ,in
1565 561 1693 626 quo
1726 551 1794 608 et
1823 551 2076 608 secreta
2105 543 2448 607 includitur
2495 560 2586 605 co
2608 542 2979 607 nfessio.‘
3049 544 3235 607 Affir-

613 653 777 715 mari
811 657 1028 716 autem
1060 651 1298 732 nequit,
1331 651 1776 714 schismaticos
1824 651 1992 714 hanc
2043 651 2335 716 hausisse
2381 650 2745 713 doctrinam
2792 668 2831 712 a
2875 650 3092 714 latinis
3138 651 3233 714 vel

610 761 842 824 latinos
876 759 958 822 ab
990 758 1110 821 illis
1143 757 1316 822 facta
1340 760 1478 840 jam
1510 758 1949 839 separatione.
1984 757 2148 838 Ergo
2182 756 2411 837 singuli
2443 764 2667 821 coetus
2701 776 2848 822 eam
2879 759 3237 822 hauserunt

612 885 690 930 ex
725 867 897 930 fonte
930 866 1274 940 communi,
1309 884 1386 928 ex
1407 863 1693 930 Ecclesia
1714 866 2035 939 nimirum,
2070 864 2136 927 in
2168 882 2297 946 qua
2330 870 2481 928 ante
2513 864 2795 927 schisma
2825 866 3071 930 unitate
3090 865 3236 930 fidei

609 974 673 1035 in
709 990 904 1036 unum
938 988 1175 1052 corpus
1207 971 1691 1050 redigebantur:
1748 972 2025 1053 ideoque
2071 970 2154 1036 ab
2188 969 2475 1035 Ecclesia
2505 971 2853 1034 universali
2885 973 3086 1036 seculi
3116 973 3234 1048 IX..

609 1081 737 1143 imo
770 1079 844 1143 V.
878 1084 943 1143 et
973 1078 1070 1141 IV.
1105 1077 1289 1157 Quod
1325 1078 1380 1140 si
1410 1075 1704 1141 Ecclesia
1740 1077 2122 1141 universalis
2154 1096 2279 1141 sec.
2313 1077 2387 1141 V.
2421 1084 2487 1141 et
2517 1077 2615 1140 lV.
2643 1078 2781 1158 jam
2811 1078 3108 1160 professa
3138 1088 3238 1144 est

608 1190 774 1252 banc
808 1188 1183 1261 doctrinam,
1217 1204 1296 1250 ea
1328 1187 1576 1250 censeri
1610 1186 1809 1252 debet
1841 1187 2256 1268 apostolicae,
2290 1188 2420 1251 imo
2453 1187 2709 1251 divinae
2760 1187 3036 1266 originis
3100 1186 3237 1250 Huc

614 1295 832 1360 referri
863 1300 1151 1377 possunt,
1185 1293 1419 1369 omnia,
1452 1311 1619 1375 quae
1664 1294 1744 1356 de
1775 1294 1899 1357 hoc
1929 1295 2452 1376 praescriptionis
2498 1300 2880 1374 argumento
2912 1291 3107 1375 plane
3136 1293 3232 1356 in-

608 1403 777 1465 victo
810 1402 1086 1465 diximus
1119 1421 1178 1464 n.
1212 1407 1338 1470 297
1375 1421 1422 1464 S.

785 1531 933 1596 483.
968 1528 1034 1594 3.
1069 1525 1396 1589 Probatur
1445 1544 1525 1590 ex
1575 1532 1836 1606 patrum
1886 1527 2290 1602 testimoniiS,
2340 1545 2614 1609 quorum
2659 1526 2766 1589 alii
2812 1526 3234 1591 confessionis

607 1635 917 1698 factum
952 1641 1015 1699 et
1048 1653 1259 1709 usum,
1296 1634 1404 1697 alii
1439 1634 1725 1714 ejusdem
1760 1640 2081 1699 testantur
2112 1636 2727 1699 necessitatem.
2776 1632 2935 1697 Cum
2967 1652 3124 1698 vero
3159 1652 3240 1698 ea

605 1741 821 1824 plures
855 1741 1308 1827 collegerint1),
1358 1742 1586 1822 paucis
1623 1743 1862 1805 erimus
1894 1743 2198 1819 contenti,
2233 1761 2399 1825 quae
2432 1744 2515 1807 ad
2547 1743 2863 1825 quasdam
2896 1741 3237 1805 revocabi-

608 1869 748 1913 mus
781 1850 1038 1912 classes.
1101 1848 1324 1912 Testes
1357 1849 1692 1913 doctrinae
1726 1849 2085 1913 catholicae
2119 1856 2268 1913 sunt
2298 1856 2535 1932 patreS,
2571 1851 2822 1933 quoties

786 1976 851 2023 a.
886 1956 1160 2019 clavium
1183 1955 1508 2018 ministros
1528 1962 1765 2019 vocant
1784 1956 2106 2037 judiceS,
2143 1957 2483 2038 potestatis
2518 1957 2889 2021 exercitium
2905 1955 3240 2036 Judicium,

607 2062 1011 2144 exiguntque,
1044 2069 1114 2125 ut
1145 2081 1260 2143 pro
1293 2060 1507 2125 delicti
1554 2062 1866 2144 qualitate
1916 2062 2377 2127 satisfactionis
2423 2082 2729 2128 mensura
2773 2063 3243 2128 determinetur

607 2171 692 2254 (n.
726 2171 916 2255 443);
951 2169 1215 2250 quoties

786 2296 858 2362 b.
892 2293 1229 2358 conferunt
1261 2293 1537 2356 clavium
1569 2293 1901 2357 ministros
1937 2312 2052 2357 me
2072 2294 2303 2370 dicis.
2353 2302 2729 2375 peccatores
2762 2294 3049 2368 infirmiS,
3079 2312 3237 2375 pec-

607 2409 756 2465 cata
786 2399 1045 2463 morbis
1110 2398 1323 2478 Quare
1356 2400 1543 2462 sicuti
1586 2399 1821 2463 infirmi
1874 2418 2205 2465 recurrere
2252 2400 2489 2466 debent
2536 2419 2653 2482 pro
2686 2402 2962 2465 sanitate
2996 2419 3236 2465 conse-

608 2507 863 2589 quenda
892 2507 976 2570 ad
1008 2507 1310 2582 medicOS,
1347 2507 1421 2569 iis
1452 2507 1704 2588 aperire
1750 2506 2012 2570 morbos
2059 2526 2189 2571 non
2236 2508 2445 2572 solum
2490 2509 2553 2571 in
2599 2526 2854 2588 genere,
2901 2506 3018 2570 sed
3072 2508 3231 2571 etin

606 2615 837 2697 specie,
871 2614 990 2678 etsi
1020 2620 1307 2678 secretos
1341 2619 1408 2677 et
1429 2618 1667 2696 turpes,
1690 2614 1812 2677 nisi
1833 2614 2003 2678 vitae
2024 2613 2370 2678 discrimen
2392 2613 2605 2678 subire
2625 2614 2850 2679 velint:
2883 2613 2974 2676 ita
2995 2613 3235 2678 debent

606 2728 982 2804 peccatores
1016 2721 1097 2784 ad
1131 2721 1404 2784 clavium
1437 2721 1768 2785 ministros
1815 2739 2161 2797 recurrere,
2208 2721 2413 2804 iisque
2458 2727 2726 2803 peccata
2771 2720 3029 2802 aperire
3072 2738 3235 2783 con-

607 2826 900 2902 sessione,
934 2846 1067 2889 non
1099 2827 1309 2891 solum
1343 2828 1406 2890 in
1439 2846 1694 2907 genere,
1745 2829 1860 2892 sed
1894 2834 1959 2891 et
1990 2829 2054 2891 in
2088 2829 2319 2909 specie,
2372 2829 2493 2893 etsi
2543 2835 2814 2905 secreta,
2849 2828 2969 2891 etsi
3000 2829 3233 2909 turpia

606 2934 849 2997 Horum
881 2933 1035 2997 nihil
1069 2942 1184 3008 est,
1218 2934 1391 3016 quod
1422 2942 1640 3016 patres
1673 2953 1808 2997 non
1842 2935 2136 2999 doceant.

783 3068 875 3123 Ita
911 3066 1381 3140 AphraateS,
1430 3065 1687 3141 scriptor
1734 3084 1911 3142 syrus
1946 3084 2058 3128 sec.
2090 3067 2197 3125 IV:
2252 3066 2587 3136 ,Omnibus
2639 3065 2965 3135 doloribus»,
3022 3064 3231 3122 scribit

607 3156 761 3213 hom.
813 3166 865 3217 7.
913 3155 984 3212 de
1031 3154 1270 3229 poenit„
1324 3160 1468 3213 sunt
1513 3155 1942 3214 medicamenta
1987 3160 2409 3231 sananturque,
2461 3156 2632 3215 modo
2664 3154 2927 3231 prudens
2962 3154 3231 3212 medicus

607 3244 742 3301 illos
775 3243 1037 3313 noverit;
1071 3248 1132 3300 et
1162 3243 1254 3313 iis,
1291 3245 1395 3318 qui
1428 3244 1491 3302 in
1524 3244 1842 3302 certamine
1873 3248 2074 3303 nostro
2107 3245 2299 3321 plagis
2331 3245 2523 3304 affecti
2558 3244 2796 3313 fuerint,
2829 3246 3109 3319 paratum
3141 3250 3231 3299 est

605 3332 1003 3408 poenitentiae
1035 3334 1434 3407 pharmacum,
1469 3352 1586 3408 quo
1618 3333 1969 3392 vulneribus
2000 3333 2282 3409 imposito
2303 3334 2657 3393 reficiantur.
2706 3333 2752 3391 Ο
2785 3331 3016 3401 medici,
3050 3330 3234 3389 disci-

607 3422 733 3497 puli
765 3421 1056 3498 sapientis
1088 3422 1276 3479 nostri
1307 3421 1536 3491 medici,
1584 3422 1828 3497 accipite
1874 3423 2202 3481 remedium
2249 3423 2418 3491 illud,
2467 3442 2585 3498 quo
2632 3422 3051 3497 languentium
3097 3421 3237 3479 vul-

605 3529 747 3568 nera
779 3511 1003 3569 sanetis
1037 3556 1050 3568 .
1086 3554 1097 3566 .
1132 3555 1147 3568 .
1189 3510 1415 3581 Virum,
1448 3510 1557 3586 qui
1589 3512 1652 3568 in
1684 3511 1811 3569 acie
1843 3513 2190 3570 vulneratus
2224 3516 2328 3583 est,
2362 3531 2481 3570 non
2512 3512 2700 3587 pudet
2731 3510 3008 3568 tradendi
3041 3512 3242 3567 semet

604 3600 878 3658 manibus
909 3599 1123 3657 medici
1157 3600 1439 3675 sapientis
1473 3649 1485 3661 .
1519 3645 1532 3657 .
1566 3646 1579 3658 .
1615 3600 1697 3657 ita
1727 3600 1834 3674 qui
1866 3620 1900 3658 a
1932 3600 2214 3660 daemone
2234 3601 2455 3660 vulnus
2489 3601 2731 3676 accepit,
2764 3618 2884 3658 non
2919 3598 3095 3657 debet
3125 3617 3239 3655 ru—

604 3689 745 3747 bore
777 3688 1096 3765 prohiberi,
1132 3689 1450 3764 quominus
1484 3688 1769 3747 delictum
1805 3707 1981 3748 suum
2015 3690 2381 3761 confiteatur,
2415 3690 2565 3747 illud
2596 3689 2901 3763 relinquat
2932 3691 2993 3746 et
3022 3688 3241 3763 poeni-

603 3778 827 3837 tentiae
858 3777 1191 3835 remedium
1223 3777 1501 3852 postulet.
1552 3777 1736 3846 Quem
1769 3779 1928 3836 enim
1963 3779 2147 3853 pudet
2170 3779 2434 3837 vulneris
2455 3777 2890 3847 manifestandi,
2927 3794 3059 3835 cum
3093 3795 3241 3834 mox

603 3868 791 3925 inficit
821 3885 1157 3944 gangraena
1196 3867 1309 3924 toti
1355 3868 1583 3941 corpori
1613 3871 2039 3926 nocumentum
2071 3869 2332 3925 afferens,
2400 3866 2514 3936 Qui
2559 3886 2677 3925 non
2724 3866 2970 3925 erubuit
3013 3883 3244 3923 conva-

604 3957 777 4015 lescit
808 3977 841 4014 a
873 3956 1118 4013 vulnere
1151 3960 1211 4014 et
1242 3956 1315 4012 ad
1348 3975 1608 4032 pugnam
1642 3959 1978 4015 revertetur
2010 4001 2024 4013 .
2058 4001 2071 4014 .
2103 4000 2118 4013 .
2166 3956 2278 4025 Qui
2322 3956 2385 4014 in
2431 3976 2632 4033 pugna
2676 3960 2878 4014 nostra
2910 3958 3247 4029 superatus

824 4156 858 4223 ¹)
889 4154 971 4206 lta
1001 4152 1075 4205 M.
1102 4151 1300 4207 Victor
1325 4152 1466 4205 Rea
1485 4153 1542 4205 ti
1561 4171 1599 4205 n
1617 4169 1696 4204 us
1737 4151 1806 4203 de
1850 4169 1986 4205 sacr.
2031 4152 2400 4207 confessionis
2442 4170 2537 4207 seu
2568 4151 2958 4223 poenitentiae
2987 4151 3251 4207 historia.

602 4247 669 4283 ex
698 4249 766 4284 ss.
793 4233 1055 4302 patribus
1099 4231 1159 4285 in
1206 4233 1346 4285 thes.
1393 4233 1568 4288 theol.
1614 4231 2031 4285 Zachariae
2075 4236 2115 4285 t.
2148 4242 2242 4293 11;
2290 4233 2359 4286 N.
2401 4233 2835 4287 Alexander
2877 4231 3011 4287 diss.
3062 4240 3133 4288 14
3175 4233 3250 4288 in

604 4330 708 4368 sec.
736 4314 863 4366 XIV
884 4335 896 4374 ς
939 4313 1169 4381 Dionys.
1197 4313 1266 4366 de
1309 4314 1343 4367 S
1361 4330 1393 4365 a
1411 4314 1485 4367 in
1502 4316 1571 4366 te
1587 4347 1605 4358 -
1623 4313 1679 4365 Μ
1697 4330 1730 4365 a
1748 4314 1871 4366 rth
1888 4330 1917 4367 e
1959 4314 2447 4386 (Sanmarthanus)
2477 4316 2669 4369 Traite
2697 4315 2766 4369 de
2793 4315 2850 4367 la
2874 4314 3247 4371 confession:

603 4394 638 4446 S
656 4394 785 4447 che
804 4393 833 4445 f
842 4395 869 4446 f
881 4394 1080 4446 mach
1100 4410 1172 4446 er
1211 4393 1429 4447 Lettres
1457 4394 1594 4447 d'un
1621 4394 1859 4449 docteur
1884 4394 2166 4449 allemand
2196 4433 2209 4447 .
2238 4434 2251 4447 .
2279 4436 2293 4450 .
2331 4398 2365 4447 a
2405 4413 2484 4448 un
2525 4396 2942 4465 gentilhomme
2983 4395 3041 4447 et
3078 4398 3113 4447 a
3155 4413 3247 4449 un

602 4473 904 4543 magistrat
931 4476 1263 4541 protestant‚
1292 4489 1380 4543 ep.
1409 4482 1441 4529 4
1468 4476 1800 4543 (utrumque
1842 4491 1986 4543 opus
2014 4477 2236 4543 prostat
2274 4473 2333 4527 in
2361 4473 2692 4544 Perpetuite
2720 4477 2789 4531 de
2817 4476 2873 4528 la
2901 4474 2984 4528 foi
3012 4479 3054 4529 t.
3083 4488 3121 4534 4
3146 4478 3243 4534 ed.

603 4553 656 4605 M
675 4551 744 4622 ig
761 4571 799 4606 n
816 4569 844 4605 e
871 4553 1114 4623 1841);M
1132 4573 1166 4606 u
1186 4573 1213 4607 z
1231 4572 1258 4606 z
1275 4571 1308 4607 a
1324 4572 1351 4606 r
1367 4553 1506 4608 elli
1526 4577 1537 4614 ς
1565 4554 1606 4607 il
1634 4556 1790 4610 buon
1817 4571 1918 4608 uso
1945 4555 2096 4608 della
2121 4556 2310 4625 logica
2338 4574 2531 4626 opusc.
2566 4565 2658 4613 13:
2687 4556 3055 4613 Confessione
3083 4560 3244 4613 auri·

601 4633 823 4690 culare;
851 4632 898 4684 Κ
916 4633 934 4685 l
953 4649 980 4685 e
999 4650 1026 4685 e
1055 4632 1146 4685 die
1175 4633 1390 4697 Beicht‚
1419 4633 1734 4688 Frankfurt
1765 4639 1926 4693 1828:
1974 4634 2017 4686 B
2035 4633 2150 4689 ick
2169 4635 2271 4688 ell
2299 4653 2399 4688 zur
2426 4634 2763 4691 Geschichte
2790 4638 2890 4691 der
2916 4636 3132 4693 Beicht
3156 4640 3242 4692 im

603 4712 803 4766 Orient
829 4714 1097 4766 wahrend
1126 4714 1223 4766 der
1251 4717 1436 4767 ersten
1466 4724 1496 4769 4
1523 4715 1741 4775 Jahrb..
1769 4716 1829 4768 in
1859 4716 2186 4770 Zeitschrift
2212 4716 2305 4769 fiir
2331 4717 2491 4771 kath.
2521 4717 2829 4789 Theologie
2858 4719 2899 4782 1,
2929 4726 3037 4775 410
3065 4738 3139 4773 ss.
