<?xml version="1.0" encoding="UTF-8"?>
<!DOCTYPE html PUBLIC "-//W3C//DTD XHTML 1.0 Transitional//EN"
    "http://www.w3.org/TR/xhtml1/DTD/xhtml1-transitional.dtd">
<html xmlns="http://www.w3.org/1999/xhtml" xml:lang="en" lang="en">
 <head>
  <title>
</title>
<meta http-equiv="Content-Type" content="text/html;charset=utf-8" />
  <meta name='ocr-system' content='tesseract 3.04.00' />
  <meta name='ocr-capabilities' content='ocr_page ocr_carea ocr_par ocr_line ocrx_word'/>
</head>
<body>
  <div class='ocr_page' id='page_1' title='image "./theologiaedogma00hurtgoog_0628.png"; bbox 0 0 3538 5364; ppageno 0'>
   <div class='ocr_carea' id='block_1_1' title="bbox 569 309 2916 383">
    <p class='ocr_par' dir='ltr' id='par_1_1' title="bbox 569 309 2916 383">
     <span class='ocr_line' id='line_1_1' title="bbox 569 309 2916 383; baseline -0.002 -16"><span class='ocrx_word' id='word_1_1' title='bbox 569 318 708 383; x_wconf 80' lang='lat'><strong>618</strong></span> <span class='ocrx_word' id='word_1_2' title='bbox 859 310 950 364; x_wconf 81' lang='lat' dir='ltr'><strong>Tr.</strong></span> <span class='ocrx_word' id='word_1_3' title='bbox 981 311 1047 364; x_wconf 83' lang='lat' dir='ltr'><strong>X.</strong></span> <span class='ocrx_word' id='word_1_4' title='bbox 1072 311 1142 365; x_wconf 87' lang='lat' dir='ltr'><strong>de</strong></span> <span class='ocrx_word' id='word_1_5' title='bbox 1169 311 1249 365; x_wconf 90' lang='lat' dir='ltr'><strong>De</strong></span> <span class='ocrx_word' id='word_1_6' title='bbox 1277 313 1746 366; x_wconf 74' lang='lat' dir='ltr'><strong>consummatore.</strong></span> <span class='ocrx_word' id='word_1_7' title='bbox 1791 310 1897 364; x_wconf 89' lang='lat' dir='ltr'><strong>Th.</strong></span> <span class='ocrx_word' id='word_1_8' title='bbox 1923 309 2231 366; x_wconf 85' lang='lat' dir='ltr'>CCLXXII.</span> <span class='ocrx_word' id='word_1_9' title='bbox 2258 310 2578 365; x_wconf 84' lang='lat' dir='ltr'><strong>Poenarum</strong></span> <span class='ocrx_word' id='word_1_10' title='bbox 2604 312 2916 366; x_wconf 78' lang='lat' dir='ltr'><strong>aeternitas</strong></span> 
     </span>
    </p>
   </div>
   <div class='ocr_carea' id='block_1_2' title="bbox 566 489 3209 4635">
    <p class='ocr_par' dir='ltr' id='par_1_2' title="bbox 566 489 3208 3665">
     <span class='ocr_line' id='line_1_2' title="bbox 757 489 3196 575; baseline 0.002 -17"><span class='ocrx_word' id='word_1_11' title='bbox 757 491 821 560; x_wconf 79' lang='lat'><strong>3.</strong></span> <span class='ocrx_word' id='word_1_12' title='bbox 851 490 990 556; x_wconf 84' lang='lat' dir='ltr'><strong>Etsi</strong></span> <span class='ocrx_word' id='word_1_13' title='bbox 1019 491 1307 555; x_wconf 87' lang='lat' dir='ltr'><strong>humana</strong></span> <span class='ocrx_word' id='word_1_14' title='bbox 1329 490 1580 573; x_wconf 89' lang='lat' dir='ltr'><strong>justitia</strong></span> <span class='ocrx_word' id='word_1_15' title='bbox 1608 491 2003 557; x_wconf 88' lang='lat' dir='ltr'><strong>vindicativa</strong></span> <span class='ocrx_word' id='word_1_16' title='bbox 2030 489 2442 557; x_wconf 82' lang='lat' dir='ltr'><strong>adumbratio</strong></span> <span class='ocrx_word' id='word_1_17' title='bbox 2463 492 2789 575; x_wconf 77' lang='lat' dir='ltr'>quaedam</span> <span class='ocrx_word' id='word_1_18' title='bbox 2808 499 2909 558; x_wconf 84' lang='lat' dir='ltr'><strong>est</strong></span> <span class='ocrx_word' id='word_1_19' title='bbox 2925 491 3196 563; x_wconf 76' lang='lat' dir='ltr'><strong>divinae.</strong></span> 
     </span>
     <span class='ocr_line' id='line_1_3' title="bbox 576 595 3198 681; baseline 0.001 -21"><span class='ocrx_word' id='word_1_20' title='bbox 576 598 854 680; x_wconf 91' lang='lat' dir='ltr'><strong>ideoque</strong></span> <span class='ocrx_word' id='word_1_21' title='bbox 884 597 953 661; x_wconf 92' lang='lat' dir='ltr'><strong>in</strong></span> <span class='ocrx_word' id='word_1_22' title='bbox 983 597 1301 680; x_wconf 83' lang='lat' dir='ltr'><strong>aliquibus</strong></span> <span class='ocrx_word' id='word_1_23' title='bbox 1333 598 1630 679; x_wconf 89' lang='lat' dir='ltr'><strong>analogia</strong></span> <span class='ocrx_word' id='word_1_24' title='bbox 1672 598 1840 665; x_wconf 91' lang='lat' dir='ltr'><strong>inter</strong></span> <span class='ocrx_word' id='word_1_25' title='bbox 1882 604 2221 681; x_wconf 88' lang='lat' dir='ltr'><strong>utramque</strong></span> <span class='ocrx_word' id='word_1_26' title='bbox 2267 597 2624 676; x_wconf 82' lang='lat' dir='ltr'>intercedit,</span> <span class='ocrx_word' id='word_1_27' title='bbox 2674 595 2949 663; x_wconf 92' lang='lat' dir='ltr'><strong>multum</strong></span> <span class='ocrx_word' id='word_1_28' title='bbox 2979 604 3198 663; x_wconf 88' lang='lat' dir='ltr'><strong>tamen</strong></span> 
     </span>
     <span class='ocr_line' id='line_1_4' title="bbox 570 703 3195 786; baseline 0 -18"><span class='ocrx_word' id='word_1_29' title='bbox 570 704 742 770; x_wconf 87' lang='lat' dir='ltr'><strong>haec</strong></span> <span class='ocrx_word' id='word_1_30' title='bbox 772 703 857 768; x_wconf 90' lang='lat' dir='ltr'><strong>ab</strong></span> <span class='ocrx_word' id='word_1_31' title='bbox 888 704 997 768; x_wconf 92' lang='lat' dir='ltr'><strong>illa</strong></span> <span class='ocrx_word' id='word_1_32' title='bbox 1026 703 1240 770; x_wconf 83' lang='lat' dir='ltr'><strong>distat.</strong></span> <span class='ocrx_word' id='word_1_33' title='bbox 1281 703 1448 769; x_wconf 88' lang='lat' dir='ltr'><strong>Nam</strong></span> <span class='ocrx_word' id='word_1_34' title='bbox 1479 725 1548 775; x_wconf 85' lang='lat' dir='ltr'><strong>a.</strong></span> <span class='ocrx_word' id='word_1_35' title='bbox 1579 722 1889 786; x_wconf 82' lang='lat' dir='ltr'>praesens</span> <span class='ocrx_word' id='word_1_36' title='bbox 1919 704 2055 770; x_wconf 89' lang='lat' dir='ltr'><strong>vita</strong></span> <span class='ocrx_word' id='word_1_37' title='bbox 2085 704 2367 770; x_wconf 89' lang='lat' dir='ltr'><strong>stadium</strong></span> <span class='ocrx_word' id='word_1_38' title='bbox 2398 711 2499 770; x_wconf 90' lang='lat' dir='ltr'><strong>est</strong></span> <span class='ocrx_word' id='word_1_39' title='bbox 2525 705 2671 769; x_wconf 87' lang='lat' dir='ltr'><strong>viae</strong></span> <span class='ocrx_word' id='word_1_40' title='bbox 2701 711 2767 770; x_wconf 92' lang='lat' dir='ltr'><strong>et</strong></span> <span class='ocrx_word' id='word_1_41' title='bbox 2797 704 3195 771; x_wconf 90' lang='lat' dir='ltr'><strong>emendatio-</strong></span> 
     </span>
     <span class='ocr_line' id='line_1_5' title="bbox 577 810 3198 893; baseline 0.001 -18"><span class='ocrx_word' id='word_1_42' title='bbox 577 812 698 888; x_wconf 91' lang='lat' dir='ltr'><strong>nis,</strong></span> <span class='ocrx_word' id='word_1_43' title='bbox 728 818 794 878; x_wconf 90' lang='lat' dir='ltr'><strong>et</strong></span> <span class='ocrx_word' id='word_1_44' title='bbox 817 811 1065 893; x_wconf 76' lang='lat' dir='ltr'><strong>Justitia</strong></span> <span class='ocrx_word' id='word_1_45' title='bbox 1092 811 1384 893; x_wconf 85' lang='lat' dir='ltr'><strong>punitiva</strong></span> <span class='ocrx_word' id='word_1_46' title='bbox 1414 812 1702 876; x_wconf 89' lang='lat' dir='ltr'><strong>humana</strong></span> <span class='ocrx_word' id='word_1_47' title='bbox 1748 811 2031 878; x_wconf 88' lang='lat' dir='ltr'><strong>medium</strong></span> <span class='ocrx_word' id='word_1_48' title='bbox 2081 818 2181 878; x_wconf 91' lang='lat' dir='ltr'><strong>est</strong></span> <span class='ocrx_word' id='word_1_49' title='bbox 2230 811 2457 876; x_wconf 88' lang='lat' dir='ltr'><strong>salutis</strong></span> <span class='ocrx_word' id='word_1_50' title='bbox 2500 811 2570 876; x_wconf 92' lang='lat' dir='ltr'><strong>in</strong></span> <span class='ocrx_word' id='word_1_51' title='bbox 2615 810 2956 878; x_wconf 82' lang='lat' dir='ltr'><strong>utilitatem</strong></span> <span class='ocrx_word' id='word_1_52' title='bbox 2986 812 3198 877; x_wconf 87' lang='lat' dir='ltr'><strong>homi-</strong></span> 
     </span>
     <span class='ocr_line' id='line_1_6' title="bbox 571 917 3199 1006; baseline 0 -24"><span class='ocrx_word' id='word_1_53' title='bbox 571 917 767 982; x_wconf 89' lang='lat' dir='ltr'><strong>nibus</strong></span> <span class='ocrx_word' id='word_1_54' title='bbox 799 936 1197 984; x_wconf 89' lang='lat' dir='ltr'><strong>concessum.</strong></span> <span class='ocrx_word' id='word_1_55' title='bbox 1259 918 1462 1000; x_wconf 87' lang='lat' dir='ltr'><strong>Ipsius</strong></span> <span class='ocrx_word' id='word_1_56' title='bbox 1508 920 1582 987; x_wconf 86' lang='lat' dir='ltr'><strong>b.</strong></span> <span class='ocrx_word' id='word_1_57' title='bbox 1629 925 1729 984; x_wconf 87' lang='lat' dir='ltr'><strong>est</strong></span> <span class='ocrx_word' id='word_1_58' title='bbox 1766 918 1997 1000; x_wconf 91' lang='lat' dir='ltr'><strong>punire</strong></span> <span class='ocrx_word' id='word_1_59' title='bbox 2041 918 2330 994; x_wconf 78' lang='lat' dir='ltr'><strong>crimina,</strong></span> <span class='ocrx_word' id='word_1_60' title='bbox 2375 936 2511 983; x_wconf 91' lang='lat' dir='ltr'><strong>non</strong></span> <span class='ocrx_word' id='word_1_61' title='bbox 2556 918 2847 1006; x_wconf 70' lang='lat' dir='ltr'><strong>praecise</strong></span> <span class='ocrx_word' id='word_1_62' title='bbox 2877 923 3199 1002; x_wconf 88' lang='lat' dir='ltr'><strong>quatenus</strong></span> 
     </span>
     <span class='ocr_line' id='line_1_7' title="bbox 566 1024 3201 1108; baseline 0 -20"><span class='ocrx_word' id='word_1_63' title='bbox 566 1030 729 1091; x_wconf 87' lang='lat' dir='ltr'><strong>sunt</strong></span> <span class='ocrx_word' id='word_1_64' title='bbox 760 1024 1007 1090; x_wconf 80' lang='lat' dir='ltr'><strong>offensa</strong></span> <span class='ocrx_word' id='word_1_65' title='bbox 1040 1024 1174 1103; x_wconf 90' lang='lat' dir='ltr'><strong>Dei,</strong></span> <span class='ocrx_word' id='word_1_66' title='bbox 1205 1024 1321 1090; x_wconf 90' lang='lat' dir='ltr'><strong>sed</strong></span> <span class='ocrx_word' id='word_1_67' title='bbox 1351 1032 1670 1108; x_wconf 87' lang='lat' dir='ltr'><strong>quatenus</strong></span> <span class='ocrx_word' id='word_1_68' title='bbox 1703 1031 1856 1089; x_wconf 91' lang='lat' dir='ltr'><strong>sunt</strong></span> <span class='ocrx_word' id='word_1_69' title='bbox 1883 1024 2212 1090; x_wconf 86' lang='lat' dir='ltr'><strong>humanae</strong></span> <span class='ocrx_word' id='word_1_70' title='bbox 2242 1024 2538 1091; x_wconf 81' lang='lat' dir='ltr'><strong>societati</strong></span> <span class='ocrx_word' id='word_1_71' title='bbox 2580 1025 2793 1089; x_wconf 79' lang='lat' dir='ltr'><strong>noxia.</strong></span> <span class='ocrx_word' id='word_1_72' title='bbox 2853 1024 3201 1090; x_wconf 82' lang='lat' dir='ltr'><strong>Praeterea</strong></span> 
     </span>
     <span class='ocr_line' id='line_1_8' title="bbox 568 1130 3198 1216; baseline -0.002 -16"><span class='ocrx_word' id='word_1_73' title='bbox 568 1150 645 1200; x_wconf 83' lang='lat' dir='ltr'><strong>c.</strong></span> <span class='ocrx_word' id='word_1_74' title='bbox 679 1131 850 1198; x_wconf 91' lang='lat' dir='ltr'><strong>Deus</strong></span> <span class='ocrx_word' id='word_1_75' title='bbox 881 1151 1221 1214; x_wconf 90' lang='lat' dir='ltr'><strong>supremus</strong></span> <span class='ocrx_word' id='word_1_76' title='bbox 1253 1140 1353 1199; x_wconf 76' lang='lat' dir='ltr'><strong>est</strong></span> <span class='ocrx_word' id='word_1_77' title='bbox 1375 1133 1594 1216; x_wconf 85' lang='lat' dir='ltr'><strong>judex,</strong></span> <span class='ocrx_word' id='word_1_78' title='bbox 1626 1133 1823 1198; x_wconf 89' lang='lat' dir='ltr'><strong>homo</strong></span> <span class='ocrx_word' id='word_1_79' title='bbox 1858 1138 2112 1198; x_wconf 91' lang='lat' dir='ltr'><strong>tantum</strong></span> <span class='ocrx_word' id='word_1_80' title='bbox 2143 1132 2503 1214; x_wconf 86' lang='lat' dir='ltr'><strong>delegatus:</strong></span> <span class='ocrx_word' id='word_1_81' title='bbox 2533 1132 2637 1197; x_wconf 91' lang='lat' dir='ltr'><strong>ille</strong></span> <span class='ocrx_word' id='word_1_82' title='bbox 2662 1130 2915 1214; x_wconf 77' lang='lat' dir='ltr'><strong>judicat</strong></span> <span class='ocrx_word' id='word_1_83' title='bbox 2943 1136 3198 1196; x_wconf 87' lang='lat' dir='ltr'><strong>creatu-</strong></span> 
     </span>
     <span class='ocr_line' id='line_1_9' title="bbox 570 1236 3201 1318; baseline -0 -15"><span class='ocrx_word' id='word_1_84' title='bbox 570 1256 685 1303; x_wconf 88' lang='lat' dir='ltr'><strong>ras</strong></span> <span class='ocrx_word' id='word_1_85' title='bbox 716 1257 890 1316; x_wconf 87' lang='lat' dir='ltr'><strong>suas,</strong></span> <span class='ocrx_word' id='word_1_86' title='bbox 920 1238 1116 1304; x_wconf 89' lang='lat' dir='ltr'><strong>homo</strong></span> <span class='ocrx_word' id='word_1_87' title='bbox 1149 1257 1305 1305; x_wconf 91' lang='lat' dir='ltr'><strong>vero</strong></span> <span class='ocrx_word' id='word_1_88' title='bbox 1355 1240 1668 1316; x_wconf 89' lang='lat' dir='ltr'><strong>homines,</strong></span> <span class='ocrx_word' id='word_1_89' title='bbox 1718 1239 1953 1306; x_wconf 85' lang='lat' dir='ltr'><strong>fratres</strong></span> <span class='ocrx_word' id='word_1_90' title='bbox 1998 1259 2169 1318; x_wconf 90' lang='lat' dir='ltr'><strong>suos,</strong></span> <span class='ocrx_word' id='word_1_91' title='bbox 2219 1245 2458 1305; x_wconf 88' lang='lat' dir='ltr'><strong>natura</strong></span> <span class='ocrx_word' id='word_1_92' title='bbox 2505 1246 2569 1305; x_wconf 89' lang='lat' dir='ltr'><strong>et</strong></span> <span class='ocrx_word' id='word_1_93' title='bbox 2619 1237 3049 1304; x_wconf 87' lang='lat' dir='ltr'><strong>destinatione</strong></span> <span class='ocrx_word' id='word_1_94' title='bbox 3077 1236 3201 1302; x_wconf 86' lang='lat' dir='ltr'><strong>sibi</strong></span> 
     </span>
     <span class='ocr_line' id='line_1_10' title="bbox 577 1342 3203 1429; baseline -0 -20"><span class='ocrx_word' id='word_1_95' title='bbox 577 1344 901 1428; x_wconf 59' lang='lat' dir='ltr'><strong>aequales</strong></span> <span class='ocrx_word' id='word_1_96' title='bbox 935 1364 1201 1411; x_wconf 92' lang='lat' dir='ltr'><strong>munere</strong></span> <span class='ocrx_word' id='word_1_97' title='bbox 1234 1352 1486 1412; x_wconf 87' lang='lat' dir='ltr'><strong>tantum</strong></span> <span class='ocrx_word' id='word_1_98' title='bbox 1530 1346 1923 1429; x_wconf 73' lang='lat' dir='ltr'><strong>inaequales</strong></span> <span class='ocrx_word' id='word_1_99' title='bbox 1984 1345 2199 1426; x_wconf 87' lang='lat' dir='ltr'><strong>Quare</strong></span> <span class='ocrx_word' id='word_1_100' title='bbox 2249 1346 2482 1411; x_wconf 90' lang='lat' dir='ltr'><strong>mirum</strong></span> <span class='ocrx_word' id='word_1_101' title='bbox 2532 1363 2676 1411; x_wconf 65' lang='lat' dir='ltr'><strong>esse</strong></span> <span class='ocrx_word' id='word_1_102' title='bbox 2722 1363 2856 1409; x_wconf 93' lang='lat' dir='ltr'><strong>non</strong></span> <span class='ocrx_word' id='word_1_103' title='bbox 2903 1342 3115 1422; x_wconf 87' lang='lat' dir='ltr'><strong>debet,</strong></span> <span class='ocrx_word' id='word_1_104' title='bbox 3144 1344 3203 1408; x_wconf 85' lang='lat' dir='ltr'><strong>si</strong></span> 
     </span>
     <span class='ocr_line' id='line_1_11' title="bbox 578 1451 3204 1534; baseline -0.001 -18"><span class='ocrx_word' id='word_1_105' title='bbox 578 1451 775 1517; x_wconf 90' lang='lat' dir='ltr'><strong>homo</strong></span> <span class='ocrx_word' id='word_1_106' title='bbox 802 1452 1002 1534; x_wconf 82' lang='lat' dir='ltr'><strong>judex</strong></span> <span class='ocrx_word' id='word_1_107' title='bbox 1031 1452 1361 1518; x_wconf 90' lang='lat' dir='ltr'><strong>hominem</strong></span> <span class='ocrx_word' id='word_1_108' title='bbox 1392 1453 1754 1534; x_wconf 88' lang='lat' dir='ltr'><strong>gravissimi</strong></span> <span class='ocrx_word' id='word_1_109' title='bbox 1786 1451 1938 1518; x_wconf 88' lang='lat' dir='ltr'><strong>licet</strong></span> <span class='ocrx_word' id='word_1_110' title='bbox 1968 1452 2253 1518; x_wconf 87' lang='lat' dir='ltr'><strong>criminis</strong></span> <span class='ocrx_word' id='word_1_111' title='bbox 2279 1470 2464 1518; x_wconf 91' lang='lat' dir='ltr'><strong>reum</strong></span> <span class='ocrx_word' id='word_1_112' title='bbox 2483 1470 2631 1518; x_wconf 90' lang='lat' dir='ltr'><strong>cum</strong></span> <span class='ocrx_word' id='word_1_113' title='bbox 2649 1451 3015 1518; x_wconf 87' lang='lat' dir='ltr'><strong>reverentia</strong></span> <span class='ocrx_word' id='word_1_114' title='bbox 3032 1458 3204 1516; x_wconf 78' lang='lat' dir='ltr'><strong>trac-</strong></span> 
     </span>
     <span class='ocr_line' id='line_1_12' title="bbox 574 1556 3202 1642; baseline 0 -20"><span class='ocrx_word' id='word_1_115' title='bbox 574 1564 719 1622; x_wconf 89' lang='lat' dir='ltr'><strong>tare</strong></span> <span class='ocrx_word' id='word_1_116' title='bbox 750 1557 1002 1624; x_wconf 87' lang='lat' dir='ltr'><strong>debeat.</strong></span> <span class='ocrx_word' id='word_1_117' title='bbox 1072 1557 1367 1638; x_wconf 82' lang='lat' dir='ltr'><strong>,Quanto</strong></span> <span class='ocrx_word' id='word_1_118' title='bbox 1417 1556 1748 1636; x_wconf 82' lang='lat' dir='ltr'><strong>excelsior,</strong></span> <span class='ocrx_word' id='word_1_119' title='bbox 1798 1559 2005 1642; x_wconf 89' lang='lat' dir='ltr'><strong>inquit</strong></span> <span class='ocrx_word' id='word_1_120' title='bbox 2050 1559 2136 1624; x_wconf 93' lang='lat' dir='ltr'><strong>ad</strong></span> <span class='ocrx_word' id='word_1_121' title='bbox 2184 1577 2323 1624; x_wconf 89' lang='lat' dir='ltr'><strong>rem</strong></span> <span class='ocrx_word' id='word_1_122' title='bbox 2371 1558 2884 1640; x_wconf 80' lang='lat' dir='ltr'><strong>Augustinus</strong></span> <span class='ocrx_word' id='word_1_123' title='bbox 2929 1575 3033 1640; x_wconf 90' lang='lat' dir='ltr'><strong>op.</strong></span> <span class='ocrx_word' id='word_1_124' title='bbox 3078 1557 3202 1622; x_wconf 89' lang='lat' dir='ltr'><strong>im-</strong></span> 
     </span>
     <span class='ocr_line' id='line_1_13' title="bbox 572 1663 3202 1749; baseline 0 -20"><span class='ocrx_word' id='word_1_125' title='bbox 572 1664 732 1747; x_wconf 79' lang='lat' dir='ltr'><strong>perf.</strong></span> <span class='ocrx_word' id='word_1_126' title='bbox 766 1683 821 1730; x_wconf 85' lang='lat' dir='ltr'><strong>c.</strong></span> <span class='ocrx_word' id='word_1_127' title='bbox 850 1663 1081 1731; x_wconf 88' lang='lat' dir='ltr'><strong>Julian.</strong></span> <span class='ocrx_word' id='word_1_128' title='bbox 1114 1664 1208 1741; x_wconf 92' lang='lat' dir='ltr'><strong>III,</strong></span> <span class='ocrx_word' id='word_1_129' title='bbox 1244 1670 1345 1743; x_wconf 84' lang='lat'><strong>14,</strong></span> <span class='ocrx_word' id='word_1_130' title='bbox 1378 1671 1561 1730; x_wconf 89' lang='lat' dir='ltr'><strong>tanto</strong></span> <span class='ocrx_word' id='word_1_131' title='bbox 1592 1664 2071 1731; x_wconf 84' lang='lat' dir='ltr'><strong>inscrutabilior</strong></span> <span class='ocrx_word' id='word_1_132' title='bbox 2114 1665 2333 1730; x_wconf 87' lang='lat' dir='ltr'><strong>divina</strong></span> <span class='ocrx_word' id='word_1_133' title='bbox 2377 1684 2575 1749; x_wconf 91' lang='lat' dir='ltr'><strong>quam</strong></span> <span class='ocrx_word' id='word_1_134' title='bbox 2618 1666 2905 1730; x_wconf 84' lang='lat' dir='ltr'><strong>humana</strong></span> <span class='ocrx_word' id='word_1_135' title='bbox 2927 1664 3202 1747; x_wconf 68' lang='lat' dir='ltr'><strong>justina,</strong></span> 
     </span>
     <span class='ocr_line' id='line_1_14' title="bbox 580 1771 3205 1855; baseline -0 -19"><span class='ocrx_word' id='word_1_136' title='bbox 580 1776 893 1855; x_wconf 89' lang='lat' dir='ltr'><strong>tantoque</strong></span> <span class='ocrx_word' id='word_1_137' title='bbox 924 1772 1009 1837; x_wconf 90' lang='lat' dir='ltr'><strong>ab</strong></span> <span class='ocrx_word' id='word_1_138' title='bbox 1040 1773 1167 1837; x_wconf 89' lang='lat' dir='ltr'><strong>hac</strong></span> <span class='ocrx_word' id='word_1_139' title='bbox 1197 1772 1307 1838; x_wconf 91' lang='lat' dir='ltr'><strong>illa</strong></span> <span class='ocrx_word' id='word_1_140' title='bbox 1338 1772 1698 1839; x_wconf 90' lang='lat' dir='ltr'><strong>distantior.</strong></span> <span class='ocrx_word' id='word_1_141' title='bbox 1759 1772 1916 1853; x_wconf 92' lang='lat' dir='ltr'><strong>Quis</strong></span> <span class='ocrx_word' id='word_1_142' title='bbox 1962 1773 2134 1838; x_wconf 91' lang='lat' dir='ltr'><strong>enim</strong></span> <span class='ocrx_word' id='word_1_143' title='bbox 2177 1773 2375 1837; x_wconf 87' lang='lat' dir='ltr'><strong>homo</strong></span> <span class='ocrx_word' id='word_1_144' title='bbox 2419 1772 2633 1854; x_wconf 64' lang='lat' dir='ltr'><strong>,iustus</strong></span> <span class='ocrx_word' id='word_1_145' title='bbox 2662 1771 2814 1836; x_wconf 88' lang='lat' dir='ltr'><strong>sinit</strong></span> <span class='ocrx_word' id='word_1_146' title='bbox 2843 1771 3205 1854; x_wconf 87' lang='lat' dir='ltr'><strong>perpetrari</strong></span> 
     </span>
     <span class='ocr_line' id='line_1_15' title="bbox 578 1875 3204 1961; baseline 0 -21"><span class='ocrx_word' id='word_1_147' title='bbox 578 1877 809 1955; x_wconf 90' lang='lat' dir='ltr'><strong>scelus,</strong></span> <span class='ocrx_word' id='word_1_148' title='bbox 860 1879 1035 1961; x_wconf 92' lang='lat' dir='ltr'><strong>quod</strong></span> <span class='ocrx_word' id='word_1_149' title='bbox 1081 1879 1283 1945; x_wconf 88' lang='lat' dir='ltr'><strong>habet</strong></span> <span class='ocrx_word' id='word_1_150' title='bbox 1330 1880 1397 1943; x_wconf 88' lang='lat' dir='ltr'><strong>in</strong></span> <span class='ocrx_word' id='word_1_151' title='bbox 1440 1885 1768 1961; x_wconf 85' lang='lat' dir='ltr'><strong>potestate</strong></span> <span class='ocrx_word' id='word_1_152' title='bbox 1812 1897 1947 1943; x_wconf 91' lang='lat' dir='ltr'><strong>non</strong></span> <span class='ocrx_word' id='word_1_153' title='bbox 1976 1877 2233 1944; x_wconf 81' lang='lat' dir='ltr'><strong>sinere?</strong></span> <span class='ocrx_word' id='word_1_154' title='bbox 2295 1876 2371 1942; x_wconf 85' lang='lat' dir='ltr'><strong>Et</strong></span> <span class='ocrx_word' id='word_1_155' title='bbox 2404 1884 2623 1943; x_wconf 90' lang='lat' dir='ltr'><strong>tamen</strong></span> <span class='ocrx_word' id='word_1_156' title='bbox 2653 1877 2804 1942; x_wconf 90' lang='lat' dir='ltr'><strong>sinit</strong></span> <span class='ocrx_word' id='word_1_157' title='bbox 2833 1876 2998 1942; x_wconf 87' lang='lat' dir='ltr'><strong>haec</strong></span> <span class='ocrx_word' id='word_1_158' title='bbox 3027 1875 3204 1943; x_wconf 90' lang='lat' dir='ltr'><strong>Deus</strong></span> 
     </span>
     <span class='ocr_line' id='line_1_16' title="bbox 577 1972 3203 2069; baseline 0 -21"><span class='ocrx_word' id='word_1_159' title='bbox 577 1972 1168 2067; x_wconf 88' lang='lat' dir='ltr'><strong>incomparabiliter</strong></span> <span class='ocrx_word' id='word_1_160' title='bbox 1191 1987 1407 2069; x_wconf 85' lang='lat' dir='ltr'><strong>justus</strong></span> <span class='ocrx_word' id='word_1_161' title='bbox 1439 1986 1740 2052; x_wconf 89' lang='lat' dir='ltr'><strong>omnibus</strong></span> <span class='ocrx_word' id='word_1_162' title='bbox 1764 1986 1998 2068; x_wconf 83' lang='lat' dir='ltr'><strong>justior</strong></span> <span class='ocrx_word' id='word_1_163' title='bbox 2038 1993 2105 2051; x_wconf 93' lang='lat' dir='ltr'><strong>et</strong></span> <span class='ocrx_word' id='word_1_164' title='bbox 2147 1985 2333 2067; x_wconf 83' lang='lat' dir='ltr'><strong>cujus</strong></span> <span class='ocrx_word' id='word_1_165' title='bbox 2374 1991 2666 2067; x_wconf 87' lang='lat' dir='ltr'><strong>potestas</strong></span> <span class='ocrx_word' id='word_1_166' title='bbox 2697 1992 2762 2050; x_wconf 91' lang='lat' dir='ltr'><strong>et</strong></span> <span class='ocrx_word' id='word_1_167' title='bbox 2792 1985 3203 2067; x_wconf 89' lang='lat' dir='ltr'><strong>incompara-</strong></span> 
     </span>
     <span class='ocr_line' id='line_1_17' title="bbox 579 2089 3204 2177; baseline -0.001 -20"><span class='ocrx_word' id='word_1_168' title='bbox 579 2090 794 2158; x_wconf 91' lang='lat' dir='ltr'><strong>biliter</strong></span> <span class='ocrx_word' id='word_1_169' title='bbox 824 2094 1125 2158; x_wconf 90' lang='lat' dir='ltr'><strong>omnibus</strong></span> <span class='ocrx_word' id='word_1_170' title='bbox 1154 2092 1587 2177; x_wconf 82' lang='lat' dir='ltr'><strong>potestatibus</strong></span> <span class='ocrx_word' id='word_1_171' title='bbox 1618 2094 1844 2176; x_wconf 89' lang='lat' dir='ltr'><strong>maj0r.</strong></span> <span class='ocrx_word' id='word_1_172' title='bbox 1907 2094 2083 2159; x_wconf 90' lang='lat' dir='ltr'><strong>Haec</strong></span> <span class='ocrx_word' id='word_1_173' title='bbox 2127 2093 2341 2175; x_wconf 89' lang='lat' dir='ltr'><strong>cogita</strong></span> <span class='ocrx_word' id='word_1_174' title='bbox 2384 2099 2453 2159; x_wconf 94' lang='lat' dir='ltr'><strong>et</strong></span> <span class='ocrx_word' id='word_1_175' title='bbox 2492 2093 2627 2158; x_wconf 94' lang='lat' dir='ltr'><strong>noli</strong></span> <span class='ocrx_word' id='word_1_176' title='bbox 2663 2092 2949 2175; x_wconf 85' lang='lat' dir='ltr'><strong>judicem</strong></span> <span class='ocrx_word' id='word_1_177' title='bbox 2994 2089 3204 2156; x_wconf 90' lang='lat' dir='ltr'><strong>Deum</strong></span> 
     </span>
     <span class='ocr_line' id='line_1_18' title="bbox 574 2197 3203 2283; baseline 0 -20"><span class='ocrx_word' id='word_1_178' title='bbox 574 2198 901 2281; x_wconf 85' lang='lat' dir='ltr'><strong>judicibus</strong></span> <span class='ocrx_word' id='word_1_179' title='bbox 931 2200 1299 2265; x_wconf 87' lang='lat' dir='ltr'><strong>hominibus</strong></span> <span class='ocrx_word' id='word_1_180' title='bbox 1330 2218 1732 2283; x_wconf 91' lang='lat' dir='ltr'><strong>comparare,</strong></span> <span class='ocrx_word' id='word_1_181' title='bbox 1764 2219 1957 2283; x_wconf 89' lang='lat' dir='ltr'><strong>quem</strong></span> <span class='ocrx_word' id='word_1_182' title='bbox 1988 2219 2122 2266; x_wconf 91' lang='lat' dir='ltr'><strong>non</strong></span> <span class='ocrx_word' id='word_1_183' title='bbox 2153 2200 2581 2265; x_wconf 89' lang='lat' dir='ltr'><strong>dubitandum</strong></span> <span class='ocrx_word' id='word_1_184' title='bbox 2626 2206 2724 2265; x_wconf 89' lang='lat' dir='ltr'><strong>est</strong></span> <span class='ocrx_word' id='word_1_185' title='bbox 2769 2215 2914 2265; x_wconf 88' lang='lat' dir='ltr'><strong>esse</strong></span> <span class='ocrx_word' id='word_1_186' title='bbox 2937 2197 3203 2280; x_wconf 79' lang='lat' dir='ltr'><strong>justum,</strong></span> 
     </span>
     <span class='ocr_line' id='line_1_19' title="bbox 580 2303 3206 2390; baseline -0.001 -20"><span class='ocrx_word' id='word_1_187' title='bbox 580 2306 779 2371; x_wconf 89' lang='lat' dir='ltr'><strong>etiam</strong></span> <span class='ocrx_word' id='word_1_188' title='bbox 811 2307 1070 2390; x_wconf 86' lang='lat' dir='ltr'><strong>quando</strong></span> <span class='ocrx_word' id='word_1_189' title='bbox 1102 2307 1272 2386; x_wconf 81' lang='lat' dir='ltr'><strong>facit,</strong></span> <span class='ocrx_word' id='word_1_190' title='bbox 1304 2308 1477 2390; x_wconf 91' lang='lat' dir='ltr'><strong>quod</strong></span> <span class='ocrx_word' id='word_1_191' title='bbox 1525 2306 1782 2373; x_wconf 87' lang='lat' dir='ltr'><strong>videtur</strong></span> <span class='ocrx_word' id='word_1_192' title='bbox 1828 2307 2197 2372; x_wconf 89' lang='lat' dir='ltr'><strong>hominibus</strong></span> <span class='ocrx_word' id='word_1_193' title='bbox 2248 2307 2554 2390; x_wconf 87' lang='lat' dir='ltr'><strong>injustum</strong></span> <span class='ocrx_word' id='word_1_194' title='bbox 2596 2311 2664 2373; x_wconf 88' lang='lat' dir='ltr'><strong>et</strong></span> <span class='ocrx_word' id='word_1_195' title='bbox 2710 2305 2886 2388; x_wconf 89' lang='lat' dir='ltr'><strong>quod</strong></span> <span class='ocrx_word' id='word_1_196' title='bbox 2910 2309 3113 2370; x_wconf 84' lang='lat' dir='ltr'><strong>homo</strong></span> <span class='ocrx_word' id='word_1_197' title='bbox 3146 2303 3206 2369; x_wconf 89' lang='lat' dir='ltr'><strong>si</strong></span> 
     </span>
     <span class='ocr_line' id='line_1_20' title="bbox 579 2410 3208 2497; baseline 0 -21"><span class='ocrx_word' id='word_1_198' title='bbox 579 2410 822 2478; x_wconf 84' lang='lat' dir='ltr'><strong>faceret</strong></span> <span class='ocrx_word' id='word_1_199' title='bbox 851 2421 1027 2479; x_wconf 88' lang='lat' dir='ltr'><strong>esset</strong></span> <span class='ocrx_word' id='word_1_200' title='bbox 1052 2415 1379 2497; x_wconf 78' lang='lat' dir='ltr'><strong>injustus‘</strong></span> <span class='ocrx_word' id='word_1_201' title='bbox 1449 2414 1749 2480; x_wconf 91' lang='lat' dir='ltr'><strong>Ceterum</strong></span> <span class='ocrx_word' id='word_1_202' title='bbox 1797 2414 1902 2480; x_wconf 88' lang='lat' dir='ltr'><strong>vel</strong></span> <span class='ocrx_word' id='word_1_203' title='bbox 1952 2415 2239 2479; x_wconf 89' lang='lat' dir='ltr'><strong>humana</strong></span> <span class='ocrx_word' id='word_1_204' title='bbox 2275 2414 2523 2496; x_wconf 88' lang='lat' dir='ltr'><strong>justitia</strong></span> <span class='ocrx_word' id='word_1_205' title='bbox 2569 2411 2958 2478; x_wconf 88' lang='lat' dir='ltr'><strong>vindicativa</strong></span> <span class='ocrx_word' id='word_1_206' title='bbox 2986 2416 3208 2493; x_wconf 64' lang='lat' dir='ltr'><strong>potest</strong></span> 
     </span>
     <span class='ocr_line' id='line_1_21' title="bbox 586 2517 3207 2604; baseline -0 -21"><span class='ocrx_word' id='word_1_207' title='bbox 586 2518 655 2582; x_wconf 91' lang='lat' dir='ltr'><strong>in</strong></span> <span class='ocrx_word' id='word_1_208' title='bbox 686 2537 836 2585; x_wconf 89' lang='lat' dir='ltr'><strong>reos</strong></span> <span class='ocrx_word' id='word_1_209' title='bbox 866 2521 1379 2587; x_wconf 85' lang='lat' dir='ltr'><strong>animadvertere</strong></span> <span class='ocrx_word' id='word_1_210' title='bbox 1409 2521 1635 2603; x_wconf 92' lang='lat' dir='ltr'><strong>poenis</strong></span> <span class='ocrx_word' id='word_1_211' title='bbox 1665 2521 1996 2603; x_wconf 83' lang='lat' dir='ltr'><strong>privativis</strong></span> <span class='ocrx_word' id='word_1_212' title='bbox 2028 2539 2109 2586; x_wconf 82' lang='lat' dir='ltr'><strong>ex</strong></span> <span class='ocrx_word' id='word_1_213' title='bbox 2139 2539 2284 2587; x_wconf 89' lang='lat' dir='ltr'><strong>sese</strong></span> <span class='ocrx_word' id='word_1_214' title='bbox 2332 2519 2764 2604; x_wconf 87' lang='lat' dir='ltr'><strong>perpetuis</strong></span> <span class='ocrx_word' id='word_1_215' title='bbox 2807 2526 2875 2584; x_wconf 91' lang='lat' dir='ltr'><strong>et</strong></span> <span class='ocrx_word' id='word_1_216' title='bbox 2910 2517 3207 2601; x_wconf 86' lang='lat' dir='ltr'><strong>positivis</strong></span> 
     </span>
     <span class='ocr_line' id='line_1_22' title="bbox 577 2625 3207 2712; baseline 0.001 -21"><span class='ocrx_word' id='word_1_217' title='bbox 577 2625 846 2704; x_wconf 83' lang='lat' dir='ltr'><strong>tamdiu,</strong></span> <span class='ocrx_word' id='word_1_218' title='bbox 879 2626 1186 2711; x_wconf 86' lang='lat' dir='ltr'><strong>quamdiu</strong></span> <span class='ocrx_word' id='word_1_219' title='bbox 1216 2628 1313 2694; x_wconf 89' lang='lat' dir='ltr'><strong>rei</strong></span> <span class='ocrx_word' id='word_1_220' title='bbox 1342 2627 1569 2694; x_wconf 86' lang='lat' dir='ltr'><strong>vivunt</strong></span> <span class='ocrx_word' id='word_1_221' title='bbox 1616 2632 1899 2712; x_wconf 88' lang='lat' dir='ltr'><strong>suntque</strong></span> <span class='ocrx_word' id='word_1_222' title='bbox 1948 2628 2279 2694; x_wconf 87' lang='lat' dir='ltr'><strong>societatis</strong></span> <span class='ocrx_word' id='word_1_223' title='bbox 2308 2626 2617 2694; x_wconf 90' lang='lat' dir='ltr'><strong>membra.</strong></span> <span class='ocrx_word' id='word_1_224' title='bbox 2678 2625 2925 2693; x_wconf 86' lang='lat' dir='ltr'><strong>Poterit</strong></span> <span class='ocrx_word' id='word_1_225' title='bbox 2952 2643 3108 2708; x_wconf 90' lang='lat' dir='ltr'><strong>ergo</strong></span> <span class='ocrx_word' id='word_1_226' title='bbox 3139 2631 3207 2693; x_wconf 83' lang='lat' dir='ltr'><strong>et</strong></span> 
     </span>
     <span class='ocr_line' id='line_1_23' title="bbox 580 2731 3200 2818; baseline 0 -21"><span class='ocrx_word' id='word_1_227' title='bbox 580 2731 753 2798; x_wconf 91' lang='lat' dir='ltr'><strong>Deus</strong></span> <span class='ocrx_word' id='word_1_228' title='bbox 802 2742 1181 2816; x_wconf 88' lang='lat' dir='ltr'><strong>peccatores</strong></span> <span class='ocrx_word' id='word_1_229' title='bbox 1228 2736 1455 2818; x_wconf 89' lang='lat' dir='ltr'><strong>punire</strong></span> <span class='ocrx_word' id='word_1_230' title='bbox 1504 2736 1731 2817; x_wconf 89' lang='lat' dir='ltr'><strong>poenis</strong></span> <span class='ocrx_word' id='word_1_231' title='bbox 1783 2743 1918 2800; x_wconf 89' lang='lat' dir='ltr'><strong>tum</strong></span> <span class='ocrx_word' id='word_1_232' title='bbox 1967 2735 2296 2817; x_wconf 89' lang='lat' dir='ltr'><strong>privativis</strong></span> <span class='ocrx_word' id='word_1_233' title='bbox 2357 2740 2497 2799; x_wconf 91' lang='lat' dir='ltr'><strong>tum</strong></span> <span class='ocrx_word' id='word_1_234' title='bbox 2539 2733 2847 2817; x_wconf 85' lang='lat' dir='ltr'><strong>positivis,</strong></span> <span class='ocrx_word' id='word_1_235' title='bbox 2896 2732 3200 2816; x_wconf 89' lang='lat' dir='ltr'><strong>quamdiu</strong></span> 
     </span>
     <span class='ocr_line' id='line_1_24' title="bbox 576 2837 3204 2925; baseline 0 -22"><span class='ocrx_word' id='word_1_236' title='bbox 576 2849 747 2918; x_wconf 88' lang='lat' dir='ltr'><strong>sunt,</strong></span> <span class='ocrx_word' id='word_1_237' title='bbox 779 2841 816 2905; x_wconf 91' lang='lat' dir='ltr'><strong>i.</strong></span> <span class='ocrx_word' id='word_1_238' title='bbox 850 2859 903 2906; x_wconf 94' lang='lat' dir='ltr'><strong>e.</strong></span> <span class='ocrx_word' id='word_1_239' title='bbox 935 2843 1382 2925; x_wconf 90' lang='lat' dir='ltr'><strong>perpetuis.</strong></span> <span class='ocrx_word' id='word_1_240' title='bbox 1430 2841 1533 2907; x_wconf 89' lang='lat' dir='ltr'><strong>Ad</strong></span> <span class='ocrx_word' id='word_1_241' title='bbox 1561 2861 1700 2908; x_wconf 90' lang='lat' dir='ltr'><strong>rem</strong></span> <span class='ocrx_word' id='word_1_242' title='bbox 1732 2841 2247 2924; x_wconf 84' lang='lat' dir='ltr'><strong>Augustinus</strong></span> <span class='ocrx_word' id='word_1_243' title='bbox 2277 2840 2360 2907; x_wconf 87' lang='lat' dir='ltr'><strong>de</strong></span> <span class='ocrx_word' id='word_1_244' title='bbox 2390 2842 2506 2905; x_wconf 88' lang='lat' dir='ltr'><strong>civ.</strong></span> <span class='ocrx_word' id='word_1_245' title='bbox 2538 2840 2654 2906; x_wconf 90' lang='lat' dir='ltr'><strong>Dei</strong></span> <span class='ocrx_word' id='word_1_246' title='bbox 2685 2840 2849 2918; x_wconf 83' lang='lat' dir='ltr'><strong>XXI,</strong></span> <span class='ocrx_word' id='word_1_247' title='bbox 2885 2845 3003 2909; x_wconf 86' lang='lat'><strong>11:</strong></span> <span class='ocrx_word' id='word_1_248' title='bbox 3043 2837 3204 2919; x_wconf 80' lang='lat' dir='ltr'><strong>,Qui</strong></span> 
     </span>
     <span class='ocr_line' id='line_1_25' title="bbox 572 2944 3201 3032; baseline -0.001 -20"><span class='ocrx_word' id='word_1_249' title='bbox 572 2966 700 3029; x_wconf 84' lang='lat' dir='ltr'><strong>pro</strong></span> <span class='ocrx_word' id='word_1_250' title='bbox 733 2948 948 3032; x_wconf 91' lang='lat' dir='ltr'><strong>aliquo</strong></span> <span class='ocrx_word' id='word_1_251' title='bbox 981 2950 1206 3031; x_wconf 88' lang='lat' dir='ltr'><strong>grandi</strong></span> <span class='ocrx_word' id='word_1_252' title='bbox 1236 2950 1501 3015; x_wconf 90' lang='lat' dir='ltr'><strong>crimine</strong></span> <span class='ocrx_word' id='word_1_253' title='bbox 1531 2956 1743 3016; x_wconf 89' lang='lat' dir='ltr'><strong>morte</strong></span> <span class='ocrx_word' id='word_1_254' title='bbox 1774 2950 2139 3027; x_wconf 91' lang='lat' dir='ltr'><strong>mulctatur,</strong></span> <span class='ocrx_word' id='word_1_255' title='bbox 2158 2948 2471 3032; x_wconf 87' lang='lat' dir='ltr'><strong>numquid</strong></span> <span class='ocrx_word' id='word_1_256' title='bbox 2491 2966 2696 3025; x_wconf 92' lang='lat' dir='ltr'><strong>mora,</strong></span> <span class='ocrx_word' id='word_1_257' title='bbox 2720 2964 2854 3030; x_wconf 89' lang='lat' dir='ltr'><strong>qua</strong></span> <span class='ocrx_word' id='word_1_258' title='bbox 2871 2944 3201 3020; x_wconf 85' lang='lat' dir='ltr'><strong>occiditur,</strong></span> 
     </span>
     <span class='ocr_line' id='line_1_26' title="bbox 576 3049 3201 3138; baseline 0 -21"><span class='ocrx_word' id='word_1_259' title='bbox 576 3071 749 3135; x_wconf 90' lang='lat' dir='ltr'><strong>quae</strong></span> <span class='ocrx_word' id='word_1_260' title='bbox 779 3054 1112 3136; x_wconf 89' lang='lat' dir='ltr'><strong>perbrevis</strong></span> <span class='ocrx_word' id='word_1_261' title='bbox 1142 3062 1263 3131; x_wconf 86' lang='lat' dir='ltr'><strong>est,</strong></span> <span class='ocrx_word' id='word_1_262' title='bbox 1293 3055 1431 3138; x_wconf 86' lang='lat' dir='ltr'><strong>ejus</strong></span> <span class='ocrx_word' id='word_1_263' title='bbox 1461 3054 1840 3137; x_wconf 89' lang='lat' dir='ltr'><strong>supplicium</strong></span> <span class='ocrx_word' id='word_1_264' title='bbox 1872 3056 2047 3137; x_wconf 88' lang='lat' dir='ltr'><strong>leges</strong></span> <span class='ocrx_word' id='word_1_265' title='bbox 2078 3053 2443 3131; x_wconf 87' lang='lat' dir='ltr'><strong>aestimant,</strong></span> <span class='ocrx_word' id='word_1_266' title='bbox 2488 3058 2555 3120; x_wconf 90' lang='lat' dir='ltr'><strong>et</strong></span> <span class='ocrx_word' id='word_1_267' title='bbox 2583 3071 2717 3118; x_wconf 91' lang='lat' dir='ltr'><strong>non</strong></span> <span class='ocrx_word' id='word_1_268' title='bbox 2749 3053 2925 3136; x_wconf 90' lang='lat' dir='ltr'><strong>quod</strong></span> <span class='ocrx_word' id='word_1_269' title='bbox 2955 3069 3102 3118; x_wconf 87' lang='lat' dir='ltr'><strong>eum</strong></span> <span class='ocrx_word' id='word_1_270' title='bbox 3129 3049 3201 3116; x_wconf 88' lang='lat' dir='ltr'><strong>in</strong></span> 
     </span>
     <span class='ocr_line' id='line_1_27' title="bbox 574 3158 3206 3241; baseline 0 -19"><span class='ocrx_word' id='word_1_271' title='bbox 574 3161 1176 3241; x_wconf 88' lang='lat' dir='ltr'><strong>sempiternum</strong></span> <span class='ocrx_word' id='word_1_272' title='bbox 1207 3159 1508 3226; x_wconf 76' lang='lat' dir='ltr'><strong>auferunt</strong></span> <span class='ocrx_word' id='word_1_273' title='bbox 1537 3160 1617 3226; x_wconf 92' lang='lat' dir='ltr'><strong>de</strong></span> <span class='ocrx_word' id='word_1_274' title='bbox 1648 3161 1962 3227; x_wconf 82' lang='lat' dir='ltr'><strong>societate</strong></span> <span class='ocrx_word' id='word_1_275' title='bbox 1992 3160 2389 3225; x_wconf 77' lang='lat' dir='ltr'><strong>viventium?</strong></span> <span class='ocrx_word' id='word_1_276' title='bbox 2419 3158 2607 3239; x_wconf 91' lang='lat' dir='ltr'><strong>Quod</strong></span> <span class='ocrx_word' id='word_1_277' title='bbox 2622 3165 2723 3224; x_wconf 92' lang='lat' dir='ltr'><strong>est</strong></span> <span class='ocrx_word' id='word_1_278' title='bbox 2738 3165 2961 3224; x_wconf 87' lang='lat' dir='ltr'><strong>autem</strong></span> <span class='ocrx_word' id='word_1_279' title='bbox 2978 3158 3206 3224; x_wconf 85' lang='lat' dir='ltr'><strong>deista</strong></span> 
     </span>
     <span class='ocr_line' id='line_1_28' title="bbox 579 3262 3207 3350; baseline 0 -21"><span class='ocrx_word' id='word_1_280' title='bbox 579 3265 841 3331; x_wconf 88' lang='lat' dir='ltr'><strong>civitate</strong></span> <span class='ocrx_word' id='word_1_281' title='bbox 873 3265 1129 3332; x_wconf 87' lang='lat' dir='ltr'><strong>mortali</strong></span> <span class='ocrx_word' id='word_1_282' title='bbox 1149 3268 1459 3350; x_wconf 88' lang='lat' dir='ltr'><strong>supplicio</strong></span> <span class='ocrx_word' id='word_1_283' title='bbox 1491 3269 1737 3350; x_wconf 87' lang='lat' dir='ltr'><strong>primae</strong></span> <span class='ocrx_word' id='word_1_284' title='bbox 1768 3269 2016 3344; x_wconf 90' lang='lat' dir='ltr'><strong>mortis,</strong></span> <span class='ocrx_word' id='word_1_285' title='bbox 2045 3269 2169 3332; x_wconf 88' lang='lat' dir='ltr'><strong>hoc</strong></span> <span class='ocrx_word' id='word_1_286' title='bbox 2199 3274 2300 3333; x_wconf 89' lang='lat' dir='ltr'><strong>est</strong></span> <span class='ocrx_word' id='word_1_287' title='bbox 2330 3266 2411 3333; x_wconf 93' lang='lat' dir='ltr'><strong>de</strong></span> <span class='ocrx_word' id='word_1_288' title='bbox 2440 3266 2698 3332; x_wconf 88' lang='lat' dir='ltr'><strong>civitate</strong></span> <span class='ocrx_word' id='word_1_289' title='bbox 2715 3265 2825 3330; x_wconf 91' lang='lat' dir='ltr'><strong>illa</strong></span> <span class='ocrx_word' id='word_1_290' title='bbox 2853 3262 3207 3330; x_wconf 82' lang='lat' dir='ltr'><strong>immortali</strong></span> 
     </span>
     <span class='ocr_line' id='line_1_29' title="bbox 580 3370 3205 3456; baseline 0.002 -21"><span class='ocrx_word' id='word_1_291' title='bbox 580 3370 875 3438; x_wconf 87' lang='lat' dir='ltr'><strong>homines</strong></span> <span class='ocrx_word' id='word_1_292' title='bbox 903 3374 1213 3456; x_wconf 91' lang='lat' dir='ltr'><strong>supplicio</strong></span> <span class='ocrx_word' id='word_1_293' title='bbox 1245 3376 1569 3442; x_wconf 91' lang='lat' dir='ltr'><strong>secundae</strong></span> <span class='ocrx_word' id='word_1_294' title='bbox 1599 3377 1826 3440; x_wconf 90' lang='lat' dir='ltr'><strong>mortis</strong></span> <span class='ocrx_word' id='word_1_295' title='bbox 1858 3374 2124 3442; x_wconf 84' lang='lat' dir='ltr'><strong>auferre.</strong></span> <span class='ocrx_word' id='word_1_296' title='bbox 2159 3373 2343 3441; x_wconf 89' lang='lat' dir='ltr'><strong>Sicut</strong></span> <span class='ocrx_word' id='word_1_297' title='bbox 2370 3374 2544 3441; x_wconf 85' lang='lat' dir='ltr'><strong>enim</strong></span> <span class='ocrx_word' id='word_1_298' title='bbox 2572 3392 2707 3438; x_wconf 90' lang='lat' dir='ltr'><strong>non</strong></span> <span class='ocrx_word' id='word_1_299' title='bbox 2727 3372 3012 3440; x_wconf 87' lang='lat' dir='ltr'><strong>efficiunt</strong></span> <span class='ocrx_word' id='word_1_300' title='bbox 3030 3370 3205 3455; x_wconf 84' lang='lat' dir='ltr'><strong>leges</strong></span> 
     </span>
     <span class='ocr_line' id='line_1_30' title="bbox 569 3478 3206 3566; baseline 0.003 -26"><span class='ocrx_word' id='word_1_301' title='bbox 569 3478 857 3544; x_wconf 89' lang='lat' dir='ltr'><strong>civitatis</strong></span> <span class='ocrx_word' id='word_1_302' title='bbox 887 3480 1094 3564; x_wconf 87' lang='lat' dir='ltr'><strong>hujus,</strong></span> <span class='ocrx_word' id='word_1_303' title='bbox 1125 3488 1198 3547; x_wconf 88' lang='lat' dir='ltr'><strong>ut</strong></span> <span class='ocrx_word' id='word_1_304' title='bbox 1228 3482 1295 3547; x_wconf 92' lang='lat' dir='ltr'><strong>in</strong></span> <span class='ocrx_word' id='word_1_305' title='bbox 1341 3501 1487 3548; x_wconf 88' lang='lat' dir='ltr'><strong>eam</strong></span> <span class='ocrx_word' id='word_1_306' title='bbox 1532 3484 1803 3566; x_wconf 89' lang='lat' dir='ltr'><strong>quisque</strong></span> <span class='ocrx_word' id='word_1_307' title='bbox 1845 3489 2186 3550; x_wconf 86' lang='lat' dir='ltr'><strong>revocetur</strong></span> <span class='ocrx_word' id='word_1_308' title='bbox 2215 3483 2485 3560; x_wconf 75' lang='lat' dir='ltr'><strong>occisuS,</strong></span> <span class='ocrx_word' id='word_1_309' title='bbox 2534 3481 2631 3546; x_wconf 91' lang='lat' dir='ltr'><strong>sic</strong></span> <span class='ocrx_word' id='word_1_310' title='bbox 2660 3499 2782 3548; x_wconf 89' lang='lat' dir='ltr'><strong>nec</strong></span> <span class='ocrx_word' id='word_1_311' title='bbox 2811 3481 3004 3557; x_wconf 86' lang='lat' dir='ltr'><strong>illius,</strong></span> <span class='ocrx_word' id='word_1_312' title='bbox 3033 3488 3107 3546; x_wconf 92' lang='lat' dir='ltr'><strong>ut</strong></span> <span class='ocrx_word' id='word_1_313' title='bbox 3138 3481 3206 3547; x_wconf 89' lang='lat' dir='ltr'><strong>in</strong></span> 
     </span>
     <span class='ocr_line' id='line_1_31' title="bbox 582 3583 2524 3665; baseline 0.003 -17"><span class='ocrx_word' id='word_1_314' title='bbox 582 3583 787 3649; x_wconf 85' lang='lat' dir='ltr'><strong>vitam</strong></span> <span class='ocrx_word' id='word_1_315' title='bbox 815 3597 1155 3655; x_wconf 88' lang='lat' dir='ltr'><strong>revocetur</strong></span> <span class='ocrx_word' id='word_1_316' title='bbox 1185 3596 1540 3665; x_wconf 79' lang='lat' dir='ltr'><strong>aeternam,</strong></span> <span class='ocrx_word' id='word_1_317' title='bbox 1570 3590 1858 3657; x_wconf 88' lang='lat' dir='ltr'><strong>secunda</strong></span> <span class='ocrx_word' id='word_1_318' title='bbox 1886 3597 2096 3656; x_wconf 90' lang='lat' dir='ltr'><strong>morte</strong></span> <span class='ocrx_word' id='word_1_319' title='bbox 2126 3591 2524 3655; x_wconf 51' lang='lat' dir='ltr'><strong>damnatus!</strong></span> 
     </span>
    </p>

    <p class='ocr_par' dir='ltr' id='par_1_3' title="bbox 570 3694 3209 4421">
     <span class='ocr_line' id='line_1_32' title="bbox 758 3694 3207 3778; baseline -0.002 -14"><span class='ocrx_word' id='word_1_320' title='bbox 758 3698 825 3764; x_wconf 80' lang='lat'><strong>4.</strong></span> <span class='ocrx_word' id='word_1_321' title='bbox 858 3694 994 3760; x_wconf 89' lang='lat' dir='ltr'><strong>Etsi</strong></span> <span class='ocrx_word' id='word_1_322' title='bbox 1024 3696 1193 3762; x_wconf 90' lang='lat' dir='ltr'><strong>Deus</strong></span> <span class='ocrx_word' id='word_1_323' title='bbox 1224 3697 1540 3764; x_wconf 87' lang='lat' dir='ltr'><strong>creaturis</strong></span> <span class='ocrx_word' id='word_1_324' title='bbox 1569 3695 1998 3762; x_wconf 89' lang='lat' dir='ltr'><strong>rationalibus</strong></span> <span class='ocrx_word' id='word_1_325' title='bbox 2015 3696 2483 3762; x_wconf 86' lang='lat' dir='ltr'><strong>irresistibilem</strong></span> <span class='ocrx_word' id='word_1_326' title='bbox 2503 3694 2825 3762; x_wconf 85' lang='lat' dir='ltr'><strong>felicitatis</strong></span> <span class='ocrx_word' id='word_1_327' title='bbox 2843 3695 3207 3778; x_wconf 86' lang='lat' dir='ltr'><strong>appetitum</strong></span> 
     </span>
     <span class='ocr_line' id='line_1_33' title="bbox 578 3800 3207 3887; baseline 0.002 -22"><span class='ocrx_word' id='word_1_328' title='bbox 578 3801 829 3880; x_wconf 74' lang='lat' dir='ltr'><strong>insevit,</strong></span> <span class='ocrx_word' id='word_1_329' title='bbox 861 3803 1090 3869; x_wconf 87' lang='lat' dir='ltr'><strong>exinde</strong></span> <span class='ocrx_word' id='word_1_330' title='bbox 1120 3804 1486 3871; x_wconf 86' lang='lat' dir='ltr'><strong>nullatenus</strong></span> <span class='ocrx_word' id='word_1_331' title='bbox 1504 3805 1815 3887; x_wconf 86' lang='lat' dir='ltr'><strong>sequitur,</strong></span> <span class='ocrx_word' id='word_1_332' title='bbox 1846 3805 2175 3870; x_wconf 89' lang='lat' dir='ltr'><strong>hominem</strong></span> <span class='ocrx_word' id='word_1_333' title='bbox 2204 3803 2687 3870; x_wconf 87' lang='lat' dir='ltr'><strong>necessario</strong></span> <span class='ocrx_word' id='word_1_334' title='bbox 2719 3802 2805 3867; x_wconf 89' lang='lat' dir='ltr'><strong>ad</strong></span> <span class='ocrx_word' id='word_1_335' title='bbox 2834 3800 3207 3869; x_wconf 85' lang='lat' dir='ltr'><strong>felicitatem</strong></span> 
     </span>
     <span class='ocr_line' id='line_1_34' title="bbox 570 3908 3207 3994; baseline 0.001 -22"><span class='ocrx_word' id='word_1_336' title='bbox 570 3908 818 3975; x_wconf 83' lang='lat' dir='ltr'><strong>debere</strong></span> <span class='ocrx_word' id='word_1_337' title='bbox 848 3910 1215 3992; x_wconf 86' lang='lat' dir='ltr'><strong>pervenire;</strong></span> <span class='ocrx_word' id='word_1_338' title='bbox 1257 3911 1445 3994; x_wconf 89' lang='lat' dir='ltr'><strong>hujus</strong></span> <span class='ocrx_word' id='word_1_339' title='bbox 1488 3912 1661 3975; x_wconf 91' lang='lat' dir='ltr'><strong>enim</strong></span> <span class='ocrx_word' id='word_1_340' title='bbox 1693 3910 2169 3977; x_wconf 87' lang='lat' dir='ltr'><strong>assecutionem</strong></span> <span class='ocrx_word' id='word_1_341' title='bbox 2213 3910 2283 3975; x_wconf 91' lang='lat' dir='ltr'><strong>in</strong></span> <span class='ocrx_word' id='word_1_342' title='bbox 2311 3910 2589 3975; x_wconf 90' lang='lat' dir='ltr'><strong>hominis</strong></span> <span class='ocrx_word' id='word_1_343' title='bbox 2619 3910 2837 3992; x_wconf 89' lang='lat' dir='ltr'><strong>posuit</strong></span> <span class='ocrx_word' id='word_1_344' title='bbox 2864 3914 3207 3992; x_wconf 65' lang='lat' dir='ltr'><strong>potestate.</strong></span> 
     </span>
     <span class='ocr_line' id='line_1_35' title="bbox 583 4013 3209 4098; baseline 0.001 -19"><span class='ocrx_word' id='word_1_345' title='bbox 583 4013 766 4080; x_wconf 91' lang='lat' dir='ltr'><strong>Unde</strong></span> <span class='ocrx_word' id='word_1_346' title='bbox 796 4013 963 4081; x_wconf 92' lang='lat' dir='ltr'><strong>illius</strong></span> <span class='ocrx_word' id='word_1_347' title='bbox 995 4036 1126 4082; x_wconf 93' lang='lat' dir='ltr'><strong>non</strong></span> <span class='ocrx_word' id='word_1_348' title='bbox 1157 4018 1480 4083; x_wconf 89' lang='lat' dir='ltr'><strong>assecutio</strong></span> <span class='ocrx_word' id='word_1_349' title='bbox 1526 4018 1682 4082; x_wconf 86' lang='lat' dir='ltr'><strong>vitio</strong></span> <span class='ocrx_word' id='word_1_350' title='bbox 1714 4018 1879 4084; x_wconf 89' lang='lat' dir='ltr'><strong>verti</strong></span> <span class='ocrx_word' id='word_1_351' title='bbox 1910 4017 2106 4084; x_wconf 90' lang='lat' dir='ltr'><strong>debet</strong></span> <span class='ocrx_word' id='word_1_352' title='bbox 2135 4024 2490 4096; x_wconf 88' lang='lat' dir='ltr'><strong>creaturae,</strong></span> <span class='ocrx_word' id='word_1_353' title='bbox 2523 4016 2801 4082; x_wconf 89' lang='lat' dir='ltr'><strong>creatori</strong></span> <span class='ocrx_word' id='word_1_354' title='bbox 2829 4032 2963 4079; x_wconf 91' lang='lat' dir='ltr'><strong>non</strong></span> <span class='ocrx_word' id='word_1_355' title='bbox 2992 4021 3209 4098; x_wconf 70' lang='lat' dir='ltr'><strong>potaet</strong></span> 
     </span>
     <span class='ocr_line' id='line_1_36' title="bbox 584 4119 3209 4204; baseline 0 -19"><span class='ocrx_word' id='word_1_356' title='bbox 584 4121 905 4204; x_wconf 90' lang='lat' dir='ltr'><strong>imputari.</strong></span> <span class='ocrx_word' id='word_1_357' title='bbox 968 4122 1181 4203; x_wconf 87' lang='lat' dir='ltr'><strong>Quare</strong></span> <span class='ocrx_word' id='word_1_358' title='bbox 1211 4125 1376 4189; x_wconf 89' lang='lat' dir='ltr'><strong>sicut</strong></span> <span class='ocrx_word' id='word_1_359' title='bbox 1407 4124 1579 4189; x_wconf 92' lang='lat' dir='ltr'><strong>Deus</strong></span> <span class='ocrx_word' id='word_1_360' title='bbox 1627 4143 1759 4188; x_wconf 91' lang='lat' dir='ltr'><strong>non</strong></span> <span class='ocrx_word' id='word_1_361' title='bbox 1809 4130 2068 4190; x_wconf 87' lang='lat' dir='ltr'><strong>tenetur</strong></span> <span class='ocrx_word' id='word_1_362' title='bbox 2098 4124 2438 4191; x_wconf 89' lang='lat' dir='ltr'><strong>restituere</strong></span> <span class='ocrx_word' id='word_1_363' title='bbox 2485 4123 2705 4190; x_wconf 92' lang='lat' dir='ltr'><strong>lumen</strong></span> <span class='ocrx_word' id='word_1_364' title='bbox 2734 4119 3070 4186; x_wconf 86' lang='lat' dir='ltr'><strong>oculorum</strong></span> <span class='ocrx_word' id='word_1_365' title='bbox 3099 4120 3209 4197; x_wconf 85' lang='lat' dir='ltr'><strong>illi,</strong></span> 
     </span>
     <span class='ocr_line' id='line_1_37' title="bbox 583 4225 3208 4314; baseline -0 -22"><span class='ocrx_word' id='word_1_366' title='bbox 583 4229 693 4312; x_wconf 92' lang='lat' dir='ltr'><strong>qui</strong></span> <span class='ocrx_word' id='word_1_367' title='bbox 723 4235 953 4312; x_wconf 88' lang='lat' dir='ltr'><strong>sponte</strong></span> <span class='ocrx_word' id='word_1_368' title='bbox 985 4249 1056 4297; x_wconf 92' lang='lat' dir='ltr'><strong>se</strong></span> <span class='ocrx_word' id='word_1_369' title='bbox 1088 4249 1168 4297; x_wconf 94' lang='lat' dir='ltr'><strong>eo</strong></span> <span class='ocrx_word' id='word_1_370' title='bbox 1199 4230 1581 4314; x_wconf 84' lang='lat' dir='ltr'><strong>privaverit:</strong></span> <span class='ocrx_word' id='word_1_371' title='bbox 1613 4231 1706 4296; x_wconf 90' lang='lat' dir='ltr'><strong>ita</strong></span> <span class='ocrx_word' id='word_1_372' title='bbox 1735 4250 1946 4314; x_wconf 87' lang='lat' dir='ltr'><strong>neque</strong></span> <span class='ocrx_word' id='word_1_373' title='bbox 1978 4230 2345 4296; x_wconf 86' lang='lat' dir='ltr'><strong>felicitatem</strong></span> <span class='ocrx_word' id='word_1_374' title='bbox 2365 4236 2588 4309; x_wconf 84' lang='lat' dir='ltr'><strong>meret,</strong></span> <span class='ocrx_word' id='word_1_375' title='bbox 2607 4228 2718 4314; x_wconf 91' lang='lat' dir='ltr'><strong>qui</strong></span> <span class='ocrx_word' id='word_1_376' title='bbox 2734 4228 2998 4311; x_wconf 86' lang='lat' dir='ltr'><strong>propria</strong></span> <span class='ocrx_word' id='word_1_377' title='bbox 3015 4225 3208 4310; x_wconf 83' lang='lat' dir='ltr'><strong>culpa</strong></span> 
     </span>
     <span class='ocr_line' id='line_1_38' title="bbox 582 4335 2763 4421; baseline 0.001 -23"><span class='ocrx_word' id='word_1_378' title='bbox 582 4353 627 4399; x_wconf 90' lang='lat' dir='ltr'><strong>a</strong></span> <span class='ocrx_word' id='word_1_379' title='bbox 658 4353 779 4401; x_wconf 92' lang='lat' dir='ltr'><strong>suo</strong></span> <span class='ocrx_word' id='word_1_380' title='bbox 810 4335 937 4403; x_wconf 88' lang='lat' dir='ltr'><strong>fine</strong></span> <span class='ocrx_word' id='word_1_381' title='bbox 968 4346 1199 4421; x_wconf 90' lang='lat' dir='ltr'><strong>sponte</strong></span> <span class='ocrx_word' id='word_1_382' title='bbox 1230 4356 1302 4403; x_wconf 93' lang='lat' dir='ltr'><strong>se</strong></span> <span class='ocrx_word' id='word_1_383' title='bbox 1334 4337 1569 4404; x_wconf 86' lang='lat' dir='ltr'><strong>avertit</strong></span> <span class='ocrx_word' id='word_1_384' title='bbox 1598 4337 1882 4421; x_wconf 92' lang='lat' dir='ltr'><strong>ideoqud</strong></span> <span class='ocrx_word' id='word_1_385' title='bbox 1912 4338 2136 4419; x_wconf 91' lang='lat' dir='ltr'><strong>ingens</strong></span> <span class='ocrx_word' id='word_1_386' title='bbox 2166 4337 2409 4419; x_wconf 88' lang='lat' dir='ltr'><strong>patitur</strong></span> <span class='ocrx_word' id='word_1_387' title='bbox 2435 4336 2763 4402; x_wconf 86' lang='lat' dir='ltr'><strong>damnum.</strong></span> 
     </span>
    </p>

    <p class='ocr_par' dir='ltr' id='par_1_4' title="bbox 584 4439 3209 4635">
     <span class='ocr_line' id='line_1_39' title="bbox 764 4439 3206 4528; baseline -0.002 -18"><span class='ocrx_word' id='word_1_388' title='bbox 764 4447 915 4513; x_wconf 80' lang='lat'><strong>660.</strong></span> <span class='ocrx_word' id='word_1_389' title='bbox 946 4443 1128 4524; x_wconf 86' lang='lat' dir='ltr'><strong>Quae</strong></span> <span class='ocrx_word' id='word_1_390' title='bbox 1157 4445 1488 4528; x_wconf 89' lang='lat' dir='ltr'><strong>hucusque</strong></span> <span class='ocrx_word' id='word_1_391' title='bbox 1520 4445 1605 4510; x_wconf 91' lang='lat' dir='ltr'><strong>ad</strong></span> <span class='ocrx_word' id='word_1_392' title='bbox 1635 4451 1915 4528; x_wconf 85' lang='lat' dir='ltr'><strong>quatuor</strong></span> <span class='ocrx_word' id='word_1_393' title='bbox 1945 4446 2334 4526; x_wconf 90' lang='lat' dir='ltr'><strong>praecipuas</strong></span> <span class='ocrx_word' id='word_1_394' title='bbox 2364 4443 2838 4510; x_wconf 91' lang='lat' dir='ltr'><strong>incredulorum</strong></span> <span class='ocrx_word' id='word_1_395' title='bbox 2869 4439 3206 4523; x_wconf 64' lang='lat' dir='ltr'><strong>respondi·</strong></span> 
     </span>
     <span class='ocr_line' id='line_1_40' title="bbox 584 4548 3209 4635; baseline 0 -24"><span class='ocrx_word' id='word_1_396' title='bbox 584 4566 730 4613; x_wconf 92' lang='lat' dir='ltr'><strong>mus</strong></span> <span class='ocrx_word' id='word_1_397' title='bbox 764 4550 1192 4633; x_wconf 84' lang='lat' dir='ltr'><strong>exceptiones,</strong></span> <span class='ocrx_word' id='word_1_398' title='bbox 1220 4550 1505 4635; x_wconf 87' lang='lat' dir='ltr'><strong>probant</strong></span> <span class='ocrx_word' id='word_1_399' title='bbox 1533 4553 1798 4635; x_wconf 91' lang='lat' dir='ltr'><strong>insuper</strong></span> <span class='ocrx_word' id='word_1_400' title='bbox 1827 4551 1929 4617; x_wconf 90' lang='lat' dir='ltr'><strong>vel</strong></span> <span class='ocrx_word' id='word_1_401' title='bbox 1960 4550 2195 4616; x_wconf 89' lang='lat' dir='ltr'><strong>saltem</strong></span> <span class='ocrx_word' id='word_1_402' title='bbox 2214 4550 2507 4627; x_wconf 86' lang='lat' dir='ltr'><strong>suadent,</strong></span> <span class='ocrx_word' id='word_1_403' title='bbox 2527 4568 2726 4633; x_wconf 92' lang='lat' dir='ltr'><strong>quam</strong></span> <span class='ocrx_word' id='word_1_404' title='bbox 2742 4566 3106 4613; x_wconf 90' lang='lat' dir='ltr'><strong>consonum</strong></span> <span class='ocrx_word' id='word_1_405' title='bbox 3123 4548 3209 4613; x_wconf 89' lang='lat' dir='ltr'><strong>sit</strong></span> 
     </span>
    </p>
   </div>
   <div class='ocr_carea' id='block_1_3' title="bbox 574 4653 3206 4846">
    <p class='ocr_par' dir='ltr' id='par_1_5' title="bbox 574 4653 3206 4846">
     <span class='ocr_line' id='line_1_41' title="bbox 585 4653 3206 4740; baseline 0 -20"><span class='ocrx_word' id='word_1_406' title='bbox 585 4655 711 4721; x_wconf 91' lang='lat' dir='ltr'><strong>hoc</strong></span> <span class='ocrx_word' id='word_1_407' title='bbox 736 4656 978 4738; x_wconf 82' lang='lat' dir='ltr'><strong>dogma</strong></span> <span class='ocrx_word' id='word_1_408' title='bbox 1006 4674 1209 4723; x_wconf 90' lang='lat' dir='ltr'><strong>sanae</strong></span> <span class='ocrx_word' id='word_1_409' title='bbox 1238 4659 1490 4724; x_wconf 88' lang='lat' dir='ltr'><strong>rationi.</strong></span> <span class='ocrx_word' id='word_1_410' title='bbox 1552 4657 1684 4725; x_wconf 89' lang='lat' dir='ltr'><strong>Sed</strong></span> <span class='ocrx_word' id='word_1_411' title='bbox 1726 4677 1861 4724; x_wconf 90' lang='lat' dir='ltr'><strong>non</strong></span> <span class='ocrx_word' id='word_1_412' title='bbox 1890 4658 2127 4724; x_wconf 87' lang='lat' dir='ltr'><strong>desunt</strong></span> <span class='ocrx_word' id='word_1_413' title='bbox 2156 4657 2325 4724; x_wconf 89' lang='lat' dir='ltr'><strong>aliae</strong></span> <span class='ocrx_word' id='word_1_414' title='bbox 2354 4657 2792 4740; x_wconf 88' lang='lat' dir='ltr'><strong>probationes,</strong></span> <span class='ocrx_word' id='word_1_415' title='bbox 2823 4672 2993 4740; x_wconf 88' lang='lat' dir='ltr'><strong>quae</strong></span> <span class='ocrx_word' id='word_1_416' title='bbox 3025 4653 3206 4720; x_wconf 87' lang='lat' dir='ltr'><strong>vide-</strong></span> 
     </span>
     <span class='ocr_line' id='line_1_42' title="bbox 574 4763 1945 4846; baseline 0.002 -20"><span class='ocrx_word' id='word_1_417' title='bbox 574 4770 780 4828; x_wconf 82' lang='lat' dir='ltr'><strong>antur</strong></span> <span class='ocrx_word' id='word_1_418' title='bbox 807 4780 1166 4845; x_wconf 91' lang='lat' dir='ltr'><strong>poenarum</strong></span> <span class='ocrx_word' id='word_1_419' title='bbox 1196 4763 1448 4846; x_wconf 83' lang='lat' dir='ltr'><strong>exigere</strong></span> <span class='ocrx_word' id='word_1_420' title='bbox 1478 4764 1945 4831; x_wconf 85' lang='lat' dir='ltr'><strong>aeternitatem.</strong></span> 
     </span>
    </p>
   </div>
  </div>
 </body>
</html>
