3538 5364
530 202 660 265 500
1051 193 1234 246 Tract.
1267 193 1356 246 lX.
1383 193 1452 247 de
1481 193 1877 265 indulgentiis,
1903 193 1984 247 De
2014 194 2294 251 Ecclesiae
2326 196 2610 261 thesauro,

705 381 851 445 520.
887 377 1307 460 Propositio
1343 377 1400 442 I.
1462 377 1735 439 Admitti
1784 376 1956 439 debet
1988 376 2317 441 thesaurus
2361 377 2865 459 satisfactionum
2898 376 3155 443 Christi.

527 480 796 546 Nomine
846 482 923 545 th
943 483 1222 546 esauri
1265 483 1634 564 intelligitur
1677 484 1778 548 vel
1825 485 1966 565 ipsa
1996 503 2101 549 res
2133 486 2421 565 pretiosa
2452 490 2758 549 contenta
2803 486 2902 548 vel
2935 486 3153 566 ipsum

526 590 874 654 continens.
939 589 1081 668 Qua
1114 589 1451 669 posteriori
1484 589 1948 669 significatione
1982 591 2322 655 thesaurus
2371 590 2882 656 satisfactionum
2915 590 3155 655 Christi

526 703 624 759 est
656 695 766 760 Dei
800 699 1127 772 memoria,
1162 716 1360 774 amor,
1399 698 1650 779 justitia
1695 707 1759 764 et
1804 700 2211 780 providentia
2259 700 2783 782 supernaturaliS,
2818 702 2881 763 in
2915 701 3157 783 quibus

523 802 698 866 velut
729 804 1101 869 reconditae
1133 812 1282 869 sunt
1313 804 1783 870 satisfactiones
1805 805 2054 883 Christi,
2088 825 2421 889 nunquam
2446 807 2753 871 oblivioni
2774 808 3149 884 tradendae,

524 918 596 973 ut
627 911 761 973 suis
793 910 1191 992 temporibus
1223 912 1588 975 hominibus
1622 912 2038 994 applicentur.
2072 913 2294 978 Altera
2313 913 2782 994 significatione
2802 915 3157 978 thesaurus

523 1017 624 1081 ille
658 1017 950 1081 consistit
980 1019 1044 1080 in
1077 1017 1317 1082 meritis
1350 1017 2022 1101 satisfactionibusque
2057 1018 2312 1096 Christi,
2345 1037 2618 1101 quarum
2649 1021 2850 1084 virtus
2897 1028 2963 1085 et
3016 1020 3156 1084 effi-

524 1124 703 1187 cacia
753 1125 1038 1188 nondum
1091 1132 1187 1188 est
1237 1125 1568 1188 exhausta.
1631 1125 1961 1207 Ejusmodi
2023 1128 2400 1191 thesaurum
2464 1145 2606 1192 esse
2659 1127 3154 1203 admittendum,

523 1237 702 1311 patet
733 1249 811 1294 ex
843 1249 1019 1312 prop.
1061 1237 1135 1299 17
1170 1230 1508 1296 Lutheri
1540 1231 1882 1296 damnata:
1923 1233 2272 1306 „Thesauri
2293 1233 2633 1310 Ecclesiae,
2654 1233 2824 1298 unde
2844 1252 3023 1316 papa
3042 1234 3155 1297 dat

522 1336 965 1417 indulgentiaS,
998 1357 1130 1401 non
1163 1345 1311 1401 sunt
1342 1340 1572 1403 merita
1592 1338 1826 1404 Christi
1859 1348 1922 1405 et
1942 1348 2385 1420 sanctorum3⁴¹
2428 1348 2588 1406 etex
2608 1360 2787 1423 prop.
2809 1348 2888 1410 41
2916 1340 3155 1424 synodi

523 1444 1072 1524 pistoriensis
1119 1445 1456 1508 damnata:
1526 1445 1720 1519 ,Item
1754 1447 1823 1509 in
1856 1466 1952 1522 ec,
2001 1448 2174 1529 quod
2207 1447 2518 1524 subditur,
2553 1448 2979 1512 scholasticos
3014 1448 3154 1511 suis

522 1550 979 1614 subtilitatibus
1027 1551 1279 1616 inflatos
1325 1552 1644 1618 invexisse
1690 1555 2068 1619 thesaurum
2114 1554 2282 1621 male
2327 1555 2720 1620 intellectum
2772 1556 3150 1618 meritorum

524 1657 757 1722 Christi
788 1666 853 1723 et
884 1664 1277 1736 sanctorum,
1311 1665 1375 1724 et
1407 1660 1621 1724 clarae
1641 1661 1892 1725 notioni
1913 1662 2341 1727 absolutionis
2362 1681 2403 1727 a
2422 1681 2634 1744 poena
2655 1661 2971 1726 canonica
2990 1661 3149 1724 sub-

524 1765 806 1830 stituisse
838 1764 1172 1829 contusam
1207 1773 1268 1831 et
1301 1765 1530 1830 salsam
1561 1767 2012 1848 applicationis
2046 1770 2455 1845 meritorum3
2489 1770 2674 1851 quasi
2707 1768 2991 1833 thesauri
3028 1768 3147 1830 Ec·

523 1872 775 1949 clesiae,
795 1872 965 1936 unde
985 1890 1153 1953 papa
1175 1871 1286 1936 dat
1313 1872 1758 1954 indulgentiaS,
1781 1894 1913 1939 non
1933 1876 2063 1939 sint
2081 1877 2311 1940 merita
2331 1875 2566 1939 Christi
2588 1882 2653 1940 et
2672 1882 3052 1939 sanctorum
3069 1876 3112 1960 ¹)
3130 1896 3145 1935 t

523 1977 700 2056 falsa,
735 1980 1096 2055 temeraria,
1132 1978 1364 2044 Christi
1397 1988 1461 2046 et
1491 1988 1866 2045 sanctorum
1898 1983 2141 2047 meritis
2175 1983 2500 2064 injuriosa,
2534 1983 2777 2046 dudum
2808 1982 2873 2044 in
2907 1987 3026 2045 art.
3068 1987 3143 2049 17

523 2085 780 2152 Lutheri
813 2086 1172 2150 damnata}
1244 2087 1452 2153 Facile
1485 2095 1705 2153 autem
1749 2089 2061 2170 probatur
2106 2090 2400 2154 assertiO.
2466 2088 2699 2154 Christi
2746 2086 2918 2153 enirn
2953 2087 3144 2151 satis-

524 2191 734 2269 facti0,
766 2212 1111 2274 personam
1141 2194 1196 2258 si
1227 2203 1495 2276 specteS,
1529 2196 1645 2260 fuit
1677 2195 1957 2270 infinita3
2005 2198 2058 2259 si
2091 2195 2395 2272 debitum,
2429 2196 2542 2260 suit
2573 2195 3145 2277 superabundans;

520 2299 573 2362 si
606 2300 1025 2366 intentionem
1060 2301 1405 2378 offerentiS,
1440 2320 1519 2366 ea
1540 2302 1761 2365 oblata
1785 2300 1899 2366 fuit
1917 2321 2034 2383 pro
2058 2303 2232 2366 omni
2253 2302 2470 2367 debito
2491 2302 2846 2376 viatorum;
2884 2303 2939 2364 si
2962 2320 3142 2365 amo-

520 2426 655 2472 rem
682 2407 1124 2490 justitiamque
1154 2406 1367 2472 Patris
1400 2408 1713 2485 coelestis,
1747 2427 1826 2473 ea
1860 2427 2113 2491 semper
2146 2416 2244 2474 est
2275 2410 2561 2491 pretiosa
2592 2409 2888 2490 vigetque
2921 2409 2990 2471 in
3010 2409 3139 2489 ejus

521 2520 888 2595 conspectu.
921 2514 1084 2595 Ergo
1119 2535 1197 2580 ex
1229 2516 1384 2580 data
1414 2516 1783 2581 definitione
1817 2517 2159 2592 thesaurus
2177 2517 2600 2580 inexhaustus
2633 2515 3131 2579 satisfactionum

521 2618 753 2684 Christi
784 2620 976 2686 debet
1007 2621 1270 2687 admitti.
1333 2623 1494 2687 Eum
1542 2622 1775 2688 deinde
1828 2630 2198 2704 supponunt
2247 2624 2467 2688 omnia
2513 2628 2944 2698 sacramenta,
2979 2639 3141 2705 quae

520 2728 789 2793 totidem
819 2730 985 2793 illius
1016 2738 1163 2795 sunt
1197 2730 1457 2795 canales
1491 2737 1556 2796 et
1576 2748 1855 2812 quorum
1871 2731 2070 2794 virtus
2091 2730 2484 2795 inexhausta
2504 2730 2594 2794 illi
2615 2730 2921 2793 innititur.
2962 2729 3139 2792 Hanc

520 2835 881 2900 doctrinam
913 2837 1243 2917 praeclare
1276 2838 1590 2918 expressit
1635 2835 2012 2901 Clemens
2045 2836 2144 2900 VI.
2188 2836 2255 2899 in
2288 2837 2744 2901 constitutione
2791 2853 2991 2918 supra
3022 2836 3139 2909 cit,

520 2942 585 3005 in
619 2961 764 3024 qua,
798 2949 1143 3025 postquam
1191 2945 1526 3026 descripsit
1570 2944 1886 3008 infinitam
1921 2942 2153 3008 Christi
2203 2943 2713 3008 satisfactionem
2748 2944 2971 3028 (supra
3004 2950 3045 3007 t.
3077 2941 3139 3005 ΙΙ.

520 3068 578 3111 n.
614 3051 790 3137 651),
821 3050 912 3122 ita
942 3053 1381 3133 prosequitur:
1451 3050 1815 3131 ,Quantum
1851 3070 2005 3132 ergo
2041 3051 2289 3125 exinde,
2340 3058 2413 3114 ut
2442 3069 2562 3115 nec
2594 3068 3013 3132 supervacua,
3046 3050 3140 3112 in·

522 3158 661 3219 anis
695 3165 805 3221 aut
836 3158 1159 3239 superflua
1191 3166 1412 3225 tantae
1445 3159 1774 3225 effusionis
1797 3158 2129 3223 miseratio
2150 3157 2545 3235 redderetur,
2579 3157 2957 3221 thesaurum
2979 3155 3137 3220 mili-

519 3263 683 3326 tanti
716 3263 1034 3329 Ecclesiae
1065 3266 1420 3348 acquisivit,
1453 3266 1678 3331 volens
1714 3266 1849 3329 suis
1881 3266 2324 3329 thesaurizare
2358 3264 2497 3328 filiis
2532 3264 2675 3345 pius
2706 3263 2917 3338 Pater,
2950 3269 3023 3327 ut
3051 3262 3139 3325 sic

519 3371 602 3434 sit
633 3369 915 3436 infinitus
948 3372 1289 3437 thesaurus
1321 3373 1708 3449 hominibUS,
1731 3391 1861 3454 quo
1885 3371 1993 3454 qui
2013 3371 2112 3435 usi
2134 3378 2298 3448 sunt,
2320 3371 2434 3437 Dei
2454 3371 2779 3434 amicitiae
2799 3369 3137 3450 participes

520 3628 727 3679 natura
755 3625 836 3678 rei
864 3626 1143 3682 debentur
1169 3630 1416 3697 peccato.
1471 3628 1751 3681 Incertum
1781 3628 1866 3680 est
1893 3626 2061 3680 etiam
2102 3642 2175 3678 an
2203 3642 2302 3695 per
2343 3623 2736 3695 indulgentias
2775 3625 3143 3679 remittantur

520 3707 875 3762 solummodo
904 3724 1118 3778 poenae
1145 3710 1218 3761 ab
1244 3707 1493 3762 Ecclesia
1533 3707 1846 3777 injunctae,
1886 3724 1960 3762 an
2000 3706 2225 3775 aliquid
2267 3705 2439 3759 etiam
2482 3722 2695 3771 earum,
2736 3720 2884 3774 quae
2913 3706 3138 3775 peccato

520 3786 746 3840 debitae
775 3789 910 3839 sunt
935 3803 1002 3839 ex
1032 3790 1241 3840 natura
1270 3787 1404 3841 rei.·‘

743 3871 777 3937 ¹)
806 3866 1151 3930 Satistacti0‚
1180 3867 1228 3919 si
1256 3867 1483 3936 proprie
1512 3867 1826 3934 loquimur,
1854 3865 2238 3935 distinguitur
2265 3883 2297 3918 a
2333 3884 2388 3917 m
2407 3881 2435 3917 e
2453 3864 2603 3918 rito
2646 3865 2735 3937 (cf.
2758 3867 2798 3917 t.
2819 3866 2887 3917 ll.
2909 3885 2964 3919 n.
2990 3868 3141 3929 648)2

520 3948 624 4001 illa
651 3948 802 4003 enim
830 3949 1076 4002 refertur
1101 3949 1174 4001 ad
1201 3948 1684 4019 exstinguendum
1724 3947 2004 4005 debitum,
2047 3946 2154 3998 hoc
2195 3947 2267 3998 ad
2308 3946 2775 4013 consequendum
2802 3944 3136 4013 praemium.

522 4029 693 4084 Porro
723 4030 982 4083 Christus
1010 4046 1110 4099 pro
1139 4028 1304 4083 nobis
1330 4028 1611 4081 satisfecit
1636 4030 1696 4080 et
1720 4026 1884 4081 nobis
1913 4026 2152 4080 meruit:
2180 4042 2356 4094 quare
2385 4029 2572 4079 exstat
2590 4027 2893 4079 thesaurus
2909 4027 2970 4078 et
2983 4023 3140 4077 satis-

523 4108 838 4163 factionum
863 4112 922 4161 et
945 4109 1278 4163 meritorum
1307 4107 1537 4162 Christi.
1589 4106 1729 4160 Cum
1758 4123 1891 4160 vero
1919 4105 2316 4176 indulgentiae
2358 4105 2676 4161 consistant
2702 4105 2761 4157 in
2790 4103 3139 4158 relaxatione

522 4188 703 4241 debiti
723 4211 734 4241 ι
760 4189 888 4243 ideo
908 4206 972 4242 ea
989 4189 1321 4241 conceditur
1336 4187 1728 4257 applicatione
1745 4185 2202 4240 satisfactionum
2222 4185 2453 4239 Christi.
2480 4186 2663 4253 Atqui
2679 4185 2890 4255 passim
2909 4183 3140 4238 nomina

522 4269 928 4322 satisfactionis
957 4273 1014 4321 et
1037 4269 1228 4322 meriti
1257 4269 1574 4338 promiscuo
1601 4266 1952 4321 adhibentur
1977 4270 2212 4336 propter
2233 4266 2524 4333 quandam
2543 4263 2867 4335 analogiam
2891 4264 3046 4317 inter
3064 4280 3145 4316 sa·

523 4349 907 4403 tisfactionem
934 4353 991 4402 et
1016 4350 1302 4404 meritum.
1331 4357 1388 4403 et
1415 4349 1552 4417 quia
1578 4349 1778 4402 eadem
1807 4364 1978 4417 opera
2007 4348 2193 4400 solent
2219 4362 2337 4400 esse
2363 4346 2659 4400 meritoria
2700 4344 2872 4398 simul
2900 4347 2961 4397 et
2986 4345 3142 4397 satis·

523 4428 793 4482 factoria:
820 4429 947 4481 ideo
970 4429 1144 4482 etiam
1165 4429 1280 4482 dici
1302 4429 1462 4493 solet,
1482 4427 1877 4499 indulgentias
1898 4425 2144 4479 conferri
2164 4426 2555 4494 applicatione
2576 4424 2911 4479 meritorum
2932 4423 3142 4479 Christi

522 4514 579 4564 et
595 4512 937 4564 sanctorum.
966 4509 1010 4561 T
1028 4510 1063 4560 h
1083 4526 1111 4561 e
1129 4527 1152 4560 s
1169 4527 1201 4561 a
1217 4527 1255 4562 u
1271 4509 1336 4561 ri
1361 4509 1592 4562 nomine
1612 4505 1786 4578 primi
1812 4506 1902 4559 usi
1922 4506 2196 4559 videntur
2218 4505 2427 4559 Alexa
2442 4505 2528 4558 nd
2541 4520 2570 4557 e
2585 4522 2613 4557 r
2634 4503 2749 4559 hal.
2766 4521 2822 4572 p.
2840 4512 2875 4558 4
2891 4520 3141 4557 summae

523 4608 576 4658 q.
605 4595 673 4644 23
701 4606 752 4641 n.
783 4594 831 4643 3.
860 4594 891 4642 6
918 4590 974 4639 et
1002 4589 1047 4638 A
1067 4588 1086 4639 l
1109 4589 1227 4640 ber
1245 4592 1267 4639 t
1285 4605 1319 4640 u
1340 4606 1363 4639 s
1393 4587 1465 4641 M.
1488 4589 1549 4643 in
1571 4597 1620 4642 4.
1640 4587 1773 4639 dist.
1797 4594 1864 4641 20
1885 4602 1937 4638 a.
1966 4589 2044 4641 16.
2073 4584 2154 4638 Cf.
2186 4587 2228 4639 Ο
2247 4584 2477 4637 swald
2505 4584 2599 4637 die
2619 4583 3011 4653 dogm.Lehre
3034 4598 3141 4636 von

523 4670 634 4721 den
660 4669 718 4722 h.
745 4668 1144 4721 Sacramenten
1175 4685 1228 4735 p.
1259 4677 1288 4721 5
1316 4676 1342 4732 ξ
1376 4674 1468 4726 16ς
1497 4666 1538 4719 P
1557 4684 1585 4718 e
1603 4684 1672 4718 rr
1690 4685 1720 4719 o
1741 4684 1778 4717 n
1798 4684 1826 4718 e
1854 4665 2027 4736 prael.
2057 4666 2229 4718 theol.
2259 4668 2297 4716 t.
2324 4669 2359 4718 8
2385 4665 2453 4717 de
2481 4661 2869 4733 indulgentiis
2900 4679 3065 4733 prop.
3095 4669 3142 4718 3.
