3538 5364
991 308 1268 377 Analogia
1302 308 1453 362 inter
1479 305 1883 363 eucharistiam
1911 310 1971 361 et
1994 307 2470 362 incarnationem.
2895 318 3022 381 291

411 494 670 552 Verbum
703 495 1053 554 carofactum
1088 495 1411 554 sacerdotis
1439 492 1879 553 consecratione
1909 493 2081 570 panis
2112 496 2174 552 et
2202 494 2329 552 vini
2360 494 2666 570 speciebus
2700 495 2936 554 velatur
2965 500 3026 554 et

405 584 472 642 in
503 583 676 643 altari
695 583 1060 643 adorandum
1078 584 1449 661 proponitur.
1482 582 1650 641 Sicut
1681 579 1750 647 l).
1784 582 2056 642 Christus
2089 582 2194 641 diu
2225 583 2412 642 vitam
2442 602 2578 642 vere
2596 583 3023 655 absconditam,

409 673 508 731 sed
539 673 716 750 plane
745 673 1005 732 divinam
1038 673 1212 732 duxit
1242 674 1306 731 in
1338 672 1512 732 domo
1541 672 1960 731 nazarethana:
2009 672 2095 730 ita
2140 675 2201 731 et
2247 673 2432 731 vitam
2464 673 2885 745 absconditam,
2934 673 3023 731 di·

409 762 779 821 vinissimam
809 764 1025 831 tamen,
1071 762 1225 821 vivit
1266 762 1329 820 in
1374 761 1486 820 hoc
1530 763 1911 824 sacramento,
1973 760 2141 820 Sicut
2184 776 2250 826 c.
2285 762 2556 821 Christus
2585 765 2781 822 totum
2815 781 2878 821 se
2911 763 3024 821 im-

406 850 616 926 pendit
647 851 978 910 animarum
1008 851 1193 911 saluti
1224 850 1640 910 benefaciendo
1671 850 2072 926 pertransiens
2102 850 2441 910 universam
2475 851 2899 911 Palaestinam:
2942 852 3025 910 ita

403 948 467 998 et
497 941 560 998 in
592 941 699 999 hoc
732 943 1101 1000 sacramento
1131 943 1297 1000 totus
1327 939 1481 999 vivit
1510 939 1848 998 animarum
1879 939 2082 1010 saluti,
2130 939 2348 1011 lumen,
2394 940 2881 1012 benedictionem,
2931 959 3023 999 sa-

407 1030 595 1087 lutem
628 1030 994 1105 impertiens,
1038 1031 1363 1107 gratiarum
1405 1029 1761 1088 charismata
1792 1028 1984 1088 omnis
2016 1028 2250 1105 generis
2284 1029 2544 1089 ubertim
2576 1029 2916 1089 diffundens
2962 1030 3023 1089 in

407 1136 609 1178 omnes
642 1120 947 1177 hominum
979 1118 1233 1178 ordines.
1296 1119 1464 1180 Sicut
1507 1115 1576 1181 d.
1612 1117 1886 1178 Christus
1933 1118 1996 1176 in
2042 1136 2213 1177 cruce
2245 1118 2503 1178 moriens
2537 1118 2885 1178 sacrificium
2920 1120 3022 1178 ob-

404 1207 553 1266 tulit
583 1209 701 1266 Deo
733 1207 897 1267 Patri
942 1209 1290 1267 cruentum:
1339 1207 1425 1267 ita
1473 1210 1536 1267 et
1578 1207 1642 1266 in
1687 1206 1865 1266 altari
1907 1207 2177 1283 quotidie
2222 1208 2472 1267 offertur
2516 1207 2738 1268 oblatio
2784 1208 3022 1280 munda,

403 1297 639 1356 cruenti
685 1297 850 1356 illius
896 1297 1167 1356 sacrificii
1209 1297 1523 1356 incruenta
1552 1296 2047 1356 commemoratio.
2124 1296 2296 1356 Sicut
2344 1312 2406 1360 e.
2455 1299 2591 1373 post
2639 1298 3023 1357 resurrectio-

406 1405 540 1444 nem
573 1386 876 1446 solaturus
910 1404 1050 1445 suos
1083 1387 1320 1463 saepius
1352 1385 1648 1464 apparuit,
1696 1385 1782 1444 ita
1826 1403 1932 1462 per
1961 1386 2380 1445 eucharistiam
2412 1405 2612 1461 pacem
2644 1388 2706 1445 et
2735 1386 3022 1464 gaudium

407 1476 658 1534 afferens
680 1477 802 1534 stat
832 1476 895 1535 in
926 1475 1121 1535 medio
1141 1475 1421 1535 fidelium.
1454 1475 1755 1535 Praeclare
1790 1473 2141 1550 cyrillus
2172 1476 2319 1534 alex.
2338 1475 2376 1533 1.
2404 1485 2478 1538 12
2500 1475 2565 1533 in
2584 1475 2755 1535 Joan.
2779 1485 2879 1545 20,
2908 1484 3019 1539 26:

409 1564 812 1633 ,Justissimis
856 1565 1060 1640 itaque
1109 1565 1181 1624 de
1231 1564 1425 1624 causis
1470 1566 1705 1623 sanctos
1749 1565 2078 1623 conventus
2124 1564 2187 1623 in
2232 1564 2493 1624 ecclesiis
2541 1564 2773 1642 agimus
2818 1569 3024 1624 octava

403 1654 527 1712 die:
575 1658 634 1712 et
667 1672 802 1712 cum
833 1654 1106 1713 arcanius
1136 1653 1419 1730 quiddam
1450 1654 1613 1713 effari
1645 1655 1900 1729 oportet,
1932 1652 2076 1728 quia
2105 1672 2340 1713 omnem
2372 1653 2747 1730 intelligendi
2778 1655 3021 1713 modum

407 1746 666 1818 superat,
713 1743 869 1802 fores
915 1743 1155 1818 quidem
1202 1742 1547 1813 claudimus,
1599 1742 1703 1801 sed
1752 1742 2102 1819 supervenit
2149 1745 2210 1802 et
2258 1748 2501 1819 apparet
2532 1743 2801 1803 Christus
2846 1743 3021 1803 nobis

406 1832 696 1903 omnibus,
737 1831 1126 1891 invisibiliter
1155 1831 1335 1891 simul
1363 1851 1430 1891 ac
1460 1830 1813 1891 visibiliter:
1862 1831 2246 1891 invisibiliter
2276 1831 2517 1908 quidem
2550 1835 2622 1891 ut
2653 1834 2829 1905 Deus,
2875 1833 3019 1892 visi·

406 1921 606 1980 biliter
641 1940 779 1980 vero
814 1921 877 1981 in
909 1939 1163 1998 corpore.
1228 1921 1533 1979 Permittit
1561 1939 1703 1979 vero
1749 1924 1811 1980 et
1857 1920 1960 1979 dat
2004 1923 2269 1979 sanctam
2301 1939 2534 1980 carnem
2569 1939 2738 1981 suam
2768 1925 3018 1999 tangen-

399 2010 556 2068 dam.
631 2010 980 2069 Accedimus
1026 2011 1187 2069 enim
1232 2009 1558 2069 secundum
1603 2009 1710 2069 Dei
1758 2010 2015 2087 gratiam
2063 2009 2136 2068 ad
2185 2010 2700 2087 participationem
2752 2011 3020 2088 eulogiae

405 2099 687 2175 mysticae
720 2100 1013 2158 Christum
1047 2101 1109 2158 in
1142 2118 1379 2158 manum
1415 2100 1825 2175 suscipientes,
1874 2110 1945 2157 ut
1990 2101 2048 2157 et
2087 2117 2195 2159 uos
2226 2098 2479 2158 firmiter
2509 2099 2836 2170 credamus,
2884 2118 3017 2159 eum

404 2189 689 2264 templum
724 2206 900 2247 suum
932 2208 1066 2247 vere
1098 2188 1380 2248 excitasse
1395 2184 1501 2270 ¹).‘

579 2311 716 2370 Alia
745 2312 1161 2372 similitudinis
1194 2313 1392 2388 capita
1422 2317 1689 2372 recenset
1719 2312 2038 2371 Lessius
2072 2313 2134 2370 in
2166 2331 2340 2390 opere
2359 2331 2666 2387 nunquam
2689 2313 2835 2372 satis
2856 2331 3013 2372 com·

404 2400 736 2460 mandando
767 2401 841 2460 de
871 2402 1115 2479 perfect.
1134 2403 1515 2478 moribusque
1535 2401 1753 2461 divinis
1774 2402 1899 2472 XII,
1934 2412 2006 2464 16
2028 2421 2086 2460 n.
2117 2410 2267 2465 129:
2305 2416 2408 2469 »8.
2442 2402 2609 2461 Sicut
2638 2401 2701 2460 in
2733 2401 3017 2478 mysterio

402 2490 827 2549 incarnationis
859 2491 1142 2551 divinitas
1174 2491 1495 2551 invisibilis
1525 2492 1700 2550 unita
1744 2493 1838 2549 est
1882 2491 2238 2549 humanitati
2278 2490 2521 2562 visibili,
2567 2491 2652 2548 ita
2694 2491 2758 2548 in
2802 2491 3014 2549 eucha-

403 2579 576 2638 ristia
606 2597 738 2638 caro
771 2580 990 2639 Christi
1023 2581 1346 2640 invisibilis
1377 2581 1551 2639 unita
1580 2584 1667 2639 est
1701 2579 2012 2657 speciebus
2043 2578 2399 2639 visibilibus.
2465 2575 2537 2644 b.
2586 2580 2755 2638 Sicut
2798 2599 2866 2638 ex
2914 2579 3017 2637 illa

403 2669 624 2729 unione
654 2688 811 2729 unus
841 2669 1101 2730 efficitur
1129 2670 1418 2742 Christus,
1463 2671 1548 2729 ita
1591 2690 1660 2729 ex
1707 2670 1815 2730 hac
1846 2669 2068 2729 unione
2100 2689 2234 2729 cum
2266 2669 2575 2746 speciebus
2605 2689 2794 2729 unum
2826 2687 3015 2729 sacra-

402 2760 670 2818 mentum
699 2759 957 2836 corporis
988 2762 1051 2819 et
1078 2760 1388 2837 sanguinis
1424 2760 1660 2820 Christi.
1721 2773 1787 2823 c.
1823 2760 1988 2819 Sicut
2016 2778 2124 2836 per
2151 2759 2614 2819 incarnationem
2645 2763 2840 2818 totum
2872 2758 3015 2817 Ver-

401 2847 545 2906 bum
582 2847 824 2907 unitum
869 2852 962 2908 est
1007 2849 1265 2927 singulis
1296 2849 1586 2909 humanae
1617 2851 1867 2908 naturae
1895 2848 2190 2926 partibus,
2238 2848 2322 2906 ita
2364 2867 2472 2925 per
2515 2848 3016 2907 consecrationem

400 2939 597 2995 totum
628 2937 847 2997 Christi
880 2957 1095 3013 corpus
1128 2938 1386 3016 singulis
1431 2938 1644 2997 unitur
1689 2937 1962 3014 partibus
2007 2938 2355 3014 specierum.
2420 2934 2487 2999 d.
2540 2937 2705 2997 Sicut
2752 2937 2909 2996 laesa
2956 2943 3017 2995 et

401 3026 663 3101 patiente
693 3026 1062 3086 humanitate
1093 3027 1377 3087 divinitas
1421 3027 1700 3086 manebat
1745 3027 1951 3086 illaesa
1999 3029 2061 3085 et
2109 3025 2508 3103 impassibilis,
2559 3026 2645 3085 ita
2692 3025 3014 3102 passioneS,

397 3133 551 3188 quae
596 3114 751 3174 fiunt
796 3116 948 3175 circa
990 3117 1235 3192 species,
1280 3135 1400 3175 non
1443 3119 1700 3193 possunt
1743 3133 1958 3192 corpus
1990 3116 2211 3175 Christi
2249 3115 2360 3175 sub
2392 3115 2514 3174 illis
2545 3116 2739 3175 latens
2769 3114 3012 3179 afficere.

405 3217 470 3265 e.
503 3203 673 3263 Sicut
701 3207 902 3264 tamen
933 3205 1008 3265 ob
1040 3206 1324 3265 unionem
1353 3205 1520 3264 illam
1541 3206 1697 3264 Deus
1716 3204 2028 3264 dicebatur
2055 3206 2197 3281 pati,
2231 3204 2515 3283 crucifigi,
2549 3205 2718 3276 mori,
2752 3204 3016 3280 patiente

402 3292 801 3352 humanitate:
847 3294 935 3352 ita
979 3293 1054 3354 ob
1099 3295 1249 3354 hanc
1280 3295 1559 3354 unionem
1591 3294 1796 3352 fractis
1840 3297 1901 3353 et
1946 3294 2202 3371 sumptis
2235 3293 2541 3370 speciebus
2572 3293 2795 3352 dicitur
2823 3292 3017 3372 frangi

393 3387 462 3440 et
505 3383 660 3441 sumi
707 3401 919 3459 corpus
964 3383 1198 3443 Christi.
1260 3384 1424 3443 Facit
1468 3383 1628 3441 enim
1674 3382 1814 3442 haec
1857 3383 2002 3442 unio
2034 3382 2333 3458 quandam
2365 3382 2723 3442 idiomatum
2753 3401 3014 3442 commu-

397 3470 654 3530 nionem.
700 3472 794 3532 Sic
826 3472 1006 3532 etiam
1037 3491 1251 3549 corpus
1281 3472 1501 3532 Christi
1534 3471 1755 3531 dicitur
1786 3471 1991 3543 videri,
2023 3472 2210 3550 tangi,
2244 3472 2498 3543 misceri,
2530 3472 2754 3548 portari
2785 3472 3015 3532 ratione

399 3559 760 3635 specierum3
792 3564 854 3619 et
884 3561 994 3621 hoc
1025 3562 1259 3621 visibile
1291 3565 1450 3621 recte
1482 3561 1703 3620 dicitur
1732 3561 1959 3632 vivum,
1994 3560 2358 3638 intelligens,
2392 3561 2763 3620 sanctificans
2783 3561 3013 3620 ratione

395 3649 661 3725 corporis
696 3649 930 3710 inclusi.
994 3646 1047 3715 f.
1094 3651 1261 3710 Sicut
1306 3650 1642 3710 humanitas
1673 3650 1890 3710 Christi
1922 3668 2041 3709 non
2072 3650 2328 3709 habebat
2357 3649 2441 3708 ibi
2473 3669 2648 3709 suum
2680 3649 3012 3708 naturalem

396 3905 456 3954 et
481 3918 663 3972 sapor,
692 3902 872 3957 forma
900 3906 958 3957 et
983 3904 1223 3973 pondua,
1252 3904 1462 3973 quibus
1503 3907 1728 3957 tantum
1769 3902 2102 3972 mysterium
2144 3904 2533 3966 obumbratur,
2560 3901 2672 3954 nisi
2700 3900 2879 3972 panni
2907 3901 3013 3965 illi,

394 3983 610 4050 quibus
651 3982 903 4037 Verbum
946 3983 1136 4037 infans
1176 3983 1236 4036 in
1277 3983 1546 4053 angustia
1587 3984 1875 4054 praesepis
1931 3982 2260 4039 obvolvitur
2275 3994 2326 4035 '3⁸
2406 3982 2487 4035 Cf.
2542 3981 2815 4035 Suarez
2865 3979 3011 4052 disp.

395 4069 468 4117 46
495 4081 537 4118 s.
564 4066 612 4118 Τ.

618 4149 654 4214 ¹)
685 4142 875 4198 Aliam
916 4143 1244 4214 analogiam
1285 4142 1544 4214 suggerit
1581 4144 1918 4198 isidorus
1961 4144 2241 4214 pelusiota
2282 4161 2367 4213 ep.
2411 4145 2451 4206 1.
2502 4149 2630 4199 123:
2684 4141 2867 4206 „Pura
2907 4140 3009 4195 illa

395 4221 619 4286 sindon,
647 4238 793 4291 quae
821 4224 928 4276 sub
955 4223 1282 4277 divinorum
1311 4223 1590 4277 donorum
1618 4224 1935 4278 ministerio
1962 4241 2212 4294 expansa
2231 4227 2333 4287 est,
2354 4222 2589 4293 Josephi
2608 4222 3011 4278 arimathensis

399 4305 486 4355 est
513 4301 915 4358 ministerium.
969 4303 1046 4357 Ut
1071 4304 1223 4358 enim
1253 4304 1349 4360 ille
1377 4303 1609 4358 Domini
1635 4322 1841 4375 corpus
1867 4304 2107 4359 sindone
2147 4304 2475 4359 involutum
2502 4303 2831 4373 sepulturae
2858 4320 3012 4358 man·

393 4381 576 4447 davit,
601 4400 705 4454 per
730 4385 886 4452 quod
908 4383 1240 4438 universum
1262 4385 1591 4439 mortalium
1611 4400 1793 4455 genus
1815 4384 2282 4440 resurrectionem
2311 4383 2594 4455 percepit:
2620 4384 2817 4438 eodem
2846 4384 3009 4439 modo

395 4480 498 4517 nos
524 4463 939 4534 propositionis
965 4480 1171 4533 panem
1199 4465 1260 4520 iu
1287 4464 1525 4517 sindone
1553 4465 1987 4530 sanctificantes,
2031 4463 2243 4519 Christi
2269 4481 2474 4535 corpus
2499 4464 2621 4517 sine
2648 4463 3009 4518 dubitatione

393 4543 727 4614 reperimus.
756 4543 917 4599 illam
945 4543 1108 4598 nobis
1135 4544 1623 4600 immortalitatem
1650 4544 1829 4599 fontis
1854 4545 1915 4598 in
1942 4545 2172 4600 modum
2199 4545 2507 4614 proferens,
2549 4560 2723 4613 quam
2747 4544 3010 4598 Salvator

391 4622 559 4676 Jesus
597 4639 634 4676 a
659 4622 692 4676 J
697 4625 909 4695 osepho
938 4625 1134 4678 funere
1161 4625 1363 4687 elatus,
1392 4626 1764 4694 posteaquam
1791 4641 1825 4677 a
1851 4628 2028 4680 morte
2066 4625 2139 4678 ad
2167 4624 2345 4678 vitam
2374 4623 2561 4687 rediit,
2589 4624 2831 4694 largitus
2872 4626 3005 4681 est.“

394 4701 477 4755 Cf.
519 4702 578 4760 P.
621 4703 772 4757 Rad
793 4706 1044 4759 bertus
1088 4705 1148 4757 in
1193 4704 1398 4761 Matth.
1439 4709 1525 4768 ⁶27,
1572 4710 1667 4764 59;
1710 4708 1779 4757 tr.
1824 4704 1893 4758 de
1938 4721 2169 4774 corpore
2212 4704 2273 4761 D.
2318 4705 2484 4776 (forte
2530 4723 2571 4757 e.
2617 4704 2946 4756 Beruard
2966 4703 3005 4774 i)

395 4781 559 4853 Mig.
595 4790 710 4845 182,
745 4791 892 4840 1150.

2589 4881 2671 4930 19·
