3538 5364
575 280 708 346 234
969 275 1152 328 Tract.
1185 272 1275 327 IX.
1303 273 1371 326 de
1399 272 1781 327 sacrament-is,
1814 272 2011 326 Thesis
2039 272 2194 326 CCX.
2222 271 2355 324 Tria
2383 274 2735 325 sacramenta

571 483 714 533 rem,
747 461 1161 538 corrigendum
1191 464 1394 519 tamen
1426 461 1707 519 admonet
1737 478 1885 518 sana
1915 460 2201 530 doctrina,
2248 478 2367 518 non
2414 460 2630 517 iterum
2674 458 2957 531 similiter
2985 477 3188 517 conse·

571 550 979 629 crandum¹).‘
1029 551 1220 620 Quare
1250 550 1357 608 hae
1389 549 1540 608 duae
1573 550 2039 624 propositiones:
2074 549 2230 607 Haec
2248 552 2611 611 sacramenta
2629 549 2819 624 repeti
2853 552 3187 622 nequeunt;

571 661 713 718 ergo
748 641 1104 717 imprimunt
1132 641 1544 704 characterem,
1586 638 1637 697 si
1669 641 2015 715 spectantur
2045 638 2318 697 absolute
2350 641 2411 696 et
2441 639 2753 707 abstracte,
2787 656 2908 696 non
2938 637 3188 695 itanec·

569 734 802 799 tuntur,
852 733 923 788 ut
968 729 1226 788 secunda
1254 728 1636 805 intelligatur
1665 729 1998 787 necessario
2031 728 2202 802 sequi
2236 746 2304 785 ex
2336 727 2538 803 priori.
2605 728 2689 785 At
2733 726 2785 784 si
2829 729 3190 802 spectantur,

570 824 641 889 ut
672 820 843 879 nobis
877 838 945 877 ex
978 818 1297 877 traditione
1328 818 1730 885 innotescunt,
1780 817 1944 892 prior
1974 816 2296 892 propositio
2327 817 2414 875 ita
2443 816 2748 875 enunciari
2780 816 2987 875 debet:
3034 815 3195 874 Haec

571 912 936 968 sacramenta
977 928 1048 967 ex
1093 926 1201 966 sua
1244 911 1459 966 natura
1488 910 1730 982 propter
1761 906 2164 982 ontologicam
2194 907 2711 975 consecrationem,
2759 925 2938 982 quam
2969 904 3192 980 produ·

570 1002 718 1057 cunt
746 997 1142 1067 indelebilem,
1176 997 1365 1072 repeti
1395 1014 1518 1054 non
1550 997 1815 1071 possunt.
1884 995 2049 1064 Quod
2084 995 2133 1053 si
2166 995 2251 1053 ita
2282 995 2653 1067 enuncietur,
2701 1014 2772 1053 ex
2817 1014 2886 1053 ea
2922 995 3190 1071 legitime

570 1087 856 1147 infertur:
902 1088 1058 1163 Ergo
1105 1086 1461 1161 imprimunt
1492 1085 1917 1155 characterem3
1964 1085 2105 1142 haec
2149 1085 2306 1142 enim
2340 1084 2642 1143 conclusio
2675 1084 2967 1160 implicite
3013 1085 3077 1143 in
3124 1103 3193 1142 ea

570 1177 925 1235 continetur.
993 1176 1072 1234 cf.
1107 1174 1519 1234 Franzelin
1549 1174 1633 1232 th.
1675 1183 1773 1237 12.

749 1301 897 1364 272.
930 1296 992 1365 3.
1026 1294 1292 1359 Patrum
1326 1294 1517 1358 effata
1552 1294 1630 1358 de
1663 1294 2036 1357 charactere
2071 1292 2599 1379 disserentium2),
2632 1294 2797 1357 inter
2829 1311 2992 1375 quos
3024 1295 3190 1357 emi-

571 1409 724 1469 nent
754 1423 803 1466 S.
836 1403 1349 1484 Augustinus
1397 1407 1459 1466 et
1494 1400 1754 1482 Cyrill
1776 1419 1867 1463 us
1916 1399 2233 1476 hierosol,
2268 1400 2350 1463 ad
2386 1400 2707 1481 quaedam
2739 1399 3193 1464 revocabimus

570 1510 800 1591 capita.
863 1509 1110 1573 Docent
1140 1514 1354 1590 patres
1387 1528 1449 1576 a.
1482 1508 1902 1572 sacramentis
1935 1505 2112 1572 hisce
2143 1507 2417 1588 imprimi
2459 1505 2750 1571 fidelibus
2800 1506 3194 1587 sigillum.

570 1616 839 1697 signum,
870 1616 1291 1697 signaculum,
1327 1615 1787 1678 characterem.

746 1746 839 1802 Ita
882 1743 1336 1803 Ambrosius
1382 1743 1455 1801 de
1490 1744 1639 1819 Spir.
1674 1763 1718 1803 s,
1751 1746 1790 1805 1.
1836 1756 1857 1807 1
1912 1764 1955 1807 c.
1993 1756 2060 1808 6:
2116 1745 2390 1820 ,Signati
2441 1744 2631 1821 igitur
2662 1744 2889 1819 Spiritu
2921 1750 3127 1804 sancto
3159 1766 3197 1804 a

569 1835 688 1891 Deo
735 1852 957 1892 sumus.
1023 1833 1190 1892 Sicut
1235 1833 1395 1891 enim
1429 1833 1661 1893 Christo
1692 1835 1997 1900 morimur,
2046 1838 2119 1891 ut
2163 1851 2556 1903 renascamur,
2607 1834 2690 1891 ita
2736 1833 2915 1892 etiam
2960 1835 3197 1910 Spiritu

569 1925 770 1981 sancto
809 1922 1132 1999 signamur,
1180 1926 1252 1980 ut
1296 1923 1667 1997 splendorem
1714 1926 1894 1999 atque
1927 1923 2242 2000 imaginem
2277 1924 2407 1997 ejus
2440 1926 2500 1981 et
2530 1924 2791 1997 gratiam
2817 1926 3019 1982 tenere
3050 1942 3195 2000 pos-

569 2012 772 2081 simus,
805 2012 964 2086 quod
999 2014 1092 2069 est
1122 2012 1335 2085 utique
1356 2012 1627 2087 spiritale
1648 2012 2042 2089 signaculum.
2090 2013 2241 2070 Nam
2274 2012 2388 2069 etsi
2411 2013 2605 2086 specie
2628 2012 2937 2088 signamur
2966 2012 3031 2071 in
3062 2032 3196 2073 cor-

568 2119 726 2175 pore,
759 2101 1011 2159 veritate
1040 2103 1237 2159 tamen
1269 2101 1331 2159 in
1365 2101 1537 2160 corde
1570 2101 1895 2178 signamur,
1929 2106 2000 2160 ut
2032 2102 2292 2176 Spiritus
2325 2104 2563 2160 sanctus
2595 2106 2890 2178 exprimat
2919 2102 2981 2160 in
3013 2103 3194 2161 nobis

568 2189 848 2267 imaginis
881 2190 1152 2248 coelestis
1187 2190 1505 2267 effigiem.‘

748 2311 814 2378 b.
848 2307 1111 2390 Signum
1141 2310 1291 2374 illud
1325 2310 1564 2375 diserte
1597 2311 1990 2391 distinguunt
2035 2317 2171 2374 tum
2217 2327 2258 2373 a
2302 2311 2427 2374 ritu
2478 2318 2744 2376 externo
2797 2313 3195 2377 sacramenti

567 2423 703 2480 tum
737 2435 777 2479 a
808 2416 1014 2497 gratia
1044 2418 1484 2481 sanctificante
1517 2426 1926 2482 sacramento
1947 2418 2184 2493 infusa3
2220 2418 2393 2500 quod
2417 2419 2605 2482 toties
2626 2418 2999 2499 significant,
3022 2438 3187 2501 qno-

566 2523 684 2588 ties
718 2522 1038 2588 affirmant
1071 2531 1480 2589 sacramenta
1511 2523 1674 2588 haec
1705 2542 1971 2590 manere
2004 2526 2196 2589 etiam
2229 2525 2293 2588 in
2327 2525 2638 2606 pessimis

740 2637 835 2713 Ita
865 2655 1362 2732 Augustinus
1397 2674 1568 2713 serm.
1605 2664 1638 2719 8
1677 2651 1954 2735 (Migne
1986 2659 2029 2718 t.
2067 2652 2175 2736 46)
2209 2674 2265 2715 n.
2303 2664 2372 2718 2:
2409 2657 2795 2732 ,Baptizatus
2827 2657 2888 2715 in
2925 2656 3186 2716 Ecclesia

565 2745 614 2820 si
647 2744 832 2802 suerit
861 2744 1125 2803 desertor
1155 2745 1470 2814 Ecclesiae,
1513 2745 1827 2803 sanctitate
1861 2746 2014 2803 vitae
2048 2746 2289 2816 carebit,
2338 2747 2690 2805 sacramenti
2724 2746 3031 2824 signaculo
3062 2766 3187 2806 non

786 2973 820 3038 ¹)
850 2973 901 3024 S.
932 2971 1186 3038 Augus
1205 2967 1316 3022 tin
1336 2987 1371 3022 u
1390 2987 1414 3021 s
1442 2986 1530 3038 ep.
1559 2976 1628 3026 98
1659 2988 1711 3022 n.
1742 2979 1789 3023 5.
1844 2970 1927 3023 Cf.
1960 2987 2114 3025 conc.
2144 2970 2276 3026 trid.
2305 2987 2434 3024 sess.
2464 2973 2496 3026 7
2522 2987 2644 3025 can.
2674 2978 2707 3027 9
2734 2975 2810 3040 (n.
2833 2975 2987 3038 270);
3015 2972 3115 3024 Th
3134 2979 3191 3024 0.

561 3069 617 3102 m
636 3066 669 3101 a
686 3067 710 3101 s
738 3057 771 3104 3
798 3067 852 3117 p.
882 3067 933 3116 q.
963 3056 1031 3104 66
1057 3065 1106 3100 a.
1135 3055 1198 3107 9;
1230 3049 1268 3100 Β
1287 3067 1318 3102 o
1338 3068 1373 3102 n
1394 3066 1428 3102 a
1447 3066 1480 3102 v
1496 3066 1525 3102 e
1545 3052 1673 3102 utu
1690 3068 1717 3102 r
1733 3067 1764 3102 a
1796 3049 2081 3118 Breviloq.
2104 3069 2159 3119 p.
2182 3058 2214 3104 (3
2235 3057 2261 3116 §
2283 3057 2331 3106 6.
2354 3083 2420 3092 -·-
2444 3049 2706 3104 Ceterum
2730 3049 2821 3103 vel
2844 3050 3190 3104 cordatiores

563 3132 960 3198 protestantcS,
990 3128 1092 3196 qui
1119 3128 1179 3181 in
1207 3129 1495 3198 plerisque
1523 3130 1821 3184 ‹loct-rinae
1849 3129 2138 3200 capitibus
2179 3130 2493 3201 plurimum
2523 3130 2801 3193 recedunt
2825 3132 2898 3183 ab
2925 3131 3191 3185 extremis

564 3213 641 3276 (et
666 3207 801 3261 hinc
828 3225 993 3278 saepe
1019 3209 1301 3279 absurdis)
1329 3210 1715 3280 opinionibus,
1743 3210 1801 3264 in
1832 3229 1976 3279 quas
1997 3228 2266 3281 praeceps
2289 3211 2541 3263 novandi
2560 3211 2819 3282 pruritus
2844 3211 3041 3281 adegit
3060 3228 3191 3264 auc-

565 3295 713 3355 tores
740 3289 1163 3343 reformationis
1190 3305 1294 3343 sec.
1322 3289 1488 3352 XVI„
1508 3291 1628 3360 jam
1657 3289 1939 3343 accedunt
1977 3292 2108 3359 plus
2148 3291 2340 3343 minus
2379 3291 2451 3343 ad
2479 3291 2799 3346 doctrinam
2829 3290 3189 3345 catholicam.

567 3371 648 3422 lta
692 3368 1134 3423 Leibnitins
1175 3374 1399 3438 system.
1441 3370 1612 3423 theol.
1642 3390 1697 3441 p.
1726 3377 1833 3426 204
1857 3371 1944 3425 ed.
1987 3373 2247 3440 mogunt.
2288 3387 2339 3424 a.
2373 3377 2507 3426 1825
2553 3373 2611 3424 et
2653 3371 3191 3425 Matheinecke

565 3449 790 3503 Christl.
810 3449 1108 3516 Symbolik
1125 3450 1261 3504 oder
1274 3449 1879 3505 historisch-kritische
1897 3451 2015 3504 und
2033 3451 2803 3521 dogmatisch-comparative
2819 3452 3196 3523 Darstellung

563 3530 660 3582 des
679 3529 1093 3586 katholischen,
1112 3531 1519 3594 lutherischen‚
1542 3531 1905 3585 reformirten
1928 3532 2042 3584 und
2069 3531 2523 3585 socinianischeu
2546 3531 2962 3602 Lehrbegriffes
2979 3550 3034 3600 p.
3058 3539 3079 3585 l
3102 3532 3139 3589 l.
3161 3539 3195 3586 3

563 3611 663 3663 das
682 3610 900 3678 System
932 3609 1029 3663 (les
1047 3609 1492 3665 Katholicismus
1508 3627 1538 3664 c
1573 3620 1622 3674 4,
1641 3610 1738 3678 qui
1761 3610 1845 3663 ita
1861 3610 2059 3664 scribit
2078 3633 2088 3663 ;
2119 3611 2388 3673 „Keinem
2406 3611 2775 3682 Ausspruche
2790 3611 2889 3664 des
2906 3610 3194 3665 Christen-

563 3692 787 3745 thumes
813 3690 1081 3752 zuwider,
1109 3691 1385 3744 vielmehr
1412 3692 1538 3744 dem
1569 3691 1759 3746 Geiste
1788 3691 2084 3745 desselben
2124 3709 2269 3762 ganz
2309 3709 2676 3762 angemessen
2716 3692 2793 3745 ist
2830 3691 2958 3746 eine
2998 3692 3193 3746 solche

563 3770 758 3835 Lehrc,
785 3771 995 3825 welche
1024 3770 1205 3824 dieses
1230 3770 1314 3824 als
1340 3771 1451 3825 den
1479 3772 1869 3842 Hauptgrund
1897 3773 2183 3834 anffihrte,
2212 3789 2523 3843 weswegen
2546 3772 2745 3835 Taufe,
2774 3771 3188 3827 Confirmation

562 3850 682 3902 und
709 3850 846 3905 ordi
873 3851 1049 3906 ⁴‚ation
1077 3851 1240 3904 nicht
1267 3851 1602 3906 wieder-holt
1643 3852 1868 3906 werden
1912 3853 2160 3916 konnen,
2207 3852 2332 3906 weil
2372 3853 2453 3906 sie
2498 3852 2710 3906 einmal
2741 3852 2833 3905 fiir
2858 3852 3057 3905 immer
3083 3856 3198 3907 auf

562 3931 688 3984 eine
713 3932 920 3985 hochst
946 3931 1208 4001 religiose
1237 3931 1424 3985 Weise
1453 3933 1675 3987 weihen
1697 3956 1707 3987 :
1738 3934 1950 3986 welche
1972 3933 2265 4003 Weihung
2286 3935 2384 3987 der
2405 3934 2560 3987 Seele
2588 3932 2715 3987 eine
2732 3933 3020 3988 durchaus
3040 3950 3193 3988 neue

565 4013 913 4082 Verfassnng
933 4012 1228 4074 mittheilt,
1259 4012 1470 4066 welche
1499 4013 1593 4066 nie
1621 4013 1833 4067 wieder
1860 4014 2293 4078 verschwindet,
2321 4014 2533 4067 welche
2562 4014 2686 4068 dem
2712 4014 2832 4067 also
2855 4012 3193 4068 Geweihten

561 4092 623 4146 in
649 4092 814 4147 ihren
832 4091 1045 4160 Folgen
1063 4092 1413 4161 nuchhangt,
1443 4092 1571 4146 weil
1597 4094 1676 4146 sie
1703 4095 1811 4145 auf
1832 4093 1961 4147 dem
1980 4093 2179 4147 Grnnd
2197 4093 2380 4147 seines
2396 4093 2627 4146 tiefsten
2645 4092 2952 4163 religiosen
2970 4093 3193 4147 Lebens

561 4173 701 4226 ruht
724 4172 839 4224 und
862 4170 920 4223 in
948 4171 1049 4224 das
1076 4171 1308 4242 Princip
1335 4172 1517 4226 seines
1538 4172 1822 4242 geistigen
1846 4173 2082 4226 Daseins
2103 4173 2279 4226 selbst
2300 4175 2757 4244 iibergegangen,
2779 4172 3090 4244 gleichsam
3111 4189 3191 4244 an

561 4252 742 4305 dieses
770 4252 1034 4321 gehettet
1060 4250 1183 4305 ist-⁴⁴

785 4336 826 4403 ²)
854 4332 938 4387 cf.
965 4331 1153 4385 Gerb
1171 4350 1199 4386 e
1216 4350 1244 4385 r
1261 4337 1286 4386 t
1311 4333 1379 4387 de
1406 4336 1616 4389 selectu
1645 4333 1966 4404 theologico
2003 4335 2151 4388 circa
2178 4335 2412 4389 effectus
2440 4336 2921 4388 sacramentorum
2955 4351 2999 4387 c.
3025 4343 3060 4390 8
3086 4352 3156 4388 ss.
3179 4357 3191 4394 ;

563 4415 603 4466 L
621 4430 652 4466 o
671 4414 788 4466 rin
806 4431 831 4465 s
847 4429 875 4465 e
892 4431 918 4466 ι·
964 4412 1036 4467 de
1063 4413 1462 4468 sacramentali
1489 4415 1813 4468 charactere
1841 4416 2243 4469 commentatio
2264 4436 2275 4474 ;
2327 4414 2372 4468 Τ
2386 4432 2414 4467 r
2431 4431 2463 4467 o
2481 4433 2532 4467 m
2555 4416 2590 4467 b
2605 4413 2746 4469 elli
2784 4414 2854 4467 de
2904 4414 3189 4485 baptismo

561 4498 600 4547 t..
625 4502 660 4548 5
687 4492 820 4548 diss.
853 4502 915 4549 15
942 4515 979 4565 p
1026 4501 1059 4550 3
1085 4512 1137 4562 q.
1167 4501 1200 4550 3
1226 4512 1271 4548 c.
1304 4503 1362 4555 1;
1389 4498 1449 4547 et
1473 4494 1542 4548 de
1570 4494 1999 4550 confirmatione
2027 4499 2066 4548 t.
2096 4503 2116 4549 1
2147 4495 2280 4549 diss.
2314 4505 2347 4551 4
2374 4513 2416 4551 s.
2442 4500 2474 4547 2
2503 4514 2548 4548 c.
2589 4505 2606 4551 1
2631 4516 2643 4554 ς
2669 4495 3043 4550 Stanonik
3072 4494 3187 4553 ΚΒ.

563 4576 656 4638 111,
683 4576 909 4638 65—71,
951 4574 1053 4642 qui
1101 4575 1261 4631 valde
1309 4576 1449 4629 benc
1495 4575 1565 4628 de
1593 4575 1917 4629 charactere
1944 4576 2219 4646 disputat.
2270 4575 2352 4628 Ex
2395 4574 2486 4629 his
2524 4579 2718 4629 autem
2745 4576 2986 4647 patebit,
3012 4593 3189 4644 quam

561 4654 763 4708 inscite
791 4657 1171 4725 protestantes
1211 4655 1576 4716 contendant,
1617 4656 1642 4707 I
1658 4676 1694 4710 n
1713 4674 1750 4708 n
1767 4673 1798 4709 ο
1816 4672 1845 4709 c
1861 4672 1890 4709 e
1908 4675 1945 4709 n
1963 4659 1987 4709 t
2002 4654 2059 4709 ii
2102 4657 2194 4709 ΙΙΙ.
2239 4657 2583 4710 anctoritate
2611 4657 2931 4711 doctrinam
2961 4657 3028 4710 de
3056 4657 3189 4711 cha·

559 4735 775 4788 ractere
801 4733 1052 4802 primum
1080 4733 1254 4788 fuisse
1284 4733 1341 4787 in
1371 4733 1682 4788 Ecclesiam
1711 4733 2121 4812 introductam.
