3538 5364
543 345 676 415 650
725 305 730 309 ⁸
1337 340 1526 394 Tract.
1553 340 1619 394 X.
1646 338 1716 393 de
1743 338 1861 393 Deo
1887 340 2358 394 consummatore.

541 529 864 586 venturum
909 522 1143 597 timent,
1189 525 1296 601 qui
1341 529 1568 585 ceteros
1600 524 1817 584 Christi
1848 525 2048 583 hostes
2080 523 2388 600 impietate
2420 523 2620 582 vincet
2664 526 2728 582 et
2773 543 2912 600 prae
2956 526 3179 585 ceteris

544 614 761 674 Christi
793 614 1168 674 adversarius
1183 615 1464 674 exsistet.
1513 614 1682 673 Sicut
1711 616 1913 673 autem
1943 626 2149 672 omnes
2179 612 2383 674 fideles
2414 612 2647 672 Christo
2680 612 3071 673 adhaerentes
3102 616 3175 673 in:

541 723 729 763 unum
763 703 1098 767 coalescunt
1128 721 1360 780 corpus,
1393 703 1555 780 quod
1586 706 1680 762 est
1708 702 1985 773 Ecclesia,
2030 720 2185 778 quae
2214 720 2338 760 uno
2368 719 2508 761 cum
2537 719 2647 761 suo
2677 702 2870 779 capite
2901 703 3174 779 quaudo·

542 812 659 869 que
705 792 926 851 dicitur
955 793 1227 852 Christus
1260 787 1357 875 (cf.
1389 796 1433 852 t.
1465 793 1495 851 Ι
1524 811 1583 853 n.
1620 785 1824 868 2095),
1874 792 1962 850 ita
2010 806 2214 850 omues
2253 790 2474 850 Christi
2517 791 2838 850 adversarii
2884 810 3019 851 cum
3061 792 3179 853 illo

544 882 861 958 praecipuo
893 881 957 939 in
987 900 1179 941 unum
1210 882 1552 941 coalescunt
1582 899 1817 958 corpus,
1865 881 1961 939 cui
2005 883 2320 958 propterea
2358 880 2701 949 antichristi
2731 899 2947 940 nomen
2977 881 3179 940 tribui.

541 974 759 1048 potest.
794 971 1145 1041 ,Nonnulli,
1179 970 1381 1045 inquit
1410 970 1913 1047 Augustinus
1943 969 2016 1029 de
2047 969 2157 1032 civ.
2191 968 2297 1028 Dei
2325 968 2447 1041 XX,
2488 979 2586 1040 19,
2617 988 2738 1028 non
2769 970 2970 1046 ipsum
3001 970 3183 1048 prin-

543 1060 749 1136 cipem,
796 1061 895 1119 sed
940 1060 1288 1119 universum
1319 1059 1753 1135 quodammodo
1786 1076 1998 1134 corpus
2030 1059 2160 1134 ejus
2201 1057 2238 1119 i.
2270 1078 2319 1118 e.
2352 1058 2425 1117 ad
2458 1077 2595 1118 eum
2623 1059 3028 1135 pertinentem
3061 1060 3171 1119 ho-

540 1151 770 1209 miuum
802 1148 1252 1208 multitudinem
1286 1149 1466 1207 simul
1497 1167 1634 1207 cum
1665 1149 1798 1225 ipso
1841 1166 1949 1208 suo
1989 1147 2259 1224 principe
2290 1147 2346 1207 h.
2379 1147 2418 1209 l.
2452 1143 2540 1231 (2.
2572 1147 2768 1210 Thess.
2807 1144 2872 1230 2)
2906 1149 3181 1227 intelligi-

541 1238 966 1298 autichristum
997 1238 1273 1298 volunt.‘
1337 1237 1376 1296 J
1380 1257 1474 1296 am
1518 1256 1660 1297 vero
1706 1236 1780 1296 de
1824 1237 2171 1296 antichristo
2204 1238 2350 1296 sunt
2377 1236 2664 1296 tenenda:
2717 1235 2777 1301 l.
2822 1257 2961 1297 eum
3007 1244 3172 1297 certo

541 1346 672 1387 esse
704 1330 1059 1398 venturum3
1092 1323 1158 1389 2.
1192 1344 1315 1385 uon
1346 1344 1476 1385 esse
1508 1329 1747 1386 tantum
1765 1345 2081 1402 personam
2097 1326 2398 1398 moralem,
2432 1325 2673 1385 turbam
2695 1326 3179 1387 adversariorum

544 1417 778 1486 Christi,
827 1434 1020 1491 neque
1066 1416 1176 1474 hoc
1207 1416 1446 1475 nomine
1479 1417 1672 1476 solum
1706 1414 2010 1493 designari
2042 1411 2175 1497 (per
2204 1410 2723 1497 prosopopoeiam)
2756 1415 3041 1491 spiritum
3075 1416 3177 1476 vel

543 1506 877 1565 doctrinam
910 1505 1265 1564 contrariam
1297 1504 1600 1564 doctrinae
1632 1504 1883 1576 Christi;
1931 1503 2035 1563 sed
2066 1503 2307 1563 omnino
2339 1524 2537 1563 veram
2567 1522 2976 1580 personam
3008 1523 3181 1564 eam·

546 1612 663 1670 que
695 1594 1211 1671 singularem,
1260 1593 1421 1670 quod
1452 1594 1781 1654 secundum
1813 1593 2095 1653 Suarez
2126 1593 2192 1652 in
2228 1603 2282 1656 3.
2315 1612 2369 1669 p.
2403 1595 2446 1652 t.
2483 1602 2517 1655 2
2553 1592 2608 1653 d.
2647 1603 2726 1656 54
2763 1611 2808 1657 s.
2849 1606 2870 1656 l
2916 1596 3011 1652 est
3041 1612 3169 1653 cer-

542 1683 845 1741 tissimum
890 1685 952 1741 et
996 1682 1068 1743 de
1113 1683 1246 1754 fide,
1293 1685 1355 1742 et
1400 1684 1554 1743 clare
1587 1682 1894 1760 colligitur
1924 1701 1996 1741 ex
2031 1692 2085 1744 2.
2119 1683 2321 1741 Thess.
2359 1690 2414 1752 2,
2450 1691 2507 1753 3,
2544 1681 2651 1740 ubi
2683 1686 2805 1742 tam
2836 1683 3181 1759 emphatice

544 1771 767 1831 dicitur
797 1766 830 1834 6
863 1769 1190 1849 ἄνθρωπος
1223 1783 1334 1858 τῆς
1363 1769 1684 1858 ἁμαρτίας,
1719 1767 1752 1835 6
1786 1766 1914 1843 υἱὸς
1945 1769 2267 1844 ἀπωλείας,
2301 1766 2333 1833 6
2368 1767 2598 1857 ἄνομος
2629 1773 2757 1841 etc„
2804 1775 2867 1831 et
2912 1791 2982 1831 ex
3027 1790 3169 1832 con·

542 1861 726 1921 stanti
743 1865 980 1937 patrum
1000 1880 1314 1938 consensu,
1347 1862 1453 1938 qui
1472 1862 1664 1920 multa
1683 1862 1908 1920 habent
1938 1860 2010 1919 de
2042 1861 2172 1937 ejus
2204 1860 2343 1918 fatis
2376 1864 2486 1919 etc.
2533 1860 2686 1920 Eum
2720 1856 2785 1924 3.
2820 1861 2967 1920 atris
2999 1880 3175 1937 pror-

543 1968 643 2009 sus
676 1950 971 2009 coloribus
1005 1950 1343 2028 depingunt
1373 1953 1578 2026 patres
1609 1954 1932 2027 praeeunte
1964 1950 2149 2008 Paulo
2180 1949 2218 2012 l.
2254 1967 2337 2021 c.;
2383 1950 2625 2009 omnino
2669 1968 2808 2009 vero
2853 1946 2919 2013 4.
2955 1954 3171 2010 tenen-

543 2039 685 2098 dum
730 2043 840 2110 est,
885 2058 1021 2099 eum
1068 2039 1190 2098 fore
1234 2040 1643 2111 hominem,
1688 2057 1809 2098 uon
1855 2040 2050 2115 ipsum
2086 2038 2430 2097 daemonem
2476 2039 2734 2098 humana
2765 2039 2957 2115 specie
2990 2058 3182 2116 appa-

541 2132 774 2188 rentem
802 2129 896 2188 vel
930 2128 1332 2199 incarnatum3
1363 2148 1499 2188 eum
1511 2148 1621 2204 ‘lue
1652 2128 1917 2188 naturali
1947 2126 2192 2204 quidem
2223 2128 2453 2186 ratione
2482 2129 2774 2205 genitum,
2806 2128 2911 2186 sed
2943 2129 3167 2188 verosi-

542 2217 770 2276 militer
799 2236 869 2276 ex
902 2218 1115 2294 copula
1146 2217 1373 2289 illicita,
1407 2219 1648 2277 natione
1671 2217 1981 2294 judaeum,
2032 2236 2103 2276 ex
2153 2219 2282 2276 toto
2315 2216 2533 2275 Christi
2582 2217 3006 2287 adversarium,
3060 2218 3171 2293 qui

544 2324 607 2366 se
637 2325 745 2383 pro
778 2306 997 2365 Messia
1019 2307 1235 2382 jactet:
1283 2307 1422 2365 hinc
1452 2306 1753 2365 Christum
1787 2307 1854 2365 in
1885 2306 2160 2382 pluribus
2193 2305 2276 2365 sit
2306 2307 2736 2369 aemulaturus.
2802 2305 2973 2365 Sicut
3008 2307 3179 2366 enim

543 2396 813 2455 Christus
845 2391 912 2457 ὅ.
946 2394 1160 2454 habuit
1189 2413 1327 2454 suos
1358 2398 1553 2473 typos,
1587 2413 2022 2472 praecursores,
2057 2395 2358 2470 apostolos
2386 2394 2811 2470 miraculisque
2843 2395 3172 2455 adventum

544 2503 720 2544 suum
754 2484 1150 2544 confirmavit:
1198 2484 1285 2542 ita
1329 2488 1391 2543 et
1434 2484 1829 2544 autichristus
1861 2483 2042 2543 habet
2072 2501 2213 2542 suos
2257 2501 2687 2560 praecursores,
2735 2484 2842 2560 qui
2887 2485 3170 2563 typorum

542 2574 734 2632 instar
764 2593 898 2632 eum
931 2572 1289 2631 adumbrant
1319 2575 1380 2632 et
1411 2574 1798 2648 portendunt,
1832 2573 2012 2631 habet
2041 2573 2294 2631 asseclas
2326 2576 2388 2632 et
2418 2572 2743 2650 discipulos
2774 2574 3029 2649 ejusque
3060 2575 3165 2633 ad-

543 2670 740 2723 ventus
770 2670 851 2722 est
880 2663 1195 2721 secundum
1227 2665 1613 2736 operationem
1644 2670 1890 2724 satanae
1920 2664 1983 2721 in
2014 2663 2172 2721 omni
2214 2664 2420 2721 virtute
2463 2669 2514 2722 et
2561 2664 2745 2743 siquis
2787 2670 2840 2721 et
2874 2663 3180 2742 prodiqiis

543 2754 833 2812 mendacii
862 2759 913 2810 et
943 2754 1008 2810 in
1039 2754 1197 2810 omni
1226 2753 1548 2811 seductione
1592 2762 1646 2814 2.
1679 2752 1881 2811 Thess.
1918 2760 1972 2823 2,
2012 2761 2066 2816 8.
2132 2753 2347 2828 Magna
2389 2749 2457 2815 6.
2505 2753 2811 2812 alacritate
2856 2771 2892 2810 a
2927 2753 3175 2828 judaeis

543 2842 607 2900 in
652 2841 862 2917 primis
896 2842 1244 2917 excipietur,
1294 2841 1453 2916 quod
1485 2841 1787 2900 innumeri
1821 2843 2034 2900 docent
2065 2844 2265 2917 patres
2296 2840 2487 2899 innixi
2518 2841 2715 2901 verbis
2747 2841 2966 2901 Christi
2997 2841 3039 2901 J
3040 2861 3175 2901 oan.

550 2941 606 2998 5,
644 2939 759 2993 43:
806 2931 932 3008 Eyo
977 2933 1103 2989 veni
1132 2931 1197 2989 in
1228 2932 1455 2989 nomine
1485 2931 1687 2989 Patris
1717 2933 1848 3005 mei,
1881 2937 1933 2988 et
1963 2948 2078 2989 non
2111 2932 2376 3005 accipitis
2405 2949 2528 2989 me.-
2571 2932 2626 2989 si
2669 2928 2825 2990 alius
2853 2934 3075 2990 tenerit
3103 2934 3179 2990 in·

543 3022 770 3078 nomine
799 3038 925 3094 suo,
956 3021 1123 3078 illum
1153 3021 1460 3093 accipietis,
1528 3019 1609 3081 Cf.
1641 3018 2049 3078 Malvenda
2078 3022 2142 3077 et
2171 3018 2491 3078 Lessius
2523 3019 2588 3078 in
2618 3020 2744 3079 suis
2779 3038 2872 3096 op.
2903 3019 2979 3078 de
3010 3021 3173 3079 anti-—

544 3109 796 3178 christo;
844 3111 1225 3184 Stentrup
1270 3107 1356 3168 th.
1398 3118 1516 3172 152
1552 3127 1655 3177 ss.;
1703 3109 2136 3185 Atzberger
2178 3108 2398 3183 passim
2445 3108 2509 3167 in
2554 3108 2758 3172 Gesch.
2792 3109 2897 3167 der
2926 3109 3175 3170 christl..

543 3197 973 3274 Eschatologie.

723 3321 869 3384 696.
903 3315 1291 3380 Accuratius
1331 3316 1468 3397 jam
1513 3317 1589 3380 de
1619 3319 2068 3383 resurrectione
2098 3325 2487 3381 mortuorum
2538 3318 2656 3383 erit
2688 3316 3183 3399 disputandum,

543 3440 693 3486 cum
725 3440 806 3487 ea
836 3422 919 3486 sit
951 3421 1433 3489 fundamentale
1463 3423 1785 3504 religionis
1818 3417 2208 3489 christianae
2240 3423 2508 3506 dogma:
2567 3424 3183 3499 ,Resurrectionem

415 3557 424 3564 ·
545 3528 718 3593 enim
769 3528 965 3606 aufer,
1017 3530 1225 3613 inquit
1273 3551 1322 3595 s.
1372 3530 1888 3611 Augustinus
1932 3531 1999 3594 in
2029 3529 2129 3595 Ps.
2166 3536 2290 3600 101
2327 3551 2375 3594 s,
2410 3537 2451 3600 2
2482 3551 2542 3594 n.
2580 3536 2636 3609 7,
2669 3529 2838 3594 illico
2872 3530 3183 3595 christia-

549 3635 830 3700 nismum
862 3643 1170 3701 evertes«
1209 3637 1287 3703 Et
1317 3655 1494 3714 sane,
1540 3644 1610 3701 ut
1653 3644 2141 3718 argumentatur
2171 3636 2445 3702 Paulus:
2509 3640 2581 3704 Si
2609 3638 2980 3702 resurrectio
3015 3657 3178 3702 mor·

543 3750 799 3807 tuorum
831 3763 955 3808 non
989 3751 1097 3826 est,
1142 3764 1336 3829 neque
1378 3743 1661 3808 Christus
1703 3746 2063 3809 resurrexit.
2130 3741 2201 3808 Sa·
2232 3751 2439 3809 autem
2476 3743 2758 3808 Christus
2802 3764 2928 3808 non
2959 3764 3185 3808 resur-

543 3850 727 3932 rexit,
771 3850 989 3912 inanis
1033 3856 1122 3913 est
1166 3870 1312 3934 erqo
1350 3851 1748 3935 praedicatio
1795 3849 2033 3926 nostra,
2077 3852 2294 3915 inanis
2338 3860 2425 3915 est
2466 3851 2623 3934 fides
2670 3857 2877 3914 vestra
2910 3851 2995 3936 (1.
3028 3849 3173 3916 Cor.

549 3960 647 4033 15,
683 3958 810 4043 13).
876 3953 1054 4021 Sicut
1084 3963 1302 4022 autem
1334 3964 1499 4024 teste
1544 3958 2068 4023 Tertulliano
2114 3958 2195 4024 de
2239 3977 2440 4024 resur.
2487 3959 2700 4023 carnis
2733 3976 2786 4021 c.
2821 3961 2857 4025 1
2902 3956 3186 4031 ,fiducia

543 4060 1042 4134 christianorum
1075 4068 1172 4126 est
1201 4063 1588 4127 resurrectio
1609 4070 2066 4140 mortuorum<
2106 4064 2198 4128 ita
2235 4064 2397 4145 lapis
2432 4050 2687 4146 semper
2718 4063 2834 4129 fuit
2865 4063 3182 4130 offensio-

542 4167 643 4230 nis
673 4167 1019 4232 haereticis
1049 4167 1405 4249 primorum
1435 4169 1821 4251 praesertim
1853 4168 2234 4240 seculorum.
2304 4169 2507 4246 ,Nam
2552 4170 2619 4233 in
2662 4168 2839 4234 nulla
2869 4188 2957 4247 re,
3004 4177 3187 4236 teste

542 4273 1012 4354 Augustino
1040 4274 1109 4338 in
1139 4274 1240 4339 Ps.
1276 4281 1359 4346 88
1394 4295 1441 4340 s.
1477 4281 1517 4346 2
1550 4297 1610 4341 n.
1643 4279 1702 4353 5,
1751 4283 1886 4341 tam
1923 4277 2357 4355 vehementer,
2403 4285 2538 4341 tam
2567 4277 2999 4359 pertinaciter,
3032 4283 3181 4344 tam

543 4378 779 4445 obnixe
826 4388 892 4445 et
936 4382 1199 4463 copiose
1248 4384 1711 4449 contradicitur
1754 4384 1903 4450 fidei
1934 4385 2343 4460 christianae,
2387 4385 2554 4450 sicut
2597 4384 2679 4450 de
2710 4383 2925 4448 carnis
2954 4402 3190 4449 resur·

543 4485 887 4552 rectiones
957 4487 1174 4566 Quare
1219 4488 1310 4552 nil
1342 4490 1592 4568 mirum,
1643 4485 1792 4555 eam
1824 4491 1891 4554 in
1923 4491 2222 4555 omnibus
2252 4491 2561 4573 symbolis
2594 4489 2985 4556 credendam
3017 4509 3184 4572 pro-

542 4591 698 4673 poni
730 4599 796 4657 et
825 4591 965 4659 fuse
996 4594 1080 4658 ab
1132 4596 1488 4677 apologetis
1533 4595 1868 4662 vindicari.
1930 4597 2096 4687 Quid
2145 4603 2379 4688 autem·
2410 4596 2491 4662 de
2536 4615 2617 4662 ea
2647 4597 2730 4661 sit
2759 4594 3183 4675 credendum,

542 4698 767 4780 paucis
811 4701 1126 4780 expressit
1175 4700 1756 4778 Tertullianus
1801 4704 1838 4767 l.
1871 4721 1923 4772 c.
1956 4721 2008 4767 c.
2043 4709 2159 4775 63:
2230 4704 2586 4784 ,Resurget
2628 4703 2821 4785 igitur
2865 4720 3061 4768 caro
3107 4709 3191 4769 et.

537 4803 802 4886 quidem
837 4806 1098 4869 omnis
1132 4812 1196 4870 et
1226 4806 1698 4890 quidemipsa
1729 4815 1796 4875 et
1829 4809 2515 4893 quidemintegra.‹
2962 4805 2967 4810 ’
