3538 5364
1160 291 1280 346 Soli
1303 291 1559 363 episcopi
1585 291 1855 347 ordinare
1882 297 2139 363 possunt.
2814 305 2947 369 533

324 473 586 538 dentiae
618 472 1146 555 presbyterorum
1192 472 1273 536 ab
1323 474 1624 556 episcopo
1671 474 1736 537 in
1785 480 2346 539 sacramentorum
2393 475 2949 541 administratione

330 581 600 661 vestigia
648 587 990 662 supersunt
1040 581 1104 643 in
1154 581 1339 661 praxi
1388 582 1744 661 praesentis
1792 599 2050 663 quoque
2081 580 2420 647 Ecclesiae.
2483 580 2571 646 Cf.
2602 582 2950 647 Thomas

330 687 532 768 suppl.
567 707 624 769 q.
659 690 744 755 29
778 704 834 750 a.
868 692 927 756 6.

514 833 660 899 562.
693 829 864 894 Inter
894 828 1373 910 praerogativas
1405 836 1624 892 autem
1655 828 1763 892 illa
1796 828 2050 906 eminet,
2084 847 2213 912 qua
2244 830 2362 893 soli
2383 830 2680 894 ordinare
2701 832 2951 913 episco-

327 953 449 1017 pos
483 941 548 1000 et
576 935 989 1018 presbyteros
1022 941 1308 1017 possunt.
1344 933 1516 999 Sane
1551 936 1613 1004 l.
1647 935 1819 999 hanc
1851 937 2367 1017 praerogativam
2397 955 2494 1018 po
2514 936 2765 1002 sitive
2795 938 2952 1019 ipsis

330 1041 659 1105 vindicant
687 1048 907 1125 patres
938 1049 1004 1107 et
1035 1060 1317 1107 canones
1349 1041 1689 1120 Ecclesiae,
1723 1043 1832 1124 qui
1864 1061 2119 1125 semper
2150 1042 2455 1109 exhibent
2474 1043 2812 1126 episcopos
2843 1061 2954 1108 sa-

325 1149 645 1212 cramenti
679 1149 918 1214 ordinis
952 1150 1311 1226 ministros:
1358 1151 1767 1231 negative,
1816 1169 1964 1215 cum
2009 1152 2271 1217 alterius
2318 1152 2589 1216 ministri
2619 1171 2952 1235 nunquam

329 1254 576 1319 faciant
606 1256 1033 1322 mentionem:
1085 1276 1178 1322 ex
1197 1257 1463 1320 clusiv
1484 1275 1537 1334 e,
1589 1275 1737 1321 cum
1769 1258 2006 1323 diserte
2038 1258 2122 1322 ab
2153 1258 2278 1322 hac
2310 1261 2762 1341 praerogativa
2793 1260 2954 1324 alios

218 1372 227 1382 ·
327 1361 694 1438 excludant,
729 1380 1004 1445 eamque
1036 1380 1165 1446 qua
1197 1363 1524 1445 propriam
1557 1365 1967 1446 episcopatus
1999 1365 2219 1430 dotem
2250 1374 2632 1447 proponant.

511 1510 604 1568 Ita
633 1509 1161 1586 Hieronymus
1193 1530 1283 1586 ep.
1321 1520 1396 1574 85
1434 1511 1506 1570 ad
1540 1512 1760 1589 Evang.
1796 1532 1854 1571 n.
1894 1523 1958 1574 1:
2010 1512 2211 1582 ‚Quid
2256 1513 2398 1572 facit
2443 1516 2683 1590 excepta
2716 1512 2954 1571 ordina-

326 1598 498 1656 tione
519 1599 848 1676 episcopus,
871 1600 1031 1674 qnod
1050 1599 1363 1675 presbyter
1381 1619 1500 1659 non
1520 1600 1696 1660 faciat
1709 1604 1736 1658 ¹?
1750 1609 1779 1638 ‘
1806 1635 1885 1645 —
1911 1602 1952 1660 C
1966 1602 2005 1659 h
2020 1621 2051 1660 r
2062 1621 2103 1678 y
2119 1620 2146 1660 s
2163 1621 2196 1661 o
2214 1620 2241 1660 s
2258 1605 2285 1660 t
2299 1621 2332 1661 o
2348 1622 2408 1660 m
2422 1621 2465 1660 n
2481 1620 2508 1660 s
2542 1619 2674 1660 cum
2708 1601 2958 1660 dixisset

333 1688 535 1755 ,inter
580 1687 887 1763 episcopos
933 1692 994 1746 et
1037 1689 1416 1765 presbyteros
1461 1689 1647 1748 ferme
1690 1689 1843 1748 nihil
1889 1690 2241 1762 interesse‘,
2287 1691 2531 1767 suincit
2574 1691 2729 1749 hom.
2769 1701 2837 1753 11
2893 1691 2956 1749 in

341 1789 395 1840 1.
426 1777 603 1836 Tim:
638 1776 819 1844 ,Sola
849 1777 1072 1854 quippe
1103 1777 1478 1837 ordinatione
1511 1778 1846 1855 superiores
1875 1779 1967 1837 illi
1999 1783 2158 1851 sunt,
2199 1783 2378 1856 atque
2410 1781 2521 1840 hoc
2549 1782 2785 1838 tantum
2817 1779 2957 1856 plus

327 1885 516 1941 quam
549 1865 884 1941 presbyteri
916 1866 1126 1925 habere
1147 1866 1445 1926 videntur.
1461 1874 1488 1903 ⁴¹
1512 1901 1596 1910 -—
1619 1868 1664 1925 E
1680 1887 1719 1944 p
1735 1868 1756 1926 i
1771 1887 1810 1943 p
1827 1868 1866 1926 b
1882 1888 1969 1927 an
1985 1869 2006 1927 i
2022 1888 2065 1927 u
2080 1887 2107 1928 s
2140 1869 2280 1928 hinc
2300 1870 2553 1928 maxime
2573 1869 2730 1927 inter
2760 1871 2957 1928 utros-

335 1974 452 2031 que
502 1954 987 2031 inaequalitatem
1037 1958 1241 2014 contra
1287 1957 1434 2014 Aer
1454 1955 1471 2013 i
1489 1976 1605 2015 um
1655 1955 2040 2016 demonstrat.
2110 1957 2325 2026 ,Enim
2375 1977 2515 2017 vero
2565 1959 2758 2017 totum
2802 1957 2957 2017 illud

331 2040 530 2125 (Aerii
561 2040 820 2125 dogma),
853 2043 1055 2120 inquit
1085 2044 1241 2104 haer.
1280 2055 1356 2109 75
1393 2065 1450 2104 n.
1486 2054 1543 2117 4,
1578 2045 1925 2105 stoliditatis
1956 2047 2374 2122 plenissimum
2407 2046 2667 2124 prudens
2700 2046 2958 2123 quisque

337 2133 506 2191 facile
538 2132 874 2209 perspiciet,
910 2133 1079 2192 velut
1111 2152 1246 2192 cum
1279 2134 1622 2209 episcopum
1657 2153 1722 2193 ac
1752 2129 2170 2211 presbyterum
2190 2136 2517 2211 adaequare
2538 2139 2803 2194 conatur.
2834 2136 2959 2194 Hoc

330 2224 496 2280 enim
543 2225 813 2280 constare
858 2222 965 2298 qui
1013 2225 1254 2298 potest?
1318 2223 1625 2298 Siquidem
1656 2224 2039 2301 epicoporum
2085 2225 2228 2283 ordo
2274 2225 2347 2283 ad
2393 2225 2724 2302 gignendos
2755 2225 2957 2300 patres

336 2311 651 2387 praecipue
681 2311 972 2386 pertinet:
1006 2311 1187 2387 hujus
1220 2314 1312 2370 est
1343 2313 1500 2370 enim
1534 2315 1776 2389 patrum
1808 2314 1872 2371 in
1903 2314 2166 2373 Ecclesia
2195 2313 2559 2391 propagatio.
2620 2313 2792 2371 Alter
2822 2332 2957 2371 cnm

336 2403 538 2475 patres
578 2418 700 2458 non
745 2400 950 2475 possit,
999 2400 1151 2459 filios
1181 2400 1471 2460 Ecclesiae
1504 2402 1972 2478 regenerationis
2005 2403 2227 2462 lotione
2258 2402 2547 2478 producit,
2594 2421 2715 2461 non
2759 2405 2957 2461 tamen

338 2493 541 2564 patres
573 2491 680 2547 aut
709 2488 1046 2564 magistros
1112 2489 1365 2558 Quinam
1397 2509 1536 2549 vero
1570 2491 1695 2549 fieri
1729 2494 1944 2566 potest,
1978 2495 2048 2550 nt
2079 2493 2130 2550 is
2163 2492 2577 2568 presbyterum
2610 2490 2955 2562 constituat,

333 2577 414 2637 ad
446 2597 620 2652 quem
654 2577 974 2636 creandum
993 2597 1278 2637 mannum
1298 2579 1786 2655 imponendarnm
1808 2582 1912 2656 jus
1934 2581 2171 2639 nullum
2203 2580 2462 2639 habeat?
2508 2581 2634 2639 Aut
2664 2579 2958 2657 quomodo

338 2667 655 2744 presbyter
685 2666 963 2743 episcopo
997 2665 1114 2725 dici
1146 2670 1348 2743 potest
1376 2669 1687 2745 aequalis?
1720 2668 1941 2728 Verum
1961 2669 2205 2729 Aerium
2236 2669 2420 2729 istum
2452 2669 2640 2729 nimia
2671 2668 2958 2745 quaedam

335 2757 663 2833 procacitas
697 2756 1139 2831 aemulatioqne
1171 2757 1464 2833 decepit.‘

519 2897 582 2965 2.
615 2895 935 2959 Probatur
965 2915 1044 2961 ex
1077 2896 1355 2960 historia
1386 2895 1829 2963 ecclesiastica
1862 2904 1927 2962 et
1957 2898 2299 2963 traditione
2343 2897 2643 2979 practica.
2706 2895 2959 2959 Nullum

331 3002 512 3067 enim
544 3023 610 3070 a.
646 3002 1010 3083 exemplum
1045 3004 1359 3085 reperitur
1405 3004 1506 3068 vel
1550 3003 2004 3086 presbyterum
2049 3004 2371 3087 quendam
2405 3010 2759 3068 attentasse
2792 3002 2961 3083 ejus-

341 3109 515 3173 modi
547 3108 1018 3174 ordinationem
1067 3110 1166 3173 vel
1217 3110 1645 3174 ordinationis
1695 3111 2056 3193 presbyteri
2105 3118 2218 3176 aut
2266 3111 2553 3193 episcopi
2599 3110 2681 3174 ab
2727 3108 2963 3192 alique,

332 3217 451 3298 >qui
500 3234 632 3279 non
681 3221 853 3280 esset
902 3214 1259 3297 episcopuS,
1312 3216 1543 3291 factae,
1595 3235 1762 3298 quae
1816 3217 2029 3281 valida
2073 3216 2294 3281 habita
2344 3216 2547 3281 fuerit.
2608 3216 2742 3279 Imo
2776 3218 2847 3284 b.
2883 3234 2964 3281 ne

341 3340 596 3386 summa
627 3322 885 3403 quidem
915 3328 1186 3402 urgente
1236 3323 1640 3397 necessitate,
1688 3341 1816 3405 qua
1848 3323 2137 3388 Ecclesia
2181 3324 2488 3406 permittit
2530 3323 2708 3387 laicis
2753 3323 2964 3405 bapti-

333 3447 515 3505 zare,
561 3428 952 3511 presbyteris
998 3428 1504 3492 confirmationis
1554 3436 2032 3495 sacramentum
2077 3430 2544 3508 administrare,
2576 3429 2967 3512 presbyteris

339 3536 687 3600 haereticis
734 3541 797 3600 et
844 3535 1156 3616 apostatis
1206 3534 1560 3611 absolvere,
1609 3554 1736 3617 qua
1784 3536 1984 3601 verbo
2030 3536 2385 3601 concedere
2431 3535 2613 3613 solet,
2662 3535 2966 3618 quidquid

337 3641 733 3725 quibuslibet
763 3648 992 3723 potest,
1026 3641 1414 3723 permissum
1447 3660 1732 3724 unquam
1765 3642 1882 3707 fuit
1915 3643 2054 3707 aliis
2089 3650 2281 3725 atque
2316 3643 2629 3725 episcopis
2650 3642 2966 3706 ordinare.

335 3748 556 3828 Quare
608 3768 672 3818 c.
726 3755 943 3831 patres
994 3748 1243 3812 concilii
1293 3749 1837 3814 alexandrini
1886 3750 2059 3831 apud
2109 3749 2533 3813 Athanasium
2585 3750 2649 3813 in
2699 3749 2863 3831 apol.
2914 3766 2965 3812 c.

343 3857 607 3920 arianos
638 3876 698 3919 n.
740 3861 815 3925 11
848 3855 1041 3937 hujus
1075 3856 1599 3932 calumniatoreS,
1655 3856 1764 3937 qui
1815 3856 2141 3938 Ischyram
2174 3856 2473 3922 dicebant
2502 3854 2966 3938 presbyterum,

345 3962 469 4026 hac
502 3964 756 4027 ratione
788 3960 1113 4027 refellunt:
1183 3962 1401 4037 ,Unde
1434 3962 1774 4047 presbyter
1805 3963 2144 4045 Ischyrasi>
2195 3982 2322 4046 quo
2356 3963 2737 4027 ordinante?
2799 3961 2966 4025 Num

343 4067 691 4134 Collutho?
726 4119 738 4131 .
773 4119 786 4131 .
823 4120 836 4132 .
870 4070 1064 4152 Atqui
1084 4068 1449 4135 Colluthum
1482 4069 1929 4153 presbyterum
1950 4070 2186 4135 obiisse
2207 4069 2561 4152 ambasque
2582 4070 2717 4151 ejus
2738 4085 2968 4132 manus

344 4175 485 4240 sine
519 4173 904 4241 auctoritate
937 4176 1150 4254 fuisse,
1185 4178 1484 4241 omnibus
1531 4185 1754 4242 notum
1805 4185 1904 4243 est
1949 4195 2027 4241 ac
2072 4178 2225 4241 nulli
2270 4177 2586 4240 dubium<
2658 4171 2968 4239 Omnibus

345 4298 501 4361 ergo
551 4302 931 4364 persuasum
999 4292 1159 4361 erat,
1222 4285 1399 4349 solos
1463 4286 1803 4367 episcopos
1860 4287 2004 4367 jure
2065 4284 2280 4348 divino
2346 4303 2487 4348 esse
2550 4281 2968 4351 ordinationis

354 4388 696 4453 ministros

531 4531 595 4598 3.
632 4529 699 4594 Si
731 4533 1012 4614 episcopi
1060 4531 1392 4615 pollerent,
1428 4532 1787 4615 presbyteri
1836 4551 1988 4597 vero
2037 4538 2334 4596 carerent
2380 4532 2504 4595 hac
2536 4538 2859 4613 potestate
2891 4549 2971 4595 ex

350 4635 492 4699 solo
519 4636 662 4717 jure
712 4638 1165 4715 ecclesiasticO,
1211 4640 1376 4705 ratio
1423 4639 1603 4704 reddi
1647 4658 1780 4703 non
1825 4646 2061 4721 posset,
2105 4657 2304 4721 quare
2337 4638 2617 4701 Ecclesia
2665 4637 2972 4702 voluisset
