3538 5364
1039 246 1217 301 tribui
1241 245 1454 301 debent
1476 246 1695 318 gratiae
1721 249 1781 301 et
1804 245 1982 301 libero
2010 245 2268 301 arbitri0.
2411 294 2414 297 .
2591 294 2596 299 .
2872 255 2961 319 93

331 429 529 501 datur,
562 430 868 491 hominem
902 432 977 490 ad
1007 433 1263 492 salutem
1294 452 1463 491 suam
1496 433 1850 508 operandam
1897 433 2013 492 sibi
2060 452 2180 491 non
2212 432 2498 502 sufficere,
2548 433 2651 492 sed
2686 433 2957 511 indigere

330 519 441 578 Dei
474 519 699 595 gratia:
746 523 921 595 cujus
964 521 1183 580 indolis
1230 540 1369 580 vero
1414 522 1497 580 sit
1527 522 1671 581 haec
1700 523 1911 598 gratia,
1959 522 2102 580 alibi
2149 523 2486 581 accuratius
2533 522 2893 582 describitur
2922 544 2959 582 a

331 608 629 683 patribus.
664 644 753 654 —
785 610 1007 669 Eadem
1055 610 1449 669 similitudine
1498 612 1698 670 utitur
1749 612 2127 670 Irenaeus
2161 612 2235 682 11,
2283 621 2351 674 17
2389 612 2690 670 scribens:
2745 612 2959 680 ,Sicut

330 697 494 755 enim
526 698 599 756 de
630 699 797 757 arido
829 700 1032 758 trit-ico
1065 718 1258 759 massa
1289 719 1409 758 una
1440 699 1566 760 fieri
1594 719 1715 759 non
1746 705 1946 776 potest
1978 700 2107 760 eine
2140 700 2400 770 humore,
2433 719 2543 761 nec
2575 720 2733 759 unus
2764 702 2953 777 panis:

331 786 419 844 ita
447 805 560 845 nec
593 806 703 846 nos
735 789 911 847 multi
946 808 1136 863 unum
1169 789 1293 848 fieri
1314 790 1379 851 in
1397 790 1629 848 Christo
1652 789 1691 847 J
1694 808 1801 848 esu
1822 791 2162 865 poteramus
2185 790 2313 848 sine
2334 808 2505 865 aqua,
2529 808 2680 864 quae
2701 791 2773 848 de
2793 791 2957 850 coelo

331 879 441 934 est.
505 877 584 934 Et
615 877 775 936 sicut
804 877 970 935 arida
998 881 1173 949 terra,
1222 879 1273 937 si
1317 897 1439 937 non
1482 878 1772 955 percipiat
1816 879 2144 949 humorem,
2193 896 2313 937 non
2345 878 2676 948 fructificat,
2729 880 2814 938 sic
2846 898 2955 938 nos

331 964 567 1041 lignum
600 966 832 1024 aridum
866 966 1220 1026 exsistentes
1251 968 1529 1043 primum,
1573 986 1880 1043 nunquam
1925 967 2410 1026 fructificaremus
2458 966 2644 1026 vitam
2691 968 2821 1027 sine
2854 988 2955 1026 su-

331 1073 521 1128 perna
539 1055 877 1114 voluntaria
896 1056 1114 1131 pluvia.
1130 1065 1157 1095 ⁴²
1180 1091 1266 1099 —
1287 1059 1594 1115 Assertum
1617 1066 1888 1116 nostrum
1910 1056 2218 1115 confirmat
2237 1061 2300 1115 et
2317 1056 2363 1113 Τ
2377 1056 2416 1114 h
2432 1075 2463 1114 e
2478 1075 2512 1115 0
2530 1057 2564 1113 d
2583 1075 2617 1115 0
2636 1076 2668 1114 r
2682 1076 2713 1115 e
2730 1063 2756 1114 t
2771 1077 2814 1116 u
2830 1076 2857 1116 s
2891 1059 2953 1115 in

330 1144 549 1220 Philip.
596 1156 645 1214 l,
686 1154 799 1206 29:
836 1184 863 1213 ,
882 1147 1043 1203 Dona
1076 1146 1179 1204 Dei
1207 1145 1430 1204 Paulus
1464 1146 1696 1204 vocavit
1724 1151 1789 1204 et
1817 1145 2140 1204 credidisse
2171 1150 2234 1204 et
2264 1145 2571 1220 splendide
2604 1145 2955 1216 decertasse,

328 1251 450 1290 non
480 1233 742 1307 liberum
772 1234 994 1292 tollens
1025 1234 1208 1293 animi
1239 1235 1574 1305 arbitrium,
1608 1234 1711 1293 sed
1744 1235 1979 1304 docens,
2027 1234 2190 1312 quod
2238 1253 2368 1310 ipsa
2415 1253 2522 1310 per
2554 1255 2616 1293 se
2648 1255 2815 1294 mens
2847 1240 2958 1294 aut

327 1322 614 1381 voluntas
645 1324 840 1399 gratia
871 1323 1157 1381 destituta
1201 1324 1354 1382 nihil
1400 1324 1540 1382 boni
1587 1327 1786 1400 potest
1831 1329 1989 1382 recte
2041 1326 2246 1386 facere.
2311 1323 2575 1399 Utroque
2608 1325 2765 1383 enim
2801 1343 2952 1401 opus

326 1415 435 1481 est,
470 1431 688 1486 nempe
719 1416 780 1470 et
810 1417 1016 1470 nostra
1046 1411 1229 1471 animi
1274 1413 1744 1488 promptitudine
1796 1416 1858 1471 et
1887 1413 2090 1471 divino
2124 1412 2361 1473 auxilio,
2423 1413 2631 1489 Neque
2662 1414 2822 1472 enim
2854 1414 2948 1487 iis,

328 1499 437 1573 qui
467 1501 655 1559 animi
686 1501 1047 1560 alacritatem
1081 1521 1197 1560 non
1230 1501 1466 1571 habent,
1501 1501 1721 1561 sufficit
1751 1502 1951 1578 gratia
1985 1501 2276 1577 Spiritus;
2319 1519 2427 1560 nec
2458 1503 2640 1560 animi
2677 1506 2954 1579 prompta

328 1589 629 1659 minutae,
664 1591 715 1648 si
748 1590 829 1649 sit
859 1591 1050 1668 gratia
1080 1590 1387 1662 destituta,
1420 1595 1618 1667 potest
1649 1591 1891 1649 virtutis
1924 1590 2165 1650 divitias
2198 1591 2530 1668 colligere!

507 1708 576 1777 4.
612 1714 758 1773 Prae
802 1715 1011 1773 ceteris
1055 1720 1326 1775 accurate
1372 1716 1521 1774 hanc
1565 1716 1893 1775 doctrinam
1939 1716 2191 1774 tradunt
2235 1734 2279 1773 s,
2327 1716 2750 1774 Anselmus
2796 1718 2858 1774 et
2903 1735 2951 1774 s,

324 1803 791 1873 Bernardus‚
827 1822 1083 1879 quorum
1116 1804 1218 1863 ille
1251 1805 1335 1864 ita
1365 1805 1637 1881 disputat
1668 1806 1738 1864 de
1772 1823 1929 1864 conc.
1963 1825 2051 1882 gr.
2083 1808 2146 1863 et
2176 1805 2277 1867 lib.
2312 1804 2434 1863 arb.
2469 1822 2514 1865 c.
2553 1815 2622 1867 5:
2659 1804 2763 1873 ,Si
2796 1806 2948 1864 bene

323 1891 799 1963 considerentur,
832 1912 985 1968 quae
1014 1894 1173 1952 dicta
1204 1899 1364 1965 sunt,
1408 1898 1608 1970 aperte
1652 1894 2047 1971 cognoscitur,
2094 1894 2234 1970 quia
2281 1911 2414 1951 cum
2446 1893 2674 1968 aliquid
2723 1894 2868 1952 dicit
2901 1913 2949 1953 s,

323 1979 638 2056 Scriptura
669 2000 775 2057 pro
805 1982 1013 2058 gratia,
1047 2001 1167 2041 non
1198 1987 1433 2042 amovet
1462 1984 1703 2042 omnino
1749 1984 2002 2042 liberum
2051 1982 2402 2041 arbitrium:
2448 2002 2643 2059 neque
2690 2001 2823 2042 cum
2856 1984 2945 2042 lo·

322 2070 539 2145 quitur
586 2088 694 2144 pro
744 2071 928 2129 libero
977 2072 1239 2144 arbitri0,
1289 2072 1554 2131 excludit
1603 2073 1885 2151 gratiam:
1937 2072 2106 2148 quasi
2157 2072 2283 2129 sola
2326 2073 2520 2148 gratia
2550 2074 2656 2131 aut
2690 2073 2943 2131 liberum

321 2159 648 2217 arbitrium
681 2159 871 2217 solum
902 2160 1160 2219 sufficiat
1190 2161 1264 2219 ad
1298 2161 1645 2221 salvandum
1678 2162 1976 2220 hominem
2011 2205 2024 2218 .
2060 2205 2071 2217 .
2108 2205 2121 2218 .
2171 2162 2263 2218 Ita
2296 2160 2519 2235 quippe
2553 2161 2946 2238 intelligenda

321 2251 464 2307 sunt
497 2248 657 2306 dicta
689 2248 907 2318 divina,
940 2252 1012 2307 ut
1043 2250 1151 2308 hoc
1182 2257 1437 2325 except0,
1471 2250 1628 2325 quod
1661 2251 1785 2310 dixi
1818 2251 1888 2309 de
1922 2249 2270 2317 infantibus,
2323 2267 2430 2307 nec
2461 2250 2584 2308 sola
2613 2253 2807 2327 gratia
2839 2268 2945 2308 nec

322 2337 519 2396 solum
552 2337 813 2394 liberum
844 2338 1163 2397 arbitrium
1195 2340 1447 2398 salutem
1480 2339 1737 2398 hominis
1780 2342 2073 2416 operetur.
2136 2338 2365 2414 Quippe
2398 2356 2533 2397 cum
2566 2340 2712 2398 «licit
2748 2339 2944 2397 Domi-

320 2445 467 2485 nus:
504 2428 645 2486 Sine
678 2446 766 2484 me
795 2428 938 2486 nihil
959 2430 1198 2501 potestis
1223 2429 1417 2503 facere.
1449 2424 1644 2512 (Joa‘n.
1684 2439 1782 2493 15.
1822 2423 1907 2511 5),
1940 2446 2062 2486 non
2093 2427 2207 2487 ait:
2257 2426 2422 2485 Nihil
2452 2427 2615 2486 valet
2646 2429 2811 2487 vobis
2847 2447 2945 2487 ve-

320 2520 517 2575 strum
551 2515 811 2575 liberum
843 2517 1176 2588 arbitrium,
1210 2518 1315 2575 sed
1345 2518 1496 2576 nihil
1526 2520 1729 2593 potest
1761 2515 1863 2591 (al.
1887 2512 2154 2599 prodest)
2178 2516 2305 2574 sine
2322 2535 2449 2574 mea
2468 2518 2677 2592 gratia.
2710 2518 2788 2576 Et
2808 2535 2943 2576 cum

321 2606 578 2682 legitur:
644 2605 840 2682 Neque
884 2607 1132 2681 volentis,
1184 2626 1360 2685 neque
1389 2609 1693 2682 currentis,
1749 2608 1849 2665 sed
1881 2609 2199 2665 miserentis
2230 2613 2307 2663 est
2345 2605 2450 2664 Dei
2485 2602 2675 2688 (Rom.
2713 2618 2770 2676 9,
2814 2602 2941 2689 16),

319 2714 441 2753 non
472 2699 737 2772 negatur
766 2697 830 2754 in
862 2697 1097 2755 volente
1141 2700 1203 2755 et
1248 2702 1522 2755 currente
1568 2697 1793 2773 aliquid
1844 2696 2123 2772 prodesse
2157 2695 2413 2754 liberum
2467 2695 2803 2765 arbitrium,
2839 2697 2942 2755 sed

322 2784 719 2861 significatur,
751 2804 874 2843 non
904 2804 1033 2844 esse
1065 2786 1482 2861 imputandum
1532 2786 1718 2845 libero
1763 2785 2029 2855 arbitrio,
2078 2784 2238 2861 quod
2286 2785 2420 2843 vult
2452 2789 2514 2843 et
2544 2786 2701 2861 quod
2734 2786 2943 2856 currit,

321 2873 424 2932 sed
456 2875 691 2950 gratiae
723 2921 736 2935 .
770 2919 784 2932 .
817 2919 830 2933 .
878 2874 1045 2933 Sicut
1088 2894 1229 2952 ergo
1261 2875 1533 2949 quamvis
1580 2875 1873 2934 naturalis
1921 2893 2069 2933 usus
2106 2892 2223 2932 non
2256 2877 2523 2950 procreet
2554 2874 2778 2949 prolem
2813 2874 2945 2934 sine

320 2965 492 3038 patre
523 2982 636 3022 nec
667 2963 786 3021 nisi
817 2982 921 3039 per
951 2969 1221 3036 matrem,
1267 2983 1385 3022 non
1431 2967 1631 3022 tamen
1676 2969 1938 3023 removet
1983 2965 2146 3022 ullus
2192 2963 2530 3022 intellectus
2578 2968 2685 3021 aut
2713 2971 2942 3039 patrem

320 3057 425 3110 aut
457 3056 714 3110 matrem
745 3072 779 3109 a
809 3053 1185 3128 generatione
1219 3054 1431 3127 prolis:
1484 3053 1568 3112 ita
1599 3053 1794 3131 gratia
1824 3058 1886 3112 et
1917 3053 2171 3111 liberum
2206 3052 2523 3111 arbitrium
2570 3070 2691 3111 non
2723 3052 2942 3111 discor·

320 3140 485 3211 dant,
519 3141 624 3199 sed
658 3141 1020 3200 conveniunt
1051 3142 1123 3201 ad
1149 3142 1599 3218 justificandum
1633 3146 1694 3201 et
1726 3142 2076 3201 salvandum
2109 3141 2469 3200 hominem.‘
2494 3176 2581 3184 —
2603 3142 2782 3200 Plane
2805 3161 2944 3202 vero

318 3249 503 3289 aurea
533 3234 681 3288 sunt
710 3229 1086 3288 Bernardi
1135 3232 1314 3290 verba
1345 3232 1416 3291 de
1449 3236 1600 3309 grat.
1632 3236 1694 3289 et
1725 3232 1834 3290 lib.
1865 3232 1987 3289 arb.
2021 3248 2068 3289 c.
2111 3241 2184 3292 14
2221 3250 2278 3289 n.
2316 3241 2415 3299 47,
2464 3230 2683 3305 quibus
2728 3231 2940 3300 omnia,

320 3337 477 3394 quae
510 3320 827 3393 hucusque
859 3320 1412 3390 demonstravimuS,
1445 3321 1900 3380 confirmantur:
1955 3320 2130 3395 ‚Ipsa
2160 3313 2406 3401 (gratia)
2443 3320 2695 3378 liberum
2731 3321 2948 3379 excitat

319 3408 661 3478 arbitrium,
695 3425 829 3466 cum
860 3409 1114 3468 seminat
1144 3411 1492 3486 cogitatum;
1526 3414 1709 3479 sanat,
1744 3428 1876 3468 cum
1911 3409 2192 3466 immutat
2221 3408 2531 3478 affectum3
2563 3409 2819 3478 roborat,
2873 3415 2943 3467 ut

318 3497 611 3573 perducat
640 3497 714 3554 ad
746 3501 975 3566 actum;
1027 3501 1242 3568 servat,
1293 3518 1366 3557 ne
1415 3499 1633 3558 sentiat
1677 3497 1990 3559 defectum.
2053 3497 2147 3555 Sic
2179 3502 2380 3555 autem
2431 3498 2550 3555 ista
2583 3517 2714 3557 cum
2752 3498 2939 3557 libero

319 3586 572 3644 arbitrio
606 3589 904 3660 operatur,
937 3590 1008 3645 ut
1039 3592 1278 3645 tantum
1322 3588 1476 3646 illud
1520 3587 1584 3645 in
1617 3588 1804 3663 primo
1838 3587 2200 3664 praeveniat,
2254 3587 2316 3643 in
2350 3586 2559 3645 ceteris
2593 3588 2941 3658 comitetur;

320 3675 393 3734 ad
426 3676 538 3733 hoc
570 3676 784 3750 utique
816 3677 1215 3750 praeveniens,
1250 3681 1320 3734 ut
1341 3678 1468 3751 jam
1500 3677 1613 3735 sibi
1648 3676 1927 3751 deinceps
1962 3677 2327 3751 cooperetur.
2361 3676 2453 3733 Ita
2482 3680 2682 3735 tamen
2715 3677 2872 3751 quod
2907 3696 2946 3734 a

320 3764 446 3823 sola
476 3764 677 3840 gratia
707 3769 980 3839 coeptum
1012 3767 1121 3834 est,
1154 3767 1376 3840 pariter
1406 3766 1478 3824 ab
1510 3769 1766 3841 utroque
1810 3765 2146 3842 perficitur;
2193 3767 2263 3821 ut
2294 3764 2543 3833 mixtim,
2578 3783 2697 3823 non
2731 3765 2939 3841 singil-

317 3852 523 3923 latim;
573 3853 775 3922 simul,
824 3871 944 3911 non
993 3854 1274 3925 vicissim,
1326 3874 1429 3930 per
1479 3855 1749 3931 singulos
1803 3855 2103 3932 profectus
2148 3859 2484 3928 operentur.
2549 3854 2682 3912 Non
2729 3854 2941 3929 partim

318 3942 515 4018 gratia
544 3942 769 4017 partim
800 3941 1057 4001 liberum
1090 3943 1423 4014 arbitrium,
1458 3944 1561 4002 sed
1592 3948 1789 4002 totum
1822 3942 2060 4020 singula
2079 3962 2253 4018 opere
2283 3941 2595 4002 individuo
2629 3946 2942 4020 peragunt.

318 4031 535 4090 Totum
570 4032 813 4107 quidem
847 4032 955 4091 hoc
984 4036 1045 4091 et
1073 4036 1270 4092 totum
1301 4033 1436 4104 illa3
1471 4033 1573 4091 sed
1606 4037 1676 4091 ut
1707 4036 1901 4092 totum
1935 4033 1996 4090 in
2031 4032 2155 4103 illo,
2189 4032 2274 4090 sic
2308 4035 2502 4090 totum
2536 4051 2605 4090 ex
2639 4032 2802 4094 illast<

500 4172 567 4236 ὅ.
604 4167 892 4250 Denique
941 4170 1112 4234 idem
1162 4169 1397 4234 evincit
1446 4177 1753 4234 accurata
1816 4178 1997 4234 actus
2062 4170 2365 4234 salutaris
2427 4170 2727 4252 analysis.
2793 4171 2941 4251 Ejus

320 4277 490 4340 enim
521 4276 936 4340 characteres
956 4277 1329 4342 essentiales
1350 4283 1516 4354 sunt,
1536 4285 1607 4343 ut
1639 4278 1721 4341 sit
1752 4278 1960 4342 vital
1978 4278 2061 4353 is,
2097 4277 2382 4358 alioquin
2415 4296 2548 4340 non
2568 4283 2668 4342 est
2687 4283 2939 4353 nostem

320 4389 387 4447 ut
414 4384 503 4447 sit
533 4383 763 4460 liber,
814 4400 1001 4447 secus
1052 4385 1221 4448 enim
1272 4384 1633 4448 meritorius
1687 4403 1820 4448 non
1870 4393 1970 4449 est
2000 4385 2273 4466 ideoque
2305 4401 2426 4449 nec
2457 4384 2646 4450 laude
2680 4385 2937 4463 dignum

318 4498 386 4553 ut
430 4491 516 4554 sit
560 4490 1266 4571 supernaturalis,
1313 4510 1440 4573 quo
1487 4492 1850 4556 conducere
1899 4492 2103 4573 possit
2135 4492 2218 4555 ad
2249 4490 2540 4556 salutem.
2605 4491 2798 4573 Atqui
2829 4511 2938 4554 su-

315 4597 755 4679 pernaturalis
787 4615 917 4661 non
949 4605 1064 4675 est,
1096 4598 1152 4661 si
1182 4599 1480 4665 voluntas
1514 4598 1636 4662 sibi
1667 4598 1891 4663 relicta
1922 4600 2133 4681 ipsum
2165 4599 2365 4675 elicit;
2414 4599 2572 4663 liber
2603 4597 2940 4678 vitalisque

315 4723 446 4768 non
479 4712 599 4781 est,
632 4705 688 4768 si
720 4723 922 4768 causa
954 4705 1319 4788 adaequata
1350 4713 1448 4770 est
1479 4706 1685 4786 gratia
1714 4707 1968 4770 secluso
2001 4707 2348 4772 voluntatis
2380 4723 2715 4769 consensu.
2772 4703 2940 4783 Ergo
