3538 5364
1300 284 1385 336 est
1411 265 1479 334 N.
1506 281 1565 336 L.
1594 283 2031 334 sacramentum.
2852 286 2983 351 525

367 577 504 616 rum
535 558 790 632 praesul,
822 576 1007 633 eaque
1038 556 1398 633 contingunt
1441 555 1513 626 ei,
1559 575 1692 615 cum
1738 554 1891 613 nihil
1935 555 2030 613 vel
2075 573 2317 631 corpore
2347 554 2444 613 vel
2474 554 2663 613 forma
2691 556 2981 622 mutatuS,

368 646 530 722 quod
559 647 631 705 ad
663 646 915 723 speciem
946 649 1248 704 externam
1278 645 1512 716 attinet,
1557 644 1660 704 ille
1707 644 1804 714 sit,
1851 645 1957 720 qui
2002 647 2145 713 erat,
2193 643 2487 702 invisibili
2518 644 2774 719 quadam
2815 642 2875 701 vi
2919 662 2988 701 ac

369 735 562 812 gratia
591 736 954 795 invisibilem
987 734 1240 792 animam
1274 735 1338 791 in
1368 734 1582 792 melius
1613 733 2093 792 transformatam
2125 740 2396 809 gerens.‘
2430 766 2519 776 —
2551 731 2984 792 Theodore-

368 830 497 883 tus
542 825 609 882 in
650 825 789 884 hist.
835 824 1003 901 relig.
1050 843 1105 881 ιι.
1147 834 1219 886 15
1256 822 1601 899 Acepsimae
1633 822 2066 881 ordinationem
2097 820 2471 880 describens:
2522 822 2696 890 ,Mox
2729 821 2985 880 ducente

371 913 624 982 nemine,
677 913 894 990 inquit,
948 912 1042 971 hic
1089 912 1347 989 genibus
1393 912 1558 970 flexis
1589 912 1843 988 gratiam
1876 914 2193 986 exspectat,
2243 911 2347 968 ille
2397 930 2641 970 manum
2671 911 2986 985 imponens

371 1002 625 1079 Spiritui
656 1001 1074 1061 famulabatur.
1089 1010 1115 1038 ‘¹

547 1121 764 1202 Quare
810 1124 877 1192 l).
923 1140 1151 1203 graves
1195 1139 1446 1204 poenae
1484 1121 1621 1202 jam
1666 1139 1706 1185 a
1751 1121 2023 1186 concilio
2068 1120 2726 1186 chalcedonensi
2772 1137 2912 1183 can.
2947 1125 2990 1187 Ξ.)

371 1234 757 1306 statuuntur,
798 1227 891 1303 ‚si
922 1228 1061 1310 quis
1094 1227 1433 1308 episcopus
1481 1245 1596 1307 per
1639 1227 1947 1309 pecunias
1992 1226 2210 1291 fecerit
2255 1225 2726 1291 ordinationem
2772 1233 2838 1289 et
2866 1225 2990 1289 sub

370 1335 576 1417 pretio
607 1335 931 1415 redegerit
960 1335 1248 1416 gratiam,
1296 1352 1463 1417 quae
1507 1353 1641 1398 non
1670 1340 1886 1417 potest
1916 1333 2123 1411 vendi,
2175 1333 2694 1416 ordinaveritque
2727 1351 2841 1415 per
2870 1350 2988 1414 pe-

376 1442 598 1506 cunias
631 1442 1001 1526 episcopum
1033 1447 1145 1505 aut
1177 1441 1623 1524 presbyterum
1654 1447 1767 1505 aut
1799 1440 2146 1506 diaconum
2180 1448 2334 1506 etc<
2405 1441 2856 1505 Annumerant

554 1584 618 1635 c.
650 1565 1125 1629 ordinationem
1156 1565 1327 1629 veris
1358 1565 1784 1629 sacramentis
1817 1571 1881 1628 et
1911 1583 2059 1627 cum
2092 1563 2170 1627 iis
2203 1563 2560 1629 conserunt.

366 468 569 539 fuerit,
603 470 846 544 repente
876 467 946 525 fit
973 469 1334 544 praeceptor,
1368 485 1622 543 praeseS,
1669 467 1873 525 doctor
1902 464 2143 541 pietatis
2175 469 2237 524 et
2267 465 2690 541 mysteriorum
2721 457 3031 738 occulto-t

550 1695 644 1752 Ita
674 1694 1097 1771 Gregorius
1131 1713 1288 1771 nyss.
1319 1695 1358 1753 l.
1391 1713 1469 1765 c.;
1516 1695 2019 1771 Augustinus
2052 1694 2125 1752 de
2156 1693 2310 1753 bono
2343 1695 2580 1770 conjug.
2611 1713 2670 1751 n.
2707 1701 2787 1754 32
2821 1695 2883 1750 et
2914 1691 2991 1750 de

371 1784 534 1859 bapt.
566 1783 608 1846 l.
643 1793 675 1845 5
713 1802 761 1845 c,
796 1793 909 1845 20:
963 1783 1064 1850 ,si
1108 1801 1249 1861 ergo
1294 1782 1367 1842 ad
1399 1784 1507 1842 hoc
1537 1784 1714 1852 valet,
1761 1783 1920 1859 quod
1951 1784 2180 1842 dictum
2212 1786 2301 1842 est
2331 1783 2395 1841 in
2428 1783 2779 1860 Evangelio:
2828 1782 2991 1840 Deus

366 1879 719 1949 peecawnm
750 1891 864 1930 non
895 1874 1061 1931 audit
1093 1869 1287 1954 (Joan.
1326 1883 1380 1944 9,
1417 1869 1544 1955 31),
1592 1876 1662 1930 ut
1705 1891 1811 1948 per
1853 1876 2219 1948 peccatorem
2266 1874 2632 1931 sacramenta
2677 1889 2797 1929 non
2836 1869 2987 1928 cele-

373 1963 642 2030 brentur,
676 1963 969 2036 quomodo
1000 1962 1241 2020 exaudit
1269 1961 1620 2021 homicidam
1654 1961 2063 2037 deprecantem
2097 1962 2193 2019 vel
2231 1979 2411 2040 super
2440 1979 2655 2036 aquam
2687 1959 2991 2037 baptismi,

375 2051 473 2108 vel
505 2068 686 2126 super
716 2050 912 2108 oleum
945 2051 1040 2108 vel
1073 2069 1253 2125 super
1282 2050 1717 2118 eucharistiam,
1766 2051 1863 2109 vel
1908 2069 2086 2134 suffit
2117 2051 2310 2125 capit&
2340 2069 2562 2124 eorum,
2610 2049 2831 2125 quibus
2863 2068 2986 2106 ma·
3030 2028 3255 2110 find-⁶
3306 2091 3327 2110 .

373 2139 616 2230 Qu]
661 2138 882 2209 onitur,
928 2158 1079 2213 quae
1125 2140 1320 2198 omnia
1362 2142 1563 2198 tamen
1607 2143 1669 2198 et
1711 2139 1869 2197 fiunt
1910 2146 1973 2197 et
2016 2140 2303 2197 valent?‘
2335 2172 2423 2182 -—
2455 2127 2991 2196 Theodoretus

376 2248 433 2303 q.
475 2238 550 2292 18
585 2228 651 2286 in
738 2246 954 2286 umen:
1004 2229 1196 2296 ,eum
1239 2232 1301 2287 et
1342 2230 1567 2287 multae
1599 2228 1894 2305 myriades
1925 2228 1999 2286 ab
2032 2246 2153 2287 uno
2185 2228 2487 2287 sacerdote
2519 2226 2901 2302 baptizantur
2930 2229 2991 2284 et
3405 2273 3426 2288 .

375 2317 601 2376 donum
619 2316 886 2375 divinum
909 2317 1225 2392 accipiunt,
1256 2318 1578 2376 sacerdotis
1597 2318 1844 2395 gratiam
1876 2336 1997 2376 non
2015 2317 2328 2376 minuunt:
2361 2334 2470 2375 nec
2501 2316 2645 2375 dum
2675 2335 2710 2373 a
2741 2315 2993 2374 summis
3058 2315 3097 2354 ς
3120 2277 3442 2362 ''unffi''

373 2405 758 2482 pontificibus
803 2405 1156 2465 ordinantur
1199 2407 1482 2482 permulti
1529 2406 1953 2466 sacerdotalem
2002 2406 2355 2483 dignitatem
2407 2405 2781 2480 accipientes,
2831 2403 2992 2463 ordi-

373 2484 575 2553 ιιὲῖιῖἷὲ
607 2474 857 2571 gratiam
889 2495 1191 2554 ullatenus
1235 2496 1665 2554 imminuunt.‘
1700 2530 1785 2540 -—-
1818 2495 2420 2571 chrysostomus
2467 2495 2537 2556 de
2582 2512 2770 2552 resur.
2816 2499 2991 2551 mort.

373 2603 435 2642 ιι.
469 2593 540 2647 8:
594 2583 769 2652 ,Nisi
815 2602 977 2642 nunc
1025 2585 1205 2643 etiam
1255 2590 1410 2643 esset
1454 2584 1701 2643 arrhabo
1747 2583 2027 2660 Spiritus,
2072 2602 2269 2659 neque
2312 2583 2611 2659 baptisma
2654 2582 2991 2641 adhibitum

375 2674 548 2745 esset,
595 2691 788 2751 neque
833 2677 1206 2749 peccatorum
1251 2673 1523 2733 remissio
1555 2720 1567 2732 .
1603 2720 1615 2733 .
1650 2720 1663 2733 .
1738 2693 1889 2750 eque
1935 2674 2263 2733 sacerdotes
2302 2672 2746 2732 habuissemus:
2794 2690 2991 2747 neque

380 2763 540 2821 enim
586 2762 691 2820 has
738 2762 1139 2821 ordinationes
1172 2763 1299 2822 sine
1328 2764 1436 2822 tali
1468 2763 1682 2849 dfiflflffl
1717 2756 1932 2843 &fleri
1977 2766 2071 2822 est
2112 2763 2418 2839 possibile.
2481 2762 2594 2821 Sed
2642 2762 2833 2820 multa
2877 2761 2994 2820 alia

374 2869 681 2928 possemus
713 2851 905 2910 dicere
936 2851 1160 2928 gratiae
1194 2852 1452 2927 Spiritus
1484 2854 1690 2929 symbo
1716 2860 1808 2910 a.‘
1874 2852 1955 2912 cf.
2000 2852 2154 2912 hom.
2195 2863 2271 2914 14
2318 2853 2381 2910 in
2428 2854 2538 2909 act.
2585 2871 2677 2927 ap.
2710 2870 2768 2909 n.
2804 2862 2873 2923 53
2920 2850 2992 2909 de

377 2940 600 2999 sacerd.
630 2940 734 3010 ΠΙ,
784 2950 854 3008 4;
901 2940 1414 3000 Firmilianus
1459 2961 1551 3017 ep.
1581 2942 1654 2999 ad
1686 2942 2041 3018 cyprianum
2073 2961 2130 3002 n.
2169 2952 2237 3011 73
2284 2941 2810 3017 Hieronymus
2856 2940 2996 3002 dial.

377 3029 509 3091 adv.
539 3028 703 3089 lucif.
737 3048 794 3088 n.
835 3040 944 3100 113
979 3030 1108 3088 adv.
1142 3029 1320 3107 Vigil.
1352 3050 1409 3089 ιι.
1446 3039 1512 3100 2;
1547 3032 2009 3090 Sozomenus
2042 3032 2114 3091 H.
2147 3031 2211 3092 E.
2244 3030 2369 3100 Vn,
2414 3042 2507 3093 10.

557 3148 719 3211 Hinc
751 3149 819 3219 d.
851 3146 1145 3226 inferunt,
1179 3149 1314 3231 ejus
1345 3150 1632 3213 valorem
1676 3168 1809 3213 non
1854 3150 2134 3231 pendere
2168 3168 2209 3213 a
2239 3149 2363 3213 fide
2397 3156 2461 3213 et
2494 3150 2841 3214 sanctitate
2875 3149 2996 3211 mi-

377 3253 703 3319 nistri.1ta
735 3255 1242 3335 Augustinus
1275 3257 1311 3320 l.
1345 3275 1395 3319 c.
1431 3263 1494 3320 et
1523 3255 2028 3320 Anastasius
2061 3255 2125 3319 11.
2147 3257 2212 3319 in
2233 3273 2329 3337 ep.
2358 3262 2411 3324 1.
2434 3256 2517 3320 ad
2539 3257 2686 3337 imp.
2706 3255 2986 3319 Anasta-

378 3360 543 3425 sium
575 3378 627 3423 c.
664 3367 700 3428 7
719 3382 734 3423 :
804 3359 1098 3436 ,Nullum
1130 3361 1209 3426 de
1240 3363 1357 3440 his,
1391 3381 1554 3445 quos
1604 3363 1704 3427 vel
1736 3363 2085 3444 baptizavit
2116 3362 2389 3426 Acacius
2436 3362 2536 3427 vel
2583 3381 2748 3445 quos
2779 3380 2996 3426 sacer-

379 3467 565 3531 dotes
598 3467 732 3530 sive
766 3467 992 3532 levitas
1024 3467 1376 3532 secundum
1408 3486 1689 3533 canones
1723 3468 2057 3543 ordinavit,
2090 3468 2220 3533 ulla
2252 3487 2364 3533 eos
2387 3489 2467 3534 ex
2496 3469 2759 3533 nomine
2779 3469 2999 3532 Acacii

376 3572 590 3656 portio
639 3573 942 3638 laesionis
991 3575 1272 3654 attingit:
1336 3593 1463 3656 quo
1513 3574 1781 3638 forsitan
1829 3593 1944 3656 per
1993 3576 2279 3658 iniquum
2328 3575 2565 3639 tradita
2610 3575 3000 3638 sacramenti

377 3680 590 3761 gratia
621 3679 832 3743 minus
862 3680 1049 3744 firma
1078 3682 1424 3746 videatur.‘

559 3803 812 3867 Vocant
846 3823 908 3872 e.
941 3804 1410 3870 ordinationem
1443 3824 1605 3887 opus
1637 3806 1939 3882 divinum,
1957 3808 2088 3871 imo
2108 3807 2345 3871 diserte
2376 3827 2407 3871 s
2425 3825 2465 3870 a
2480 3826 2515 3870 c
2534 3826 2567 3870 r
2583 3824 2623 3869 a
2639 3825 2705 3868 m
2721 3825 2756 3872 e
2773 3827 2815 3870 n
2832 3812 2916 3870 tu
2934 3826 2999 3871 m

385 3918 451 3974 et
483 3910 742 3993 quidem
772 3929 994 3975 verum
1025 3913 1497 3995 propriumque,
1528 3932 1660 3977 non
1692 3915 1902 3977 minus
1936 3932 2127 3996 quam
2162 3913 2499 3995 baptisma.

561 4039 654 4097 Ita
686 4039 1020 4114 Optatus
1066 4040 1139 4110 11,
1179 4049 1291 4103 21:
1339 4040 1636 4110 ,Perfecti
1668 4040 1907 4101 fuerant
1937 4043 2028 4101 illi
2059 4062 2234 4119 opere
2268 4043 2391 4105 scil.
2424 4043 2548 4114 Dei,
2602 4043 2706 4118 qui
2757 4045 2820 4102 in
2869 4044 3002 4119 ejus

381 4126 623 4187 nomine
653 4128 890 4186 fuerant
920 4128 1195 4187 ordinati.
1243 4129 1319 4187 Et
1347 4149 1454 4189 vos
1487 4134 1692 4190 contra
1724 4150 1873 4208 opus
1906 4132 2011 4190 Dei
2043 4131 2341 4190 hostiliter
2372 4132 2699 4191 militantes
2731 4132 3001 4192 divinum

381 4234 532 4292 opus
551 4217 813 4275 malitiae
831 4218 1103 4277 vectibus
1123 4219 1511 4277 destruentes.
1528 4228 1556 4257 ‘
1578 4252 1663 4261 —-
1684 4222 1736 4277 A
1751 4239 1795 4278 u
1809 4241 1849 4297 g
1864 4241 1906 4279 u
1922 4239 1949 4278 s
1966 4221 2025 4279 ti
2043 4240 2083 4279 ιι
2100 4240 2183 4279 us
2214 4239 2260 4279 c.
2281 4240 2372 4296 ep.
2397 4223 2583 4283 Parm.
2606 4222 2679 4291 11,
2712 4233 2784 4285 13
2807 4242 2865 4280 n.
2890 4231 3000 4284 30:

383 4305 491 4374 ,Si
523 4309 847 4381 utrumque
882 4303 1202 4388 (baptisma
1245 4312 1307 4366 et
1350 4305 1666 4389 ordinatio)
1700 4313 2132 4369 sacramentum
2178 4316 2287 4380 est,
2335 4310 2494 4385 quod
2540 4330 2676 4369 nem
2872 4311 2883 4322 “

384 4411 491 4453 cur
535 4394 689 4453 illud
733 4413 855 4454 non
900 4396 1204 4454 amittitur
1235 4392 1590 4478 (defectione
1634 4398 1706 4457 ab
1739 4394 2041 4480 Ecclesia),
2088 4402 2150 4457 et
2195 4398 2307 4456 illu
2381 4401 2724 4471 amittitur?
2786 4399 3001 4459 Neutri
3034 4386 3387 4452 Sca-am

387 4488 755 4542 sacramento
787 4483 1009 4559 injuria
1039 4484 1306 4544 facienda
1336 4490 1504 4556 est;‘
1552 4506 1609 4545 n.
1648 4496 1760 4557 283
1808 4487 1880 4545 de
1912 4487 2072 4564 bapt.
2104 4487 2150 4557 Ι,
2194 4499 2216 4549 1
2261 4507 2315 4549 n.
2354 4497 2387 4549 2
2424 4492 2485 4546 et
2516 4506 2687 4564 saepe
2720 4490 2881 4548 alibi.
2915 4521 3003 4533 --
3056 4488 3229 4555 aa„
3243 4482 3440 4545 Ιῗινῧ
3489 4512 3492 4527 ·

386 4572 811 4649 Gregorius
843 4574 920 4636 Μ.
952 4575 990 4631 1.
1029 4584 1060 4636 5
1095 4574 1160 4632 in
1192 4575 1229 4632 l.
1271 4587 1319 4638 1.
1353 4575 1492 4652 Reg.
1525 4586 1642 4637 c.-¹6
1679 4595 1735 4633 ιι.
1772 4585 1841 4637 21
1885 4577 2015 4635 etl.
2051 4586 2087 4637 4
2122 4595 2170 4635 c.
2206 4585 2240 4639 5
2277 4596 2333 4634 ιι.
2371 4587 2426 4649 6,
2460 4578 2567 4635 ubi
2600 4578 2896 4638 disserens
2930 4578 3005 4636 de

386 4660 726 4720 inunctione
759 4662 953 4722 Saulis
984 4663 1047 4721 in
1078 4683 1276 4740 regem
1309 4664 1395 4721 ita
1425 4664 1660 4722 scribit:
1698 4665 1866 4733 ,Hoc
1898 4667 2163 4741 profecto
2196 4666 2303 4723 hac
2334 4667 2613 4725 unctione
2633 4668 3003 4744 exprimitur,

387 4752 545 4824 quod
576 4751 640 4808 in
672 4756 876 4810 sancta
892 4751 1152 4811 Ecclesia
1181 4771 1341 4811 nunc
1361 4753 1539 4811 etiam
1560 4754 1950 4813 materialiter
1968 4755 2308 4814 exhibetur:
2344 4756 2485 4832 quia
2516 4757 2621 4831 qui
2651 4756 2715 4816 in
2746 4757 3008 4816 culmine
