<?xml version="1.0" encoding="UTF-8"?>
<!DOCTYPE html PUBLIC "-//W3C//DTD XHTML 1.0 Transitional//EN"
    "http://www.w3.org/TR/xhtml1/DTD/xhtml1-transitional.dtd">
<html xmlns="http://www.w3.org/1999/xhtml" xml:lang="en" lang="en">
 <head>
  <title>
</title>
<meta http-equiv="Content-Type" content="text/html;charset=utf-8" />
  <meta name='ocr-system' content='tesseract 3.04.00' />
  <meta name='ocr-capabilities' content='ocr_page ocr_carea ocr_par ocr_line ocrx_word'/>
</head>
<body>
  <div class='ocr_page' id='page_1' title='image "./theologiaedogma00hurtgoog_0707.png"; bbox 0 0 3538 5364; ppageno 0'>
   <div class='ocr_carea' id='block_1_1' title="bbox 1614 288 1795 340">
    <p class='ocr_par' dir='ltr' id='par_1_1' title="bbox 1614 288 1795 340">
     <span class='ocr_line' id='line_1_1' title="bbox 1614 288 1795 340; baseline 0 0"><span class='ocrx_word' id='word_1_1' title='bbox 1614 288 1795 340; x_wconf 77' lang='lat' dir='ltr'><strong>Index.</strong></span> 
     </span>
    </p>
   </div>
   <div class='ocr_carea' id='block_1_2' title="bbox 399 553 2731 891">
    <p class='ocr_par' dir='ltr' id='par_1_2' title="bbox 403 553 2249 624">
     <span class='ocr_line' id='line_1_2' title="bbox 403 553 2249 624; baseline -0.001 -16"><span class='ocrx_word' id='word_1_2' title='bbox 403 554 599 608; x_wconf 84' lang='lat' dir='ltr'><strong>Thesis</strong></span> <span class='ocrx_word' id='word_1_3' title='bbox 632 557 746 610; x_wconf 83' lang='lat'>179.</span> <span class='ocrx_word' id='word_1_4' title='bbox 773 553 805 607; x_wconf 85' lang='lat' dir='ltr'>J</span> <span class='ocrx_word' id='word_1_5' title='bbox 811 556 973 608; x_wconf 84' lang='lat' dir='ltr'><strong>ustus</strong></span> <span class='ocrx_word' id='word_1_6' title='bbox 999 553 1117 609; x_wconf 89' lang='lat' dir='ltr'><strong>sine</strong></span> <span class='ocrx_word' id='word_1_7' title='bbox 1146 553 1383 624; x_wconf 83' lang='lat' dir='ltr'><strong>speciali</strong></span> <span class='ocrx_word' id='word_1_8' title='bbox 1407 554 1626 608; x_wconf 84' lang='lat' dir='ltr'><strong>auxilio</strong></span> <span class='ocrx_word' id='word_1_9' title='bbox 1654 569 2015 624; x_wconf 81' lang='lat' dir='ltr'><strong>perseverare</strong></span> <span class='ocrx_word' id='word_1_10' title='bbox 2044 554 2249 623; x_wconf 88' lang='lat' dir='ltr'><strong>nequit</strong></span> 
     </span>
    </p>

    <p class='ocr_par' dir='ltr' id='par_1_3' title="bbox 399 642 2731 891">
     <span class='ocr_line' id='line_1_3' title="bbox 399 642 2729 713; baseline -0.001 -15"><span class='ocrx_word' id='word_1_11' title='bbox 399 644 443 698; x_wconf 88' lang='grc' dir='ltr'><strong>Τ</strong></span> <span class='ocrx_word' id='word_1_12' title='bbox 445 644 596 698; x_wconf 85' lang='lat' dir='ltr'><strong>hesis</strong></span> <span class='ocrx_word' id='word_1_13' title='bbox 625 650 746 699; x_wconf 89' lang='grc'><strong>180.</strong></span> <span class='ocrx_word' id='word_1_14' title='bbox 770 642 802 695; x_wconf 85' lang='lat' dir='ltr'>J</span> <span class='ocrx_word' id='word_1_15' title='bbox 809 645 971 696; x_wconf 81' lang='lat' dir='ltr'><strong>ustus</strong></span> <span class='ocrx_word' id='word_1_16' title='bbox 997 642 1118 696; x_wconf 87' lang='lat' dir='ltr'><strong>sine</strong></span> <span class='ocrx_word' id='word_1_17' title='bbox 1144 642 1452 713; x_wconf 78' lang='lat' dir='ltr'><strong>privilegio</strong></span> <span class='ocrx_word' id='word_1_18' title='bbox 1479 642 1687 711; x_wconf 88' lang='lat' dir='ltr'><strong>nequit</strong></span> <span class='ocrx_word' id='word_1_19' title='bbox 1711 642 1893 696; x_wconf 83' lang='lat' dir='ltr'><strong>vitare</strong></span> <span class='ocrx_word' id='word_1_20' title='bbox 1921 643 2113 696; x_wconf 86' lang='lat' dir='ltr'><strong>omnia</strong></span> <span class='ocrx_word' id='word_1_21' title='bbox 2142 642 2394 695; x_wconf 79' lang='lat' dir='ltr'><strong>venialia</strong></span> <span class='ocrx_word' id='word_1_22' title='bbox 2421 646 2649 713; x_wconf 81' lang='lat' dir='ltr'><strong>peccata</strong></span> <span class='ocrx_word' id='word_1_23' title='bbox 2718 684 2729 695; x_wconf 92' lang='lat'>.</span> 
     </span>
     <span class='ocr_line' id='line_1_4' title="bbox 752 730 2731 802; baseline 0.001 -19"><span class='ocrx_word' id='word_1_24' title='bbox 752 732 787 783; x_wconf 79' lang='lat' dir='ltr'>S</span> <span class='ocrx_word' id='word_1_25' title='bbox 804 747 833 783; x_wconf 86' lang='lat' dir='ltr'><strong>o</strong></span> <span class='ocrx_word' id='word_1_26' title='bbox 848 730 887 783; x_wconf 96' lang='grc'><strong>11</strong></span> <span class='ocrx_word' id='word_1_27' title='bbox 905 730 1059 784; x_wconf 90' lang='lat' dir='ltr'><strong>olio</strong></span> <span class='ocrx_word' id='word_1_28' title='bbox 1077 749 1129 787; x_wconf 90' lang='lat' dir='ltr'><strong>n.</strong></span> <span class='ocrx_word' id='word_1_29' title='bbox 1160 731 1312 785; x_wconf 90' lang='lat' dir='ltr'><strong>Num</strong></span> <span class='ocrx_word' id='word_1_30' title='bbox 1347 734 1610 802; x_wconf 86' lang='lat' dir='ltr'><strong>peccator</strong></span> <span class='ocrx_word' id='word_1_31' title='bbox 1639 730 1821 801; x_wconf 87' lang='lat' dir='ltr'><strong>possit</strong></span> <span class='ocrx_word' id='word_1_32' title='bbox 1845 730 2027 785; x_wconf 81' lang='lat' dir='ltr'><strong>vitare</strong></span> <span class='ocrx_word' id='word_1_33' title='bbox 2052 730 2245 785; x_wconf 86' lang='lat' dir='ltr'><strong>omnia</strong></span> <span class='ocrx_word' id='word_1_34' title='bbox 2272 733 2502 801; x_wconf 79' lang='lat' dir='ltr'><strong>peecata</strong></span> <span class='ocrx_word' id='word_1_35' title='bbox 2532 732 2731 801; x_wconf 84' lang='lat' dir='ltr'><strong>gravia</strong></span> 
     </span>
     <span class='ocr_line' id='line_1_5' title="bbox 731 819 2692 891; baseline 0.002 -20"><span class='ocrx_word' id='word_1_36' title='bbox 731 820 793 873; x_wconf 93' lang='lat' dir='ltr'><strong>B.</strong></span> <span class='ocrx_word' id='word_1_37' title='bbox 815 820 895 874; x_wconf 89' lang='lat' dir='ltr'><strong>De</strong></span> <span class='ocrx_word' id='word_1_38' title='bbox 923 819 1258 875; x_wconf 85' lang='lat' dir='ltr'><strong>necessitate</strong></span> <span class='ocrx_word' id='word_1_39' title='bbox 1284 820 1533 891; x_wconf 83' lang='lat' dir='ltr'><strong>alicujus</strong></span> <span class='ocrx_word' id='word_1_40' title='bbox 1557 820 1838 889; x_wconf 79' lang='lat' dir='ltr'><strong>adjutorii</strong></span> <span class='ocrx_word' id='word_1_41' title='bbox 1864 819 1970 874; x_wconf 92' lang='lat' dir='ltr'><strong>Dei</strong></span> <span class='ocrx_word' id='word_1_42' title='bbox 1997 820 2070 874; x_wconf 84' lang='lat' dir='ltr'><strong>ad</strong></span> <span class='ocrx_word' id='word_1_43' title='bbox 2096 822 2258 874; x_wconf 85' lang='lat' dir='ltr'><strong>actus</strong></span> <span class='ocrx_word' id='word_1_44' title='bbox 2284 820 2469 877; x_wconf 81' lang='lat' dir='ltr'><strong>ethice</strong></span> <span class='ocrx_word' id='word_1_45' title='bbox 2498 823 2692 877; x_wconf 81' lang='lat' dir='ltr'><strong>bonos.</strong></span> 
     </span>
    </p>
   </div>
   <div class='ocr_carea' id='block_1_3' title="bbox 399 926 2730 1087">
    <p class='ocr_par' dir='ltr' id='par_1_4' title="bbox 399 926 2730 1087">
     <span class='ocr_line' id='line_1_6' title="bbox 399 926 2730 999; baseline 0 -17"><span class='ocrx_word' id='word_1_46' title='bbox 399 929 596 982; x_wconf 87' lang='lat' dir='ltr'><strong>Thesis</strong></span> <span class='ocrx_word' id='word_1_47' title='bbox 630 928 745 984; x_wconf 86' lang='grc'><strong>181.</strong></span> <span class='ocrx_word' id='word_1_48' title='bbox 773 927 954 982; x_wconf 87' lang='lat' dir='ltr'>Homo</span> <span class='ocrx_word' id='word_1_49' title='bbox 980 928 1176 998; x_wconf 85' lang='lat' dir='ltr'><strong>lapsus</strong></span> <span class='ocrx_word' id='word_1_50' title='bbox 1201 926 1492 996; x_wconf 83' lang='lat' dir='ltr'><strong>adjutorio</strong></span> <span class='ocrx_word' id='word_1_51' title='bbox 1519 928 1717 996; x_wconf 82' lang='lat' dir='ltr'><strong>aliquo</strong></span> <span class='ocrx_word' id='word_1_52' title='bbox 1744 929 1876 998; x_wconf 81' lang='lat' dir='ltr'><strong>eget</strong></span> <span class='ocrx_word' id='word_1_53' title='bbox 1893 928 1966 981; x_wconf 84' lang='lat' dir='ltr'><strong>ad</strong></span> <span class='ocrx_word' id='word_1_54' title='bbox 1989 929 2324 984; x_wconf 83' lang='lat' dir='ltr'><strong>servandam</strong></span> <span class='ocrx_word' id='word_1_55' title='bbox 2345 932 2523 983; x_wconf 82' lang='lat' dir='ltr'><strong>totam</strong></span> <span class='ocrx_word' id='word_1_56' title='bbox 2545 929 2730 999; x_wconf 86' lang='lat' dir='ltr'><strong>legem</strong></span> 
     </span>
     <span class='ocr_line' id='line_1_7' title="bbox 823 1015 2251 1087; baseline -0.001 -17"><span class='ocrx_word' id='word_1_57' title='bbox 823 1019 1063 1070; x_wconf 84' lang='lat' dir='ltr'><strong>naturae</strong></span> <span class='ocrx_word' id='word_1_58' title='bbox 1091 1019 1149 1071; x_wconf 91' lang='lat' dir='ltr'><strong>et</strong></span> <span class='ocrx_word' id='word_1_59' title='bbox 1172 1016 1245 1070; x_wconf 85' lang='lat' dir='ltr'><strong>ad</strong></span> <span class='ocrx_word' id='word_1_60' title='bbox 1273 1016 1583 1071; x_wconf 80' lang='lat' dir='ltr'><strong>vincendas</strong></span> <span class='ocrx_word' id='word_1_61' title='bbox 1609 1032 1813 1087; x_wconf 84' lang='lat' dir='ltr'><strong>graves</strong></span> <span class='ocrx_word' id='word_1_62' title='bbox 1840 1015 2186 1071; x_wconf 73' lang='lat' dir='ltr'><strong>tentationes</strong></span> <span class='ocrx_word' id='word_1_63' title='bbox 2240 1059 2251 1069; x_wconf 92' lang='lat'>.</span> 
     </span>
    </p>
   </div>
   <div class='ocr_carea' id='block_1_4' title="bbox 895 1141 2516 1213">
    <p class='ocr_par' dir='ltr' id='par_1_5' title="bbox 895 1141 2516 1213">
     <span class='ocr_line' id='line_1_8' title="bbox 895 1141 2516 1213; baseline -0.003 -15"><span class='ocrx_word' id='word_1_64' title='bbox 895 1150 921 1208; x_wconf 72' lang='grc'><strong>5</strong></span> <span class='ocrx_word' id='word_1_65' title='bbox 950 1149 999 1198; x_wconf 85' lang='grc'><strong>2.</strong></span> <span class='ocrx_word' id='word_1_66' title='bbox 1028 1142 1388 1198; x_wconf 84' lang='lat' dir='ltr'><strong>Refelluntur</strong></span> <span class='ocrx_word' id='word_1_67' title='bbox 1416 1145 1829 1213; x_wconf 69' lang='lat' dir='ltr'>exaggerantes</span> <span class='ocrx_word' id='word_1_68' title='bbox 1858 1141 2252 1196; x_wconf 78' lang='lat' dir='ltr'><strong>necessitatem</strong></span> <span class='ocrx_word' id='word_1_69' title='bbox 2278 1141 2516 1212; x_wconf 82' lang='lat' dir='ltr'><strong>gratiae.</strong></span> 
     </span>
    </p>
   </div>
   <div class='ocr_carea' id='block_1_5' title="bbox 401 1246 2734 1941">
    <p class='ocr_par' dir='ltr' id='par_1_6' title="bbox 402 1246 2733 1406">
     <span class='ocr_line' id='line_1_9' title="bbox 402 1246 2733 1319; baseline 0 -19"><span class='ocrx_word' id='word_1_70' title='bbox 402 1246 600 1301; x_wconf 85' lang='lat' dir='ltr'><strong>Thesis</strong></span> <span class='ocrx_word' id='word_1_71' title='bbox 631 1252 747 1303; x_wconf 82' lang='grc'><strong>182.</strong></span> <span class='ocrx_word' id='word_1_72' title='bbox 775 1247 974 1301; x_wconf 83' lang='lat' dir='ltr'><strong>Gratia</strong></span> <span class='ocrx_word' id='word_1_73' title='bbox 1001 1248 1362 1303; x_wconf 83' lang='lat' dir='ltr'><strong>sanctificans</strong></span> <span class='ocrx_word' id='word_1_74' title='bbox 1387 1266 1500 1305; x_wconf 88' lang='lat' dir='ltr'><strong>non</strong></span> <span class='ocrx_word' id='word_1_75' title='bbox 1523 1252 1613 1303; x_wconf 86' lang='lat' dir='ltr'><strong>est</strong></span> <span class='ocrx_word' id='word_1_76' title='bbox 1638 1248 1952 1303; x_wconf 75' lang='lat' dir='ltr'><strong>necessaria</strong></span> <span class='ocrx_word' id='word_1_77' title='bbox 1979 1248 2050 1302; x_wconf 85' lang='lat' dir='ltr'><strong>ad</strong></span> <span class='ocrx_word' id='word_1_78' title='bbox 2079 1264 2241 1303; x_wconf 91' lang='lat' dir='ltr'><strong>omne</strong></span> <span class='ocrx_word' id='word_1_79' title='bbox 2271 1264 2414 1319; x_wconf 88' lang='lat' dir='ltr'><strong>opus</strong></span> <span class='ocrx_word' id='word_1_80' title='bbox 2441 1248 2657 1303; x_wconf 88' lang='lat' dir='ltr'><strong>bonum</strong></span> <span class='ocrx_word' id='word_1_81' title='bbox 2721 1289 2733 1301; x_wconf 92' lang='lat'><strong>.</strong></span> 
     </span>
     <span class='ocr_line' id='line_1_10' title="bbox 755 1334 2250 1406; baseline 0.003 -18"><span class='ocrx_word' id='word_1_82' title='bbox 755 1334 791 1388; x_wconf 83' lang='lat' dir='ltr'>S</span> <span class='ocrx_word' id='word_1_83' title='bbox 809 1352 837 1389; x_wconf 85' lang='lat' dir='ltr'><strong>e</strong></span> <span class='ocrx_word' id='word_1_84' title='bbox 856 1336 892 1388; x_wconf 90' lang='lat' dir='ltr'>h</span> <span class='ocrx_word' id='word_1_85' title='bbox 912 1335 1019 1389; x_wconf 91' lang='lat' dir='ltr'><strong>oli</strong></span> <span class='ocrx_word' id='word_1_86' title='bbox 1035 1353 1067 1391; x_wconf 96' lang='lat' dir='ltr'>o</span> <span class='ocrx_word' id='word_1_87' title='bbox 1087 1356 1140 1391; x_wconf 91' lang='lat' dir='ltr'><strong>n.</strong></span> <span class='ocrx_word' id='word_1_88' title='bbox 1165 1336 1479 1391; x_wconf 77' lang='lat' dir='ltr'><strong>Solvuntur</strong></span> <span class='ocrx_word' id='word_1_89' title='bbox 1505 1335 1854 1406; x_wconf 84' lang='lat' dir='ltr'><strong>objectiones</strong></span> <span class='ocrx_word' id='word_1_90' title='bbox 1920 1375 1931 1387; x_wconf 89' lang='lat'><strong>.</strong></span> <span class='ocrx_word' id='word_1_91' title='bbox 2238 1379 2250 1392; x_wconf 88' lang='lat'><strong>.</strong></span> 
     </span>
    </p>

    <p class='ocr_par' dir='ltr' id='par_1_7' title="bbox 401 1422 2415 1493">
     <span class='ocr_line' id='line_1_11' title="bbox 401 1422 2415 1493; baseline 0.001 -18"><span class='ocrx_word' id='word_1_92' title='bbox 401 1422 599 1477; x_wconf 87' lang='lat' dir='ltr'><strong>Thesis</strong></span> <span class='ocrx_word' id='word_1_93' title='bbox 631 1430 745 1479; x_wconf 91' lang='grc'><strong>183.</strong></span> <span class='ocrx_word' id='word_1_94' title='bbox 774 1424 938 1478; x_wconf 80' lang='lat' dir='ltr'>Fides</span> <span class='ocrx_word' id='word_1_95' title='bbox 964 1442 1079 1479; x_wconf 90' lang='grc'><strong>11011</strong></span> <span class='ocrx_word' id='word_1_96' title='bbox 1105 1429 1193 1479; x_wconf 87' lang='lat' dir='ltr'><strong>est</strong></span> <span class='ocrx_word' id='word_1_97' title='bbox 1216 1426 1531 1480; x_wconf 84' lang='lat' dir='ltr'><strong>necessaria</strong></span> <span class='ocrx_word' id='word_1_98' title='bbox 1556 1426 1628 1478; x_wconf 85' lang='lat' dir='ltr'><strong>ad</strong></span> <span class='ocrx_word' id='word_1_99' title='bbox 1657 1441 1803 1493; x_wconf 89' lang='lat' dir='ltr'><strong>opus</strong></span> <span class='ocrx_word' id='word_1_100' title='bbox 1830 1425 2013 1478; x_wconf 84' lang='lat' dir='ltr'><strong>ethice</strong></span> <span class='ocrx_word' id='word_1_101' title='bbox 2044 1426 2254 1478; x_wconf 87' lang='lat' dir='ltr'><strong>bonum</strong></span> <span class='ocrx_word' id='word_1_102' title='bbox 2401 1464 2415 1478; x_wconf 88' lang='lat'>.</span> 
     </span>
    </p>

    <p class='ocr_par' dir='ltr' id='par_1_8' title="bbox 402 1510 2734 1673">
     <span class='ocr_line' id='line_1_12' title="bbox 402 1510 2732 1585; baseline 0.003 -22"><span class='ocrx_word' id='word_1_103' title='bbox 402 1510 600 1565; x_wconf 87' lang='lat' dir='ltr'><strong>Thesis</strong></span> <span class='ocrx_word' id='word_1_104' title='bbox 630 1519 748 1568; x_wconf 82' lang='lat'>184.</span> <span class='ocrx_word' id='word_1_105' title='bbox 776 1512 976 1582; x_wconf 82' lang='lat' dir='ltr'>Neque</span> <span class='ocrx_word' id='word_1_106' title='bbox 1005 1516 1235 1569; x_wconf 84' lang='lat' dir='ltr'><strong>obstant</strong></span> <span class='ocrx_word' id='word_1_107' title='bbox 1260 1514 1420 1569; x_wconf 83' lang='lat' dir='ltr'><strong>Rom.</strong></span> <span class='ocrx_word' id='word_1_108' title='bbox 1453 1523 1533 1577; x_wconf 89' lang='grc'><strong>14,</strong></span> <span class='ocrx_word' id='word_1_109' title='bbox 1562 1521 1660 1573; x_wconf 74' lang='grc' dir='ltr'><strong>23ς</strong></span> <span class='ocrx_word' id='word_1_110' title='bbox 1686 1513 1760 1566; x_wconf 79' lang='grc' dir='ltr'><strong>1ιά</strong></span> <span class='ocrx_word' id='word_1_111' title='bbox 1789 1512 1901 1567; x_wconf 87' lang='lat' dir='ltr'><strong>Tit.</strong></span> <span class='ocrx_word' id='word_1_112' title='bbox 1937 1522 1979 1577; x_wconf 90' lang='grc'><strong>1,</strong></span> <span class='ocrx_word' id='word_1_113' title='bbox 2014 1521 2105 1572; x_wconf 90' lang='grc'><strong>15·</strong></span> <span class='ocrx_word' id='word_1_114' title='bbox 2134 1513 2303 1567; x_wconf 84' lang='lat' dir='ltr'><strong>Hebr.</strong></span> <span class='ocrx_word' id='word_1_115' title='bbox 2333 1523 2415 1577; x_wconf 94' lang='grc'><strong>11,</strong></span> <span class='ocrx_word' id='word_1_116' title='bbox 2444 1521 2505 1573; x_wconf 88' lang='grc'><strong>6·</strong></span> <span class='ocrx_word' id='word_1_117' title='bbox 2550 1532 2732 1585; x_wconf 85' lang='lat' dir='ltr'><strong>neque</strong></span> 
     </span>
     <span class='ocr_line' id='line_1_13' title="bbox 827 1601 2734 1673; baseline 0.001 -18"><span class='ocrx_word' id='word_1_118' title='bbox 827 1602 1088 1656; x_wconf 86' lang='lat' dir='ltr'><strong>doctrina</strong></span> <span class='ocrx_word' id='word_1_119' title='bbox 1116 1601 1448 1673; x_wconf 74' lang='lat' dir='ltr'><strong>Augustini,</strong></span> <span class='ocrx_word' id='word_1_120' title='bbox 1476 1616 1648 1672; x_wconf 82' lang='lat' dir='ltr'><strong>opera</strong></span> <span class='ocrx_word' id='word_1_121' title='bbox 1675 1601 1996 1657; x_wconf 83' lang='lat' dir='ltr'><strong>infidelium</strong></span> <span class='ocrx_word' id='word_1_122' title='bbox 2024 1618 2142 1656; x_wconf 86' lang='lat' dir='ltr'><strong>esse</strong></span> <span class='ocrx_word' id='word_1_123' title='bbox 2170 1606 2399 1673; x_wconf 77' lang='lat' dir='ltr'><strong>peccata</strong></span> <span class='ocrx_word' id='word_1_124' title='bbox 2723 1645 2734 1656; x_wconf 94' lang='lat'>.</span> 
     </span>
    </p>

    <p class='ocr_par' dir='ltr' id='par_1_9' title="bbox 403 1690 2733 1851">
     <span class='ocr_line' id='line_1_14' title="bbox 403 1690 2733 1762; baseline 0.001 -18"><span class='ocrx_word' id='word_1_125' title='bbox 403 1691 601 1745; x_wconf 87' lang='lat' dir='ltr'><strong>Thesis</strong></span> <span class='ocrx_word' id='word_1_126' title='bbox 632 1697 749 1746; x_wconf 82' lang='lat'>185.</span> <span class='ocrx_word' id='word_1_127' title='bbox 779 1690 959 1746; x_wconf 86' lang='lat' dir='ltr'>Homo</span> <span class='ocrx_word' id='word_1_128' title='bbox 1001 1692 1197 1761; x_wconf 86' lang='lat' dir='ltr'><strong>lapsus</strong></span> <span class='ocrx_word' id='word_1_129' title='bbox 1237 1694 1426 1761; x_wconf 85' lang='lat' dir='ltr'><strong>potest</strong></span> <span class='ocrx_word' id='word_1_130' title='bbox 1464 1690 1585 1744; x_wconf 88' lang='lat' dir='ltr'><strong>sine</strong></span> <span class='ocrx_word' id='word_1_131' title='bbox 1624 1692 1816 1761; x_wconf 82' lang='lat' dir='ltr'><strong>gratia</strong></span> <span class='ocrx_word' id='word_1_132' title='bbox 1855 1690 2091 1759; x_wconf 79' lang='lat' dir='ltr'>aliquod</span> <span class='ocrx_word' id='word_1_133' title='bbox 2128 1708 2272 1762; x_wconf 87' lang='lat' dir='ltr'><strong>opus</strong></span> <span class='ocrx_word' id='word_1_134' title='bbox 2308 1693 2492 1747; x_wconf 81' lang='lat' dir='ltr'><strong>ethice</strong></span> <span class='ocrx_word' id='word_1_135' title='bbox 2522 1695 2733 1748; x_wconf 86' lang='lat' dir='ltr'><strong>bonum</strong></span> 
     </span>
     <span class='ocr_line' id='line_1_15' title="bbox 828 1780 2576 1851; baseline 0.002 -19"><span class='ocrx_word' id='word_1_136' title='bbox 828 1780 1012 1833; x_wconf 78' lang='lat' dir='ltr'><strong>faeere</strong></span> <span class='ocrx_word' id='word_1_137' title='bbox 1039 1782 1095 1833; x_wconf 88' lang='lat' dir='ltr'><strong>et</strong></span> <span class='ocrx_word' id='word_1_138' title='bbox 1123 1780 1403 1849; x_wconf 81' lang='lat' dir='ltr'><strong>quaedam</strong></span> <span class='ocrx_word' id='word_1_139' title='bbox 1432 1780 1575 1850; x_wconf 87' lang='lat' dir='ltr'><strong>legis</strong></span> <span class='ocrx_word' id='word_1_140' title='bbox 1605 1781 1884 1834; x_wconf 78' lang='lat' dir='ltr'><strong>naturalis</strong></span> <span class='ocrx_word' id='word_1_141' title='bbox 1913 1784 2215 1851; x_wconf 82' lang='lat' dir='ltr'><strong>praecepta</strong></span> <span class='ocrx_word' id='word_1_142' title='bbox 2243 1799 2463 1836; x_wconf 80' lang='lat' dir='ltr'><strong>servare</strong></span> <span class='ocrx_word' id='word_1_143' title='bbox 2565 1825 2576 1835; x_wconf 94' lang='lat'>.</span> 
     </span>
    </p>

    <p class='ocr_par' dir='ltr' id='par_1_10' title="bbox 404 1866 2576 1941">
     <span class='ocr_line' id='line_1_16' title="bbox 404 1866 2576 1941; baseline 0.002 -20"><span class='ocrx_word' id='word_1_144' title='bbox 404 1868 602 1921; x_wconf 87' lang='lat' dir='ltr'><strong>Thesis</strong></span> <span class='ocrx_word' id='word_1_145' title='bbox 634 1874 750 1924; x_wconf 85' lang='grc'><strong>186.</strong></span> <span class='ocrx_word' id='word_1_146' title='bbox 777 1866 992 1922; x_wconf 86' lang='lat' dir='ltr'><strong>Satisfit</strong></span> <span class='ocrx_word' id='word_1_147' title='bbox 1018 1867 1437 1937; x_wconf 86' lang='lat' dir='ltr'><strong>objectionibus</strong></span> <span class='ocrx_word' id='word_1_148' title='bbox 1464 1886 1531 1922; x_wconf 82' lang='lat' dir='ltr'><strong>ex</strong></span> <span class='ocrx_word' id='word_1_149' title='bbox 1558 1868 1869 1939; x_wconf 79' lang='lat' dir='ltr'><strong>Scriptura,</strong></span> <span class='ocrx_word' id='word_1_150' title='bbox 1897 1870 2150 1925; x_wconf 83' lang='lat' dir='ltr'><strong>conciliis</strong></span> <span class='ocrx_word' id='word_1_151' title='bbox 2178 1873 2237 1925; x_wconf 92' lang='lat' dir='ltr'><strong>et</strong></span> <span class='ocrx_word' id='word_1_152' title='bbox 2262 1871 2525 1941; x_wconf 85' lang='lat' dir='ltr'><strong>patribus</strong></span> <span class='ocrx_word' id='word_1_153' title='bbox 2564 1913 2576 1925; x_wconf 92' lang='lat'><strong>.</strong></span> 
     </span>
    </p>
   </div>
   <div class='ocr_carea' id='block_1_6' title="bbox 760 1956 2737 2102">
    <p class='ocr_par' dir='ltr' id='par_1_11' title="bbox 760 1956 2737 2102">
     <span class='ocr_line' id='line_1_17' title="bbox 760 1956 2737 2015; baseline 0.002 -4"><span class='ocrx_word' id='word_1_154' title='bbox 760 1958 795 2011; x_wconf 80' lang='lat' dir='ltr'>S</span> <span class='ocrx_word' id='word_1_155' title='bbox 814 1976 840 2011; x_wconf 88' lang='lat' dir='ltr'>c</span> <span class='ocrx_word' id='word_1_156' title='bbox 858 1958 895 2010; x_wconf 87' lang='grc'><strong>11</strong></span> <span class='ocrx_word' id='word_1_157' title='bbox 914 1958 983 2010; x_wconf 87' lang='lat' dir='ltr'><strong>ol</strong></span> <span class='ocrx_word' id='word_1_158' title='bbox 1001 1956 1067 2011; x_wconf 87' lang='grc'><strong>10</strong></span> <span class='ocrx_word' id='word_1_159' title='bbox 1084 1975 1139 2010; x_wconf 88' lang='grc'><strong>11.</strong></span> <span class='ocrx_word' id='word_1_160' title='bbox 1169 1958 1426 2011; x_wconf 88' lang='lat' dir='ltr'><strong>Possitne</strong></span> <span class='ocrx_word' id='word_1_161' title='bbox 1457 1958 1626 2011; x_wconf 87' lang='lat' dir='ltr'><strong>homo</strong></span> <span class='ocrx_word' id='word_1_162' title='bbox 1655 1958 1797 2011; x_wconf 81' lang='lat' dir='ltr'><strong>solis</strong></span> <span class='ocrx_word' id='word_1_163' title='bbox 1824 1957 2045 2013; x_wconf 84' lang='lat' dir='ltr'><strong>viribus</strong></span> <span class='ocrx_word' id='word_1_164' title='bbox 2072 1963 2308 2013; x_wconf 82' lang='lat' dir='ltr'><strong>naturae</strong></span> <span class='ocrx_word' id='word_1_165' title='bbox 2349 1960 2548 2015; x_wconf 84' lang='lat' dir='ltr'><strong>elicere</strong></span> <span class='ocrx_word' id='word_1_166' title='bbox 2589 1978 2737 2015; x_wconf 81' lang='lat' dir='ltr'><strong>amo-</strong></span> 
     </span>
     <span class='ocr_line' id='line_1_18' title="bbox 830 2046 1132 2102; baseline 0.01 -3"><span class='ocrx_word' id='word_1_167' title='bbox 830 2063 948 2099; x_wconf 87' lang='lat' dir='ltr'><strong>rem</strong></span> <span class='ocrx_word' id='word_1_168' title='bbox 980 2046 1080 2100; x_wconf 89' lang='lat' dir='ltr'><strong>Dei</strong></span> <span class='ocrx_word' id='word_1_169' title='bbox 1118 2087 1132 2102; x_wconf 86' lang='lat'><strong>.</strong></span> 
     </span>
    </p>
   </div>
   <div class='ocr_carea' id='block_1_7' title="bbox 1247 2180 2176 2348">
    <p class='ocr_par' dir='ltr' id='par_1_12' title="bbox 1247 2180 2176 2348">
     <span class='ocr_line' id='line_1_19' title="bbox 1391 2180 2047 2238; baseline 0.002 -2"><span class='ocrx_word' id='word_1_170' title='bbox 1391 2180 1697 2237; x_wconf 80' lang='lat' dir='ltr'><strong>Articulus</strong></span> <span class='ocrx_word' id='word_1_171' title='bbox 1732 2180 2047 2238; x_wconf 44' lang='lat' dir='ltr'><strong>secundus-⁷1.</strong></span> 
     </span>
     <span class='ocr_line' id='line_1_20' title="bbox 1247 2277 2176 2348; baseline 0.002 -19"><span class='ocrx_word' id='word_1_172' title='bbox 1247 2277 1341 2329; x_wconf 91' lang='lat' dir='ltr'><strong>De</strong></span> <span class='ocrx_word' id='word_1_173' title='bbox 1381 2277 1819 2348; x_wconf 79' lang='lat' dir='ltr'><strong>gratuitate</strong></span> <span class='ocrx_word' id='word_1_174' title='bbox 1857 2277 2176 2347; x_wconf 84' lang='lat' dir='ltr'><strong>gratiae.</strong></span> 
     </span>
    </p>
   </div>
   <div class='ocr_carea' id='block_1_8' title="bbox 410 2383 2740 2705">
    <p class='ocr_par' dir='ltr' id='par_1_13' title="bbox 410 2383 2738 2705">
     <span class='ocr_line' id='line_1_21' title="bbox 410 2383 2738 2455; baseline -0.001 -14"><span class='ocrx_word' id='word_1_175' title='bbox 410 2386 606 2441; x_wconf 89' lang='lat' dir='ltr'><strong>Thesis</strong></span> <span class='ocrx_word' id='word_1_176' title='bbox 637 2392 756 2443; x_wconf 85' lang='grc'><strong>187.</strong></span> <span class='ocrx_word' id='word_1_177' title='bbox 783 2385 982 2438; x_wconf 81' lang='lat' dir='ltr'><strong>Gratia</strong></span> <span class='ocrx_word' id='word_1_178' title='bbox 1009 2401 1122 2437; x_wconf 92' lang='lat' dir='ltr'><strong>non</strong></span> <span class='ocrx_word' id='word_1_179' title='bbox 1150 2384 1322 2437; x_wconf 76' lang='lat' dir='ltr'><strong>datur</strong></span> <span class='ocrx_word' id='word_1_180' title='bbox 1348 2385 1421 2439; x_wconf 93' lang='lat' dir='ltr'><strong>ob</strong></span> <span class='ocrx_word' id='word_1_181' title='bbox 1449 2385 1630 2439; x_wconf 90' lang='lat' dir='ltr'><strong>ullum</strong></span> <span class='ocrx_word' id='word_1_182' title='bbox 1661 2384 1931 2438; x_wconf 88' lang='lat' dir='ltr'><strong>meritum</strong></span> <span class='ocrx_word' id='word_1_183' title='bbox 1962 2383 2239 2447; x_wconf 83' lang='lat' dir='ltr'><strong>naturale,</strong></span> <span class='ocrx_word' id='word_1_184' title='bbox 2272 2401 2372 2437; x_wconf 88' lang='lat' dir='ltr'><strong>nec</strong></span> <span class='ocrx_word' id='word_1_185' title='bbox 2396 2383 2453 2437; x_wconf 76' lang='lat' dir='ltr'><strong>vi</strong></span> <span class='ocrx_word' id='word_1_186' title='bbox 2474 2384 2738 2455; x_wconf 81' lang='lat' dir='ltr'><strong>impetra-</strong></span> 
     </span>
     <span class='ocr_line' id='line_1_22' title="bbox 830 2472 1939 2543; baseline 0 -17"><span class='ocrx_word' id='word_1_187' title='bbox 830 2474 1006 2526; x_wconf 87' lang='lat' dir='ltr'><strong>tionis</strong></span> <span class='ocrx_word' id='word_1_188' title='bbox 1033 2476 1090 2526; x_wconf 90' lang='lat' dir='ltr'><strong>et</strong></span> <span class='ocrx_word' id='word_1_189' title='bbox 1115 2472 1509 2543; x_wconf 79' lang='lat' dir='ltr'><strong>dispositionis</strong></span> <span class='ocrx_word' id='word_1_190' title='bbox 1536 2472 1819 2527; x_wconf 85' lang='lat' dir='ltr'><strong>naturalis</strong></span> <span class='ocrx_word' id='word_1_191' title='bbox 1928 2515 1939 2526; x_wconf 92' lang='lat'><strong>.</strong></span> 
     </span>
     <span class='ocr_line' id='line_1_23' title="bbox 760 2560 2740 2667; baseline -0.001 -51"><span class='ocrx_word' id='word_1_192' title='bbox 760 2562 945 2618; x_wconf 86' lang='lat' dir='ltr'>Soho</span> <span class='ocrx_word' id='word_1_193' title='bbox 965 2560 1020 2615; x_wconf 92' lang='lat' dir='ltr'><strong>li</strong></span> <span class='ocrx_word' id='word_1_194' title='bbox 1039 2577 1125 2614; x_wconf 91' lang='lat' dir='ltr'><strong>on</strong></span> <span class='ocrx_word' id='word_1_195' title='bbox 1181 2562 1217 2616; x_wconf 91' lang='grc' dir='ltr'><strong>Ι.</strong></span> <span class='ocrx_word' id='word_1_196' title='bbox 1246 2560 1631 2616; x_wconf 76' lang='lat' dir='ltr'><strong>vindicantur</strong></span> <span class='ocrx_word' id='word_1_197' title='bbox 1665 2564 1857 2632; x_wconf 83' lang='lat' dir='ltr'><strong>patres</strong></span> <span class='ocrx_word' id='word_1_198' title='bbox 1892 2561 2082 2632; x_wconf 81' lang='lat' dir='ltr'><strong>graeci</strong></span> <span class='ocrx_word' id='word_1_199' title='bbox 2117 2579 2150 2615; x_wconf 81' lang='lat' dir='ltr'><strong>a</strong></span> <span class='ocrx_word' id='word_1_200' title='bbox 2181 2566 2313 2615; x_wconf 80' lang='lat' dir='ltr'><strong>nota</strong></span> <span class='ocrx_word' id='word_1_201' title='bbox 2352 2561 2740 2667; x_wconf 80' lang='lat' dir='ltr'><strong>semipelagia-</strong></span> 
     </span>
     <span class='ocr_line' id='line_1_24' title="bbox 835 2650 1005 2705; baseline -0.006 0"><span class='ocrx_word' id='word_1_202' title='bbox 835 2650 1005 2705; x_wconf 90' lang='lat' dir='ltr'><strong>nismi</strong></span> 
     </span>
    </p>
   </div>
   <div class='ocr_carea' id='block_1_9' title="bbox 761 2737 2740 2898">
    <p class='ocr_par' dir='ltr' id='par_1_14' title="bbox 761 2737 2740 2898">
     <span class='ocr_line' id='line_1_25' title="bbox 761 2737 2740 2809; baseline 0 -14"><span class='ocrx_word' id='word_1_203' title='bbox 761 2741 796 2795; x_wconf 82' lang='lat' dir='ltr'>S</span> <span class='ocrx_word' id='word_1_204' title='bbox 815 2759 843 2795; x_wconf 84' lang='lat' dir='ltr'><strong>o</strong></span> <span class='ocrx_word' id='word_1_205' title='bbox 858 2739 897 2792; x_wconf 98' lang='grc'><strong>11</strong></span> <span class='ocrx_word' id='word_1_206' title='bbox 915 2739 1018 2794; x_wconf 89' lang='grc'><strong>011</strong></span> <span class='ocrx_word' id='word_1_207' title='bbox 1037 2757 1070 2792; x_wconf 94' lang='grc'><strong>0</strong></span> <span class='ocrx_word' id='word_1_208' title='bbox 1087 2757 1123 2790; x_wconf 88' lang='grc'><strong>11</strong></span> <span class='ocrx_word' id='word_1_209' title='bbox 1155 2739 1219 2792; x_wconf 89' lang='lat'><strong>11.</strong></span> <span class='ocrx_word' id='word_1_210' title='bbox 1246 2737 1327 2791; x_wconf 90' lang='lat' dir='ltr'><strong>De</strong></span> <span class='ocrx_word' id='word_1_211' title='bbox 1354 2739 1672 2794; x_wconf 82' lang='lat' dir='ltr'><strong>axiomate:</strong></span> <span class='ocrx_word' id='word_1_212' title='bbox 1699 2739 1973 2804; x_wconf 83' lang='lat' dir='ltr'><strong>Facienti‚</strong></span> <span class='ocrx_word' id='word_1_213' title='bbox 1997 2741 2149 2809; x_wconf 84' lang='lat' dir='ltr'><strong>quod</strong></span> <span class='ocrx_word' id='word_1_214' title='bbox 2174 2742 2293 2796; x_wconf 89' lang='lat' dir='ltr'><strong>est</strong></span> <span class='ocrx_word' id='word_1_215' title='bbox 2278 2760 2339 2795; x_wconf 90' lang='grc'><strong>111</strong></span> <span class='ocrx_word' id='word_1_216' title='bbox 2360 2759 2433 2806; x_wconf 85' lang='lat' dir='ltr'><strong>se,</strong></span> <span class='ocrx_word' id='word_1_217' title='bbox 2456 2741 2606 2796; x_wconf 86' lang='lat' dir='ltr'><strong>Deus</strong></span> <span class='ocrx_word' id='word_1_218' title='bbox 2627 2760 2740 2798; x_wconf 87' lang='lat' dir='ltr'><strong>nou</strong></span> 
     </span>
     <span class='ocr_line' id='line_1_26' title="bbox 832 2829 1458 2898; baseline -0.003 -16"><span class='ocrx_word' id='word_1_219' title='bbox 832 2830 1081 2898; x_wconf 82' lang='lat' dir='ltr'><strong>denegat</strong></span> <span class='ocrx_word' id='word_1_220' title='bbox 1103 2829 1351 2898; x_wconf 82' lang='lat' dir='ltr'><strong>gratiam</strong></span> <span class='ocrx_word' id='word_1_221' title='bbox 1446 2868 1458 2881; x_wconf 89' lang='lat'><strong>.</strong></span> 
     </span>
    </p>
   </div>
   <div class='ocr_carea' id='block_1_10' title="bbox 411 2963 2745 3828">
    <p class='ocr_par' dir='ltr' id='par_1_15' title="bbox 411 2963 2745 3828">
     <span class='ocr_line' id='line_1_27' title="bbox 1422 2963 1999 3024; baseline 0.005 -5"><span class='ocrx_word' id='word_1_222' title='bbox 1422 2963 1731 3021; x_wconf 83' lang='lat' dir='ltr'><strong>Articulus</strong></span> <span class='ocrx_word' id='word_1_223' title='bbox 1765 2965 1999 3024; x_wconf 79' lang='lat' dir='ltr'><strong>tertius.</strong></span> 
     </span>
     <span class='ocr_line' id='line_1_28' title="bbox 1191 3058 2253 3130; baseline 0.003 -19"><span class='ocrx_word' id='word_1_224' title='bbox 1191 3058 1286 3114; x_wconf 91' lang='lat' dir='ltr'><strong>De</strong></span> <span class='ocrx_word' id='word_1_225' title='bbox 1324 3059 1895 3115; x_wconf 82' lang='lat' dir='ltr'><strong>distributione</strong></span> <span class='ocrx_word' id='word_1_226' title='bbox 1934 3063 2253 3130; x_wconf 74' lang='lat' dir='ltr'><strong>gratiae.</strong></span> 
     </span>
     <span class='ocr_line' id='line_1_29' title="bbox 835 3148 2101 3218; baseline 0.001 -16"><span class='ocrx_word' id='word_1_227' title='bbox 835 3149 1064 3202; x_wconf 72' lang='lat' dir='ltr'><strong>Gratiae</strong></span> <span class='ocrx_word' id='word_1_228' title='bbox 1097 3148 1431 3218; x_wconf 76' lang='lat' dir='ltr'><strong>mysterium</strong></span> <span class='ocrx_word' id='word_1_229' title='bbox 2089 3192 2101 3203; x_wconf 96' lang='lat'><strong><em>.</em></strong></span> 
     </span>
     <span class='ocr_line' id='line_1_30' title="bbox 411 3236 2741 3310; baseline 0.002 -19"><span class='ocrx_word' id='word_1_230' title='bbox 411 3236 607 3291; x_wconf 87' lang='lat' dir='ltr'><strong>Thesis</strong></span> <span class='ocrx_word' id='word_1_231' title='bbox 636 3243 753 3292; x_wconf 90' lang='grc'><strong>188.</strong></span> <span class='ocrx_word' id='word_1_232' title='bbox 782 3237 1060 3291; x_wconf 89' lang='lat' dir='ltr'><strong>Omnibus</strong></span> <span class='ocrx_word' id='word_1_233' title='bbox 1078 3238 1253 3308; x_wconf 86' lang='lat' dir='ltr'><strong>justis</strong></span> <span class='ocrx_word' id='word_1_234' title='bbox 1279 3239 1453 3293; x_wconf 77' lang='lat' dir='ltr'><strong>datur</strong></span> <span class='ocrx_word' id='word_1_235' title='bbox 1475 3241 1663 3310; x_wconf 81' lang='lat' dir='ltr'><strong>gratia</strong></span> <span class='ocrx_word' id='word_1_236' title='bbox 1693 3257 1822 3295; x_wconf 84' lang='lat' dir='ltr'><strong>vere</strong></span> <span class='ocrx_word' id='word_1_237' title='bbox 1850 3241 2137 3295; x_wconf 85' lang='lat' dir='ltr'><strong>sufficiens</strong></span> <span class='ocrx_word' id='word_1_238' title='bbox 2409 3285 2420 3295; x_wconf 92' lang='lat'>.</span> <span class='ocrx_word' id='word_1_239' title='bbox 2568 3286 2580 3298; x_wconf 92' lang='lat'>.</span> <span class='ocrx_word' id='word_1_240' title='bbox 2730 3283 2741 3295; x_wconf 92' lang='lat'>.</span> 
     </span>
     <span class='ocr_line' id='line_1_31' title="bbox 412 3326 2745 3402; baseline 0.003 -23"><span class='ocrx_word' id='word_1_241' title='bbox 412 3326 609 3380; x_wconf 83' lang='lat' dir='ltr'><strong>Thesis</strong></span> <span class='ocrx_word' id='word_1_242' title='bbox 642 3330 756 3382; x_wconf 84' lang='lat'>189.</span> <span class='ocrx_word' id='word_1_243' title='bbox 784 3326 1062 3380; x_wconf 81' lang='lat' dir='ltr'><strong>Omnibus</strong></span> <span class='ocrx_word' id='word_1_244' title='bbox 1099 3328 1331 3392; x_wconf 80' lang='lat' dir='ltr'><strong>adultis,</strong></span> <span class='ocrx_word' id='word_1_245' title='bbox 1372 3329 1544 3383; x_wconf 90' lang='lat' dir='ltr'><strong>etiam</strong></span> <span class='ocrx_word' id='word_1_246' title='bbox 1587 3330 1915 3385; x_wconf 83' lang='lat' dir='ltr'><strong>infidelibus</strong></span> <span class='ocrx_word' id='word_1_247' title='bbox 1958 3332 2129 3385; x_wconf 80' lang='lat' dir='ltr'><strong>datur</strong></span> <span class='ocrx_word' id='word_1_248' title='bbox 2153 3331 2340 3400; x_wconf 80' lang='lat' dir='ltr'><strong>gratia</strong></span> <span class='ocrx_word' id='word_1_249' title='bbox 2368 3332 2623 3402; x_wconf 74' lang='lat' dir='ltr'><strong>proxime</strong></span> <span class='ocrx_word' id='word_1_250' title='bbox 2655 3334 2745 3387; x_wconf 76' lang='lat' dir='ltr'><strong>vel</strong></span> 
     </span>
     <span class='ocr_line' id='line_1_32' title="bbox 839 3415 1939 3472; baseline 0.005 -5"><span class='ocrx_word' id='word_1_251' title='bbox 839 3417 1051 3468; x_wconf 89' lang='lat' dir='ltr'><strong>remote</strong></span> <span class='ocrx_word' id='word_1_252' title='bbox 1079 3415 1369 3470; x_wconf 79' lang='lat' dir='ltr'><strong>sufficiens</strong></span> <span class='ocrx_word' id='word_1_253' title='bbox 1447 3457 1458 3470; x_wconf 95' lang='lat'>.</span> <span class='ocrx_word' id='word_1_254' title='bbox 1927 3460 1939 3472; x_wconf 92' lang='lat'><strong>.</strong></span> 
     </span>
     <span class='ocr_line' id='line_1_33' title="bbox 413 3503 2065 3575; baseline 0.001 -16"><span class='ocrx_word' id='word_1_255' title='bbox 413 3505 609 3559; x_wconf 87' lang='lat' dir='ltr'><strong>Thesis</strong></span> <span class='ocrx_word' id='word_1_256' title='bbox 642 3512 757 3562; x_wconf 84' lang='lat'>190.</span> <span class='ocrx_word' id='word_1_257' title='bbox 786 3503 985 3573; x_wconf 87' lang='lat' dir='ltr'><strong>Neque</strong></span> <span class='ocrx_word' id='word_1_258' title='bbox 1014 3505 1382 3575; x_wconf 83' lang='lat' dir='ltr'><strong>excipiuntur</strong></span> <span class='ocrx_word' id='word_1_259' title='bbox 1407 3507 1692 3560; x_wconf 80' lang='lat' dir='ltr'><strong>excoecati</strong></span> <span class='ocrx_word' id='word_1_260' title='bbox 1720 3509 1779 3559; x_wconf 89' lang='lat' dir='ltr'><strong>et</strong></span> <span class='ocrx_word' id='word_1_261' title='bbox 1806 3507 2065 3561; x_wconf 77' lang='lat' dir='ltr'><strong>indurati</strong></span> 
     </span>
     <span class='ocr_line' id='line_1_34' title="bbox 762 3590 1929 3665; baseline 0.002 -18"><span class='ocrx_word' id='word_1_262' title='bbox 762 3593 798 3647; x_wconf 82' lang='lat' dir='ltr'>S</span> <span class='ocrx_word' id='word_1_263' title='bbox 814 3608 843 3646; x_wconf 85' lang='lat' dir='ltr'>o</span> <span class='ocrx_word' id='word_1_264' title='bbox 859 3592 898 3645; x_wconf 98' lang='grc'><strong>11</strong></span> <span class='ocrx_word' id='word_1_265' title='bbox 915 3609 947 3646; x_wconf 94' lang='grc'><strong>0</strong></span> <span class='ocrx_word' id='word_1_266' title='bbox 965 3590 1069 3647; x_wconf 91' lang='lat' dir='ltr'><strong>lio</strong></span> <span class='ocrx_word' id='word_1_267' title='bbox 1088 3611 1124 3645; x_wconf 98' lang='lat' dir='ltr'><strong>n</strong></span> <span class='ocrx_word' id='word_1_268' title='bbox 1177 3594 1217 3650; x_wconf 90' lang='lat'><strong>1.</strong></span> <span class='ocrx_word' id='word_1_269' title='bbox 1246 3593 1693 3665; x_wconf 84' lang='lat' dir='ltr'><strong>Exceptionibus</strong></span> <span class='ocrx_word' id='word_1_270' title='bbox 1721 3595 1929 3649; x_wconf 82' lang='lat' dir='ltr'><strong>satisfit</strong></span> 
     </span>
     <span class='ocr_line' id='line_1_35' title="bbox 764 3680 2262 3754; baseline 0.003 -19"><span class='ocrx_word' id='word_1_271' title='bbox 764 3682 799 3735; x_wconf 88' lang='lat' dir='ltr'>S</span> <span class='ocrx_word' id='word_1_272' title='bbox 816 3698 844 3734; x_wconf 86' lang='lat' dir='ltr'><strong>o</strong></span> <span class='ocrx_word' id='word_1_273' title='bbox 862 3681 899 3734; x_wconf 91' lang='grc'><strong>11</strong></span> <span class='ocrx_word' id='word_1_274' title='bbox 915 3681 980 3735; x_wconf 94' lang='lat' dir='ltr'><strong>ol</strong></span> <span class='ocrx_word' id='word_1_275' title='bbox 1001 3680 1070 3735; x_wconf 93' lang='lat' dir='ltr'><strong>io</strong></span> <span class='ocrx_word' id='word_1_276' title='bbox 1089 3700 1126 3734; x_wconf 94' lang='grc'><strong>11</strong></span> <span class='ocrx_word' id='word_1_277' title='bbox 1154 3683 1221 3735; x_wconf 86' lang='grc' dir='ltr'><strong>Π.</strong></span> <span class='ocrx_word' id='word_1_278' title='bbox 1248 3681 1328 3735; x_wconf 92' lang='lat' dir='ltr'><strong>De</strong></span> <span class='ocrx_word' id='word_1_279' title='bbox 1356 3683 1674 3738; x_wconf 82' lang='lat' dir='ltr'><strong>vocationis</strong></span> <span class='ocrx_word' id='word_1_280' title='bbox 1701 3686 1890 3754; x_wconf 86' lang='lat' dir='ltr'><strong>gratia</strong></span> <span class='ocrx_word' id='word_1_281' title='bbox 1930 3725 1943 3738; x_wconf 89' lang='lat'>.</span> <span class='ocrx_word' id='word_1_282' title='bbox 2249 3726 2262 3739; x_wconf 91' lang='lat'><strong>.</strong></span> 
     </span>
     <span class='ocr_line' id='line_1_36' title="bbox 835 3769 2262 3828; baseline 0.001 -4"><span class='ocrx_word' id='word_1_283' title='bbox 835 3769 875 3824; x_wconf 90' lang='lat' dir='ltr'>C</span> <span class='ocrx_word' id='word_1_284' title='bbox 894 3787 925 3824; x_wconf 98' lang='lat' dir='ltr'>o</span> <span class='ocrx_word' id='word_1_285' title='bbox 942 3788 969 3823; x_wconf 89' lang='lat' dir='ltr'><strong>r</strong></span> <span class='ocrx_word' id='word_1_286' title='bbox 986 3787 1017 3824; x_wconf 97' lang='lat' dir='ltr'><strong>o</strong></span> <span class='ocrx_word' id='word_1_287' title='bbox 1036 3770 1056 3824; x_wconf 91' lang='lat' dir='ltr'>l</span> <span class='ocrx_word' id='word_1_288' title='bbox 1073 3772 1110 3825; x_wconf 89' lang='lat' dir='ltr'><strong>l.</strong></span> <span class='ocrx_word' id='word_1_289' title='bbox 1139 3770 1337 3824; x_wconf 79' lang='lat' dir='ltr'><strong>Gratia</strong></span> <span class='ocrx_word' id='word_1_290' title='bbox 1363 3771 1652 3825; x_wconf 78' lang='lat' dir='ltr'><strong>sufficiens</strong></span> <span class='ocrx_word' id='word_1_291' title='bbox 1677 3773 2040 3828; x_wconf 81' lang='lat' dir='ltr'><strong>admittenda</strong></span> <span class='ocrx_word' id='word_1_292' title='bbox 2066 3778 2154 3828; x_wconf 87' lang='lat' dir='ltr'><strong>est</strong></span> <span class='ocrx_word' id='word_1_293' title='bbox 2251 3814 2262 3826; x_wconf 90' lang='lat'><strong>.</strong></span> 
     </span>
    </p>
   </div>
   <div class='ocr_carea' id='block_1_11' title="bbox 943 3899 2504 4072">
    <p class='ocr_par' dir='ltr' id='par_1_16' title="bbox 943 3899 2504 4072">
     <span class='ocr_line' id='line_1_37' title="bbox 1554 3899 1884 3963; baseline 0.003 -1"><span class='ocrx_word' id='word_1_294' title='bbox 1554 3899 1644 3962; x_wconf 85' lang='lat' dir='ltr'><strong>Ca</strong></span> <span class='ocrx_word' id='word_1_295' title='bbox 1692 3907 1761 3963; x_wconf 85' lang='lat' dir='ltr'><strong>ut</strong></span> <span class='ocrx_word' id='word_1_296' title='bbox 1794 3900 1884 3963; x_wconf 92' lang='lat'><em>111.</em></span> 
     </span>
     <span class='ocr_line' id='line_1_38' title="bbox 943 3919 2504 4072; baseline 0.003 -11"><span class='ocrx_word' id='word_1_297' title='bbox 943 4008 1027 4061; x_wconf 86' lang='lat' dir='ltr'><strong>De</strong></span> <span class='ocrx_word' id='word_1_298' title='bbox 1053 4006 1266 4059; x_wconf 82' lang='lat' dir='ltr'><strong>habitu</strong></span> <span class='ocrx_word' id='word_1_299' title='bbox 1292 4005 1454 4059; x_wconf 82' lang='lat' dir='ltr'><strong>inter</strong></span> <span class='ocrx_word' id='word_1_300' title='bbox 1480 3919 1746 4072; x_wconf 62' lang='lat' dir='ltr'><strong>grauiim</strong></span> <span class='ocrx_word' id='word_1_301' title='bbox 1776 4009 1840 4062; x_wconf 87' lang='lat' dir='ltr'><strong>et</strong></span> <span class='ocrx_word' id='word_1_302' title='bbox 1865 4008 2125 4064; x_wconf 80' lang='lat' dir='ltr'><strong>liberum</strong></span> <span class='ocrx_word' id='word_1_303' title='bbox 2154 4009 2504 4065; x_wconf 77' lang='lat' dir='ltr'><strong>arbitrium.</strong></span> 
     </span>
    </p>
   </div>
   <div class='ocr_carea' id='block_1_12' title="bbox 550 4108 2748 4791">
    <p class='ocr_par' dir='ltr' id='par_1_17' title="bbox 766 4108 2264 4165">
     <span class='ocr_line' id='line_1_39' title="bbox 766 4108 2264 4165; baseline -0.004 -3"><span class='ocrx_word' id='word_1_304' title='bbox 766 4108 1072 4162; x_wconf 81' lang='lat' dir='ltr'><strong>Libertatis</strong></span> <span class='ocrx_word' id='word_1_305' title='bbox 1101 4108 1257 4162; x_wconf 89' lang='lat' dir='ltr'><strong>notio</strong></span> <span class='ocrx_word' id='word_1_306' title='bbox 1288 4150 1299 4160; x_wconf 91' lang='lat'><strong>.</strong></span> <span class='ocrx_word' id='word_1_307' title='bbox 2252 4154 2264 4165; x_wconf 84' lang='grc'><strong>,</strong></span> 
     </span>
    </p>

    <p class='ocr_par' dir='ltr' id='par_1_18' title="bbox 767 4197 2744 4270">
     <span class='ocr_line' id='line_1_40' title="bbox 767 4197 2744 4270; baseline 0.002 -19"><span class='ocrx_word' id='word_1_308' title='bbox 767 4198 939 4252; x_wconf 89' lang='lat' dir='ltr'><strong>Prin</strong></span> <span class='ocrx_word' id='word_1_309' title='bbox 957 4197 1074 4266; x_wconf 85' lang='lat' dir='ltr'><strong>cip</strong></span> <span class='ocrx_word' id='word_1_310' title='bbox 1095 4198 1113 4250; x_wconf 94' lang='lat' dir='ltr'><strong>i</strong></span> <span class='ocrx_word' id='word_1_311' title='bbox 1134 4216 1169 4250; x_wconf 92' lang='lat' dir='ltr'><strong>u</strong></span> <span class='ocrx_word' id='word_1_312' title='bbox 1187 4217 1242 4251; x_wconf 92' lang='lat' dir='ltr'>m</span> <span class='ocrx_word' id='word_1_313' title='bbox 1291 4199 1332 4251; x_wconf 89' lang='lat'><strong>1.</strong></span> <span class='ocrx_word' id='word_1_314' title='bbox 1361 4199 1558 4251; x_wconf 75' lang='lat' dir='ltr'><strong>Gratia</strong></span> <span class='ocrx_word' id='word_1_315' title='bbox 1585 4203 1894 4270; x_wconf 74' lang='lat' dir='ltr'><strong>praeparat</strong></span> <span class='ocrx_word' id='word_1_316' title='bbox 1921 4201 2274 4255; x_wconf 81' lang='lat' dir='ltr'><strong>voluntatem</strong></span> <span class='ocrx_word' id='word_1_317' title='bbox 2574 4242 2585 4253; x_wconf 93' lang='lat'>.</span> <span class='ocrx_word' id='word_1_318' title='bbox 2733 4244 2744 4255; x_wconf 94' lang='lat'>.</span> 
     </span>
    </p>

    <p class='ocr_par' dir='ltr' id='par_1_19' title="bbox 767 4286 2744 4444">
     <span class='ocr_line' id='line_1_41' title="bbox 767 4286 2744 4358; baseline 0.001 -19"><span class='ocrx_word' id='word_1_319' title='bbox 767 4286 945 4341; x_wconf 88' lang='lat' dir='ltr'><strong>Prin</strong></span> <span class='ocrx_word' id='word_1_320' title='bbox 963 4287 1082 4358; x_wconf 85' lang='lat' dir='ltr'><strong>cip</strong></span> <span class='ocrx_word' id='word_1_321' title='bbox 1100 4287 1119 4339; x_wconf 90' lang='lat' dir='ltr'><strong>i</strong></span> <span class='ocrx_word' id='word_1_322' title='bbox 1137 4306 1173 4339; x_wconf 91' lang='lat' dir='ltr'><strong>u</strong></span> <span class='ocrx_word' id='word_1_323' title='bbox 1192 4305 1247 4339; x_wconf 90' lang='lat' dir='ltr'>m</span> <span class='ocrx_word' id='word_1_324' title='bbox 1275 4288 1343 4343; x_wconf 85' lang='lat'><strong>11.</strong></span> <span class='ocrx_word' id='word_1_325' title='bbox 1373 4287 1682 4357; x_wconf 80' lang='lat' dir='ltr'><strong>Praeparat</strong></span> <span class='ocrx_word' id='word_1_326' title='bbox 1733 4288 2087 4342; x_wconf 83' lang='lat' dir='ltr'><strong>voluntatem</strong></span> <span class='ocrx_word' id='word_1_327' title='bbox 2139 4288 2520 4343; x_wconf 84' lang='lat' dir='ltr'><strong>illustratione</strong></span> <span class='ocrx_word' id='word_1_328' title='bbox 2566 4293 2623 4340; x_wconf 88' lang='lat' dir='ltr'><strong>et</strong></span> <span class='ocrx_word' id='word_1_329' title='bbox 2662 4289 2744 4341; x_wconf 87' lang='grc'><strong>111-</strong></span> 
     </span>
     <span class='ocr_line' id='line_1_42' title="bbox 839 4375 2106 4444; baseline 0.001 -16"><span class='ocrx_word' id='word_1_330' title='bbox 839 4376 1151 4444; x_wconf 83' lang='lat' dir='ltr'><strong>spiratione</strong></span> <span class='ocrx_word' id='word_1_331' title='bbox 1177 4378 1237 4430; x_wconf 92' lang='lat' dir='ltr'><strong>et</strong></span> <span class='ocrx_word' id='word_1_332' title='bbox 1262 4375 1791 4431; x_wconf 81' lang='lat' dir='ltr'><strong>subministratione</strong></span> <span class='ocrx_word' id='word_1_333' title='bbox 1820 4377 2031 4430; x_wconf 84' lang='lat' dir='ltr'><strong>virium</strong></span> <span class='ocrx_word' id='word_1_334' title='bbox 2096 4418 2106 4428; x_wconf 93' lang='lat'><strong><em>.</em></strong></span> 
     </span>
    </p>

    <p class='ocr_par' dir='ltr' id='par_1_20' title="bbox 767 4464 2746 4610">
     <span class='ocr_line' id='line_1_43' title="bbox 767 4464 2746 4535; baseline 0 -17"><span class='ocrx_word' id='word_1_335' title='bbox 767 4465 844 4519; x_wconf 83' lang='lat' dir='ltr'><strong>Se</strong></span> <span class='ocrx_word' id='word_1_336' title='bbox 863 4465 1124 4519; x_wconf 89' lang='lat' dir='ltr'><strong>holion</strong></span> <span class='ocrx_word' id='word_1_337' title='bbox 1153 4466 1191 4518; x_wconf 94' lang='grc'><strong>1.</strong></span> <span class='ocrx_word' id='word_1_338' title='bbox 1221 4465 1551 4520; x_wconf 79' lang='lat' dir='ltr'><strong>Voluntatis</strong></span> <span class='ocrx_word' id='word_1_339' title='bbox 1592 4465 1899 4535; x_wconf 83' lang='lat' dir='ltr'><strong>inspiratio</strong></span> <span class='ocrx_word' id='word_1_340' title='bbox 1946 4481 2060 4519; x_wconf 91' lang='lat' dir='ltr'><strong>non</strong></span> <span class='ocrx_word' id='word_1_341' title='bbox 2107 4465 2370 4519; x_wconf 82' lang='lat' dir='ltr'><strong>consistit</strong></span> <span class='ocrx_word' id='word_1_342' title='bbox 2408 4465 2469 4518; x_wconf 91' lang='lat' dir='ltr'><strong>in</strong></span> <span class='ocrx_word' id='word_1_343' title='bbox 2509 4464 2746 4534; x_wconf 82' lang='lat' dir='ltr'><strong>inspira·</strong></span> 
     </span>
     <span class='ocr_line' id='line_1_44' title="bbox 840 4545 1945 4610; baseline 0 -2"><span class='ocrx_word' id='word_1_344' title='bbox 840 4556 996 4609; x_wconf 90' lang='lat' dir='ltr'><strong>tione</strong></span> <span class='ocrx_word' id='word_1_345' title='bbox 1024 4556 1201 4610; x_wconf 85' lang='lat' dir='ltr'><strong>solius</strong></span> <span class='ocrx_word' id='word_1_346' title='bbox 1227 4555 1484 4610; x_wconf 80' lang='lat' dir='ltr'><strong>caritatis</strong></span> <span class='ocrx_word' id='word_1_347' title='bbox 1940 4545 1945 4552; x_wconf 70' lang='grc'><em>’</em></span> 
     </span>
    </p>

    <p class='ocr_par' dir='ltr' id='par_1_21' title="bbox 550 4645 2748 4716">
     <span class='ocr_line' id='line_1_45' title="bbox 550 4645 2748 4716; baseline -0.002 -13"><span class='ocrx_word' id='word_1_348' title='bbox 550 4683 586 4703; x_wconf 69' lang='lat'><strong>.-</strong></span> <span class='ocrx_word' id='word_1_349' title='bbox 768 4646 903 4704; x_wconf 62' lang='lat' dir='ltr'><strong>seh</strong></span> <span class='ocrx_word' id='word_1_350' title='bbox 921 4646 1074 4701; x_wconf 89' lang='lat' dir='ltr'><strong>olio</strong></span> <span class='ocrx_word' id='word_1_351' title='bbox 1092 4666 1129 4699; x_wconf 92' lang='grc'><strong>11</strong></span> <span class='ocrx_word' id='word_1_352' title='bbox 1157 4648 1223 4702; x_wconf 87' lang='lat'><strong>11.</strong></span> <span class='ocrx_word' id='word_1_353' title='bbox 1254 4647 1548 4712; x_wconf 77' lang='lat' dir='ltr'><strong>Quomodo</strong></span> <span class='ocrx_word' id='word_1_354' title='bbox 1590 4646 1965 4716; x_wconf 80' lang='lat' dir='ltr'><strong>concipienda</strong></span> <span class='ocrx_word' id='word_1_355' title='bbox 2005 4646 2081 4699; x_wconf 79' lang='lat' dir='ltr'><strong>sit</strong></span> <span class='ocrx_word' id='word_1_356' title='bbox 2120 4647 2320 4710; x_wconf 84' lang='lat' dir='ltr'><strong>virtus,</strong></span> <span class='ocrx_word' id='word_1_357' title='bbox 2361 4662 2534 4713; x_wconf 80' lang='lat' dir='ltr'><strong>quam</strong></span> <span class='ocrx_word' id='word_1_358' title='bbox 2562 4645 2748 4715; x_wconf 84' lang='lat' dir='ltr'><strong>gratia</strong></span> 
     </span>
    </p>

    <p class='ocr_par' dir='ltr' id='par_1_22' title="bbox 843 4736 1304 4791">
     <span class='ocr_line' id='line_1_46' title="bbox 843 4736 1304 4791; baseline 0.004 -2"><span class='ocrx_word' id='word_1_359' title='bbox 843 4736 1242 4791; x_wconf 84' lang='lat' dir='ltr'><strong>subministrat</strong></span> <span class='ocrx_word' id='word_1_360' title='bbox 1293 4779 1304 4791; x_wconf 94' lang='lat'>.</span> 
     </span>
    </p>
   </div>
   <div class='ocr_carea' id='block_1_13' title="bbox 2884 294 3008 359">
    <p class='ocr_par' dir='ltr' id='par_1_23' title="bbox 2884 294 3008 359">
     <span class='ocr_line' id='line_1_47' title="bbox 2884 294 3008 359; baseline -0.024 0"><span class='ocrx_word' id='word_1_361' title='bbox 2884 294 3008 359; x_wconf 72' lang='lat'><strong>697</strong></span> 
     </span>
    </p>
   </div>
   <div class='ocr_carea' id='block_1_14' title="bbox 2812 465 3016 787">
    <p class='ocr_par' dir='ltr' id='par_1_24' title="bbox 2812 465 3016 787">
     <span class='ocr_line' id='line_1_48' title="bbox 2812 465 2940 534; baseline 0 -16"><span class='ocrx_word' id='word_1_362' title='bbox 2812 465 2940 534; x_wconf 81' lang='lat' dir='ltr'><strong>Pag.</strong></span> 
     </span>
     <span class='ocr_line' id='line_1_49' title="bbox 2946 560 3016 609; baseline 0 0"><span class='ocrx_word' id='word_1_363' title='bbox 2946 560 3016 609; x_wconf 85' lang='lat'><strong>36</strong></span> 
     </span>
     <span class='ocr_line' id='line_1_50' title="bbox 2948 650 3016 698; baseline -0.015 0"><span class='ocrx_word' id='word_1_364' title='bbox 2948 650 3016 698; x_wconf 70' lang='lat'><strong>38</strong></span> 
     </span>
     <span class='ocr_line' id='line_1_51' title="bbox 2949 740 3011 787; baseline -0.032 0"><span class='ocrx_word' id='word_1_365' title='bbox 2949 740 3011 787; x_wconf 78' lang='lat'><strong>41</strong></span> 
     </span>
    </p>
   </div>
   <div class='ocr_carea' id='block_1_15' title="bbox 2948 1026 3010 1073">
    <p class='ocr_par' dir='ltr' id='par_1_25' title="bbox 2948 1026 3010 1073">
     <span class='ocr_line' id='line_1_52' title="bbox 2948 1026 3010 1073; baseline 0 0"><span class='ocrx_word' id='word_1_366' title='bbox 2948 1026 3010 1073; x_wconf 85' lang='lat'><strong>41</strong></span> 
     </span>
    </p>
   </div>
   <div class='ocr_carea' id='block_1_16' title="bbox 2950 1255 3022 1483">
    <p class='ocr_par' dir='ltr' id='par_1_26' title="bbox 2950 1255 3022 1483">
     <span class='ocr_line' id='line_1_53' title="bbox 2951 1255 3018 1305; baseline -0.03 0"><span class='ocrx_word' id='word_1_367' title='bbox 2951 1255 3018 1305; x_wconf 79' lang='lat'><strong>43</strong></span> 
     </span>
     <span class='ocr_line' id='line_1_54' title="bbox 2952 1346 3022 1392; baseline 0 0"><span class='ocrx_word' id='word_1_368' title='bbox 2952 1346 3022 1392; x_wconf 88' lang='lat'><strong>44</strong></span> 
     </span>
     <span class='ocr_line' id='line_1_55' title="bbox 2950 1433 3020 1483; baseline 0.029 -4"><span class='ocrx_word' id='word_1_369' title='bbox 2950 1433 3020 1483; x_wconf 79' lang='grc'><strong>46</strong></span> 
     </span>
    </p>
   </div>
   <div class='ocr_carea' id='block_1_17' title="bbox 2951 1612 3021 1661">
    <p class='ocr_par' dir='ltr' id='par_1_27' title="bbox 2951 1612 3021 1661">
     <span class='ocr_line' id='line_1_56' title="bbox 2951 1612 3021 1661; baseline 0.043 -3"><span class='ocrx_word' id='word_1_370' title='bbox 2951 1612 3021 1661; x_wconf 82' lang='grc'><strong>48</strong></span> 
     </span>
    </p>
   </div>
  </div>
 </body>
</html>
