3538 5364
1184 294 1455 348 Rationes
1479 293 1781 347 institutae
1808 290 2202 347 eucharistiae.
2868 298 2998 363 317

381 477 774 541 carnationis
825 494 866 539 a
913 474 1098 540 nobis
1149 480 1513 556 acceptam
1564 474 1628 541 2.
1678 492 1758 537 ne
1812 473 2012 535 simus
2058 471 2125 534 in
2171 470 2472 536 deteriori
2520 471 2887 536 conditione
2919 490 2998 535 ac

382 583 568 666 primi
599 583 848 659 fideles;
893 587 957 653 3.
1002 589 1074 646 ut
1116 582 1348 647 virtute
1395 581 1609 645 carnis
1641 597 1800 644 suae
1832 578 2121 643 vivificae
2154 576 2615 643 communione
2647 579 2712 641 in
2741 597 2862 642 nos
2894 598 3001 644 re·

382 697 611 772 ceptae
641 690 826 773 quasi
859 689 1148 754 antidoto
1181 695 1450 754 sanetur
1481 687 1828 769 corruptio,
1861 704 1991 768 qua
2022 704 2137 750 esu
2170 683 2412 749 fructus
2445 683 2745 766 prohibiti
2763 686 2998 749 veneni

381 799 584 861 instar
613 796 849 862 infecta
880 795 995 860 fuit
1025 795 1327 861 universa
1356 800 1589 858 natura
1618 793 1921 858 humana.

559 927 652 985 Ita
695 926 1293 1002 Chrysostomus
1336 925 1399 983 in
1432 924 1523 988 J0.
1558 925 1613 989 h.
1648 934 1728 987 46
1763 944 1821 986 n.
1861 935 1895 988 3
1944 923 2148 981 fideles
2199 921 2480 980 instruit:
2529 921 2651 989 ,Ut
2695 939 2833 998 ergo
2879 940 2997 980 non

382 1017 571 1076 solum
606 1034 713 1091 per
742 1016 1135 1084 dilectionem,
1171 1014 1273 1073 sed
1305 1015 1485 1073 etiam
1517 1014 1843 1072 secundum
1878 1031 2004 1073 rem
2034 1012 2227 1087 ipsam
2260 1005 2423 1093 (κατ’
2443 1004 2588 1073 αὸτὸ
2621 1013 2688 1073 τὸ
2720 1005 3002 1094 πρᾶγμα)

381 1125 514 1165 cum
545 1104 649 1163 illa
680 1123 853 1163 carne
885 1104 1398 1173 commisceamur;
1446 1103 1554 1162 hoc
1597 1103 1755 1162 enim
1802 1103 1871 1160 fit
1914 1121 2020 1178 per
2063 1102 2281 1171 cibum,
2329 1118 2504 1175 quem
2551 1100 2679 1176 ipse
2724 1099 2995 1158 donavit:

379 1195 586 1254 volens
617 1194 788 1253 nobis
819 1192 1125 1253 ostendere
1156 1210 1425 1262 amorem,
1473 1211 1591 1268 quo
1638 1192 1831 1251 fertur
1860 1211 2002 1269 erga
2032 1209 2159 1260 nos,
2192 1192 2505 1266 propterea
2536 1207 2598 1247 se
2630 1189 2804 1247 nobis
2838 1207 2995 1247 com·

379 1282 624 1342 miscuit
653 1286 715 1341 et
742 1282 916 1342 nobis
947 1300 1160 1358 corpus
1192 1300 1368 1340 suum
1401 1280 1532 1358 (per
1561 1275 2106 1361 manducationem)
2139 1279 2410 1349 inseruit,
2445 1282 2516 1337 ut
2546 1297 2732 1338 unum
2768 1277 2996 1353 aliquid

381 1373 569 1432 simus
601 1372 761 1431 sicut
790 1390 1003 1448 corpus
1028 1372 1308 1448 junctum
1342 1371 1522 1447 capiti
1555 1415 1568 1429 .
1604 1414 1616 1428 .
1650 1416 1662 1429 .
1699 1373 1973 1430 Amorem
1994 1389 2170 1429 suum
2200 1388 2339 1446 erga
2368 1387 2477 1428 nos
2509 1368 2843 1438 ostendens,
2877 1383 2999 1425 non

380 1463 570 1521 solnm
603 1461 923 1520 videndum
954 1480 1015 1520 se
1046 1460 1317 1520 exhibuit
1347 1459 1519 1519 nobis
1552 1459 2052 1530 desiderantibus,
2086 1458 2189 1519 sed
2220 1461 2283 1518 et
2310 1457 2680 1534 tangendum
2711 1458 2773 1515 et
2804 1474 2999 1515 come·

380 1551 658 1621 dendum,
705 1554 766 1609 et
796 1554 868 1609 ut
898 1552 1029 1627 ejus
1061 1568 1292 1609 carnem
1325 1549 1605 1608 dentibus
1637 1550 1919 1617 teramus,
1968 1553 2029 1608 et
2069 1549 2123 1606 ei
2155 1548 2367 1607 intime
2397 1547 2693 1616 uniamur,
2740 1548 2802 1605 et
2844 1545 2996 1604 desi-

380 1640 610 1699 derium
642 1657 816 1699 omne
848 1640 1203 1716 expleamus.
1258 1638 1337 1697 Ut
1368 1639 1568 1698 leones
1598 1657 1740 1715 ergo
1772 1638 1973 1715 ignem
2006 1638 2300 1713 spirantes
2331 1656 2366 1695 a
2394 1655 2599 1695 mensa
2628 1635 2735 1694 illa
2764 1635 2998 1693 receda-

377 1747 514 1788 mus
546 1729 781 1788 diabolo
811 1728 1109 1788 terribiles
1140 1777 1155 1792 .
1189 1776 1202 1790 .
1238 1777 1250 1790 .
1297 1730 1577 1786 Parentes
1625 1746 1799 1803 saepe
1844 1727 2061 1786 liberos
2107 1746 2248 1786 suos
2279 1726 2413 1784 aliis
2446 1725 2696 1784 tradunt
2726 1725 2996 1783 nutrien-

380 1818 521 1888 dos;
566 1835 675 1896 ego
709 1837 846 1877 vero
876 1836 998 1877 non
1029 1818 1129 1888 ita,
1175 1817 1396 1893 inquit,
1439 1818 1539 1876 sed
1571 1817 1853 1876 carnibus
1886 1816 2030 1875 meis
2061 1817 2283 1885 nutrio,
2331 1834 2425 1873 me
2461 1816 2660 1890 ipsum
2693 1814 2860 1873 vobis
2892 1832 2995 1888 ap·

382 1926 535 1984 pono
567 1956 582 1971 .
612 1956 627 1971 .
662 1956 677 1970 .
709 1907 1144 1967 communicavi
1175 1905 1337 1965 carni
1367 1911 1428 1965 et
1460 1905 1741 1984 sanguini
1761 1909 2006 1982 propter
2025 1923 2129 1965 vos
2165 1900 2256 1988 (in
2276 1899 2721 1985 incarnatione),
2755 1921 2999 1961 rursum

379 1997 548 2056 vobis
580 1997 825 2056 eandem
866 2014 1099 2056 carnem
1147 2000 1209 2055 et
1253 1996 1603 2073 sanguinem
1649 1994 1838 2066 trado,
1888 2014 1993 2071 per
2041 2014 2195 2070 quae
2245 2012 2539 2070 congener
2587 1992 2758 2053 vobis
2805 1992 2999 2051 factus

382 2094 573 2144 sum.‘
608 2119 695 2129 —
725 2086 922 2144 Aliam
952 2085 1242 2144 rationem
1273 2084 1518 2161 exponit
1549 2084 1897 2161 cyrillus
1943 2084 2088 2143 alex.
2135 2084 2201 2141 in
2238 2082 2444 2143 Matth.
2481 2091 2581 2152 26,
2620 2091 2732 2143 26:
2783 2084 2999 2151 ,Post-

380 2194 556 2250 quam
588 2193 859 2253 egressus
891 2178 1049 2234 esset
1078 2174 1281 2246 helas,
1320 2174 1507 2233 tradit
1537 2174 1807 2234 Salvator
1838 2173 2111 2232 undecim
2144 2172 2455 2248 discipulis
2488 2172 2743 2230 salutare
2775 2174 2995 2247 myste-

379 2264 550 2324 rium.
614 2266 760 2325 Cum
790 2264 951 2322 enim
982 2264 1160 2339 paulo
1192 2266 1329 2339 post
1360 2263 1423 2321 in
1455 2263 1693 2339 propria
1724 2281 1898 2321 carne
1929 2265 2088 2322 esset
2118 2262 2563 2320 resurrecturus
2595 2278 2662 2317 ac
2691 2260 2997 2320 rediturus

381 2354 453 2411 ad
471 2355 726 2425 Patrem,
759 2356 830 2412 ut
859 2352 1049 2429 ipsius
1069 2353 1395 2412 Servatoris
1416 2353 1814 2428 praesentiam
1828 2348 1877 2433 ¹)
1902 2351 2251 2410 haberemus
2284 2346 2439 2429 (sine
2469 2349 2806 2425 praesentia
2835 2348 2994 2407 enim

382 2442 598 2502 Christi
629 2443 757 2502 fieri
787 2461 909 2502 non
938 2444 1155 2518 potest,
1186 2444 1258 2501 ut
1290 2441 1555 2500 salvetur
1578 2442 1751 2501 homo
1772 2441 2178 2516 libereturque
2212 2459 2245 2497 a
2276 2441 2464 2497 morte
2497 2441 2559 2496 et
2586 2440 2841 2513 peccat0,
2874 2456 2997 2496 non

381 2532 775 2592 coexsistente
792 2532 1099 2591 nobiscum
1117 2534 1324 2590 nostra
1349 2525 1518 2614 vita),
1552 2530 1719 2590 dedit
1748 2530 1916 2590 nobis
1946 2529 2255 2605 proprium
2288 2546 2501 2604 corpus
2533 2527 2593 2585 et
2624 2526 2994 2602 sanguinem,

379 2624 451 2681 ut
494 2621 571 2680 iis
615 2621 1014 2698 corruptionis
1046 2620 1138 2679 vis
1179 2620 1558 2693 dissolvatur,
1604 2619 1902 2678 inhabitet
1948 2619 2148 2677 autem
2194 2618 2257 2676 in
2302 2615 2611 2675 animabus
2642 2615 2859 2674 nostris
2892 2634 3001 2692 per

381 2730 426 2774 s.
477 2711 786 2787 Spiritum,
845 2710 1174 2786 fiamusque
1223 2710 1538 2786 participes
1592 2709 1928 2768 sanctitatis
1980 2708 2368 2782 hominesque
2419 2705 2887 2781 supercoelestes
2936 2708 3001 2764 et

381 2800 719 2877 spirituales
750 2800 1124 2860 reddamur.‘
1161 2799 1410 2859 Gemina
1438 2799 1618 2858 habet
1646 2799 1711 2857 in
1730 2799 1867 2861 Luc.
1894 2807 1993 2868 22,
2034 2807 2127 2861 19.
2159 2831 2245 2841 -—
2279 2795 2671 2855 Posteriorem
2702 2794 2995 2852 rationem

379 2889 572 2948 fusius
604 2889 832 2949 evolvit
862 2889 1290 2965 Gregorius
1321 2906 1637 2965 nyssenus,
1684 2888 1789 2964 qui
1833 2907 1916 2947 or.
1954 2890 2064 2945 cat.
2096 2905 2144 2945 c.
2179 2897 2255 2949 37
2293 2884 2629 2960 praemittit
2659 2886 2866 2942 contra
2893 2901 2994 2941 ve-

377 2997 599 3039 nenum
632 2977 989 3037 sumendum
1033 2996 1164 3037 esse
1207 2977 1578 3048 antidotum;
1627 2995 1737 3036 nos
1791 2996 1947 3053 ergo,
2000 2996 2134 3035 cnm
2178 2977 2368 3053 gustu
2410 2973 2529 3032 cibi
2571 2973 2740 3032 vetiti
2789 2971 2996 3031 infecti

378 3067 666 3127 fuerimus
695 3085 924 3127 veneno
954 3067 1198 3144 peccati,
1234 3066 1505 3126 antidoto
1537 3085 1688 3142 opus
1719 3065 1967 3135 haber03
2000 3064 2138 3123 dein
2170 3063 2444 3140 subjicit:
2487 3062 2684 3132 ,Quid
2718 3062 2825 3121 hoc
2857 3079 3001 3137 ergo

378 3159 512 3216 est?
574 3156 738 3215 Nihil
766 3156 932 3215 aliud
965 3176 1142 3232 quam
1174 3155 1326 3215 illud
1358 3173 1589 3232 corpus,
1635 3154 1796 3231 quod
1842 3157 2031 3213 morte
2075 3153 2380 3229 potentius
2424 3155 2731 3211 ostensum
2775 3151 2893 3210 fuit
2936 3153 2998 3208 et

380 3245 538 3305 vitae
568 3248 804 3305 nostrae
835 3245 956 3304 fuit
985 3245 1230 3304 initium
1263 3293 1277 3308 .
1311 3292 1327 3308 .
1358 3292 1373 3308 .
1418 3245 1757 3304 Immortale
1796 3260 2029 3319 corpus,
2077 3261 2212 3300 cum
2259 3241 2439 3300 fuerit
2482 3241 2643 3300 intra
2686 3259 2842 3309 eum,
2892 3238 2996 3314 qui

379 3336 654 3411 sumpsit,
700 3336 899 3394 totum
929 3354 1166 3410 quoque
1198 3336 1560 3392 transmutat
1590 3333 1650 3391 in
1681 3351 1849 3392 suam
1881 3336 2156 3390 naturam
2190 3325 2656 3414 (immortalem).
2724 3329 2837 3388 Sed
2874 3347 2997 3387 non

377 3427 574 3500 potest
604 3424 747 3496 fiori,
793 3426 866 3483 ut
909 3423 1217 3500 quidpiam
1260 3422 1420 3482 aliud
1464 3423 1543 3481 sit
1583 3423 1742 3480 intra
1772 3439 1984 3496 corpus
2018 3415 2362 3501 (nostrum),
2410 3420 2531 3478 nisi
2577 3438 2683 3495 per
2728 3437 2896 3478 esum
2937 3419 2998 3476 et

378 3516 584 3590 potum
616 3513 940 3572 visceribus
971 3512 1193 3572 nostris
1224 3512 1648 3571 misceatur...
1681 3510 2135 3586 Dispensatione
2168 3509 2397 3587 gratiae
2430 3509 2695 3584 seipsum
2733 3526 2840 3584 per
2871 3526 2997 3565 car·

376 3620 513 3660 nem
545 3601 758 3662 inserit
787 3603 1065 3661 omnibus
1097 3602 1451 3660 commixtus
1483 3600 1830 3676 corporibus
1862 3598 2148 3668 fidelium,
2198 3598 2419 3672 quibus
2465 3617 2533 3656 ex
2580 3615 2731 3673 pane
2762 3600 2824 3655 et
2855 3596 3000 3654 vino

381 3690 722 3751 substantia
763 3696 871 3761 est,
917 3694 990 3750 ut
1032 3691 1255 3749 unione
1299 3709 1434 3750 cum
1465 3689 1787 3748 immortali
1820 3683 2115 3768 (corpore)
2147 3688 2326 3746 etiam
2360 3688 2533 3746 homo
2566 3685 2860 3761 particeps
2894 3684 3003 3742 fiat

379 3779 860 3855 incorruptionis.
920 3780 1078 3839 Haec
1108 3782 1308 3838 autem
1339 3779 1443 3838 dat
1475 3779 1698 3838 virtute
1727 3776 2162 3837 benedictionis
2195 3776 2259 3834 in
2291 3776 2444 3834 illud
2477 3774 2834 3856 (immortale
2867 3790 2995 3830 cor·

378 3886 491 3943 pus
524 3866 766 3952 Christi)
795 3870 1332 3928 transelementans
1363 3887 1585 3939 eorum,
1620 3886 1772 3942 quae
1801 3869 2105 3942 apparent.
2142 3869 2477 3924 naturam.‘

599 4053 636 4121 ¹)
662 4051 747 4102 Ita
775 4048 817 4102 F
836 4049 907 4102 ul
926 4050 962 4103 b
977 4064 1007 4101 e
1023 4066 1050 4101 r
1066 4051 1142 4101 tu
1161 4065 1185 4101 s
1211 4047 1562 4102 carnotensis
1587 4062 1676 4117 ep.
1698 4054 1728 4101 5
1757 4046 1835 4116 (M
1850 4045 1871 4098 i
1888 4064 1925 4116 g
1941 4066 1977 4100 n
1995 4061 2024 4098 e
2056 4052 2174 4109 141,
2195 4047 2351 4115 20⁶2):
2384 4022 2562 4107 „Quia
2584 4057 2789 4110 corpus
2808 4057 2993 4104 suum,

378 4128 532 4197 quod
558 4127 732 4183 semel
755 4145 859 4199 pro
885 4128 1050 4182 nobis
1076 4128 1352 4182 offerebat
1374 4127 1436 4180 in
1461 4127 1728 4196 pretium,
1757 4125 1934 4197 paulo
1964 4128 2094 4196 post
2120 4141 2153 4177 a
2180 4123 2389 4179 nostris
2415 4121 2635 4177 visibus
2663 4121 3000 4175 sublaturus

379 4209 568 4263 fuerat
589 4209 652 4262 in
677 4209 929 4266 coelum:
975 4225 1047 4263 ne
1087 4207 1301 4262 sublati
1341 4206 1593 4277 corporis
1633 4206 2032 4260 fraudaremur
2071 4204 2357 4276 praesenti
2384 4201 2718 4267 munimine,
2746 4201 2998 4271 corporis

379 4287 757 4345 nihilominus
796 4291 854 4343 et
878 4288 1176 4359 sanguinis
1203 4289 1293 4342 sui
1333 4288 1546 4358 pignus
1585 4288 1835 4341 salutare
1875 4287 2041 4341 nobis
2081 4283 2338 4353 reliquit,
2380 4301 2495 4338 non
2523 4281 2713 4336 inanis
2738 4280 2996 4350 mysterii

377 4370 717 4439 symbolum,
762 4370 858 4424 sed
904 4368 1342 4439 compaginante
1387 4367 1607 4437 Spiritu
1638 4384 1678 4419 s.
1724 4382 1931 4437 corpus
1957 4364 2175 4419 Christi
2215 4380 2431 4420 verum.
2474 4363 2627 4431 quod
2657 4361 2997 4430 quotidiana

375 4450 743 4506 veneratione
770 4451 877 4505 sub
904 4451 1119 4506 visibili
1139 4453 1429 4506 creaturae
1454 4449 1637 4504 forma
1663 4445 2035 4501 invisibiliter
2062 4444 2245 4499 virtus
2273 4445 2485 4497 secreta
2511 4443 2573 4496 in
2600 4442 2774 4498 sacris
2801 4441 2997 4495 solem·

375 4532 548 4586 nibus
587 4535 907 4601 operatur.“
962 4531 1045 4586 Cf.
1085 4530 1238 4584 Petri
1270 4529 1607 4584 Damiani
1646 4545 1809 4583 serm.
1841 4535 1936 4586 10:
1989 4526 2092 4579 Ru
2110 4527 2281 4596 pert
2299 4543 2337 4578 u
2355 4542 2380 4577 s
2409 4525 2539 4578 tuit.
2567 4524 2631 4576 in
2657 4523 2821 4576 Joan.
2850 4529 2899 4586 6,
2930 4527 2999 4577 26

377 4611 561 4682 (Mig.
592 4618 711 4676 169,
739 4619 844 4667 454
868 4629 909 4664 s.
935 4611 1040 4665 col.
1067 4613 1223 4682 485);
1275 4609 1375 4663 Ho
1394 4627 1429 4662 n
1447 4627 1478 4663 o
1496 4609 1612 4668 riu
1631 4627 1655 4661 s
1695 4606 2002 4678 augustod.
2046 4604 2366 4659 Eucharist.
2393 4621 2439 4657 c.
2469 4611 2501 4660 2
2542 4602 2637 4676 (ib.
2671 4607 2788 4664 172,
2824 4604 2994 4670 1250).

376 4691 641 4746 Ceterum
666 4692 736 4745 de
762 4692 873 4746 fine
897 4691 1283 4746 institutionis
1305 4689 1680 4743 eucharistiae
1707 4687 1997 4757 praeclare
2024 4685 2251 4739 disserit
2276 4686 2310 4739 S
2328 4701 2356 4737 c
2373 4685 2409 4736 h
2429 4700 2457 4736 e
2476 4700 2505 4738 e
2522 4684 2558 4737 b
2574 4700 2603 4736 e
2622 4701 2657 4734 n
2686 4681 2993 4750 Mysterien

377 4773 474 4828 des
502 4773 963 4828 Christenthums
990 4781 1016 4838 ξ
1044 4779 1112 4828 69
1141 4790 1179 4824 e.
