3538 5364
574 344 708 409 (352
947 335 1129 388 Tract.
1160 335 1225 387 X.
1253 334 1322 387 de
1349 333 1467 387 Deo
1493 332 1966 387 consummatore.
1992 330 2445 386 Resurrectionis
2470 327 2840 399 possibilitas,

578 515 721 582 Scio
752 519 904 601 quia
926 514 1149 602 (frater
1167 514 1376 599 meus)
1403 520 1684 596 resurqet
1707 515 1777 577 in
1803 513 2251 577 resurrectione
2278 514 2349 575 in
2379 511 2718 575 novissima
2748 510 2868 575 die.
2899 506 2990 573 Cf.
3008 525 3201 590 prae-

575 630 760 690 terea
790 630 848 693 2.
883 623 1085 687 Mach.
1124 625 1224 699 12,
1257 626 1345 689 43
1377 622 1463 708 (n.
1497 620 1688 707 67o);
1749 619 1908 684 Dan.
1948 625 2047 697 12,
2082 625 2153 695 2;
2213 619 2313 683 Ez.
2347 624 2451 695 31,
2492 623 2523 686 1
2558 637 2673 693 ss:
2721 615 2943 681 Matth.
2975 618 3082 693 22,
3114 619 3203 684 28

576 729 718 796 coll.
749 731 887 795 Act.
920 735 1026 806 23,
1056 735 1097 799 6
1130 748 1212 793 ss.
2036 748 2041 751 ·
2210 753 2215 759 -

759 862 907 927 698.
941 857 1007 924 3.
1040 852 1309 919 Accedit
1338 852 1848 919 luculentissima
1870 851 2129 918 traditio
2162 850 2651 928 christiana,
2682 854 2755 914 ut
2784 851 2966 932 patet
2996 867 3077 914 ex
3106 853 3208 911 tot

579 963 887 1045 symbolis
921 969 985 1027 et
1016 961 1332 1044 apologiis
1361 980 1480 1042 pro
1513 957 1821 1043 religione
1853 961 2204 1026 christiana
2234 958 2453 1026 editis:
2499 958 2832 1042 exquisitis
2878 958 3052 1024 enim
3080 976 3212 1033 un-

581 1070 772 1152 dique
804 1068 1115 1150 analogiis
1135 1067 1627 1151 rationibusque
1657 1069 1950 1133 nituntur
1978 1074 2203 1150 patres
2233 1067 2361 1132 hoc
2380 1067 2618 1148 dogma
2634 1065 3040 1142 confirmare,
3061 1063 3211 1128 illu-

581 1185 788 1241 strare
821 1183 885 1242 et
915 1176 1229 1242 adversus
1260 1174 1591 1255 gentilium
1624 1176 1790 1240 tueri
1822 1176 2270 1256 exceptiones:
2302 1174 2551 1257 ipsique
2583 1173 2852 1255 gentiles
2883 1172 3051 1237 bene
3081 1189 3210 1234 no-

580 1290 828 1359 verant,
860 1284 1030 1347 hanc
1062 1301 1208 1348 esse
1239 1282 1737 1347 christianorum
1767 1282 1993 1348 fidem:
2034 1283 2276 1355 idcirco
2325 1279 2497 1348 enim
2542 1286 2900 1364 martyrum
2930 1295 3213 1360 corpora

580 1389 960 1473 redigebant
991 1391 1058 1453 in
1088 1390 1353 1466 cinereS,
1399 1395 1472 1454 ut
1503 1408 1726 1455 eorum
1760 1391 2303 1456 resurrectionem
2349 1388 2695 1455 redderent
2723 1386 3211 1470 impossibilem.

584 1495 672 1561 Cf.
707 1515 924 1578 opusc.
956 1495 1110 1573 XIII,
1148 1501 1292 1566 109.
1355 1495 1735 1579 Speciminis
1767 1498 1978 1578 gratia
2009 1496 2330 1580 quaedam
2360 1496 2699 1561 dabimus(

761 1643 820 1691 a.
871 1628 993 1686 Alii
1039 1647 1077 1702 p
1096 1626 1680 1687 ossibilitatem
1712 1628 2167 1688 resurrectionis
2200 1628 2392 1687 carnis
2425 1626 2777 1687 confirmant
2807 1646 2877 1686 ex
2908 1625 3214 1685 creatione

582 1714 865 1787 universi,
914 1716 1223 1792 speciatim
1255 1717 1530 1789 hominiS‚
1577 1737 1757 1794 quam
1787 1717 2199 1794 probationem
2230 1717 2362 1777 fuse
2392 1716 2737 1793 exsequitur
2766 1716 2812 1774 Τ
2828 1715 3164 1775 heodore
3183 1748 3211 1760 -

584 1810 712 1866 tus
757 1806 831 1865 de
862 1824 1023 1881 prov.
1056 1825 1140 1870 or.
1177 1816 1232 1868 9.
1299 1807 1392 1865 Ita
1422 1807 1964 1884 Athenagoras
1997 1807 2070 1865 de
2100 1825 2288 1868 resur.
2320 1807 2515 1866 carnis
2546 1825 2604 1865 n.
2642 1817 2712 1869 3:
2760 1805 2915 1876 ,Dei
2944 1807 3213 1882 potesta·

583 1900 706 1955 tem
738 1895 1067 1954 excitandis
1097 1895 1173 1953 ad
1203 1895 1388 1955 vitam
1420 1896 1768 1972 corporibus
1814 1915 1937 1955 non
1977 1896 2263 1973 imparem
2297 1915 2444 1967 esse,
2492 1886 2845 1974 argumento
2875 1898 2973 1953 est
3001 1912 3214 1953 eorum

584 1984 906 2064 generatio.
980 1984 1037 2042 N
1040 2004 1135 2044 am
1181 1985 1233 2043 si
1277 2004 1397 2044 non
1443 1986 1741 2045 exstantia
1787 1985 2100 2044 hominum
2145 2004 2390 2062 corpora
2433 2003 2761 2061 eorumque
2804 1983 3104 2062 principia
3146 1984 3215 2044 in

585 2075 777 2153 prima
806 2074 947 2133 fecit
980 2074 1291 2146 creatione,
1340 2075 1520 2133 etiam
1552 2074 1866 2147 dissoluta,
1916 2076 2190 2151 quolibet
2218 2075 2280 2134 id
2313 2075 2634 2152 contigerit
2663 2073 2857 2147 modo,
2898 2092 3020 2133 non
3052 2072 3211 2131 diffi-

586 2164 763 2223 cilius
795 2162 1214 2222 exsuscitabit:
1249 2182 1436 2240 aeque
1468 2164 1629 2223 enim
1660 2163 1725 2222 id
1755 2182 1995 2240 quoque
2015 2167 2273 2240 potest.‘
2322 2164 2430 2223 Vel
2461 2166 2723 2223 utuntur
2741 2163 3009 2240 exemplo
3040 2162 3215 2240 figuli

586 2252 690 2314 v'as
724 2252 1087 2313 confractum
1116 2253 1482 2331 refingentis.
1528 2253 1624 2312 Ita
1654 2253 1801 2329 Hip
1819 2274 1857 2329 p
1876 2255 1948 2312 ol
1962 2256 2102 2331 ytu
2119 2272 2146 2313 s
2180 2254 2218 2311 l.
2251 2254 2381 2313 adv.
2400 2273 2487 2331 gr.
2511 2248 2596 2336 (M
2611 2253 2631 2311 i
2648 2272 2744 2330 gn
2759 2272 2791 2311 e
2822 2255 2973 2329 patr.
2990 2271 3085 2330 gr.
3112 2262 3138 2315 1
3154 2262 3212 2323 0,

592 2341 778 2422 799):
827 2342 1121 2410 ,Etiamsi
1165 2342 1238 2400 ad
1284 2345 1522 2418 tempus
1571 2344 1842 2401 solvatur
1872 2361 2087 2420 corpus
2118 2345 2363 2420 propter
2392 2343 2643 2419 primam
2686 2342 2761 2401 ab
2806 2341 2983 2401 initio
3012 2344 3212 2401 trans·

585 2431 951 2509 gressionem
980 2434 1401 2507 perpetratam,
1450 2433 1753 2508 tamquam
1792 2432 1857 2490 in
1888 2432 2226 2492 conflatorio
2256 2436 2452 2491 terrae
2483 2432 2803 2492 mandatur
2830 2450 3075 2490 rursum
3106 2431 3213 2490 ali-

588 2521 826 2598 quando
845 2520 1303 2591 reformandum,
1337 2539 1457 2580 non
1487 2521 1624 2593 tale,
1657 2523 1838 2597 quale
1868 2540 2049 2593 nunc,
2080 2524 2585 2592 resurrecturum,
2612 2521 2713 2580 sed
2745 2540 2966 2599 purum
2998 2522 3061 2579 et
3091 2539 3213 2580 non

587 2609 845 2688 amplius
877 2610 1246 2687 corruptioni
1277 2610 1654 2674 obnoxium.‘
3132 2632 3137 2637 ·

769 2732 839 2801 b.
869 2735 991 2793 Alii
1021 2738 1361 2811 provocant,
1407 2738 1480 2795 ut
1519 2736 1628 2795 hoc
1656 2736 2016 2813 mysterium
2048 2735 2407 2811 quibusdam
2436 2735 2752 2796 illustrent
2778 2734 3094 2812 analogiis,
3140 2734 3213 2792 ad

591 2825 1011 2901 quotidianam,
1058 2844 1211 2900 quae
1242 2825 1508 2884 cernitur
1536 2827 1602 2883 in
1633 2825 1741 2884 hoc
1774 2825 2066 2897 univers0,
2113 2824 2624 2908 resurrectionem,
2670 2825 2823 2884 duce
2851 2825 3061 2896 Paulo,
3107 2824 3212 2900 qui

592 2914 836 2974 seminis
865 2914 1064 2972 utitur
1095 2914 1361 2990 exemplo
1402 2925 1454 2976 1.
1492 2915 1617 2974 Cor.
1662 2924 1752 2986 15,
1804 2924 1883 2977 36
1920 2933 2016 2986 ss.,
2064 2915 2220 2991 quod
2253 2918 2446 2974 terrae
2477 2914 2854 2974 commissum
2884 2914 3056 2990 prius
3086 2931 3211 2972 cor-

590 3003 912 3080 rumpitur,
958 3002 1172 3062 deinde
1217 3003 1288 3061 ad
1335 3021 1550 3063 novam
1581 3005 1845 3081 resurgit
1876 3004 2077 3063 vitam.
2141 3004 2307 3062 Inter
2350 3003 2456 3062 hos
2500 3003 2724 3062 eminet
2767 3004 2832 3062 P.
2881 3004 3212 3079 Chryso-

591 3094 818 3170 logus
852 3109 1023 3150 serm.
1064 3102 1205 3155 103.
1246 3102 1387 3163 118,
1436 3092 1929 3169 Epiphanius
1975 3093 2039 3151 in
2084 3095 2297 3152 Ancor.
2330 3112 2387 3150 n.
2424 3101 2504 3156 83
2552 3094 2614 3151 et
2656 3091 3214 3151 Tertullianus

590 3182 666 3239 de
696 3199 808 3243 res.
841 3199 998 3239 carn.
1030 3198 1078 3242 c.
1117 3190 1215 3253 12,
1260 3181 1368 3257 qui
1398 3183 1668 3258 exposita
1698 3182 1806 3241 hac
1836 3182 2109 3259 analogia
2140 3182 2375 3241 subdit:
2427 3180 2654 3251 ,Totus
2696 3181 2888 3259 igitur
2930 3180 3028 3239 hic
3073 3181 3216 3240 ordo

593 3269 945 3329 revolubilis
976 3287 1175 3328 rerum
1220 3271 1464 3331 testatio
1508 3274 1599 3331 est
1640 3271 2097 3331 resurrectionis
2127 3275 2516 3330 mortuorum.
2559 3270 2853 3346 Operibus
2882 3289 3014 3330 eam
3043 3289 3216 3347 prae·

587 3358 833 3434 scripsit
862 3358 1023 3417 Deus
1053 3361 1193 3418 ante
1223 3378 1403 3434 quam
1434 3360 1657 3436 literis:
1701 3361 1933 3420 viribus
1965 3360 2331 3437 praedicavit
2360 3364 2681 3435 antequam
2710 3359 2978 3419 vocibus.
3040 3359 3216 3418 Prae-

586 3447 761 3507 misit
788 3446 904 3505 tibi
935 3449 1211 3506 naturam
1243 3449 1587 3527 magistram
1619 3451 2032 3509 submissurus
2065 3453 2126 3509 et
2156 3449 2550 3526 prophetiam,
2600 3466 2719 3526 quo
2749 3448 2989 3508 facilius
3017 3448 3219 3510 credas

587 3536 944 3614 prophetiae
963 3536 1296 3613 discipulus
1327 3540 1606 3610 naturae;
1638 3558 1757 3614 quo
1791 3539 1995 3597 statim
2015 3539 2311 3611 admittas,
2344 3557 2480 3597 cum
2498 3528 2780 3609 audieris,
2813 3538 2973 3615 quod
2995 3538 3219 3614 ubique

587 3628 717 3703 jam
765 3625 1021 3697 videris;
1070 3644 1181 3686 nec
1229 3627 1469 3686 dubites
1503 3629 1692 3687 Deum
1722 3628 1918 3687 carnis
1950 3628 2135 3687 etiam
2179 3628 2679 3698 resuscitatorem,
2726 3646 2904 3704 quem
2950 3628 3219 3686 omnium

596 3716 757 3775 noris
788 3716 1258 3775 restitutorem.‘
1327 3717 1769 3776 Tertullianum
1815 3718 1879 3775 in
1924 3717 2341 3793 compendium
2378 3717 2601 3794 redigit
2629 3711 3026 3776 Minucius
3057 3716 3221 3776 Felix

595 3824 655 3866 n.
692 3814 807 3869 34:
851 3804 1079 3873 ,Video
1111 3804 1274 3877 adeo,
1325 3824 1498 3882 quam
1545 3806 1612 3864 in
1659 3806 1932 3865 solatium
1962 3807 2156 3866 nostri
2184 3806 2694 3867 resurrectionum
2725 3806 2995 3865 futuram
3026 3805 3221 3865 omnis

591 3896 813 3954 matura
844 3893 1185 3958 meditetur.
1252 3895 1353 3953 Sol
1385 3895 1678 3972 demergit
1707 3898 1769 3954 et
1799 3895 2084 3968 nascitur,
2114 3898 2273 3955 astra
2304 3896 2593 3968 labuntur
2623 3897 2688 3955 et
2716 3895 3001 3966 redeunt:
3048 3895 3223 3954 flores

587 3983 876 4042 occidunt
924 3986 987 4040 et
1033 3983 1431 4055 reviviscunt3
1482 3987 1622 4060 post
1667 3985 1900 4043 senium
1946 3985 2193 4044 arbusta
2239 3984 2659 4056 frondescunt3
2709 3983 2934 4043 semina
2980 3983 3226 4043 nonnisi

586 4074 878 4147 corrupta
907 4071 1296 4131 revirescunt.
1343 4073 1440 4131 Ita
1470 4091 1687 4150 corpus
1718 4074 1781 4134 in
1816 4074 2104 4149 sepulcro,
2153 4076 2225 4132 ut
2254 4074 2493 4132 arbores
2523 4072 2587 4132 in
2617 4072 2881 4142 hibernO,
2915 4072 3225 4132 occultant

593 4162 854 4221 virorem
885 4160 1162 4220 ariditate
1194 4162 1458 4221 mentita.
1524 4161 1679 4231 Quid
1715 4162 1979 4234 festinas,
2026 4165 2099 4222 ut
2141 4162 2323 4221 cruda
2367 4162 2560 4222 adhuc
2591 4162 2781 4221 hieme
2812 4160 3137 4221 reviviscat
3165 4164 3227 4222 et

589 4251 842 4312 redeat?
906 4249 1386 4326 Exspectandum
1416 4252 1591 4310 nobis
1622 4252 1803 4311 etiam
1834 4252 2095 4328 corporis
2126 4270 2230 4311 ver
2258 4253 2368 4310 est.
2383 4259 2411 4290 ‘

779 4371 845 4420 (3.
878 4356 1162 4415 Libenter
1192 4375 1334 4416 vero
1366 4359 1818 4418 resurrectionis
1862 4358 2459 4434 congruentiam
2503 4358 2771 4417 inferunt
2813 4379 2870 4420 α.
2915 4376 2988 4417 ex
3032 4357 3229 4435 carnia

591 4444 1033 4522 dignitate:
1082 4446 1243 4522 quod
1289 4451 1710 4525 argumentum
1742 4446 1963 4523 expolit
1992 4449 2055 4505 et
2083 4450 2264 4524 urget
2293 4447 2853 4507 Tertullianus
2879 4446 2960 4505 ib.
2992 4464 3042 4508 c.
3079 4457 3115 4511 5
3148 4464 3232 4507 ss.

591 4536 783 4609 atque
814 4534 904 4592 ita
934 4534 1140 4609 paucis
1173 4536 1620 4612 complectitur:
1671 4536 1926 4613 ,Igitur,
1967 4538 2038 4595 ut
2067 4539 2347 4614 retexam,
2380 4530 2879 4619 quam‚(carnem)
2911 4536 3071 4608 Deus
3098 4553 3230 4595 ma-

602 4621 784 4681 nibus
815 4621 942 4681 suis
991 4622 1065 4680 ad
1104 4622 1425 4701 imaginem
1455 4626 1561 4684 Dei
1595 4625 1833 4696 struxit,
1882 4626 2063 4701 quam
2107 4624 2180 4684 de
2214 4625 2330 4685 *suo
2376 4621 2600 4686 adflatu
2641 4625 2715 4684 ad
2764 4619 3229 4702 similitudinem

593 4729 744 4770 :suae
775 4710 1112 4770 vivacitatis
1144 4713 1446 4785 animavit,
1481 4734 1660 4791 quam
1692 4714 1999 4785 incolatui,
2041 4711 2303 4787 fructui,
2330 4713 2660 4774 dominatui
2689 4713 2882 4773 totius
2914 4723 3059 4773 *suae
3088 4727 3229 4790 ope-

599 4800 852 4861 rationis
882 4802 1247 4876 praeposuit,
1279 4821 1460 4878 quam
1492 4802 1879 4863 sacramentis
1913 4803 2041 4862 suis
2073 4803 2524 4880 disciplinisque
2547 4791 2811 4876 vestivit,
2844 4803 3018 4879 cujus
3050 4819 3233 4862 mun.-
