3538 5364
540 291 676 357 614
942 282 1128 339 hant.
1153 283 1223 337 X.
1248 283 1318 338 de
1344 283 1462 338 Deo
1488 292 1962 340 consummatore.
1989 282 2189 337 'rhesis
2215 282 2496 339 CCLXXL
2523 282 2743 338 Inferni

543 471 727 547 patet
757 484 836 530 ex
866 464 1162 549 symbolo
1209 465 1775 531 athanasiano
1821 471 1888 530 et
1932 481 2014 530 ex
2056 481 2236 529 conc.
2286 464 2677 531 lateranensi
2706 465 2807 530 lV.
2854 483 2995 548 cap.
3028 465 3166 530 Fir-

546 572 754 637 miter.
816 571 1005 638 Teste
1049 571 1520 656 Nicephoro
1566 572 1638 636 H.
1672 571 1738 636 E.
1773 570 1959 650 XVII,
1994 577 2082 641 20
2126 571 2323 637 etiam
2367 571 2657 655 synodus
2686 572 2761 636 V.
2813 570 3166 638 anathema

543 680 707 744 dixit
736 685 970 745 contra
1000 698 1312 746 errorem:
1369 679 1859 762 ,Temporanea
1889 698 2032 745 esse
2062 678 2454 744 daemonum
2486 683 2552 744 et
2581 678 2925 761 impiorum
2954 678 3166 745 homi-

544 806 701 851 num
729 792 1055 853 tormenta
1084 787 1403 870 finemque
1453 805 1534 853 ea
1583 794 1877 868 tempore
1927 785 2143 868 aliquo
2195 785 2514 864 habitura,
2565 792 2761 870 atque
2809 785 3040 868 impios
3090 804 3168 851 ac

548 892 898 959 daemones
929 894 995 957 in
1024 893 1306 976 priorem
1353 913 1548 959 suum
1597 899 1841 958 statum
1888 892 2258 957 restitutum
2307 893 2440 957 iri‘
2508 893 2752 959 Verum
2793 911 3007 958 canon
3035 911 3169 958 non

546 1000 861 1083 reperitur
891 1000 956 1064 in
987 1001 1152 1066 illius
1183 1001 1418 1084 synodi
1448 1001 1629 1067 actis.
1689 998 2013 1065 Probatur

727 1106 790 1175 1.
825 1108 1214 1173 auctoritate
1234 1106 1627 1190 Scripturae,
1660 1125 1829 1190 quae
1861 1105 2091 1171 inferni
2123 1124 2370 1188 poenas
2398 1106 2635 1173 diserte
2670 1111 2866 1171 vocat
2882 1113 3172 1171 astemus

546 1213 771 1280 Matth.
809 1220 909 1291 18,
941 1220 999 1291 8,
1033 1215 1387 1278 duraturus
1415 1215 1487 1277 in
1516 1215 1722 1279 secula
1757 1213 2108 1278 seculorum
2139 1211 2337 1295 Apoc.
2375 1216 2475 1291 14,
2511 1218 2627 1290 103
2665 1218 2764 1291 19,
2797 1216 2857 1290 2,
2897 1211 3171 1296 ,quibus

546 1321 779 1399 verbiS,
826 1322 1034 1404 inquit
1077 1320 1589 1402 Augustinus
1635 1319 1715 1385 de
1761 1319 1879 1383 civ.
1912 1319 2029 1383 Dei
2059 1318 2222 1396 XXI,
2256 1321 2364 1396 23,
2407 1317 2564 1383 nihil
2595 1316 2926 1402 Scriptura
2955 1318 3175 1384 divina

547 1427 911 1510 significare
943 1426 1300 1505 consuevit,
1336 1427 1458 1491 nisi
1488 1427 1662 1511 quod
1691 1426 1885 1492 finem
1915 1445 2047 1491 non
2085 1426 2286 1493 habet
2315 1426 2682 1508 temporis!
2719 1426 2931 1492 Vocat
2958 1427 3175 1509 ignem

459 1553 463 1558 ·
547 1534 1109 1620 inmtinquibilem
1141 1538 1208 1600 et
1237 1552 1524 1600 vermem
1554 1552 1688 1598 non
1720 1538 2098 1598 moriturum
2131 1532 2327 1597 Marc.
2349 1536 2410 1610 9,
2428 1537 2535 1610 43,
2567 1531 2801 1615 quibus
2819 1531 3032 1597 citatis
3050 1551 3172 1597 no-

550 1646 646 1705 tat
678 1640 1188 1721 Augustinus
1223 1640 1308 1705 ad
1343 1637 1643 1705 Orosium
1674 1657 1728 1704 c.
1759 1645 1831 1710 6:
1902 1638 2415 1722 ,Qualiscunque
2458 1657 2675 1722 poena
2703 1637 3061 1721 significata
3089 1639 3176 1703 sit

550 1749 813 1814 nomine
842 1749 1081 1813 vermis
1112 1754 1310 1832 atque
1342 1747 1526 1830 ignis,
1559 1753 1734 1812 certe
1765 1746 1822 1810 si
1851 1765 1983 1811 non
2014 1746 2344 1823 morietur,
2375 1764 2496 1813 nec
2529 1746 2985 1827 exstinguetur,
3033 1746 3174 1811 sine

548 1854 675 1921 fine
704 1855 1037 1936 praedicta
1066 1862 1184 1934 est,
1216 1874 1338 1920 nec
1371 1852 1548 1918 aliud
1579 1853 1817 1936 agebat
1833 1853 2151 1936 propheta
2180 1870 2331 1916 cum
2359 1852 2485 1918 hoc
2515 1852 2774 1929 diceret,
2793 1853 2917 1917 nisi
2936 1860 3007 1918 ut
3026 1870 3175 1919 eam

547 1962 687 2027 sine
717 1961 843 2026 fine
873 1962 1327 2044 praediceret‘

725 2070 794 2137 2.
827 2066 1220 2134 Nominatim
1269 2068 1659 2135 exhibentur
1699 2069 2159 2133 damnatorum
2202 2084 2455 2151 poenae
2497 2068 2838 2134 duratione
2868 2069 3176 2152 aequales

550 2175 894 2240 beatorum
924 2175 1175 2257 gaudiis
1205 2176 1301 2242 Jo.
1333 2183 1395 2254 4,
1419 2181 1537 2246 36:
1571 2175 1794 2241 Matth.
1827 2179 1931 2252 25,
1962 2179 2052 2245 46
2085 2180 2225 2252 etc.,
2256 2192 2424 2257 quae
2454 2174 2744 2256 profecto
2776 2175 2904 2242 fine
2931 2182 3176 2241 carent.

550 2280 694 2361 Quo
725 2289 1103 2364 argumento
1125 2283 1331 2348 utitur
1361 2282 1476 2347 Au
1492 2302 1634 2363 gus
1659 2282 1884 2347 tinus
1914 2282 1952 2346 l.
1973 2299 2026 2346 c.
2048 2289 2115 2348 et
2133 2281 2214 2348 de
2234 2281 2353 2346 εἰν.
2373 2281 2489 2348 Dei
2505 2282 2669 2360 XXI,
2689 2288 2806 2352 23:
2846 2282 3175 2359 ,Christus

552 2389 618 2452 in
648 2407 780 2453 uno
812 2389 1171 2473 eodemque
1200 2390 1347 2455 loco
1378 2389 1446 2454 in
1476 2407 1610 2454 una
1640 2390 2000 2471 eademque
2030 2388 2354 2455 sententia
2383 2388 2568 2453 dicit:
2599 2387 2789 2453 Ibunt
2813 2391 2920 2453 isti
2936 2391 3008 2454 in
3024 2409 3176 2476 sup-

544 2495 809 2582 plicium
829 2503 1169 2576 aeternum,
1184 2497 1347 2580 justi
1366 2502 1573 2561 autem
1609 2497 1677 2561 in
1694 2497 1890 2560 vitam
1918 2504 2238 2561 aeternam
2271 2494 2516 2581 (Matth.
2538 2500 2642 2573 25,
2662 2496 2806 2583 46):
2838 2496 2894 2560 si
2923 2502 3178 2562 utrum-

469 2609 471 2611 ’
555 2621 682 2685 que
712 2608 1068 2680 aeternum,
1098 2602 1392 2686 profecto
1425 2608 1540 2666 aut
1569 2609 1914 2686 utrumque
1944 2620 2092 2666 cum
2123 2602 2249 2668 fine
2281 2602 2657 2668 diuturnum
2688 2610 2802 2668 aut
2827 2610 3176 2688 utrumque

550 2711 689 2775 sine
718 2710 845 2776 fine
875 2717 1259 2794 perpetuum
1292 2709 1485 2776 debet
1518 2709 1799 2792 intelligi,
1828 2728 1950 2793 par
1976 2710 2119 2793 pari
2154 2711 2324 2776 enim
2353 2711 2563 2777 relata
2591 2718 2761 2776 sunt.
2822 2711 2986 2776 Hinc
3017 2732 3173 2795 sup-

550 2816 813 2899 plicium
845 2824 1197 2894 aeternum,
1231 2817 1378 2882 inde
1409 2817 1546 2883 vita
1576 2825 1858 2883 aeterna.
1922 2816 2148 2882 Dicere
2196 2823 2435 2895 autem,
2481 2818 2548 2882 in
2589 2818 2718 2883 hoc
2747 2837 2877 2882 uno
2910 2818 3174 2884 eodem-

552 2942 678 3007 que
708 2942 904 2989 sensu
934 2923 1071 2988 vita
1101 2931 1368 2990 aeterna
1397 2923 1537 2990 sine
1567 2923 1694 2989 fine
1726 2925 1862 3001 erit,
1894 2922 2278 3006 supplicium
2310 2931 2646 2990 aeternum
2678 2924 2872 2990 finem
2892 2924 3176 3001 habebit,

552 3031 827 3095 multum
857 3030 1212 3096 absurdum
1243 3031 1456 3117 est1).‹

731 3137 795 3208 3.
827 3136 1173 3204 Praeterea
1201 3145 1583 3222 peccatores
1614 3139 1914 3205 dicuntur
1943 3160 2098 3205 vasa
2129 3142 2267 3205 irae
2277 3141 2348 3229 2),
2377 3160 2529 3205 vasa
2558 3142 2626 3206 in
2657 3142 3094 3206 contumeliam
3103 3141 3178 3228 ¹),

553 3244 947 3331 maledictffi),
978 3265 1170 3330 super
1200 3266 1352 3331 quos
1380 3256 1589 3312 manet
1629 3249 1737 3312 ira
1771 3245 1973 3333 Dei5),
2021 3247 2132 3329 qui
2175 3265 2447 3328 regnum
2478 3247 2594 3312 Dei
2637 3267 2762 3313 non
2812 3267 3180 3333 consequen·

556 3351 722 3438 tur-⁶)
756 3357 876 3416 etc.
937 3351 1140 3434 Hujus
1170 3353 1296 3417 loci
1328 3352 1673 3418 occasione
1704 3352 1926 3417 scribit
1967 3351 2486 3434 Augustinus
2531 3354 2568 3418 l.
2600 3370 2652 3417 c.
2684 3371 2738 3420 c.
2773 3357 2891 3423 25:
2964 3353 3182 3429 ,Haec

553 3501 974 3555 crementorum
999 3501 1073 3554 ab
1100 3499 1329 3556 infinita
1353 3501 1459 3557 Dei
1484 3501 1794 3558 Salvatoris
1829 3501 2013 3557 nostri
2057 3501 2453 3557 misericordia
2492 3504 2748 3559 obtinere
2788 3519 2904 3559 non
2923 3503 3182 3574 possint:

551 3579 638 3634 ita
662 3595 948 3634 sacrarum
976 3579 1397 3650 Scripturarum
1426 3584 1486 3637 et
1509 3583 1837 3637 sanctorum
1862 3585 2093 3654 patrum
2109 3582 2403 3638 doctrinae
2418 3587 2478 3638 et
2489 3583 2673 3654 ipsius
2687 3583 2972 3640 Ecclesiae
2988 3583 3184 3639 catho-

552 3659 700 3715 licae
724 3660 1026 3715 consensui
1050 3659 1411 3717 inhaerentes
1436 3662 1703 3717 docemus
1728 3664 1790 3716 et
1812 3661 2136 3729 definimus,
2174 3664 2309 3733 post
2344 3662 2500 3718 viam
2525 3664 2702 3734 hujus
2740 3663 2911 3729 vitae,
2946 3663 3181 3733 quando

553 3740 816 3797 homines
832 3742 957 3812 jam
983 3741 1058 3796 ad
1084 3741 1392 3798 terminum
1416 3741 1820 3798 retributionis
1846 3747 2248 3813 pervenerunt,
2288 3746 2357 3798 ut
2391 3745 2604 3798 referat
2628 3742 3029 3814 unnsquisque
3054 3760 3184 3816 pro-

554 3821 685 3892 pria
709 3821 980 3892 corporis,
1005 3824 1182 3891 prout
1204 3821 1384 3892 gessit
1407 3820 1525 3876 sive
1553 3822 1766 3877 bonum
1794 3821 1915 3877 sive
1940 3823 2156 3877 malum
2183 3827 2255 3895 (2.
2283 3822 2407 3879 Cor.
2434 3831 2484 3889 5,
2515 3826 2618 3896 10),
2658 3840 2761 3895 pro
2788 3823 2952 3879 nulla
2974 3822 3185 3878 lethali

553 3900 727 3970 culpa
750 3901 1015 3955 relictum
1042 3917 1162 3955 esse
1177 3902 1365 3957 locum
1391 3901 1660 3956 salutaris
1685 3902 2078 3973 poenitentiae
2104 3905 2164 3958 et
2189 3900 2553 3973 expiationis,
2595 3903 2693 3958 sed
2735 3903 2919 3958 cuivis
2944 3903 3182 3974 peccato

555 3979 805 4044 mortali,
832 3997 945 4049 quo
973 3980 1259 4035 maculata
1283 3980 1477 4034 anima
1502 3998 1635 4036 mox
1659 3984 1795 4052 post
1818 3980 2042 4036 obitum
2081 3997 2265 4036 coram
2312 3983 2508 4037 sancto
2551 3985 2613 4036 et
2643 3983 2806 4053 justo
2836 3980 3036 4052 judice
3060 3979 3183 4035 Deo

554 4058 953 4129 comparuerit,
982 4076 1229 4130 poenam
1255 4060 1626 4115 constitutam
1653 4078 1774 4116 esse
1798 4063 2153 4132 perpetuam,
2198 4059 2349 4116 sicut
2371 4059 2494 4132 ipse
2519 4064 2788 4116 aeternus
2805 4061 2986 4133 judex
3012 4063 3184 4115 testu-

554 4140 682 4192 tur:
716 4140 925 4193 Ver-mis
947 4158 1132 4195 eorum
1155 4159 1266 4194 non
1290 4143 1543 4203 moritur,
1579 4150 1628 4196 et
1664 4145 1806 4209 syna
1842 4159 1952 4196 non
1994 4145 2354 4211 exstinquitur
2379 4140 2572 4214 (Marc.
2599 4148 2651 4208 9,
2677 4145 2786 4215 43).
2835 4140 3000 4196 Unde
3038 4143 3185 4195 imn-

555 4234 730 4287 quam
754 4218 1099 4275 haereticam
1125 4219 1463 4276 damnamus
1488 4219 1810 4275 doctrinam
1851 4223 1973 4275 tum
2017 4236 2232 4286 eornm,
2276 4221 2381 4290 qui
2406 4221 2764 4293 negaverint,
2789 4236 3003 4293 poenas
3027 4220 3184 4274 dam-

556 4296 869 4353 natorum
851 4314 914 4351 in
940 4299 1205 4370 gehenna
1230 4298 1352 4353 fore
1378 4300 1717 4370 perpetuas·
1756 4301 1884 4354 tum
1925 4316 2138 4366 eornm,
2179 4299 2284 4368 qui
2307 4300 2574 4367 dixerint,
2602 4300 2886 4371 quaedam
2911 4315 3032 4355 esse
3054 4314 3185 4370 pec-

558 4381 687 4430 cata
706 4378 988 4444 mortalia,
1015 4396 1260 4448 quorum
1286 4378 1540 4450 expiatio
1561 4383 1619 4434 et
1637 4378 1899 4434 remissio
1918 4382 2052 4450 post
2067 4383 2308 4436 mortem
2326 4381 2543 4453 sperari
2556 4381 2755 4454 possit,
2779 4382 2956 4451 atque
2968 4379 3054 4436 ita
3068 4395 3187 4445 eos,

560 4456 662 4524 qui
679 4473 808 4513 cum
821 4458 1160 4528 hujusmodi
1178 4461 1380 4531 culpae
1400 4462 1562 4515 reatu
1583 4476 1654 4515 ex
1672 4459 1782 4515 hac
1802 4459 1923 4514 vita
1942 4459 2305 4527 decesserint,
2323 4479 2437 4518 non
2464 4460 2527 4518 in
2552 4463 2851 4518 aeternum
2864 4458 3183 4516 damnari-⁸⁶

781 4540 818 4610 ι)
842 4536 1055 4594 Eodem
1079 4541 1421 4609 argumento
1446 4541 1696 4595 utuntur
1720 4540 1782 4595 et
1817 4538 1863 4592 B
1878 4539 2065 4595 asili
2080 4557 2120 4594 u
2135 4557 2161 4594 s
2201 4539 2262 4596 in
2301 4557 2419 4612 reg.
2444 4540 2673 4596 brevior
2696 4540 2969 4612 interrog.
2994 4544 3103 4598 267
3125 4540 3190 4594 et

560 4613 979 4689 Gregorius
1005 4617 1083 4672 M.
1108 4618 1363 4684 XXXIV,
1392 4625 1489 4679 19³
1515 4619 1716 4675 Moral.
1742 4636 1791 4675 c.
1821 4626 1917 4682 192
1942 4619 2077 4675 dial.
2102 4619 2200 4686 IV,
2224 4628 2312 4678 44.

564 4729 571 4734 ψ
778 4701 819 4769 ¹)
847 4696 1010 4752 Rom.
1037 4704 1089 4764 9,
1116 4703 1204 4752 22.
1424 4703 1467 4772 ⁸)
1493 4706 1545 4755 2.
1571 4699 1717 4755 Tim.
1745 4706 1798 4767 2,
1825 4705 1911 4758 2ο.
2126 4705 2172 4774 ⁴)
2197 4700 2406 4759 Matth.
2431 4705 2518 4767 25,
2543 4708 2630 4759 41.

777 4783 820 4852 ⁸)
847 4778 935 4834 J0.
964 4786 1014 4843 3,
1042 4786 1128 4836 36.
1347 4783 1389 4853 ⁸)
1421 4788 1467 4837 1.
1497 4780 1621 4836 Cor.
1646 4786 1697 4847 6,
1726 4785 1791 4843 9;
1818 4781 1946 4837 Gal.
1973 4790 2022 4849 5,
2048 4787 2133 4839 21.
