3538 5364
586 260 718 331 642
863 252 1047 307 Tract.
1073 253 1141 308 X.
1169 252 1242 313 de
1264 251 1383 307 Deo
1409 252 1896 308 Consummatore.
1923 254 2026 309 Th.
2056 252 2388 309 CCLXXVI.
2417 253 2487 309 de
2512 252 2929 322 inaequalitate

588 452 741 499 nem
771 441 836 499 et
857 434 966 509 ⁴vel
999 433 1364 506 amissionis
1395 434 1725 510 timorem3
1769 435 1900 499 imo
1949 453 2075 518 quo
2112 434 2322 517 major
2353 440 2470 512 est,
2515 452 2594 500 eo
2627 435 2833 515 magis
2863 441 3210 518 utrumque

584 540 780 606 debet
824 541 1178 607 excludere.
1243 539 1312 605 Si
1357 559 1512 606 vero
1559 541 1735 606 beati
1779 560 2052 624 peccare
2097 548 2381 625 possent,
2426 560 2654 607 eorum
2696 541 3032 606 beatitudo
3075 558 3212 606 non

585 647 952 717 excluderet
983 668 1175 715 omne
1207 648 1469 727 malum,
1510 656 1852 733 peccatum
1896 650 2069 716 enim
2114 648 2561 731 gravissimum
2591 655 2690 715 est
2718 637 2962 713 malum
2994 653 3061 714 et
3088 646 3217 730 ipsi

585 757 818 823 timore
850 762 916 822 et
944 757 1387 836 sollicitudine,
1418 775 1502 822 ne
1535 757 1911 824 amitterent
1941 757 2218 839 gloriam
2236 758 2602 834 coelestem,
2626 756 2864 839 jugiter
2892 773 3214 837 angeren-

586 868 708 928 tur.
770 863 983 944 Quare
1031 863 1548 945 Augustinus
1598 882 1700 946 op.
1746 863 1898 945 imp.
1943 882 1998 928 c.
2029 863 2372 930 Julianum
2400 862 2478 941 V,
2510 868 2628 933 61:
2696 861 3017 939 ,Donabit
3062 880 3216 928 eam

586 968 1136 1058 (impeccantiam)
1184 968 1443 1046 veritas,
1488 976 1561 1046 ut
1603 970 1687 1034 sit
1728 975 1908 1035 certa
1940 969 2272 1046 securitas,
2315 967 2456 1035 sine
2500 988 2630 1052 qua
2659 987 2792 1033 non
2821 973 3038 1052 potest
3065 986 3217 1034 esse

586 1075 714 1154 illa,
747 1077 852 1142 cui
880 1095 1016 1141 non
1046 1076 1285 1160 aliquid
1317 1076 1705 1154 addendum,
1743 1077 1882 1158 jam
1913 1076 2105 1158 plena
2155 1082 2382 1140 nostra
2410 1074 2736 1141 felicitas.‘
2805 1074 2894 1140 Cf.
2927 1096 2974 1140 s.
3006 1073 3214 1142 Tho-

605 1201 774 1249 mas
809 1190 863 1253 1.
898 1189 939 1252 2
971 1204 1028 1267 q.
1061 1189 1103 1254 ξ’)
1138 1201 1195 1249 a.
1225 1188 1285 1252 4.
1347 1182 1676 1248 Maurus
1708 1201 1812 1265 op.
1844 1180 2036 1249 theoL
2066 1182 2202 1247 11.1.
2235 1188 2276 1252 5
2310 1202 2368 1265 q.
2400 1178 2459 1252 6.

768 1323 913 1379 686.
946 1313 1453 1388 Impecoabilitatis
1481 1315 1677 1372 radix.
1710 1312 1963 1371 —Jam
1987 1330 2263 1389 quaere&
2295 1312 2457 1371 unde
2487 1311 2629 1381 haec
2655 1312 2969 1372 beatorum
2987 1314 3217 1390 impec-

586 1403 876 1465 cabilitas.
940 1403 1086 1462 Rem
1129 1403 1217 1461 ita
1259 1420 1396 1461 cum
1441 1396 1739 1462 Bec'ano
1773 1403 1974 1462 Theol.
2006 1402 2124 1461 sch.
2155 1420 2212 1477 p.
2248 1410 2283 1463 2
2317 1404 2393 1466 tr.
2434 1411 2458 1463 1
2499 1420 2545 1460 c.
2588 1413 2612 1465 l
2654 1421 2711 1478 q.
2748 1412 2783 1465 9
2817 1402 3215 1479 explicamus:

591 1493 880 1562 ,Bonitas
914 1492 1019 1564 Dei
1052 1507 1115 1556 a.
1147 1492 1240 1549 est
1269 1491 1538 1550 infinita:
1572 1490 1799 1550 bonum
1830 1491 1895 1549 in
1928 1491 2227 1550 communi
2258 1490 2554 1549 abstrahit
2581 1510 2616 1550 a
2648 1490 2820 1550 finito
2851 1494 2912 1550 et
2941 1491 3214 1562 infinit03

591 1578 664 1645 b.
699 1581 933 1640 bonitas
966 1581 1073 1639 Dei
1106 1581 1260 1640 clare
1291 1581 1353 1638 et
1383 1579 1668 1639 intuitive
1700 1581 1942 1639 videtur
1971 1600 2006 1638 a
2036 1580 2239 1639 beato:
2270 1578 2497 1638 bonum
2529 1579 2592 1638 in
2625 1580 2927 1640 communi
2958 1581 3215 1640 obscure

588 1673 651 1729 et
695 1669 1054 1730 abstractive
1087 1670 1465 1746 cognoscitur
1495 1690 1530 1728 a
1573 1669 1829 1741 viatore;
1877 1683 1941 1733 e.
1982 1668 2224 1727 bonitas
2254 1668 2362 1728 Dei
2395 1668 2663 1727 continet
2691 1669 2757 1727 in
2787 1687 2850 1728 se
2879 1669 3217 1729 eminenter

588 1759 785 1819 omnia
814 1759 932 1819 alia
962 1758 1346 1835 particularia
1366 1757 1553 1817 bona:
1585 1758 1812 1817 bonum
1841 1758 1905 1817 in
1935 1758 2237 1817 communi
2268 1777 2391 1817 non
2420 1758 2690 1817 continet
2717 1758 2828 1817 illa
2858 1758 3214 1831 eminenter,

587 1848 693 1907 sed
721 1851 959 1907 tantum
990 1847 1350 1923 imperfecte,
1381 1847 1536 1907 sicut
1565 1865 1757 1926 genus
1791 1847 2060 1907 continet
2089 1847 2363 1923 speciem.
2412 1848 2568 1909 Hinc
2598 1844 2668 1910 d.
2702 1847 2980 1923 sequitur
3010 1848 3219 1907 omnia

586 1938 704 1998 alia
735 1938 888 1997 bona
917 1936 1299 2014 particularia
1328 1936 1669 2013 perfectiori
1702 1937 1877 1996 modo
1909 1955 2038 1996 esse
2067 1936 2131 1995 in
2164 1937 2284 1996 Deo
2316 1955 2496 2012 quam
2539 1937 2605 1996 in
2650 1936 2864 2012 seipsis
2897 1981 2911 1994 .
2945 1981 2959 1995 .
2993 1981 3006 1994 .
3053 1937 3217 2017 Ergo

590 2026 825 2086 bonitas
858 2027 965 2085 Dei
995 2027 1206 2084 multis
1237 2025 1428 2084 modis
1457 2026 1764 2101 potentior
1796 2029 1859 2085 et
1889 2025 2178 2085 efficacior
2208 2029 2302 2084 est
2334 2025 2409 2084 ad
2454 2024 2801 2085 movendam
2835 2027 3217 2085 voluntatem

589 2116 764 2187 beati,
812 2135 989 2191 quam
1023 2114 1244 2174 bonum
1279 2114 1346 2173 in
1376 2115 1678 2174 communi
1723 2115 1798 2174 ad
1839 2115 2188 2174 movendam
2219 2114 2593 2174 voluntatem
2622 2114 2890 2174 viatoris.
2953 2115 3112 2192 Ergo
3162 2115 3216 2174 si

588 2205 809 2264 bonum
854 2205 922 2263 in
964 2204 1264 2264 communi
1309 2204 1542 2263 efficere
1573 2208 1792 2280 potest,
1841 2207 1915 2263 ut
1956 2204 2151 2264 viator
2191 2203 2344 2262 nihil
2377 2206 2620 2280 appetat
2649 2203 2767 2263 nisi
2798 2203 2863 2261 in
2895 2204 3107 2263 ordine
3137 2204 3216 2263 ad

585 2294 809 2353 bonum
842 2294 906 2352 in
937 2294 1250 2362 communi,
1298 2293 1491 2352 multo
1524 2294 1716 2371 magis
1748 2293 1986 2354 bonitas
2018 2293 2127 2352 Dei
2158 2292 2385 2353 efficere
2418 2296 2630 2369 potest,
2676 2294 2749 2351 ut
2793 2292 3009 2352 beatus
3056 2293 3216 2353 nihil
3322 2301 3328 2305 ⁴

586 2384 825 2458 appetat
853 2382 970 2443 nisi
1000 2384 1064 2442 in
1095 2381 1301 2443 ordine
1331 2382 1406 2440 ad
1427 2383 1634 2453 Deum,
1665 2401 1732 2442 ac
1761 2383 2010 2460 proinde
2039 2386 2112 2441 ut
2142 2401 2449 2458 nunquam
2470 2387 2732 2458 peocet‘
2779 2382 2978 2440 Etiam
3008 2383 3214 2459 patres

587 2491 655 2530 ex
699 2490 898 2531 amore
930 2490 1178 2542 summo,
1224 2472 1332 2548 qui
1378 2475 1591 2548 sponte
1639 2490 1748 2530 sua
1789 2471 2082 2531 visionem
2113 2472 2503 2547 consequitur
2533 2470 2881 2541 beatificam,
2918 2473 3216 2551 ,repetunt

586 2559 894 2621 beatorum
916 2560 1491 2638 impeccabilitatem.
1539 2562 1634 2620 Ita
1665 2561 2093 2638 Gregorius
2124 2561 2200 2618 M.
2220 2561 2365 2620 Mor.
2385 2560 2453 2632 V,
2481 2570 2593 2623 27:
2629 2560 2959 2638 ,Angelica
2987 2563 3215 2619 natura

588 2651 652 2710 in
683 2650 1003 2727 semetipsa
1033 2650 1340 2711 mutabilis
1373 2653 1482 2719 est,
1519 2668 1700 2725 quam
1730 2649 2198 2709 mutabilitatem
2230 2650 2418 2709 vincit
2447 2668 2554 2726 per
2599 2649 2726 2720 hoc,
2775 2648 2935 2725 quod
2980 2654 3053 2720 ei,
3103 2651 3215 2727 qui

590 2758 821 2816 semper
861 2740 1020 2799 idem
1065 2743 1175 2811 est,
1223 2740 1479 2799 vinculis
1511 2739 1726 2798 amoris
1757 2740 2154 2817 colligatur3‘
2199 2739 2699 2817 Augustinus
2732 2739 2895 2800 Cous.
2926 2740 3057 2812 XII,
3100 2749 3213 2803 15:

590 2868 617 2898 ,
633 2827 800 2888 Inest
818 2829 872 2888 ei
895 2825 1170 2912 (naturae
1188 2823 1515 2912 angelicae)
1536 2828 1665 2904 ipsa
1684 2828 2074 2899 mutabilitaS,
2108 2828 2269 2888 unde
2286 2829 2726 2888 tenebresceret
2756 2831 2819 2887 et
2847 2828 3211 2905 frigesceret,

586 2918 708 2978 nisi
739 2937 936 2978 amore
967 2919 1179 2994 grandi
1208 2918 1324 2977 tibi
1356 2917 1673 2977 cohaerens
1704 2920 2011 2995 tamquam
2040 2936 2272 2994 semper
2293 2917 2570 2977 meridies
2601 2917 2828 2977 luceret
2857 2920 2919 2976 et
2947 2918 3213 2977 ferveret

587 3026 659 3066 ex
691 3010 769 3066 te.
783 3016 812 3047 ¹
881 3007 961 3066 Cf.
1006 3007 1322 3066 Thomas
1366 3019 1413 3069 1
1446 3026 1502 3082 p.
1536 3025 1592 3107 q.
1629 3016 1707 3069 62
1744 3027 1795 3070 a.
1833 3017 1903 3076 8;
1952 3025 2007 3080 q
2044 3015 2123 3070 82
2167 3027 2216 3068 a.
2253 3015 2321 3078 2;
2368 3025 2424 3082 q
2461 3015 2623 3069 94·a.
2663 3019 2730 3076 13
2777 3005 3099 3066 Lessius
3130 3007 3209 3080 11,

593 3105 673 3158 22
709 3114 756 3158 s,
820 3097 904 3155 De
948 3096 1298 3171 quaestione
1329 3114 1476 3154 num
1507 3095 1659 3154 visio
1689 3095 1961 3155 beatifica
1993 3096 2116 3154 sola
2148 3095 2408 3154 sufficiat
2449 3095 2523 3154 ad
2568 3095 2880 3154 beatorum
2919 3095 3214 3172 impecca-

589 3183 887 3243 bilitatem
919 3184 1327 3261 explicandam
1372 3184 1443 3243 cf.
1488 3188 1724 3260 praeter
1769 3186 2152 3244 Becanum
2182 3195 2259 3244 et
2301 3185 2653 3245 Lessium
2697 3185 2882 3243 etiam
2926 3184 3213 3244 Suarez

588 3273 742 3349 disp.
782 3284 856 3336 10
894 3278 1140 3344 sect.1;
1173 3273 1598 3332 Mazzellal.
1631 3292 1677 3334 c.
1711 3273 1768 3335 d.
1804 3283 1839 3336 6
1873 3293 1923 3332 a.
1960 3284 2015 3338 3

764 3414 915 3480 687
946 3410 1201 3478 ΤῙΙΘΒῙΒ
1236 3409 1675 3480 CCLXXVI·
1725 3431 1880 3485 Etsi
1916 3433 2272 3486 beatitudo
2297 3430 2662 3498 justorum
2706 3432 3047 3499 obJectiva
3085 3447 3207 3487 ea·-

587 3523 748 3576 dem
786 3525 887 3575 est
921 3521 1267 3586 omnium,
1302 3535 1446 3574 non
1482 3523 1805 3574 omnium
1845 3525 2089 3575 tamen
2122 3522 2366 3576 eadem
2403 3524 2506 3574 eat
2541 3521 2902 3576 beatitudo
2938 3521 3209 3587 subiec-

584 3612 730 3665 uva
766 3616 831 3665 et
858 3610 1229 3676 formalia.-
1263 3610 1666 3677 inaequalia
1702 3612 1893 3664 enim
1930 3614 2030 3664 eat
2062 3621 2190 3677 pro
2227 3611 2511 3663 ratione
2547 3611 2991 3664 meritorum.

763 3732 1336 3800 Demonstratio.
1370 3730 1595 3794 Thesis
1617 3736 1716 3796 est
1735 3735 1965 3793 contra
1980 3729 2018 3795 J
2032 3747 2072 3793 o
2089 3747 2128 3791 v
2143 3728 2223 3792 in
2237 3728 2259 3791 i
2274 3747 2316 3793 a
2330 3748 2374 3792 n
2392 3748 2437 3793 u
2450 3748 2534 3806 m,
2564 3729 2676 3811 qui
2694 3729 3049 3794 stoicorum
3068 3731 3211 3812 pla-

587 3838 717 3902 cita
747 3844 1025 3914 secutuS,
1057 3838 1222 3901 sicut
1252 3837 1483 3901 merita
1513 3843 1576 3901 et
1605 3842 1894 3918 peccata,
1910 3836 2002 3899 ita
2020 3837 2216 3900 etiam
2234 3836 2527 3917 praemia
2545 3841 2610 3901 et
2630 3835 2946 3918 supplicia
2963 3855 3212 3920 aequa-

585 3945 672 4008 lia
704 3963 846 4010 esse
877 3943 1241 4019 contendit;
1276 3963 1355 4009 ex
1389 3962 1515 4026 quo
1548 3942 1880 4020 inferebat,
1912 3949 2174 4007 sanctos
2206 3960 2432 4007 omnes
2463 3943 2759 4009 intuitiva
2791 3942 3073 4009 fruentes
3094 3943 3215 4009 Dei

586 4051 832 4116 visione
908 4069 1000 4116 ae
1018 4052 1282 4133 qualit
1301 4069 1384 4117 er
1459 4068 1600 4116 esse
1663 4050 1912 4117 beatos,
2002 4049 2104 4114 Ad
2165 4050 2440 4116 eandem
2501 4048 2853 4115 illationem
2911 4051 3215 4135 pervenit

584 4159 730 4223 Lut
749 4157 948 4225 heru
966 4178 997 4222 s
1048 4177 1130 4223 ex
1162 4176 1284 4223 sua
1313 4157 1615 4240 opinione
1647 4157 1728 4223 de
1751 4158 2003 4240 justitia
2033 4156 2270 4222 Christi
2293 4156 2654 4239 justificatis
2685 4157 3020 4239 imputata.
3082 4159 3211 4223 As-

581 4266 782 4331 sertio
816 4270 915 4331 est
966 4265 1047 4332 de
1094 4265 1250 4331 fide:
1300 4265 1527 4330 statuit
1577 4265 1746 4330 enim
1791 4281 1970 4328 conc.
2022 4263 2565 4330 florentinum
2609 4264 2871 4330 decreto
2914 4265 3211 4330 unionis:

593 4370 1016 4447 ,Sanctorum
1047 4373 1300 4437 animas
1330 4390 1483 4436 mox
1531 4372 1729 4454 recipi
1780 4380 1847 4437 et
1888 4371 2121 4437 intueri
2169 4372 2342 4435 clare
2388 4371 2600 4453 ipsum
2630 4371 2835 4438 Deum
2867 4371 3113 4437 trinum
3146 4382 3216 4441 et

585 4498 786 4543 unum
815 4497 933 4561 pro
964 4480 1336 4544 meritorum
1369 4479 1755 4557 diversitate,
1790 4480 1987 4544 alium
2018 4479 2144 4544 alio
2175 4477 2570 4561 perfectius«

767 4607 835 4672 1.
867 4603 1190 4669 Probatur
1218 4603 1295 4668 iis
1328 4602 1700 4686 Scripturae
1745 4604 1969 4682 effatis,
2016 4604 2249 4686 quibus
2292 4604 2768 4701 pronunciatur,
2800 4602 3008 4668 Deum
3057 4605 3212 4670 red·

587 4710 874 4775 diturum
904 4728 1049 4775 esse
1078 4711 1424 4794 unicuique
1453 4713 1793 4776 secundum
1825 4732 2014 4797 opera
2046 4711 2178 4794 qius
2196 4710 2417 4776 Matth.
2445 4715 2543 4789 16,
2566 4717 2649 4781 27
2668 4733 2684 4788 ς
2704 4711 2890 4776 Rom.
2911 4715 3035 4790 2,-6
3058 4719 3210 4788 etc.‘;
