3538 5364
964 282 1326 352 Comparatio
1355 280 1504 335 inter
1532 284 1886 335 sacramenta
1914 280 1979 332 V.
2008 284 2063 333 et
2092 279 2160 333 N.
2189 280 2371 349 Legis.
2839 291 2963 353 241

532 463 590 532 1.
623 470 1033 528 sacramenta
1063 461 1137 526 N.
1170 461 1233 526 L.
1267 462 1522 527 differre
1565 481 1643 527 eo
1694 461 2059 526 discrimine
2093 480 2133 525 a
2164 463 2587 526 sacramentis
2619 463 2692 527 V.
2726 464 2807 539 L.,
2843 485 2969 547 quo

344 571 714 635 discrimine
747 569 956 635 differt
985 570 1069 634 ab
1103 569 1378 634 invicem
1411 577 1752 651 utrumque
1778 576 2251 635 testamentum.
2286 569 2596 650 Distingui
2619 577 2837 636 autem
2857 572 2970 637 de-

347 678 456 742 bet
477 678 543 740 in
564 683 703 740 toto
724 683 943 741 vetere
962 676 1380 741 Testamento
1415 675 1801 741 oeconomia
1832 695 1864 740 s
1879 676 2160 758 piritua
2175 674 2267 738 lis
2298 677 2622 758 pertinens
2644 678 2726 741 ad
2748 697 2971 741 omnes

345 791 589 866 genteS,
624 801 772 848 cum
805 784 946 866 ipsa
977 784 1219 865 origine
1251 784 1516 848 humani
1537 784 1788 864 generis
1807 783 2131 860 inchoata,
2167 802 2281 864 per
2301 782 2618 848 Christum
2641 803 2793 849 vero
2816 804 2974 849 ‹eon-

345 899 706 966 summata;
739 897 803 956 et
822 890 1204 955 oeconomia
1234 896 1312 955 te
1331 911 1395 953 m
1410 910 1451 972 p
1471 908 1510 954 o
1527 910 1559 954 r
1578 909 1618 954 a
1634 910 1666 953 r
1681 891 1700 953 i
1716 908 1773 966 a,
1806 890 2230 973 particularis,
2251 890 2545 954 restricta
2566 891 2648 955 ad
2668 893 2975 974 populum

346 998 561 1075 Israel,
593 1018 659 1061 m
677 1017 716 1062 o
733 1019 764 1061 s
780 1016 821 1060 a
841 998 983 1074 ica,
1017 1016 1186 1079 quae
1219 1004 1357 1062 tota
1379 1005 1517 1063 erat
1538 996 1916 1080 prophetica
1935 1016 2049 1062 seu
2071 998 2284 1079 potius
2306 998 2556 1079 typica:
2590 1016 2741 1062 nam
2762 1002 2973 1064 omnia

347 1107 416 1167 in
444 1106 659 1189 fiqura
690 1105 1119 1189 continqebant
1151 1106 1278 1169 illis
1314 1110 1368 1173 1.
1404 1106 1544 1169 Cor.
1586 1111 1685 1181 10,
1726 1110 1842 1172 11:
1875 1105 2058 1186 cujus
2093 1105 2440 1186 promissio
2476 1112 2615 1170 erat
2646 1106 2968 1171 hereditas

347 1219 625 1289 terrena,
660 1218 834 1277 terra
865 1213 1028 1278 lacte
1060 1219 1124 1277 et
1157 1210 1343 1277 melle
1373 1230 1665 1288 mananS,
1712 1218 1777 1275 et
1821 1211 2242 1275 sanctificatio
2271 1211 2653 1276 haereditati
2699 1231 2968 1294 respon-

346 1320 525 1394 denS,
560 1327 831 1384 externa
861 1318 990 1383 scil.
1023 1320 1260 1400 legaliS,
1294 1325 1374 1395 et,
1409 1326 1478 1385 ut
1511 1318 1745 1383 Paulus
1780 1320 1869 1383 ait
1903 1318 2087 1384 Hebr.
2122 1323 2181 1395 9,
2209 1325 2308 1395 13,
2343 1319 2711 1383 emundatio
2734 1321 2963 1386 carnis.

348 1427 440 1488 ita
471 1433 711 1501 tamen,
745 1434 815 1489 ut
846 1427 1168 1491 hereditas
1202 1434 1268 1492 et
1300 1427 1722 1491 sanctificatio
1749 1425 1952 1507 figura
1973 1433 2190 1492 essent
2209 1433 2403 1508 atque
2424 1427 2613 1491 realis
2634 1427 2971 1510 prophetia

347 1533 724 1597 hereditatis
758 1542 823 1598 et
853 1534 1382 1600 sanctificationis
1415 1532 1845 1598 conserendae
1878 1553 1993 1615 per
2024 1551 2329 1614 magnum
2364 1535 2767 1599 sacerdotem
2800 1533 2869 1597 N.
2904 1535 2971 1598 T.

348 1640 512 1703 Huic
546 1659 696 1721 ergo
731 1642 962 1705 rationi
996 1642 1232 1707 veteris
1267 1641 1689 1706 oeconomiae
1725 1660 1841 1704 seu
1860 1640 2259 1706 Testamenti
2291 1641 2591 1723 propriae
2623 1643 2973 1723 responde-

347 1747 464 1810 bat
492 1748 755 1829 propria
787 1749 1022 1812 rituum
1056 1755 1121 1812 et
1154 1754 1714 1813 sacramentorum
1747 1748 1929 1812 rati0.
1996 1748 2194 1811 Erant
2227 1748 2459 1829 quippe
2493 1750 2673 1829 signa
2706 1749 2973 1813 demon-

350 1857 625 1919 strativa
644 1864 708 1919 et
726 1873 963 1920 causae
974 1855 1260 1937 justitiae
1293 1852 1363 1919 le
1379 1876 1417 1937 g
1434 1855 1583 1919 alis
1617 1862 1681 1919 et
1701 1874 1815 1937 per
1834 1855 2003 1918 hanc
2022 1855 2203 1935 signa
2223 1854 2601 1937 prophetica
2621 1853 2971 1920 Salvatoris

350 1961 602 2025 venturi
635 1962 1124 2045 sanctitatisque
1156 1980 1349 2027 verae
1382 1981 1495 2043 per
1516 1961 1723 2043 ipsum
1743 1960 2191 2037 conferendae,
2213 1980 2343 2024 non
2365 1969 2580 2027 autem
2604 1970 2789 2028 erant
2810 1982 2966 2027 cau-

348 2086 462 2133 sae
493 2069 743 2148 gratiae
776 2069 1067 2133 collatae.
1102 2068 1343 2134 Contra
1373 2087 1527 2133 vero
1551 2076 1959 2133 sacramenta
1979 2067 2049 2132 N.
2072 2068 2139 2132 T.
2159 2076 2310 2132 sunt
2343 2091 2402 2137 a.
2435 2070 2616 2149 signa
2650 2070 2689 2133 d
2708 2090 2822 2135 em
2841 2091 2878 2135 0
2897 2092 2973 2134 n-

349 2182 470 2238 str
490 2175 665 2238 ativ
682 2194 722 2238 a
753 2176 1028 2256 gratiae3
1064 2178 1135 2244 b.
1158 2176 1343 2257 signa
1372 2193 1517 2258 pra
1533 2177 1643 2239 cti
1662 2195 1698 2239 c
1715 2194 1773 2251 a,
1808 2194 1972 2257 quae
1995 2175 2292 2251 efficiunt,
2315 2177 2486 2257 quod
2508 2177 2971 2251 demonstrant;

351 2301 415 2350 c.
447 2283 1181 2347 commemorativa
1226 2283 1542 2364 passionis
1575 2282 1825 2357 Christi,
1858 2282 2048 2364 hujus
2081 2283 2313 2347 virtute
2348 2282 2660 2359 efficacia3
2697 2286 2763 2354 d.
2798 2304 2973 2365 pro-

352 2408 389 2469 g
408 2390 684 2452 nostic
703 2408 743 2452 a
773 2389 946 2454 vitae
979 2396 1300 2467 aeternae,
1336 2390 1418 2453 ad
1451 2409 1645 2472 quam
1670 2390 1775 2472 jus
1810 2389 2161 2455 conserunt.

535 2518 658 2577 Hoc
690 2519 1012 2578 discrimen
1044 2520 1330 2595 probatur
1362 2524 1663 2595 praeterea
1692 2540 1760 2580 ex
1793 2520 2185 2580 instructione
2220 2520 2552 2597 Eugenii
2586 2520 2684 2581 IV.
2732 2540 2841 2595 pro
2886 2541 2980 2579 ar-

353 2609 560 2676 menia,
610 2608 674 2666 in
720 2628 839 2686 qua
868 2607 1157 2686 legimus:
1209 2609 1361 2676 ,Illa
1391 2603 1788 2691 (sacramenta
1820 2609 1882 2673 V.
1919 2606 2006 2690 L.)
2053 2629 2169 2668 non
2204 2609 2526 2668 causabant
2556 2611 2826 2687 gratiam,
2875 2611 2979 2668 sed

352 2718 482 2757 eam
515 2698 711 2757 solum
746 2718 850 2774 per
880 2699 1212 2774 passionem
1248 2699 1462 2758 Christi
1494 2699 1746 2759 dandum
1782 2718 1910 2758 esse
1942 2691 2308 2777 figurabant:
2342 2699 2482 2758 baec
2513 2719 2651 2758 vero
2686 2704 2886 2758 nostra
2917 2705 2977 2759 et

353 2788 668 2847 continent
696 2788 948 2863 gratiam
979 2793 1041 2846 et
1072 2788 1260 2864 ipsam
1292 2788 1470 2863 digne
1493 2789 1959 2865 suscipientibus
1982 2789 2411 2868 conserunt1).«
2445 2823 2513 2832 —
2544 2789 2697 2847 Hinc
2730 2791 2833 2847 Au
2850 2807 2975 2866 gu-

355 2879 618 2936 stinus
663 2877 725 2934 in
771 2877 864 2935 Ps.
902 2887 980 2940 73
1015 2896 1072 2935 n.
1109 2886 1176 2939 2:
1227 2877 1386 2945 ,Lex
1431 2897 1536 2952 per
1582 2878 1824 2954 Moysen
1871 2878 2010 2936 data
2053 2882 2158 2947 est,
2207 2879 2399 2955 gratia
2440 2884 2501 2937 et
2532 2879 2749 2937 veritas
2782 2896 2887 2953 per
2918 2877 2974 2936 J.

354 2966 661 3024 Christum
693 2967 846 3024 facta
877 2971 981 3024 est.
1030 2965 1088 3024 Si
1122 2966 1277 3025 enim
1312 2967 1701 3026 discernimus
1734 2967 1854 3026 duo
1876 2967 2254 3026 Testamenta
2282 2972 2457 3026 vetus
2491 2971 2552 3026 et
2583 2986 2824 3034 novum,
2857 2986 2978 3026 non

355 3061 502 3114 sunt
533 3055 736 3114 eadem
768 3061 1148 3124 sacramenta,
1181 3075 1290 3114 nec
1320 3055 1522 3114 eadem
1554 3056 1862 3132 promissa,
1896 3056 2097 3115 eadem
2128 3061 2329 3115 tamen
2360 3057 2641 3133 pleraque
2673 3059 2982 3133 praccepta

355 3190 368 3202 .
403 3190 416 3202 .
453 3188 465 3200 .
514 3143 890 3203 Sacramenta
929 3163 1050 3203 non
1095 3146 1316 3214 eadem,
1366 3145 1507 3221 quia
1551 3145 1667 3204 alia
1711 3148 1855 3204 sunt
1901 3153 2265 3204 sacramenta
2295 3146 2499 3204 dantia
2543 3147 2816 3216 salutem,
2862 3146 2980 3204 alia

354 3233 773 3309 promittentia
805 3234 1185 3292 Salvatorem.
1249 3235 1477 3292 Mutata
1521 3250 1665 3294 sunt
1709 3239 2088 3304 sacramenta,
2136 3234 2289 3293 facta
2332 3238 2475 3293 sunt
2507 3235 2785 3305 faciliora,
2833 3253 2978 3310 pau-

356 3323 535 3393 ciora,
570 3323 919 3393 salubriora,
969 3321 1289 3381 feliciora.‘
1357 3322 1730 3399 Quapropter
1761 3324 1984 3382 Paulus
2017 3324 2190 3392 rime,
2240 3325 2493 3400 ideoque
2524 3328 2585 3382 et
2617 3327 2980 3383 sacramenta

357 3412 633 3484 mosaica,
671 3418 844 3470 vocat
873 3413 1167 3487 exemplar
1197 3416 1259 3470 et
1289 3413 1554 3470 umbram
1585 3412 1762 3476 Hebr‚
1802 3425 1857 3481 8,
1896 3423 1966 3481 5;
2029 3424 2117 3483 lo,
2163 3425 2225 3482 ις
2262 3414 2613 3486 parabolam
2664 3424 2718 3482 9,
2771 3423 2841 3483 9;
2890 3415 2979 3471 in—

355 3503 536 3574 firma
567 3508 619 3558 et
650 3519 822 3576 eyena
855 3502 1122 3559 elementa
1153 3500 1274 3563 Gal.
1300 3512 1355 3571 4,
1392 3513 1448 3563 9.
1471 3534 1555 3544 —
1584 3502 1750 3571 Quod
1787 3503 2082 3577 praeclare
2116 3502 2410 3578 expressit
2439 3503 2696 3561 Bruno
2727 3502 2979 3561 astensis

358 3591 514 3649 hom.
547 3590 612 3648 in
644 3589 805 3648 sabb.
839 3594 972 3665 post
1003 3589 1157 3649 dom.
1199 3602 1222 3653 1
1266 3590 1501 3660 Quadr.,
1548 3591 1651 3665 qui
1683 3591 2063 3668 distinguens
2097 3592 2420 3650 secundum
2456 3591 2633 3654 Hebr.
2672 3602 2706 3653 9
2741 3591 2860 3649 tria
2890 3594 2979 3648 ta-

359 3679 683 3738 bernacula
713 3678 797 3737 ita
827 3678 1096 3738 disserit:
1132 3680 1438 3747 ,Primum
1472 3679 1659 3756 igitur
1689 3681 2135 3739 tabernaculum
2173 3685 2266 3738 est
2297 3699 2620 3756 synagoga,
2656 3679 2979 3739 secundum

360 3768 642 3838 Ecclesia,
676 3769 926 3826 tertium
944 3769 1206 3826 coelum:
1242 3769 1502 3844 primum
1533 3769 1597 3827 in
1629 3769 1840 3827 umbra
1860 3769 1977 3827 suit
2008 3772 2069 3827 et
2100 3770 2307 3845 figura,
2342 3769 2665 3828 secundum
2699 3769 2761 3827 in
2795 3769 2982 3844 figura

360 3860 455 3916 est
485 3862 546 3916 et
576 3858 849 3926 veritate,
889 3857 1136 3916 tertium
1169 3857 1232 3915 in
1266 3859 1518 3917 veritate
1551 3859 1705 3929 sola3
1752 3860 1817 3916 in
1868 3859 2058 3935 primo
2106 3859 2563 3917 ostenditur
2591 3858 2732 3928 vita,
2779 3857 2844 3915 in
2890 3875 2982 3915 se-

363 3945 556 4005 cundo
603 3945 865 4016 datur,
913 3947 976 4005 in
1022 3946 1200 4005 tertio
1245 3947 1735 4022 possidetur:
1794 3966 1911 4006 non
1959 3948 2115 4006 enim
2163 3951 2530 4006 sacramenta
2574 3946 2867 4005 Ecclesiae
2913 3949 2985 4003 ut

364 4041 734 4093 sacramenta
765 4053 1096 4113 synagogae
1126 4036 1483 4095 medicinam
1515 4036 1728 4095 docent
1773 4042 1834 4096 et
1878 4037 2223 4106 ostendunt,
2268 4036 2369 4095 sed
2417 4037 2549 4111 ipsa
2592 4036 2792 4111 potius
2839 4038 2985 4092 sunt

363 4123 657 4182 medicina
687 4127 750 4182 et
780 4125 1046 4183 remissio
1076 4130 1506 4201 peccatorum.‘
1545 4159 1631 4169 —
1665 4125 1796 4184 Huc
1827 4125 2032 4184 referri
2051 4144 2287 4200 quoque
2308 4129 2510 4200 potest
2540 4126 2644 4183 illa
2675 4124 2983 4184 distinctio

364 4213 763 4271 Ambrosii
808 4212 880 4272 de
925 4213 1131 4272 officiis
1172 4214 1212 4272 l.
1258 4225 1277 4275 1
1319 4233 1365 4277 c.
1402 4225 1481 4277 48
1516 4234 1574 4276 n.
1611 4223 1733 4278 238
1768 4216 1923 4274 etin
1955 4217 2050 4273 Ps.
2086 4223 2164 4277 38
2201 4234 2257 4272 n.
2295 4224 2406 4278 25:
2457 4215 2761 4283 ,Primum
2797 4213 2983 4290 igitur

362 4302 632 4361 umbra
661 4302 1001 4378 praecessit,
1035 4306 1238 4362 secuta
1267 4308 1359 4362 est
1391 4304 1669 4380 image,
1703 4304 1819 4363 erit
1850 4304 2175 4374 veritas;
2224 4304 2434 4362 umbra
2480 4305 2542 4361 in
2589 4304 2735 4381 lege,
2785 4303 2983 4378 imago

591 4521 626 4589 ¹)
658 4518 771 4580 ..Eo
799 4520 912 4572 fere
941 4520 1126 4584 niodo,
1154 4520 1351 4587 inquit
1375 4520 1592 4573 Palla
1612 4538 1641 4573 v
1660 4519 1680 4572 i
1701 4536 1728 4572 c
1746 4518 1766 4572 i
1784 4519 1858 4572 ni
1886 4519 2031 4574 Hist.
2059 4535 2214 4572 conc.
2238 4519 2370 4571 trid.
2392 4519 2483 4581 IX,
2502 4525 2553 4580 4,
2582 4533 2696 4585 quo
2725 4515 2984 4586 pluviam

362 4599 701 4669 significant
726 4603 848 4654 tum
875 4617 1046 4654 ranae
1074 4601 1136 4654 in
1162 4601 1476 4672 paludibus
1503 4603 1823 4662 coaxantes,
1850 4601 1972 4652 tum
1991 4600 2170 4653 nubes
2196 4599 2258 4652 in
2278 4604 2409 4652 aere
2439 4596 2811 4656 constrictae:
2852 4595 2987 4648 illae

363 4681 699 4750 significant
723 4680 979 4752 pluviam
1006 4699 1040 4734 a
1070 4681 1326 4736 venturis
1353 4682 1604 4736 nubibus
1630 4679 2066 4734 effundendam:
2093 4680 2200 4731 hae
2230 4694 2362 4733 vero
2389 4677 2668 4749 pluviam,
2695 4692 2810 4744 qua
2831 4675 2986 4744 ipsae

361 4761 645 4832 gravidae
670 4766 809 4816 sunt
834 4766 893 4815 et
917 4778 1089 4830 quam
1118 4762 1274 4832 ipsae
1303 4761 1701 4832 profundent.“

588 4861 625 4907 Η
646 4876 672 4906 u
691 4865 791 4907 rte
809 4877 846 4912 r,
873 4861 1118 4920 compend.
1148 4863 1410 4918 theologiae
1439 4862 1519 4907 111.
1558 4862 1635 4906 11.
1662 4860 1733 4906 ed.
2570 4854 2633 4903 16
