3538 5364
1050 363 1250 419 Thesis
1275 362 1611 419 COLme.
1638 363 1707 416 de
1733 361 2037 418 animabus
2054 363 2363 433 justorum.
2859 372 2992 439 597

374 552 705 613 multitudo
736 552 1092 611 inhabitat.¹
1153 551 1280 609 Imo
1323 548 1840 626 Hieronymus
1869 548 1935 607 in
1963 548 2110 626 Eph.
2146 560 2203 620 6,
2248 558 2355 612 12:
2406 550 2606 621 ,Haec
2633 555 2834 612 autem
2867 571 2996 613 om·

375 644 547 703 nium
577 643 885 702 doctorum
915 640 1119 717 opinio
1149 643 1260 710 est,
1306 637 1467 714 quod
1511 646 1611 697 aer
1653 639 1788 710 iste,
1837 638 1942 713 qui
1973 639 2205 697 coelum
2236 640 2298 699 et
2326 642 2548 699 terram
2578 640 2813 701 medius
2844 641 2996 701 divi·

377 732 521 792 dens
550 733 729 791 inane
760 730 1110 807 appellatur,
1157 729 1373 805 plenus
1416 727 1498 786 sit
1533 727 1845 787 contrariis
1876 726 2400 787 fortitudinibus<
2466 730 2549 792 ef.
2593 749 2638 794 s.
2685 730 2730 789 Τ
2747 732 2782 789 h
2800 749 3007 791 omas

386 834 442 884 1.
473 840 530 897 q.
566 831 647 883 64
680 840 732 884 a.
768 831 837 892 43
872 817 1327 891 Scheeben§
1366 827 1506 881 194.

552 906 618 976 4.
651 908 1029 969 Communior
1059 908 1233 966 modo
1264 910 1353 965 est
1399 905 1714 976 sententia,
1764 906 2076 965 daemones
2100 906 2226 981 jam
2256 925 2417 966 nunc
2448 908 2572 983 pati
2603 907 2825 968 inferni
2855 909 2999 985 p'oe-

375 1017 503 1072 nas,
533 1019 673 1058 nam
702 1002 855 1057 teste
885 997 1157 1056 Thoma
1186 996 1226 1059 l.
1259 1013 1306 1054 c.
1337 996 1412 1054 ad
1447 1005 1483 1059 3
1519 994 1780 1065 ,melius
1811 997 1905 1054 est
1934 994 2270 1067 dicendum,
2317 996 2477 1071 quod
2507 997 2665 1056 idem
2711 998 2793 1056 sit
2828 997 3000 1074 Judi-

376 1090 534 1148 cium
565 1087 637 1146 de
669 1087 842 1147 malis
874 1084 1183 1145 animabus
1226 1086 1288 1143 et
1330 1084 1503 1143 malis
1549 1084 1793 1162 angelis,
1844 1083 2002 1142 sicut
2046 1083 2205 1142 idem
2228 1084 2525 1160 judicium
2571 1089 2666 1145 est
2708 1087 2782 1145 de
2821 1087 2996 1147 bonis

375 1177 688 1237 animabus
731 1178 794 1236 et
836 1176 1010 1235 bonis
1042 1174 1328 1252 angelis«
1398 1172 1608 1248 Neque
1639 1173 1780 1233 huic
1810 1172 2140 1232 sententiae
2170 1172 2315 1233 adeo
2347 1173 2741 1234 adversantur
2771 1179 2997 1252 patres,

376 1270 448 1327 ut
491 1268 694 1326 censet
723 1265 1030 1324 Petavius:
1082 1283 1218 1323 nam
1268 1282 1403 1323 cum
1448 1281 1517 1321 ea
1559 1281 1680 1322 non
1725 1261 2050 1321 difficulter
2093 1262 2444 1323 conciliatur
2488 1263 2842 1323 daemonum
2888 1284 3000 1341 per

376 1363 572 1415 aerem
601 1354 855 1432 vagatio,
889 1373 1040 1430 quae
1070 1353 1135 1412 in
1157 1352 1386 1429 judicio
1416 1352 1632 1411 ultimo
1664 1351 1750 1410 eis
1781 1351 2199 1411 subtrahetur:
2250 1353 2409 1412 unde
2439 1371 2646 1413 eorum
2677 1353 2998 1432 augebitur

376 1463 581 1523 poena,
627 1447 688 1503 et
732 1442 973 1520 quidem
1004 1442 1093 1501 his
1124 1461 1195 1501 ex
1225 1441 1439 1512 causis,
1484 1442 1557 1500 ut
1600 1440 1774 1499 docet
1803 1440 2336 1500 Bellarminus
2369 1441 2441 1500 de
2471 1442 2625 1503 beat.
2657 1447 2996 1503 sanctorum

376 1552 426 1594 c.
460 1544 529 1597 6:
565 1530 675 1603 ,l.
709 1532 851 1608 quia
880 1550 1002 1591 non
1034 1533 1319 1608 poterunt
1348 1530 1608 1606 amplius
1641 1528 1986 1588 hominibus
2017 1548 2257 1600 nocere;
2308 1525 2375 1596 2.
2417 1531 2557 1606 quia
2587 1549 2709 1591 non
2739 1532 2997 1609 amplius

376 1623 820 1698 extorquebunt
849 1621 923 1679 ab
952 1621 1079 1680 ullo
1113 1621 1343 1679 cultum
1372 1619 1493 1678 Deo
1526 1619 1814 1689 debitum,
1861 1619 1932 1677 ut
1961 1619 2134 1677 modo
2165 1618 2411 1690 faciunt,
2459 1619 2601 1680 dum
2633 1621 2708 1681 ab
2739 1621 2995 1681 ethnicis

377 1715 437 1771 et
468 1710 923 1771 necromanticis
955 1710 1306 1779 adorantur3
1340 1703 1408 1771 3.
1442 1708 1584 1783 quia
1612 1710 1760 1767 tunc
1780 1708 2073 1783 patebunt
2095 1725 2300 1767 eorum
2333 1708 2574 1768 fraudes
2605 1712 2666 1770 et
2696 1709 2999 1782 debilitas,

375 1819 510 1860 cum
542 1817 747 1860 omnes
776 1799 1120 1877 intelligent
1148 1816 1246 1858 eos
1275 1817 1310 1856 a
1340 1797 1499 1870 viris,
1533 1796 1790 1866 feminis,
1825 1797 2396 1873 pueris-superatos;
2443 1794 2512 1863 4.
2562 1799 2704 1873 quia
2747 1818 2865 1859 non
2900 1817 2998 1859 so—

375 1892 503 1950 lum
546 1910 582 1949 a
625 1890 765 1960 Deo,
813 1888 917 1949 sed
962 1888 1142 1948 etiam
1186 1887 1260 1946 ab
1305 1886 1648 1949 hominibus
1671 1885 2111 1962 judicabuntur
2139 1882 2226 1968 (l.
2258 1886 2384 1947 Cor.
2420 1898 2478 1961 6,
2515 1885 2640 1970 3).‘
2709 1888 3001 1957 Quocirca

374 1979 660 2039 ultimum
681 1978 982 2054 judicium
1004 1975 1325 2036 admodum
1341 1976 1588 2046 timent;
1621 1975 1760 2034 hinc
1786 1975 1925 2034 illae
1945 1994 2149 2034 eorum
2168 1994 2370 2059 voces:
2413 1978 2564 2049 Quid
2595 1978 2759 2037 nobis
2789 1979 2843 2036 et
2873 1978 2996 2049 tibi,

374 2068 519 2127 Jesu
550 2068 667 2127 Fili
698 2066 854 2126 Dei?
916 2065 1125 2125 Venisti
1152 2066 1262 2123 huc
1292 2072 1424 2124 ante
1453 2072 1671 2141 tempus
1700 2071 1965 2142 torquere
1995 2083 2097 2123 nos
2127 2065 2333 2124 Matth.
2372 2075 2428 2135 8,
2467 2074 2580 2134 29;
2614 2068 2787 2127 Marc.
2826 2077 2880 2136 5.
2919 2077 2951 2130 7
2978 2088 2995 2139 ;

375 2158 512 2220 Luc.
547 2167 605 2228 8,
644 2166 755 2221 28:
806 2155 1105 2232 Royaba-nt
1136 2155 1299 2214 illum
1336 2149 1615 2237 (Jesum),
1662 2172 1733 2212 ne
1776 2155 2089 2229 imperaret
2119 2148 2250 2231 illis,
2299 2162 2362 2212 ut
2407 2148 2469 2213 in
2513 2155 2785 2232 abyssum
2817 2157 2987 2214 irent.

554 2281 702 2346 643.
736 2274 1006 2340 Gravior
1038 2281 1139 2339 est
1169 2272 1505 2338 difficultas
1537 2272 1618 2338 de
1652 2273 1993 2338 animabus
2024 2272 2305 2356 perfecte
2338 2275 2609 2353 mundis,
2642 2292 2842 2357 quare
2872 2276 2991 2339 sit:

553 2419 810 2487 'rhesis
840 2416 1286 2487 CCLXVIII.
1362 2439 1667 2493 Animae
1720 2438 2098 2506 iustorum,
2149 2440 2401 2507 quibus
2436 2441 2619 2494 nihil
2655 2440 2995 2495 luendum

373 2535 711 2596 superest,
746 2543 890 2584 non
926 2533 1328 2596 exspectata
1367 2543 1748 2596 corporum
1786 2530 2298 2584 resurrectione
2325 2542 2545 2595 neque
2569 2529 2998 2583 universalis

377 2618 628 2681 iudicii
665 2619 778 2675 die
809 2618 1141 2684 protinus
1160 2623 1318 2684 post
1340 2631 1549 2672 suum
1588 2632 1622 2672 e
1661 2630 1954 2685 coo-pore
1979 2618 2362 2672 discessum
2389 2619 2651 2673 visione
2678 2619 2998 2685 beatifica

380 2710 764 2764 donantur.

555 2830 1000 2897 Declaratlo.
1031 2827 1256 2892 Thesis
1290 2834 1386 2892 est
1422 2828 1502 2892 de
1533 2827 1674 2904 fide,
1720 2834 1793 2891 ut
1839 2832 2020 2915 patet
2051 2845 2129 2892 ex
2162 2825 2453 2908 pluribus
2485 2827 2806 2894 Ecclesiae
2839 2831 2994 2896 defi-

375 2936 740 3005 nitionibus,
803 2936 896 3000 Ita
927 2956 979 3002 e.
1014 2956 1067 3017 g.
1101 2937 1606 3002 Benedictus
1637 2935 1764 2999 XII.
1800 2936 1834 2999 1.
1867 2952 1919 2998 c.
1952 2935 2210 3000 statuit:
2263 2934 2604 3010 ,Homines
2634 2935 2777 3018 pios
2808 2937 2994 3019 plene

377 3051 687 3126 purgatos
718 3042 822 3108 vel
848 3042 1061 3125 justos
1094 3061 1173 3108 ex
1204 3044 1331 3107 hac
1359 3044 1495 3107 vita
1526 3042 1914 3108 decedentes
1959 3042 2178 3106 statim
2224 3043 2483 3125 assequi
2527 3042 2995 3108 beatitudinem

377 3157 442 3214 et
471 3150 717 3216 visione
748 3149 863 3215 Dei
896 3149 1193 3216 beatifica
1224 3148 1516 3232 perfrui.‘
1586 3147 1903 3213 Statuitur
1949 3155 2167 3214 autem
2212 3155 2439 3213 contra
2469 3147 2683 3230 plures
2717 3146 2992 3214 Orientis

376 3256 753 3334 haereticos
788 3256 899 3339 qui
929 3257 1284 3338 generatim
1316 3257 1672 3322 sententiae
1706 3256 2188 3321 exsecutionem
2232 3256 2312 3319 ad
2346 3256 2514 3321 diem
2547 3256 2751 3336 ultimi
2777 3256 2997 3339 judicii

376 3362 691 3440 differunt,
728 3364 837 3445 qui
870 3370 1052 3429 error
1086 3364 1329 3446 placuit
1363 3364 1561 3430 etiam
1592 3363 1915 3428 nonnullis
1945 3381 1980 3426 e
2009 3362 2535 3444 protestantibus,
2571 3372 2800 3450 contra
2830 3383 2990 3428 ana-

375 3468 709 3552 baptistaS,
742 3489 997 3535 necnon
1027 3470 1246 3552 plures
1279 3489 1315 3535 e
1346 3470 1693 3534 socinianis
1739 3475 1805 3533 et
1850 3469 2241 3545 arminianis,
2289 3470 2397 3552 qui
2429 3472 2788 3535 animarum
2820 3490 2995 3536 som-

374 3595 530 3641 num
560 3585 1046 3660 propugnarunt
1090 3596 1131 3641 a
1178 3585 1387 3642 morte
1437 3595 1642 3659 usque
1693 3576 1775 3640 ad
1828 3576 1997 3641 diem
2035 3577 2287 3658 Judicii;
2338 3578 2641 3643 statuitur
2671 3585 2736 3642 et
2767 3585 2993 3658 contra

378 3682 692 3764 quosdam
725 3683 1056 3765 theologos
1088 3684 1371 3761 scholae,
1405 3684 1513 3767 qui
1544 3682 1987 3749 concedebant
2021 3685 2277 3766 quidem
2301 3685 2498 3766 justis
2533 3690 2683 3749 ante
2703 3684 2870 3748 diem
2886 3685 2994 3765 ju-

376 3788 521 3852 dicii
548 3790 862 3856 visionem
894 3788 1126 3855 Christi
1156 3791 1451 3868 hominiS,
1482 3810 1615 3855 non
1647 3808 1801 3855 vero
1835 3789 2201 3855 fruitionem
2234 3791 2436 3872 ipsius
2468 3791 2600 3856 Dei.

554 3918 714 3989 Quae
746 3919 986 3995 quidem
1018 3921 1220 3997 opinio
1250 3941 1285 3980 a
1315 3921 1591 3997 pluribus
1623 3921 1813 3979 tribui
1831 3920 1980 3980 solet
1998 3920 2289 3980 fratribus
2311 3921 2375 3979 Ο.
2400 3921 2559 3991 Min„
2592 3921 2691 3979 sed
2724 3937 2796 3978 ea
2827 3921 2898 3980 de
2928 3939 2993 3978 re

374 4008 463 4066 ita
480 4008 691 4066 scribit
709 4009 881 4067 Wad
898 4008 1085 4088 ding
1103 4011 1316 4073 Annal.
1336 4010 1543 4072 Minor.
1564 4010 1636 4068 ad
1657 4028 1880 4068 annum
1914 4019 2032 4074 133
2052 4022 2069 4072 ι
2099 4029 2156 4071 n.
2185 4021 2259 4073 10
2280 4030 2293 4069 :
2318 4009 2643 4079 ,Quaestio
2663 4010 2821 4079 haec,
2842 4028 2994 4086 quae

375 4096 522 4155 satis
553 4098 806 4156 molesta
848 4100 910 4158 et
954 4097 1242 4157 diuturna
1285 4099 1420 4171 fuit,
1467 4099 1727 4176 primum
1760 4099 2001 4174 publice
2044 4103 2205 4159 mota
2249 4098 2368 4157 fuit
2413 4119 2448 4157 a
2489 4099 2530 4158 J
2533 4117 2723 4158 oanne
2759 4093 2991 4181 (XXII.)

373 4185 652 4260 pontifice
683 4205 837 4246 anno
879 4196 1043 4251 1333
1077 4190 1234 4247 teste
1263 4187 1494 4248 Joanne
1525 4187 1845 4247 Villano
1878 4206 2090 4249 coaevo
2109 4188 2398 4265 scriptore
2418 4183 2834 4270 (quantumvis
2854 4191 2992 4247 ante

376 4273 527 4333 duos
558 4293 744 4334 annos
776 4294 902 4335 eam
935 4276 1310 4337 adinvenerit
1339 4281 1400 4336 et
1431 4279 1628 4336 mente
1647 4273 2030 4360 conceperit).
2072 4278 2255 4338 Porro
2275 4277 2435 4356 quod
2453 4276 2798 4336 franciscani
2822 4277 2996 4353 prius

373 4381 502 4422 eam
521 4362 851 4435 docuerint,
883 4366 1192 4425 tenuerint
1209 4369 1316 4425 aut
1333 4366 1608 4438 foverint,
1642 4366 1737 4425 vel
1767 4367 1833 4424 in
1864 4377 2070 4426 eorum
2100 4367 2165 4426 in
2196 4367 2305 4426 hac
2333 4382 2398 4426 re
2430 4367 2788 4426 sententiam
2806 4365 2847 4424 J
2849 4384 2992 4425 oan-

372 4469 479 4511 nes
523 4451 915 4526 inclinaverit,
960 4472 1190 4514 merum
1221 4458 1620 4515 commentum
1650 4458 1760 4524 est,
1806 4455 2030 4532 quippe
2060 4456 2267 4516 nullus
2299 4457 2496 4534 gravis
2530 4455 2852 4515 historicus
2885 4455 2993 4514 Mi-

373 4540 585 4600 noritis
630 4543 811 4618 huJus
856 4544 1155 4620 opinionis
1197 4544 1489 4622 originem
1531 4543 1767 4614 tribuit,
1815 4562 2020 4604 omnes
2051 4545 2369 4622 scriptores
2399 4548 2699 4605 auctorem
2729 4544 2991 4621 primum

372 4630 555 4706 hujus
573 4632 1006 4693 controversiae
1025 4633 1299 4692 scribunt
1315 4633 1356 4692 J
1357 4650 1610 4692 oannem
1629 4631 1986 4708 pontificem.
2035 4634 2142 4693 Cui
2173 4634 2263 4692 rei
2297 4637 2653 4711 argumento
2683 4637 2794 4705 est,
2828 4634 2993 4710 quod

372 4718 580 4779 nullus
610 4720 944 4797 reperietur
972 4722 1389 4794 franciscanus,
1439 4722 1544 4798 qui
1577 4722 1642 4781 in
1674 4721 1856 4799 hujus
1888 4722 2185 4798 opinionis
2218 4722 2481 4786 favorem
2509 4723 2815 4800 quidpiam
2846 4724 2991 4783 scri-

371 4811 547 4884 ptum
588 4809 918 4885 reliquerit.
980 4811 1150 4882 Quod
1201 4830 1341 4884 vero
1391 4812 1497 4871 Gn
1513 4812 1534 4870 i
1550 4811 1731 4871 lelm
1747 4830 1790 4869 u
1806 4829 1834 4869 s
1883 4811 2163 4894 astiensis
2207 4812 2532 4891 inquisitor
2576 4812 2878 4873 Avenione
2926 4812 2991 4871 in
