3538 5364
935 262 1125 318 Realis
1151 281 1389 334 praesen
1404 265 1486 319 tia
1513 265 1740 319 disertis
1768 265 2048 334 probatur
2074 263 2430 319 testimoniis.
2862 275 2993 338 313

375 456 547 512 :fitam
578 460 873 512 aeternam
906 454 1015 511 etc.
1058 448 1256 531 (Joan.
1291 461 1348 521 6,
1387 445 1695 532 48—52).
1761 451 1915 508 Nam
1960 451 2103 526 quia
2147 470 2215 510 ex
2261 469 2475 528 genere
2521 454 2703 511 Israel
2747 454 2875 512 nati
2922 454 2994 512 de

374 561 622 602 mannae
667 541 1145 618 suppeditatione
1177 542 1420 617 Moysen
1466 540 1933 610 admirabantur,
1983 539 2142 614 quod
2188 559 2318 601 cum
2367 559 2474 616 per
2518 541 2816 601 desertum
2863 544 2994 619 ejus

372 631 659 707 temporis
692 630 1032 690 hominibus
1065 630 1388 689 demissum
1435 630 1661 699 suisset,
1709 631 1923 706 typum
1969 628 2161 706 gessit
2205 629 2487 706 mysticae
2531 629 2994 691 benedictionis:

375 719 586 780 umbra
629 737 886 794 namque
932 722 1058 779 erat
1106 719 1216 789 lex,
1265 718 1399 777 ideo
1443 718 1771 794 prudenter
1815 718 2133 777 admodum
2179 717 2245 777 D.
2280 719 2352 776 N.
2383 718 2439 777 J.
2474 719 2739 779 Christus
2781 722 2995 797 typum

374 813 675 880 extenuat,
708 812 780 868 ut
809 807 884 867 ad
916 808 1226 868 veritatem
1245 807 1581 867 transferat.
1627 806 1839 883 Neque
1867 807 2043 879 enim,
2077 806 2294 882 inquit,
2331 807 2433 866 ille
2466 807 2583 867 suit
2613 809 2786 884 panis
2819 810 2994 879 vitae,

380 898 482 958 sed
514 918 624 976 ego
654 898 878 973 potiuS,
913 896 1112 972 quide
1132 897 1294 957 coelo
1315 915 1466 966 sum,
1499 901 1562 955 et
1579 896 1778 956 omnia
1796 896 2029 956 vivifico
2062 900 2123 955 et
2154 915 2247 955 me
2278 896 2339 955 in
2370 897 2796 957 manducantes
2817 899 2998 957 etiam

376 1007 482 1063 per
512 988 743 1046 unitam
776 986 921 1045 mihi
953 1004 1187 1046 carnem
1220 986 1474 1049 inser0.‘
1525 986 1694 1056 Quod
1726 1005 1863 1045 cum
1895 985 2205 1061 probasset
2233 986 2433 1044 verbis
2468 1006 2520 1045 v.
2546 997 2822 1058 54—58‚
2856 988 2998 1046 sub·

374 1076 538 1154 jicit:
593 1075 780 1145 ,Vide
830 1075 1037 1152 igitur,
1087 1075 1586 1151 quemadmodum
1633 1075 1694 1133 in
1739 1075 1915 1134 nobis
1963 1078 2163 1133 manet
2206 1078 2268 1133 et
2311 1076 2713 1152 corruptionis
2744 1078 2998 1136 victores

384 1165 581 1235 efficit,
628 1165 772 1224 dum
816 1183 880 1224 se
923 1164 988 1223 in
1032 1168 1236 1223 nostra
1278 1164 1542 1223 demittit
1573 1183 1835 1241 corpora,
1884 1167 1954 1222 ut
1998 1164 2137 1234 dixi,
2184 1164 2361 1223 etiam
2407 1183 2513 1241 per
2549 1184 2715 1225 suam
2748 1184 2998 1235 carnem,

382 1274 534 1331 quae
564 1272 743 1313 verus
775 1256 869 1313 est
899 1253 1087 1323 cibu8‚
1124 1273 1257 1313 cum
1289 1254 1394 1311 illa
1425 1254 1631 1330 legalis
1649 1254 1864 1312 umbra
1894 1257 1955 1311 et
1986 1254 2185 1312 cultus
2209 1272 2313 1328 per
2330 1253 2522 1330 ipsam
2542 1254 2863 1315 institutus
2879 1273 3000 1314 non

386 1343 600 1403 habeat
634 1343 1005 1405 veritatem«
1037 1377 1124 1385 —
1157 1343 1638 1401 Athanasius
1669 1362 1759 1418 ep.
1792 1342 1987 1401 festiv.
2024 1352 2059 1403 4
2095 1362 2151 1402 n.
2187 1351 2257 1405 4:
2296 1343 2471 1420 ,Ipse
2504 1344 2772 1405 Salvator
2801 1347 3002 1404 noster

381 1453 415 1491 a
445 1432 701 1509 figurato
732 1432 955 1507 pariter
984 1431 1058 1490 ad
1091 1431 1363 1506 spiritale
1380 1431 1741 1500 transiliens,
1775 1431 2048 1507 promisit
2078 1431 2164 1491 eis
2195 1431 2338 1502 fore,
2371 1435 2442 1490 ut
2470 1452 2588 1492 non
2607 1433 2746 1509 agni
2766 1451 3000 1493 carnem

383 1520 772 1591 comederent,
807 1519 909 1579 sed
930 1520 1210 1596 suiipsius
1228 1520 1511 1580 dicentis:
1544 1520 1833 1597 Accipite,
1866 1520 2152 1580 comedite
2183 1524 2244 1579 et
2273 1520 2494 1581 bibite:
2528 1522 2638 1582 hoc
2667 1527 2759 1582 est
2788 1541 3001 1600 corpus

384 1629 582 1670 meum
615 1612 678 1668 et
707 1609 954 1686 sanguis
985 1618 1211 1668 meus‘
1278 1609 1356 1668 Cf.
1390 1609 1708 1669 Thomas
1744 1621 1800 1674 3.
1832 1628 1888 1685 p.
1922 1629 1977 1685 q.
2014 1620 2093 1673 73
2128 1630 2178 1668 a.
2214 1621 2283 1682 63
2318 1630 2373 1686 q.
2410 1622 2486 1674 75
2522 1631 2572 1670 a.
2616 1623 2664 1674 l.

565 1730 655 1794 Ex
690 1735 874 1794 tanta
905 1735 1122 1794 autem
1156 1730 1586 1795 eucharistiae
1618 1747 1776 1813 prae
1806 1731 1939 1795 suis
1970 1730 2186 1811 figuris
2218 1733 2616 1811 praestantia
2646 1733 2854 1814 ipsum
2888 1733 3003 1796 ad-

386 1854 528 1901 esse
559 1854 792 1917 corpus
825 1834 1062 1899 Christi
1093 1836 1160 1899 in
1192 1854 1271 1900 ea
1304 1836 1630 1902 evidenter
1660 1836 1990 1918 colligitur.
2024 1835 2091 1901 Si
2124 1839 2294 1903 enim
2326 1839 2511 1922 panis
2544 1839 3004 1904 eucharisticus

384 1961 513 2007 non
545 1960 732 2007 secus
763 1959 841 2006 ac
872 1959 1134 2018 manna,
1169 1960 1372 2024 agnus
1404 1943 1724 2026 paschalis
1757 1951 1874 2008 etc.
1897 1943 2098 2026 figura
2117 1946 2326 2011 solum
2346 1953 2445 2012 est
2465 1947 2753 2028 corporis
2774 1945 3006 2011 Christi

386 2059 451 2115 et
480 2049 736 2133 quidem
767 2049 1070 2125 absentiS,
1097 2056 1351 2114 tantum
1375 2051 1580 2127 abest,
1600 2057 1672 2116 ut
1690 2049 1796 2117 ille
1817 2051 2050 2132 figuras
2070 2054 2234 2117 sicut
2248 2072 2481 2135 corpus
2501 2052 2797 2117 umbram
2815 2071 3005 2135 prae-

390 2155 595 2233 cellat,
627 2163 701 2221 ut
729 2157 854 2221 hae
886 2157 1098 2238 potius
1129 2158 1494 2223 censendae
1526 2159 1652 2222 sint
1672 2166 2003 2241 praestare
2036 2165 2101 2225 et
2131 2160 2338 2242 pretio
2361 2167 2426 2225 et
2442 2160 2717 2243 symboli
2736 2160 3004 2224 ratione.

390 2262 861 2328 Concludamus
895 2264 1084 2345 igitur
1114 2263 1325 2329 verbis
1359 2272 1604 2330 aucto
1624 2267 1737 2329 ris
1772 2285 1873 2349 op.
1906 2267 1986 2331 de
2018 2284 2179 2332 sacr.
2210 2267 2311 2344 IV,
2344 2273 2385 2335 5
2418 2286 2477 2331 n.
2513 2272 2628 2336 24:
2669 2267 3007 2348 ,Magnum

391 2369 648 2452 quidem
680 2376 746 2434 et
774 2369 1158 2447 venerabile,
1210 2372 1380 2453 quod
1432 2390 1675 2436 manna
1716 2374 1970 2454 judaeis
2020 2375 2179 2457 pluit
2225 2393 2261 2438 e
2305 2374 2520 2438 coelo:
2567 2374 2681 2438 sed
2714 2373 3007 2454 intellige.

389 2476 554 2557 Quid
603 2483 703 2542 est
751 2476 1047 2558 amplius,
1096 2495 1338 2542 manna
1387 2479 1468 2544 de
1518 2478 1720 2555 coelo,
1753 2497 1838 2545 an
1889 2499 2126 2564 corpus
2158 2480 2436 2545 Christi?
2500 2480 2746 2563 Corpus
2793 2482 3009 2563 utique

395 2586 643 2661 Christi,
677 2585 784 2668 qui
815 2586 1040 2651 auctor
1071 2592 1172 2650 est
1201 2588 1363 2652 coeli
1398 2638 1410 2650 .
1445 2638 1458 2651 .
1492 2638 1505 2651 .
1552 2588 1715 2669 Ergo
1747 2608 1880 2654 non
1931 2590 2139 2681 otiose
2171 2590 2330 2655 dicis
2362 2595 2464 2654 tu:
2525 2588 2750 2662 Amen,
2776 2587 2913 2669 jam
2945 2587 3009 2650 in

395 2693 620 2775 spiritu
650 2691 982 2767 confitens,
1015 2693 1189 2774 quod
1210 2695 1487 2776 accipias
1514 2712 1748 2778 corpus
1771 2696 2020 2762 Christi.
2053 2696 2217 2761 Dicit
2248 2697 2361 2761 tibi
2392 2695 2731 2762 sacerdos:
2763 2693 3010 2776 Corpus

398 2799 664 2874 Christi:
697 2806 762 2864 et
793 2804 862 2862 tu
894 2798 1085 2862 dicis:
1117 2799 1341 2876 Amen,
1377 2802 1498 2865 hoc
1531 2811 1644 2878 est,
1677 2823 1918 2869 verum.
1952 2804 2137 2885 Quod
2170 2804 2509 2869 confitetur
2541 2803 2774 2883 lingua,
2796 2806 3015 2866 teneat

400 2906 718 2971 affectus.‘

570 3035 652 3095 Of.
684 3035 757 3093 de
788 3034 897 3093 hoc
930 3041 1282 3112 argumento
1318 3041 1654 3118 Algerus
1686 3043 1761 3112 11,
1800 3054 1867 3113 3:
1900 3043 2436 3102 Bellarminus
2469 3044 2514 3115 1,
2553 3053 2621 3109 3:
2667 3040 3013 3117 Perpetuite

395 3126 468 3185 de
499 3126 560 3184 la
589 3124 671 3183 foi
701 3126 745 3182 t.
784 3132 816 3185 2
853 3123 889 3181 l.
925 3135 959 3186 6
994 3142 1041 3183 c.
1077 3135 1112 3188 8
1149 3145 1227 3187 ss,
1289 3130 1380 3187 Ad
1428 3150 1551 3189 rem
1584 3132 1849 3208 synodus
1883 3133 2164 3192 ecclesiae
2194 3150 2436 3210 graecae
2470 3130 2876 3191 schismaticae
2907 3128 3013 3187 ΟΡ.

396 3235 446 3278 a.
486 3223 649 3278 1642
694 3213 807 3272 sub
854 3213 1278 3277 Parthenio
1325 3219 1433 3279 hoc
1482 3222 1673 3297 carpit
1720 3223 1782 3280 in
1834 3222 2201 3297 professione
2251 3221 2387 3280 fidei
2434 3220 2765 3280 calviniana
2809 3217 3015 3296 Cyrilli

396 3303 716 3390 Lucaris
750 3325 800 3361 a.
833 3312 941 3364 17:
978 3342 1004 3371 ‚
1022 3303 1292 3365 Divinam
1314 3312 1514 3368 autem
1533 3311 1949 3370 eucharistiam
1969 3311 2053 3368 ita
2080 3311 2380 3381 convellit,
2414 3312 2486 3368 ut
2515 3309 2670 3369 nihil
2703 3308 2819 3384 ipsi
2850 3307 3014 3366 aliud

398 3394 513 3454 nisi
544 3392 763 3451 nudam
795 3390 1045 3466 figuram
1076 3394 1394 3470 relinquat,
1444 3401 1613 3474 quasi
1647 3399 1841 3459 adhuc
1885 3400 1949 3458 in
1995 3399 2261 3458 umbra
2305 3399 2524 3459 veteris
2553 3399 2730 3475 Legis
2763 3397 3014 3457 servire·

397 3501 550 3545 mus.
611 3480 806 3557 Negat
837 3480 998 3538 enim
1029 3499 1184 3554 eum,
1231 3487 1339 3560 qui
1386 3488 1628 3548 videtur
1671 3493 1734 3548 et
1777 3489 2127 3559 comeditur,
2173 3507 2390 3565 panem
2428 3489 2553 3564 jam
2585 3487 3017 3547 sanctificatum

396 3591 524 3632 6880
554 3589 761 3630 verum
792 3568 1013 3628 Christi
1046 3583 1303 3648 corpus‘
1337 3581 1447 3636 etc.
1510 3578 1592 3637 cf.
1625 3578 2062 3637 Guibertus
2093 3578 2183 3637 ab.
2219 3574 2277 3655 (†
2318 3572 2533 3658 1124),
2580 3578 2686 3653 qui
2731 3577 2793 3634 in
2823 3595 2913 3650 ep.
2945 3574 3019 3632 de

395 3661 659 3721 buccella
690 3658 729 3717 J
732 3657 883 3716 udae
929 3658 1071 3718 data
1113 3665 1175 3720 et
1218 3664 1291 3723 de
1335 3666 1588 3726 veritate
1633 3667 1917 3727 dominici
1960 3667 2221 3743 corporis
2266 3685 2315 3731 c.
2350 3677 2385 3731 3
2434 3667 2582 3725 bene
2628 3668 2797 3724 notat
2827 3663 3018 3743 (Mig.

405 3760 547 3822 156,
583 3743 756 3829 530),
802 3746 869 3805 in
911 3747 1380 3813 adversariorum
1414 3756 1689 3832 opinione
1733 3775 1842 3817 nos
1883 3757 1986 3826 ,in
2020 3756 2293 3816 umbram
2327 3756 2399 3814 de
2430 3755 2644 3814 umbra
2672 3753 3016 3820 decidere;‘

400 3838 878 3900 Lanfrancus
912 3836 983 3895 de
1017 3855 1258 3915 corpore
1290 3847 1353 3902 et
1384 3863 1547 3923 sang.
1580 3846 1820 3906 Domini
1850 3865 1897 3905 c.
1936 3854 2013 3908 22
2049 3850 2161 3909 etc.

587 3991 732 4056 347.
765 3987 1316 4056 Demonstratlo
1348 4007 1419 4072 p.
1458 3984 1555 4053 11.
1586 3984 1678 4048 Ex
1709 3984 2061 4050 innumeris
2094 3983 2491 4058 testimoniiS,
2513 3998 2787 4065 quorum
2806 3978 3019 4060 splen-

403 4091 522 4156 dor
550 4093 739 4158 nullis
771 4093 1152 4158 obscuratur
1203 4092 1723 4175 sophismatibus,
1774 4092 1926 4156 audi
1977 4091 2179 4156 verba
2226 4091 2516 4171 liturgiae
2548 4109 2595 4152 s.
2627 4087 2878 4151 Marci
2929 4087 3020 4173 (in

406 4198 543 4264 cod.
575 4200 662 4264 lit.
694 4200 1040 4266 Assemani
1068 4199 1170 4276 IV,
1201 4207 1245 4269 4
1276 4220 1334 4282 p.
1372 4204 1471 4269 78.
1511 4201 1681 4287 128),
1720 4200 1906 4281 juxta
1951 4216 2147 4281 quam
2190 4197 2516 4272 sacerdos,
2563 4203 2910 4279 postquam
2942 4194 3021 4258 de

402 4308 792 4374 eucharistia
822 4315 920 4374 ter
950 4307 1141 4372 dixit:
1211 4307 1498 4390 ,Corpus
1532 4314 1598 4371 et
1627 4305 1889 4386 sanguis
1920 4303 2354 4368 Ermnanuelis
2388 4303 2501 4368 Dei
2533 4303 2736 4367 nostri
2767 4302 2894 4366 hoc
2924 4308 3024 4366 est

404 4434 573 4492 vere,
607 4429 864 4493 amen3‘
904 4416 1352 4498 prosequitur:
1423 4412 1688 4489 ,Cred0,
1740 4412 1953 4487 credo,
2004 4411 2198 4475 credo
2250 4416 2314 4476 et
2363 4409 2675 4475 confiteor
2704 4427 2908 4491 usque
2940 4406 3024 4471 ad

402 4523 696 4588 ultimum
726 4523 1037 4606 spiritum,
1071 4522 1243 4606 quod
1293 4523 1374 4586 sit
1421 4523 1562 4605 ipsa
1611 4540 1764 4585 caro
1816 4518 2068 4582 vivifica
2119 4517 2426 4598 unigeniti
2457 4516 2595 4580 Filii
2625 4516 2735 4592 tui,
2770 4514 3025 4579 Domini

409 4629 525 4695 Dei
557 4637 622 4695 et
652 4628 1005 4696 Salvatoris
1025 4629 1097 4694 N.
1117 4630 1169 4694 J.
1191 4628 1439 4694 Christi.
1474 4629 1741 4711 Accepit
1773 4628 1984 4710 ipsam
2018 4645 2096 4691 ex
2129 4646 2176 4689 s.
2204 4624 2476 4688 Domina
2506 4630 2731 4688 nostra
2750 4621 3026 4703 Deipara

403 4744 470 4802 et
499 4757 757 4820 semper
787 4737 861 4802 V.
892 4736 1102 4802 Maria
1133 4788 1148 4801 .
1181 4788 1193 4799 .
1232 4787 1243 4800 .
1278 4734 1484 4801 Credo
1517 4754 1664 4800 eam
1695 4735 1902 4816 ipsam
1934 4752 2084 4799 vere
2117 4744 2318 4798 esse<
