3538 5364
475 216 605 280 394
713 207 894 260 Tract.
926 207 1015 260 lx.
1043 207 1111 259 de
1140 205 1414 261 sacrificio
1445 204 1663 261 missae.
1690 204 1891 259 Thesis
1917 203 2231 260 COXXXV.
2272 201 2475 257 Missae
2504 200 2843 256 sacrificium

474 396 533 466 2,
568 395 640 464 6;
676 386 812 453 Gal.
854 396 908 462 1,
939 391 1012 461 43
1046 385 1198 467 Eph.
1233 390 1292 461 5,
1328 390 1367 452 2
1401 390 1520 449 etc.
1552 386 1629 449 Et
1647 403 1876 450 revera
1904 385 2105 449 verba
2136 384 2311 461 ,dare
2343 401 2578 464 corpus
2611 388 2677 447 et
2705 382 3086 463 sanguinem

473 513 589 577 pro
622 494 808 558 nobis
841 493 906 556 in
934 500 1350 574 peccatorum
1382 492 1847 559 remissionem‘
1894 497 2044 572 apte
2090 489 2452 572 significant
2482 487 2718 554 Christi
2745 508 2865 571 pro
2897 488 3087 553 nobis

471 602 597 666 reis
629 599 1150 665 substitutionem
1198 599 1280 662 ad
1326 599 1715 681 placandum
1746 598 1951 662 Deum
1998 604 2063 662 et
2105 596 2628 679 consequendam
2672 602 3089 678 peccatorum

474 709 728 773 veniam
763 706 862 793 (cf.
894 706 1039 772 Lev.
1082 711 1132 780 1,
1168 712 1208 773 ἵ)
1241 727 1357 781 ss.;
1391 712 1449 781 3,
1485 711 1525 773 2
1547 725 1663 781 ss:
1696 710 1757 782 4,
1796 711 1831 772 7
1866 725 1947 769 ss.
1982 706 2160 792 etc.):
2192 722 2358 786 quae
2390 704 2760 768 substitutio
2790 702 3088 767 victimae

472 833 589 896 pro
621 832 733 879 reo
768 814 1101 878 character
1133 819 1230 877 est
1262 812 1555 893 proprius
1587 811 1881 875 sacrificii
1903 810 2003 899 (cf.
2026 811 2075 875 II
2095 831 2153 874 n.
2175 815 2301 880 631
2328 811 2421 897 s.).
2443 809 2664 892 Neque
2686 816 2907 875 tamen
2926 809 3087 874 haec

472 921 671 985 verba
702 920 1071 984 immediate
1102 918 1439 984 referenda
1471 925 1621 982 sunt
1652 919 1736 982 ad
1767 918 2154 987 sacrificium
2186 918 2425 982 crucis:
2458 917 2677 981 obstat
2694 934 2848 998 prae
2869 916 3088 998 primis

474 1027 661 1110 calix,
692 1029 800 1111 qui
831 1028 1188 1109 effundetur
1216 1044 1333 1107 pro
1366 1025 1585 1101 nobis:
1633 1043 1844 1107 neque
1895 1024 2065 1090 enim
2116 1025 2181 1088 in
2231 1042 2423 1088 cruce
2475 1023 2709 1088 effusus
2755 1024 2874 1087 suit
2905 1024 3086 1087 cal'ut.

474 1131 703 1197 Obstat
733 1135 929 1199 etiam
960 1133 1111 1196 illud
1142 1140 1474 1221 κλώμενον,
1521 1132 1694 1214 quod
1725 1151 1842 1213 pro
1877 1151 1999 1196 usu
2047 1130 2351 1214 loquendi
2383 1131 2617 1194 biblico
2653 1130 2986 1212 significat,
3023 1130 3089 1193 in

474 1240 688 1304 cibum
720 1240 1078 1321 apponitur,
1112 1238 1406 1315 donatur,
1441 1237 1873 1303 distribuitur:
1920 1238 2044 1302 hoc
2078 1244 2295 1302 autem
2341 1238 2422 1303 de
2454 1255 2724 1318 corpore
2757 1236 2991 1302 Christi
3022 1239 3087 1301 in

473 1364 662 1411 cruce
696 1346 915 1410 oblato
948 1346 1287 1410 commode
1320 1346 1542 1428 nequit
1574 1344 1893 1410 affirmari.
1944 1344 2210 1426 Intelligi
2242 1364 2394 1426 ergo
2427 1345 2664 1410 debent
2694 1345 2859 1410 haec
2890 1345 3089 1409 verba

473 1456 552 1519 de
587 1454 991 1529 eucharistia,
1026 1472 1191 1535 quae
1224 1471 1302 1518 eo
1336 1453 1474 1534 ipso
1507 1452 1887 1516 describitur
1918 1458 1990 1521 ut
2022 1451 2419 1516 sacrificium.
2461 1451 2573 1526 „Et
2604 1451 2669 1514 in
2699 1458 2916 1517 vetere
2950 1453 3089 1534 qui-

473 1562 620 1627 dem
651 1560 806 1641 lege,
839 1561 1044 1643 inquit
1077 1559 1126 1623 C
1141 1560 1181 1623 h
1201 1580 1283 1642 ry
1302 1580 1331 1623 s
1349 1578 1387 1624 o
1406 1566 1534 1624 sto
1550 1579 1614 1623 m
1633 1579 1676 1623 u
1691 1579 1723 1622 s
1757 1560 1820 1623 in
1859 1564 1911 1627 1.
1935 1559 2079 1624 Cor.
2112 1559 2173 1622 h.
2208 1564 2293 1628 24
2313 1579 2371 1623 n.
2395 1565 2453 1636 2,
2488 1560 2638 1642 quia
2657 1558 3089 1640 imperfectio-

474 1687 578 1734 res
612 1674 812 1743 erant,
846 1685 1038 1749 quem
1069 1666 1253 1730 idolis
1287 1666 1642 1731 offerebant
1674 1668 2071 1748 sanguinem,
2106 1685 2253 1731 eum
2286 1667 2422 1748 ipse
2444 1667 2738 1747 excipere
2771 1665 3091 1741 sustinuit,

471 1782 545 1839 ut
563 1775 646 1838 ab
667 1774 786 1838 illis
807 1774 1175 1850 abduceret,
1196 1774 1369 1856 quod
1390 1774 1598 1855 ipsum
1618 1792 1839 1837 rursus
1861 1780 1998 1839 erat
2020 1774 2262 1837 amoris
2283 1772 2635 1837 ineffabilis.
2657 1773 2772 1837 Hic
2788 1779 3009 1837 autem
3029 1774 3093 1835 in

472 1901 608 1946 rem
624 1880 1094 1946 horribiliorem
1109 1887 1173 1946 et
1187 1880 1800 1960 magnificentiorem
1817 1880 2286 1944 sacerdotalem
2304 1880 2626 1944 transtulit
2642 1880 3090 1962 operationem

471 1990 613 2070 ipso
648 1993 895 2052 mutato
928 1986 1259 2063 sacrificiO,
1293 1994 1358 2052 et
1388 2006 1505 2069 pro
1526 1987 1861 2053 brutorum
1882 1988 2274 2052 mactatione
2295 2006 2365 2052 se
2385 1988 2592 2068 ipsum
2607 1987 2797 2069 jussit
2817 1986 3083 2051 offerri:z

651 2114 715 2182 3.
747 2112 1173 2177 Confirmatur
1205 2132 1285 2179 ex
1317 2113 1683 2177 sacerdotio
1718 2110 1954 2176 Christi
1976 2113 2328 2176 secundum
2351 2113 2639 2178 ordinem
2659 2112 3091 2176 Melchise-

474 2220 675 2284 dech
707 2219 806 2284 Ps.
847 2224 988 2297 109,
1023 2224 1065 2289 5
1098 2219 1215 2284 col.
1251 2218 1405 2284 Gen.
1447 2224 1543 2296 14,
1583 2226 1680 2290 18.
1745 2217 1813 2283 Si
1846 2220 2016 2284 enim
2049 2218 2338 2283 Christus
2371 2226 2467 2287 est
2499 2219 2821 2296 sacerdoS,
2872 2218 3091 2284 debuit

475 2326 857 2391 sacrificium
891 2326 1118 2392 offerre
1153 2326 1365 2414 (Hebr.
1399 2330 1458 2402 5,
1499 2330 1566 2402 13
1601 2332 1660 2403 8,
1695 2327 1795 2412 3);
1845 2327 1898 2389 si
1931 2325 2047 2389 fuit
2077 2327 2382 2391 sacerdos
2416 2327 2770 2391 secundum
2801 2325 3093 2390 ordinem

475 2433 959 2511 Melchisedech,
993 2434 1212 2498 debuit
1246 2433 1473 2498 offerre
1514 2432 1914 2509 sacrificium,
1948 2433 2119 2515 quod
2170 2440 2240 2497 ut
2289 2434 2527 2499 veritas
2571 2434 2858 2510 umbrae,
2891 2433 3123 2504 sacri-¹

475 2541 618 2605 ficio
651 2540 1071 2622 responderet
1104 2558 1144 2603 a
1175 2539 1642 2604 Melchisedech
1675 2540 1914 2604 oblato.
1979 2539 2173 2621 Atqui
2223 2541 2536 2622 ejusmodi
2580 2541 2962 2605 sacrificium
2995 2546 3094 2604 est

474 2649 615 2730 ipsa
646 2647 993 2714 celebratio
1027 2646 1492 2712 eucharistiae:
1528 2647 1700 2729 quod
1735 2647 1967 2712 evincit
2004 2648 2105 2712 vel
2136 2647 2406 2731 simplex
2427 2648 2827 2731 comparatio
2848 2664 3093 2713 coenae

475 2755 947 2838 eucharisticae
975 2771 1121 2818 cum
1157 2753 1468 2818 sacrificio
1502 2754 1969 2819 Melchisedech
2005 2752 2160 2820 Gen.
2201 2761 2298 2833 14,
2335 2761 2450 2825 18:
2513 2750 2948 2820 Melchisedech
2983 2776 3092 2817 rea:

475 2864 679 2927 Salem
704 2863 1036 2946 proferens
1060 2882 1293 2945 panem
1338 2868 1393 2924 et
1438 2862 1674 2943 vinum,
1720 2868 1858 2926 erat
1904 2864 2068 2925 enim
2116 2864 2403 2928 sacerdos
2435 2862 2558 2927 Dei
2590 2863 2894 2930 altissimi.
2956 2861 3092 2925 Hoc

475 2970 645 3033 enim
678 2968 966 3032 Christus
1000 2974 1331 3049 tamquam
1366 2968 1692 3050 antitypus
1726 2968 2063 3035 manifeste
2110 2970 2451 3051 complevit
2499 2971 2564 3033 in
2596 2968 2824 3033 ultima
2855 2987 3092 3035 coena:

454 3094 683 3158 'neque
716 3081 930 3156 potest
980 3074 1229 3138 ratione
1282 3073 1575 3138 sacrificii
1626 3076 1832 3139 crucis
1884 3076 2006 3140 dici
2057 3076 2361 3140 sacerdos
2412 3076 2765 3141 secundum
2799 3074 3092 3139 ordinem

474 3181 954 3246 Melchisedech.

657 3339 802 3391 411.
836 3329 1285 3409 Exceptionibus
1315 3331 1543 3404 satisfit.
1581 3366 1665 3375 —
1699 3331 2057 3407 Argumenti
2101 3331 2224 3390 vim
2256 3332 2537 3389 nituntur
2567 3330 2841 3388 nonnulli
2873 3330 3094 3388 elidere

480 3414 537 3479 l.
570 3417 861 3494 negando,
908 3418 1300 3494 prolationem
1330 3419 1503 3495 panis
1538 3423 1599 3478 et
1630 3419 1756 3477 vini
1788 3419 2220 3478 Melchisedech
2252 3419 2441 3478 fuisse
2475 3419 2843 3478 sacrificium.
2905 3420 3093 3494 Atqui

472 3506 901 3566 Melchisedech
950 3526 1160 3565 verum
1209 3508 1498 3567 obtulisse
1549 3509 1919 3578 sacrificium,
1982 3526 2119 3567 cum
2175 3509 2435 3585 protulit
2493 3527 2705 3584 panem
2755 3512 2816 3566 et
2863 3508 3090 3576 vinum,

472 3611 539 3658 a.
572 3595 856 3655 suadetur
887 3596 1043 3666 inde,
1081 3596 1241 3671 quod
1273 3597 1519 3656 alterius
1550 3597 1820 3656 sacrificii
1852 3598 1927 3655 ab
1959 3616 2026 3655 eo
2057 3597 2244 3656 oblati
2275 3598 2496 3656 nullibi
2527 3598 2750 3655 mentio
2782 3597 2880 3654 fit:
2915 3599 3092 3655 sacri-

470 3686 666 3744 ficium
714 3689 912 3744 autem
959 3688 1053 3744 est
1097 3704 1165 3743 ex
1222 3687 1492 3744 omnium
1540 3685 1769 3760 judicio
1816 3687 2018 3764 (Hebr.
2056 3697 2110 3757 5,
2151 3682 2211 3767 1)
2260 3705 2479 3746 munus
2525 3686 2873 3762 primarium
2904 3704 3095 3745 sacer-

471 3774 646 3842 dotii:
694 3775 854 3849 quod
900 3771 971 3837 b.
1018 3774 1172 3832 ratio
1215 3775 1694 3850 protestantium,
1740 3794 1924 3850 quare
1955 3775 2383 3835 Melchisedech
2412 3775 2733 3852 protulerit
2770 3793 2983 3850 panem
3031 3780 3092 3834 et

471 3864 677 3923 vinum
711 3863 751 3927 i.
784 3883 831 3922 e.
863 3863 1188 3922 Abrahami
1220 3863 1589 3934 refocillatio,
1624 3868 1716 3922 est
1747 3863 2177 3939 improbabilis,
2212 3882 2344 3923 cum
2379 3865 2624 3923 redierit
2653 3864 2989 3939 patriarcha
3021 3865 3092 3922 de

472 3953 691 4028 praelio
723 3953 938 4029 praeda
969 3955 1258 4011 onustus:
1305 3955 1367 4011 et
1412 3953 1685 4026 quamvis
1726 3954 1977 4012 verbum
2008 3953 2153 4028 hoqi'
2185 3973 2305 4012 non
2337 3953 2420 4012 sit
2450 3953 2700 4012 verbum
2733 3953 3089 4022 sacrificiale,

472 4042 544 4099 de
589 4041 946 4101 adductione
977 4045 1175 4100 tamen
1211 4041 1435 4100 hostiae
1469 4041 1724 4100 subinde
1756 4041 2090 4101 adhibetur.
2152 4043 2231 4101 cf.
2261 4042 2301 4100 J
2305 4042 2459 4105 udic.
2495 4053 2550 4112 6,
2589 4051 2667 4106 18
2705 4060 2753 4100 a.
2821 4043 3090 4100 Ceterum

473 4143 533 4195 c,
567 4131 712 4188 satis
745 4132 899 4189 clare
930 4130 1290 4189 enunciatur
1320 4131 1711 4205 prolationem
1744 4131 1912 4188 illam
1944 4130 2128 4190 fuisse
2161 4131 2727 4190 sacrificialem
2759 4149 2895 4189 cum
2927 4131 3092 4189 illius

471 4219 757 4278 reddatur
788 4219 943 4278 ratio
977 4220 1163 4278 inciso
1195 4220 1498 4295 sequenti:
1532 4220 1685 4278 Erat
1716 4223 1867 4278 enim
1886 4220 2156 4279 sacerdos
2177 4221 2478 4279 Altis-simi.
2502 4254 2585 4263 -
2607 4219 2831 4278 Verum
2851 4219 3093 4295 quidem

471 4310 562 4366 est
592 4308 657 4366 in
688 4311 858 4366 textu
889 4309 1166 4386 originali
1199 4308 1401 4367 haberi
1435 4309 1789 4385 particulam
1821 4329 1950 4377 vav,
1982 4312 2059 4378 et,
2105 4328 2286 4383 quam
2320 4311 2598 4386 vulgatus
2630 4309 2922 4384 interpres
2955 4309 3088 4368 red-

471 4396 563 4454 dit
591 4399 741 4454 enim
756 4418 785 4467 ,·
816 4396 919 4455 sed
951 4398 1173 4473 passim
1205 4399 1289 4456 ita
1320 4397 1472 4456 verti
1504 4400 1701 4473 potest
1730 4400 1792 4456 et
1823 4397 2014 4455 debet.
2062 4398 2142 4456 Cf.
2176 4398 2318 4456 Gen.
2343 4409 2442 4468 20,
2481 4407 2550 4468 33
2588 4407 2688 4468 30,
2727 4407 2839 4466 27;
2871 4397 2951 4456 Is.
2988 4408 3091 4466 64,

477 4495 510 4548 5
547 4488 657 4544 etc.
720 4485 927 4560 Neque
961 4487 1069 4546 hoc
1099 4487 1351 4545 incisum
1382 4486 1757 4545 referendum
1790 4491 1879 4545 est
1909 4486 1980 4544 ad
2016 4489 2355 4561 sequentia:
2389 4488 2700 4546 Benedixit
2730 4488 2780 4544 ei
2811 4490 2952 4556 etc.;
2984 4486 3089 4545 ob·

473 4578 594 4632 stat
624 4574 785 4631 enim
813 4574 1220 4650 interpunctio
1251 4577 1487 4651 recepta
1518 4575 1583 4633 in
1611 4578 1849 4633 textum
1882 4574 2326 4634 hebraicum
2358 4580 2418 4635 et
2449 4576 2512 4635 in
2544 4576 2843 4635 versiones
2877 4575 3088 4636 chal-

472 4662 795 4733 daicam,
848 4683 1194 4740 graecam
1246 4668 1307 4722 et
1357 4664 1713 4734 latinam:
1766 4668 1827 4721 et
1878 4664 2267 4723 sacerdotium
2319 4665 2558 4741 proprie
2607 4684 2728 4723 non
2777 4667 2868 4723 est
2917 4663 3086 4734 ratio,
