3538 5364
584 241 713 307 114
946 231 1132 285 Tract.
1159 230 1307 283 Vm.
1335 229 1404 283 de
1431 229 1636 299 gratia.
1662 229 1864 283 Thesis
1890 227 2127 282 CXCIV.
2154 225 2599 305 Exceptionibus
2625 227 2846 279 satisfit.

577 423 818 480 tantum
849 418 1223 488 secundaria;
1255 417 1507 493 ideoque
1538 435 1658 476 non
1689 417 1832 475 licet
1863 417 1948 475 ita
1979 416 2368 475 subordinare
2402 415 2651 492 gratiam
2672 413 3001 483 voluntati3
3035 432 3203 490 prae·

580 509 784 570 sertim
820 508 963 584 quia
993 507 1274 566 voluntas
1306 526 1500 581 neque
1532 508 1686 566 velle
1716 525 1912 581 neque
1944 524 2180 564 currere
2214 508 2430 583 potest,
2478 505 2595 562 nisi
2641 503 3063 579 praeveniatur
3093 504 3204 561 mi·

582 598 901 657 sericordia
936 596 1069 654 Dei:
1118 596 1275 671 quod
1310 614 1451 673 ergo
1488 596 1639 654 velit
1681 600 1743 655 et
1787 600 1990 654 currat
2019 596 2114 653 est
2144 613 2213 653 ex
2244 592 2650 652 misericordia
2680 592 2805 661 Dei,
2853 611 2974 650 non
3006 600 3209 651 tamen

580 687 972 747 necessitante
1003 688 1066 743 et
1095 685 1702 760 praedeterminante:
1749 683 1858 743 illo
1890 692 2089 742 autem
2122 682 2407 757 loquendi
2437 681 2613 740 modo
2646 681 3063 740 excluderetur
3094 681 3204 739 mi·

582 776 902 836 sericordia
933 774 1137 832 divina
1166 793 1276 832 nos
1309 774 1694 849 praeveniens
1723 793 1759 832 a
1791 774 2002 832 salutis
2033 772 2292 849 negotiO,
2328 772 2485 846 quod
2518 775 2612 830 est
2642 770 3026 829 haereticum.

767 874 911 928 126.
958 858 1086 926 IV.
1134 863 1302 922 Nihil
1348 864 1566 931 verine,
1614 863 1814 922 omnia
1855 866 2063 921 nostra
2092 881 2270 937 opera
2300 861 2456 919 bona
2488 861 2605 918 Deo
2650 859 3052 930 adscribenda,
3100 859 3207 917 Dei

582 973 708 1014 esse
741 955 926 1012 dona:
975 953 1118 1010 facit
1148 952 1326 1022 enim,
1359 955 1430 1011 ut
1461 952 1774 1022 faciamus3
1808 952 1926 1010 imo
1961 955 2157 1009 totum
2189 951 2252 1008 in
2286 950 2492 1007 ordine
2534 948 2748 1007 salutis
2783 949 2903 1007 Deo
2933 967 3064 1008 esse
3095 949 3206 1006 tri-

580 1043 904 1106 buendum.
979 1041 1206 1100 Idcirco
1249 1047 1451 1102 tamen
1495 1060 1604 1100 nec
1649 1043 1843 1118 gratia
1885 1040 2297 1099 necessitatem
2346 1038 2547 1109 infert,
2595 1056 2706 1096 nec
2755 1037 2829 1095 ab
2880 1038 3208 1097 intrinseco

582 1133 784 1192 efficax
816 1131 1042 1191 censeri
1072 1130 1268 1190 debet.
1335 1131 1481 1189 Nam
1515 1136 1587 1189 ut
1617 1149 1767 1206 opus
1800 1130 1972 1189 alteri
2005 1129 2196 1205 possit
2225 1127 2501 1198 adscribi,
2550 1126 2773 1185 sufficit
2817 1126 2869 1184 si
2914 1127 3082 1187 illius
3121 1130 3214 1185 est

583 1228 788 1281 auctor
819 1220 1083 1289 consilio,
1131 1220 1370 1290 auxilio,
1418 1219 1966 1278 subministratione
1999 1219 2325 1277 mediorum
2372 1226 2513 1279 etc.:
2560 1222 2784 1292 quanto
2828 1235 2969 1293 ergo
3017 1216 3212 1293 magis

584 1312 647 1370 in
678 1310 886 1369 ordine
917 1310 1130 1368 salutis
1164 1310 1283 1367 Deo
1328 1308 1588 1367 adscribi
1620 1308 1840 1367 debent
1870 1327 2049 1383 opera
2078 1311 2280 1367 nostra
2311 1308 2481 1376 bona,
2529 1306 2655 1364 sine
2700 1324 2818 1379 quo
2863 1307 3017 1364 mhil
3064 1306 3208 1364 inci-

582 1420 724 1477 pere
761 1417 1098 1475 possumne,
1145 1398 1265 1456 nisi
1309 1398 1504 1474 gratia
1547 1397 1679 1469 ejus
1727 1397 2073 1472 praeveniat
2117 1401 2179 1456 et
2222 1399 2533 1472 praeparet
2565 1395 2904 1454 voluntates
2936 1398 3210 1461 nostras;

584 1490 713 1548 sine
746 1507 864 1563 quo
896 1488 1048 1545 nihil
1070 1487 1349 1563 perficere
1369 1505 1709 1562 possumus,
1743 1487 1857 1545 nisi
1890 1486 2085 1562 gratia
2115 1504 2225 1544 nos
2258 1485 2504 1558 adjuvet
2534 1486 2596 1542 et
2625 1483 2869 1559 quidem
2888 1484 3211 1560 multiplici

584 1578 829 1647 ratione,
864 1584 934 1635 ut
963 1576 1389 1651 explicavimus
1421 1595 1477 1638 n.
1501 1586 1572 1639 91
1606 1595 1685 1638 ss.
1717 1584 1853 1639 123.
1910 1576 2070 1633 Unde
2108 1575 2708 1651 chrysostomus
2742 1573 2805 1630 in
2829 1581 2885 1633 2.
2907 1574 3029 1632 Cor.
3055 1584 3113 1642 3,
3138 1583 3208 1636 5:

587 1668 764 1738 ,Non
795 1667 882 1724 ita
912 1665 1194 1736 dicebam,
1229 1665 1505 1724 fiduciam
1541 1665 1881 1732 habeamus,
1929 1668 2000 1723 ut
2032 1664 2246 1739 purtim
2279 1667 2358 1721 sit
2389 1670 2679 1727 nostrum,
2714 1661 2933 1737 partim
2966 1663 3048 1721 sit
3081 1662 3208 1734 Dei,

583 1756 683 1815 sed
715 1759 914 1814 totum
960 1754 1048 1812 illi
1094 1754 1296 1812 tribuo
1343 1760 1772 1830 acceptumque
1809 1753 1953 1823 fer0,
2003 1752 2146 1827 quia
2178 1752 2536 1811 sufficientia
2565 1759 2772 1809 nostra
2802 1769 2870 1808 ex
2906 1753 3024 1811 Deo
3056 1756 3208 1809 θεὴ*

584 1845 778 1915 Quare
824 1845 930 1902 hac
974 1843 1256 1918 loquendi
1302 1845 1532 1902 ratione
1563 1844 1751 1902 libera
1782 1842 2117 1919 cooperatio
2151 1843 2499 1900 nullatenus
2529 1840 2882 1904 excluditur.
2945 1841 3037 1899 Ad
3084 1859 3213 1899 rem

584 1934 1084 2011 Augustinus
1130 1950 1301 1994 serm.
1344 1944 1461 1995 169
1511 1953 1567 1992 n.
1615 1943 1718 1995 13:
1773 1933 2034 2003 ,Totum
2066 1950 2135 1989 ex
2172 1933 2307 1998 De0,
2360 1930 2579 2006 inquit,
2627 1948 2748 1988 non
2793 1936 2994 1989 tamen
3040 1929 3212 2005 quasi

585 2022 960 2088 dormientes,
995 2041 1114 2080 non
1145 2021 1334 2097 quasi,
1380 2028 1452 2080 ut
1496 2041 1614 2080 non
1647 2040 1946 2090 conemur,
1992 2039 2112 2079 non
2145 2020 2316 2096 quasi
2348 2026 2419 2077 ut
2449 2039 2568 2077 non
2601 2018 2884 2089 velimus3
2932 2020 3058 2078 sine
3105 2036 3209 2077 vo·

535 2117 538 2120 ’
586 2112 819 2170 luntate
851 2120 958 2168 tua
987 2130 1108 2170 non
1140 2111 1257 2169 erit
1287 2111 1352 2169 in
1384 2115 1444 2170 te
1468 2112 1713 2187 justitia
1747 2111 1852 2170 Dei
1884 2156 1896 2169 .
1937 2159 1950 2173 .
1986 2153 1998 2166 .
2044 2128 2173 2168 esse
2205 2115 2404 2185 potest
2426 2108 2668 2184 justitia
2702 2108 2805 2166 Dei
2837 2108 2967 2167 sine
2999 2108 3210 2166 volun-

586 2203 711 2259 tate
742 2207 864 2268 tua,
900 2200 1003 2258 sed
1036 2201 1100 2258 in
1130 2206 1191 2259 te
1223 2219 1350 2259 esse
1384 2219 1503 2258 non
1524 2205 1720 2276 potest
1751 2208 1987 2276 praeter
2007 2200 2377 2258 voluntatem
2400 2201 2629 2256 tuam.‘
2670 2197 2824 2255 Hinc
2855 2199 3000 2256 alibi
3032 2215 3214 2274 opera

584 2289 741 2348 bona
771 2290 943 2348 nobis
976 2289 1331 2348 tribuuntur
1364 2291 1457 2347 vel
1489 2293 1692 2347 nostra
1723 2307 1852 2347 esse
1884 2288 2169 2347 dicuntur
2201 2285 2283 2367 (n.
2326 2282 2495 2369 103).

772 2405 912 2459 127.
943 2396 1077 2454 Alia
1109 2395 1448 2470 Scripturae
1479 2395 1651 2454 effata
1683 2396 1952 2453 consulto
1986 2394 2534 2469 praetermittimuS,
2568 2396 2640 2451 ut
2668 2392 2742 2456 Is.
2767 2402 2867 2461 55,
2911 2403 3020 2454 1οε
3054 2392 3210 2464 Quo-

587 2486 751 2545 modo
783 2486 1065 2543 descendit
1096 2486 1276 2543 imber
1324 2491 1373 2542 et
1418 2486 1522 2542 nix
1566 2485 1636 2541 de
1678 2485 1827 2543 coelo
1872 2491 1922 2542 et
1965 2484 2102 2543 illuc
2133 2485 2291 2541 ultra
2324 2501 2438 2541 non
2473 2484 2797 2557 revertitur,
2832 2482 2933 2540 sed
2962 2481 3212 2538 inebriat

586 2583 806 2634 terram
838 2582 892 2632 et
922 2574 1182 2647 infundit
1213 2593 1360 2647 eam,
1408 2580 1458 2630 et
1497 2576 1830 2650 yerminare
1861 2592 1986 2630 eam
2018 2575 2180 2649 facit,
2229 2580 2281 2630 et
2325 2574 2428 2631 dat
2459 2591 2648 2630 semen
2680 2573 2889 2629 serenti
2920 2578 2970 2627 et
2997 2588 3211 2644 panem

584 2665 929 2725 comedente:
975 2666 1058 2723 sic
1089 2665 1199 2721 erit
1230 2663 1460 2722 verbum
1492 2681 1696 2738 meum,
1731 2662 1883 2739 quod
1913 2663 2235 2740 eqredietur
2277 2663 2346 2721 de
2392 2679 2489 2721 ore
2535 2680 2690 2720 meo:
2736 2679 2852 2720 non
2896 2667 3212 2718 revrrteeur

586 2756 666 2815 ad
699 2773 785 2812 me
829 2770 1096 2828 vacuum,
1142 2754 1242 2810 sed
1268 2754 1442 2826 faciet
1475 2771 1841 2828 quaecunque
1872 2754 2040 2829 volui,
2090 2760 2141 2810 et
2177 2752 2632 2827 prosperabitur
2674 2752 2739 2808 in
2784 2751 2892 2823 his,
2939 2750 3020 2807 ad
3065 2768 3216 2825 quae

586 2846 719 2903 misi
764 2843 952 2914 iltud,·
998 2842 1142 2918 Eph.
1180 2850 1235 2910 2,
1283 2853 1387 2903 10:
1438 2841 1634 2915 Ipsitcs
1665 2844 1817 2899 euim
1847 2860 2050 2900 sumus
2077 2842 2334 2916 factura,
2382 2843 2563 2899 creata·
2610 2842 2672 2896 in
2711 2839 2939 2897 Christo
2972 2839 3116 2896 Jesu
3147 2839 3212 2896 in

588 2932 854 3009 operabus
885 2932 1062 3005 bonis,
1098 2950 1242 3006 quae
1266 2932 1652 3005 praeparavit
1685 2930 1861 3005 Deus,
1898 2939 1960 2988 ut
1991 2932 2053 2988 in
2084 2932 2201 2988 illis
2233 2930 2602 2988 artabulemus.
2669 2928 2744 2986 Ie.
2780 2937 2881 2994 26.
2936 2936 3040 2988 12:
3088 2928 3207 2985 Do·

588 3025 739 3081 utine
771 3020 940 3079 dabis
983 3038 1181 3094 pacem
1226 3020 1422 3077 nobis:
1468 3022 1663 3078 omnia
1694 3022 1844 3077 enim
1877 3039 2053 3095 opera
2086 3028 2287 3078 nostra
2319 3027 2591 3094 operatus
2636 3036 2694 3075 es
2738 3017 2916 3092 nobis,
2965 3035 3118 3090 quae
3163 3035 3211 3074 s.

589 3112 1008 3185 Hieronym
1029 3126 1114 3166 us
1146 3108 1209 3165 in
1243 3109 1297 3165 h.
1332 3109 1368 3169 l.
1402 3108 1484 3165 ita
1514 3109 1975 3183 interpretatur:
2019 3148 2047 3178 ,
2067 3109 2176 3166 Pro
2209 3108 2437 3166 cunctis
2470 3107 2765 3183 operibuS,
2801 3124 2953 3180 quae
2983 3105 3211 3181 operati

588 3204 733 3259 sunt
766 3217 946 3273 super
976 3201 1212 3268 terram,
1259 3197 1468 3255 dicunt
1513 3216 1576 3255 se
1623 3198 1986 3256 sustinuisse
2023 3203 2335 3266 tormenta,
2381 3203 2442 3254 et
2480 3197 2717 3271 justum
2763 3213 2910 3261 esse,
2959 3204 3030 3253 ut
3076 3197 3215 3270 post

588 3288 883 3364 supplicia
913 3294 1093 3362 atque
1125 3287 1425 3346 cmciatus
1446 3285 1902 3344 misericordiam
1927 3293 2428 3362 consequantur.‘
2482 3285 2639 3343 Haec
2671 3286 2830 3342 enim
2861 3288 2923 3342 et
2953 3283 3213 3360 gemina,

493 3454 496 3457 ᾗ
588 3397 738 3452 quae
772 3381 1133 3443 coacervant,
1179 3377 1249 3434 ad
1298 3394 1423 3433 rem
1468 3394 1587 3433 non
1633 3384 1793 3445 sunt,
1840 3376 1935 3435 vel
1968 3376 2109 3451 quia
2143 3395 2261 3433 non
2294 3375 2364 3433 de
2397 3375 2606 3451 gratia,
2661 3380 2765 3431 sed
2813 3373 2886 3432 de
2932 3372 3211 3448 operibus

586 3467 763 3525 unice
796 3487 830 3524 a
859 3467 979 3524 Deo
1013 3463 1413 3541 pendentibus
1446 3470 1663 3540 agunt3
1713 3465 1804 3523 vel
1852 3465 1996 3539 quia
2040 3484 2159 3522 non
2203 3464 2428 3540 gratiae
2469 3462 2750 3538 operandi
2784 3462 3075 3520 rationem
3107 3460 3210 3519 de·

587 3556 876 3626 scribunt,
911 3555 1010 3613 sed
1033 3556 1163 3630 ejus
1183 3553 1571 3631 gratuitatem
1604 3563 1664 3611 et.
1695 3556 2104 3613 necessitatem
2127 3554 2460 3623 inculcaut;
2493 3552 2588 3610 vel
2609 3551 2750 3627 quia
2781 3569 2850 3608 ex
2884 3550 3061 3608 dictis
3086 3551 3212 3625 jam

586 3644 864 3720 explicari
899 3648 1180 3720 possunt:
1213 3643 1307 3701 vel
1339 3643 1479 3717 quia
1508 3643 1741 3719 exegesi
1761 3650 1995 3701 tantum
2029 3643 2344 3700 arbitraria
2372 3642 2437 3699 in
2467 3660 2703 3699 sensum
2736 3639 3210 3698 adversariorum

588 3735 979 3810 explicantur.
1045 3733 1124 3792 cf.
1158 3732 1484 3790 Bastida
1517 3733 1552 3790 1.
1587 3751 1635 3793 c.
1667 3731 1764 3795 VI.
1809 3742 1883 3795 15
1919 3752 1968 3789 a.
2006 3741 2060 3794 3.

774 3840 917 3904 1275.
955 3834 1303 3903 Scholion
1339 3834 1396 3902 I.
1461 3833 1625 3896 Aliis
1669 3833 2129 3917 exceptionibus
2174 3833 2413 3914 satisfit.
2462 3871 2549 3879 —
2599 3830 2792 3895 Plura
2843 3836 3212 3911 supersunt,

589 3960 756 4025 quae
789 3950 1019 4005 contra
1049 3942 1293 4022 gratiae
1339 3939 1688 4003 efficaciam
1723 3958 1762 4003 a
1795 3939 1984 4003 nobis
2016 3939 2346 4004 defensam
2377 3939 2592 4019 urgeri
2622 3939 2847 4002 solent„
2891 3938 2960 4000 ln
2990 3936 3214 4017 primis

588 4049 773 4112 illud:
820 4048 874 4110 si
920 4049 1128 4128 gratia
1158 4067 1239 4112 ex
1271 4066 1414 4112 sese
1448 4066 1580 4110 non
1612 4054 1784 4112 esset
1830 4047 2074 4122 efficax,
2126 4047 2403 4111 hominis
2435 4053 2607 4111 esset
2638 4046 2922 4126 seipsum
2952 4045 3035 4108 ab
3069 4043 3214 4107 aliis

590 4155 968 4219 discernere.
1002 4155 1087 4218 At
1119 4154 1231 4218 Dei
1264 4162 1362 4220 est
1402 4154 1790 4231 discernere,
1837 4159 2005 4219 teste
2038 4153 2239 4217 Paulo
2275 4159 2330 4221 1.
2365 4151 2511 4216 Cor.
2544 4157 2605 4228 4,
2643 4158 2714 4220 7:
2778 4153 2932 4231 Quis
2960 4155 3122 4216 enim
3155 4159 3214 4215 te

590 4263 936 4326 discernit?
975 4263 1144 4341 Quid
1179 4269 1385 4326 autem
1419 4261 1620 4336 habes,
1656 4261 1820 4345 quod
1853 4282 1978 4324 non
2009 4261 2353 4343 accepisti?
2380 4262 2448 4323 Si
2482 4269 2689 4323 aulem
2721 4262 3030 4343 accepisti,
3063 4259 3216 4342 qnid

584 4372 907 4453 yloriarc's,
940 4371 1121 4455 quasi
1154 4389 1278 4431 mm
1312 4369 1665 4453 acceperis?
1698 4367 1869 4448 quod
1905 4367 2074 4431 idem
2094 4373 2158 4431 et
2190 4367 2298 4430 Au
2318 4368 2701 4448 gustinus
2732 4368 2977 4449 passim
3009 4365 3212 4429 incul-

590 4484 711 4540 cat.
774 4477 938 4558 Ergo
972 4476 1181 4558 gratia
1212 4495 1290 4541 ex
1323 4494 1393 4540 se
1427 4476 1651 4539 efficax
1683 4473 2085 4538 admittenda
2116 4482 2229 4538 est.
2292 4473 2534 4538 Verum

774 4583 832 4653 1.
866 4584 1172 4664 distingui
1203 4583 1395 4648 debet
1425 4582 1657 4664 duplex
1689 4581 2014 4655 diseretio,
2048 4578 2429 4644 formalis
2477 4588 2541 4644 et
2587 4578 2996 4653 efficienS,
3028 4578 3210 4643 ideo·

593 4709 716 4773 que
749 4692 944 4755 etiam
978 4691 1213 4773 duplex
1259 4689 1661 4754 discretionis
1702 4687 2099 4768 principium.
2163 4686 2556 4769 Principium
2604 4685 3005 4751 discretionis
3051 4684 3126 4748 fo
3143 4701 3210 4747 r-
