3538 5364
1035 287 1231 341 'rhesis
1258 286 1509 342 CCLXV.
1538 287 1893 343 Matrimonii
1919 286 2419 342 indissolubilitas.
2908 296 3045 359 573

419 493 616 545 causa,
658 478 729 534 ut
760 475 823 533 in
854 492 994 533 casu
1026 473 1323 549 adulterii,
1372 477 1528 532 certe
1561 473 1916 550 permissum
1951 473 2069 532 {uit
2097 474 2280 533 etiam
2311 476 2450 532 ante
2481 475 2674 552 legem
2703 474 3034 544 mosaicam,

420 583 557 622 nam
587 564 941 640 permissum
974 564 1036 621 id
1069 567 1158 622 est
1189 564 1286 621 vel
1317 563 1382 621 in
1414 563 1541 640 lege
1572 563 1929 640 evangelica.
1994 564 2104 622 Vix
2155 564 2435 622 credibile
2487 569 2580 622 est
2629 561 2694 626 2.
2748 563 2807 621 vi
2859 563 3045 638 hujus-

422 652 831 728 permissionis
864 653 1038 731 longe
1068 653 1285 728 pejoris
1315 651 1502 712 fuisse
1534 652 1894 711 conditionis
1933 653 2240 712 mulierem
2286 653 2440 712 viro:
2491 653 2585 711 hic
2630 652 2789 710 enim
2835 653 3037 728 potuit

420 743 592 800 aliam
626 743 837 801 ducere
868 760 1127 812 uxorem,
1178 741 1516 818 polygamia
1547 740 1842 816 siquidem
1894 745 2023 800 erat
2068 741 2393 818 permissa:
2447 742 2664 800 mulier
2713 759 2854 800 vero
2906 740 3036 800 sine

420 831 698 889 adulterii
728 830 976 890 crimine
1007 849 1126 889 non
1156 830 1454 908 potuisset
1493 830 1655 888 aliud
1698 829 1851 889 inire
1897 831 2371 901 matrimonium;
2422 849 2606 906 eaque
2657 825 2722 894 3.
2775 830 3042 907 obligata

420 919 636 979 fuisset
684 920 756 978 ad
806 923 1155 996 perpetuam
1205 919 1661 989 continentiam3
1715 919 2010 995 ejusmodi
2060 939 2197 979 vero
2236 920 2521 997 obligatio
2553 919 2654 978 vix
2685 919 3036 978 conciliatur

420 1028 553 1068 cum
585 1028 654 1067 ea
685 1009 1040 1080 oeconomia,
1087 1009 1150 1067 in
1187 1028 1305 1084 qua
1336 1008 1540 1085 ignota
1569 1008 1689 1067 fuit
1717 1008 2085 1086 virginitatis
2116 1008 2496 1085 praestantia.
2560 1008 2769 1084 Neque
2814 1004 2879 1072 4.
2926 1025 3035 1066 nos

420 1101 634 1168 movet,
669 1098 828 1173 quod
859 1099 998 1156 haec
1028 1098 1338 1173 permissio
1371 1098 1509 1155 data
1539 1096 1724 1155 fuerit
1741 1102 1986 1173 propter
2003 1098 2288 1157 duritiam
2311 1097 2700 1173 judaeorum:
2736 1098 2845 1156 hoc
2875 1098 3034 1157 enim

418 1206 539 1246 non
571 1187 801 1262 probat,
846 1187 911 1245 id
956 1187 1116 1263 quod
1161 1186 1451 1246 divinitus
1482 1186 1601 1245 fuit
1631 1186 2010 1261 permissum,
2057 1187 2348 1246 mansisse
2379 1186 2654 1245 illicitum
2687 1190 2865 1262 atque
2899 1187 3038 1245 hinc

419 1276 804 1352 prohibitum.
870 1276 1079 1352 Neque
1123 1295 1233 1335 nos
1281 1272 1348 1339 5.
1394 1278 1639 1335 movent
1669 1275 1850 1335 verba
1883 1278 2057 1335 Deut.
2093 1285 2194 1347 24,
2237 1289 2289 1347 l,
2342 1276 2462 1335 imo
2513 1276 2718 1352 potius
2768 1278 3031 1334 nostram

419 1366 767 1424 confirmant
796 1364 1171 1424 sententiam.
1237 1365 1386 1423 Nam
1419 1380 1481 1430 a.
1514 1363 1814 1424 secundus
1847 1366 1956 1436 vir,
2010 1365 2116 1442 qui
2148 1365 2452 1425 dimissam
2487 1366 2755 1439 duxerat,
2793 1369 3041 1424 vocatur

417 1473 603 1530 aeque
634 1455 884 1512 maritus
915 1473 983 1513 ac
1011 1455 1187 1529 prior,
1221 1454 1327 1530 qui
1356 1473 1486 1513 eam
1511 1454 1849 1523 dimiserat3
1884 1452 1955 1518 l).
1991 1456 2086 1514 hic
2119 1456 2270 1514 alter
2288 1455 2540 1514 maritus
2559 1455 2783 1530 pariter
2801 1457 3034 1530 poterat

417 1543 556 1601 dare
589 1543 850 1602 libellum
881 1543 1138 1619 repudii,
1184 1543 1289 1620 qui
1332 1546 1490 1602 certe
1520 1561 1640 1602 non
1672 1547 1802 1601 erat
1832 1543 2065 1603 dandus
2098 1543 2435 1614 adulterae3
2487 1559 2554 1609 e.
2600 1544 2816 1602 mulier
2861 1563 2895 1601 a
2940 1562 3037 1602 se-

417 1632 611 1691 cundo
642 1632 889 1691 dimissa
918 1633 1047 1692 viro
1079 1650 1200 1691 non
1231 1635 1464 1708 poterat
1482 1632 1665 1708 recipi
1698 1632 1916 1692 iterum
1950 1653 1983 1692 a
2015 1633 2199 1709 priori
2231 1634 2379 1703 vir0,
2413 1633 2573 1710 quod
2604 1634 2699 1692 vix
2732 1632 3037 1705 credibile,

416 1722 468 1780 si
498 1722 816 1781 mansisset
847 1722 1207 1781 matrimonii
1241 1722 1564 1781 vinculum.
1626 1721 1706 1784 ef.
1738 1722 1802 1779 in
1833 1722 2040 1799 primis
2071 1723 2439 1781 Palmieri
2472 1723 2555 1782 th.
2601 1733 2706 1793 16;
2741 1722 3031 1781 Bosko-

414 1813 609 1887 vany
641 1808 764 1878 115
801 1821 900 1874 69.

593 1935 741 1999 614-
788 1932 1044 1999 ΤΙΙθδῘΒ
1077 1929 1402 1999 CCLXV·
1439 1953 1988 2006 Matrimonium
2019 1953 2492 2007 christianum
2522 1955 2734 2007 etiam
2762 1953 2841 2007 in
2866 1965 3032 2006 casu

415 2043 759 2098 advenerit
795 2047 894 2096 est
923 2044 1143 2110 plane
1180 2042 1687 2097 indissolubile.

593 2165 1037 2233 Declaratlo.
1080 2163 1268 2227 Haud
1297 2163 1454 2227 levis
1486 2161 1823 2228 difficultas
1858 2171 2085 2229 contra
2119 2181 2217 2240 ea,
2251 2180 2417 2245 quae
2450 2164 2778 2246 hucusque
2810 2163 3035 2245 dispu-

417 2270 711 2348 tavimuS,
747 2271 952 2336 oritur
983 2289 1062 2335 ex
1094 2270 1308 2334 verbis
1329 2268 1596 2333 Christi:
1630 2270 1791 2334 Dico
1825 2277 2032 2335 autem
2064 2270 2252 2354 vebia,
2284 2271 2436 2356 quia
2467 2272 2812 2355 quicunque
2842 2271 3032 2333 dimi-

414 2379 561 2441 serit
597 2398 846 2442 uxorem
877 2396 1060 2442 suam
1092 2379 1217 2442 nisi
1250 2377 1321 2440 ob
1351 2379 1835 2462 fornicationem
1868 2384 1924 2440 et
1945 2377 2141 2441 aliam
2166 2378 2418 2441 duxerit
2436 2376 2790 2441 moechatur
2808 2376 3034 2441 Matth.

420 2489 518 2560 19,
569 2490 606 2552 7
641 2485 758 2548 col.
792 2488 851 2561 5,
899 2488 981 2553 31
1017 2504 1099 2548 s.:
1150 2484 1379 2549 saltem
1412 2483 1495 2548 ad
1527 2484 1691 2548 haec
1723 2502 1951 2549 omnes
1998 2490 2581 2565 protestantes
2628 2491 2703 2549 et
2751 2484 3035 2565 graeci

414 2591 822 2669 schismatici,
856 2592 985 2655 imo
1019 2598 1083 2657 et
1114 2589 1310 2674 aliqui
1343 2591 1622 2671 theologi
1657 2591 2082 2668 catholici,
2115 2596 2186 2654 ut
2219 2590 2702 2672 CajetanuS,
2736 2587 3031 2653 Catha-

414 2699 674 2774 rinuS,
721 2698 1050 2781 Launoy
1095 2705 1472 2780 provocant,
1519 2705 1587 2763 ut
1632 2699 1908 2780 probent
1941 2699 2006 2762 in
2038 2716 2193 2762 casu
2228 2699 2522 2764 adulterii
2553 2697 3037 2762 matrimonium

414 2805 704 2880 dissolvi;
738 2806 1085 2871 tenendum
1118 2813 1334 2870 tamen
1367 2813 1484 2882 est,
1519 2806 1691 2888 quod
1724 2807 1950 2871 statuit
1980 2805 2272 2888 synodus
2304 2804 2738 2869 tridentina
2767 2822 2921 2868 sess.
2945 2808 3038 2873 24

414 2930 555 2976 can.
578 2918 648 2980 7:
688 2910 794 2987 ,Si
824 2912 965 2995 quis
998 2912 1243 2988 dixerit,
1276 2912 1631 2977 Ecclesiam
1662 2931 1902 2988 errare,
1935 2930 2083 2977 cum
2102 2912 2322 2976 docuit
2340 2919 2405 2977 et
2425 2913 2614 2978 docet
2626 2912 2813 2994 juxta
2832 2929 3032 2976 evan-

415 3019 684 3099 gelicam
730 3025 793 3084 et
834 3019 1253 3100 apostolicam
1286 3020 1645 3084 doctrinam
1676 3026 1940 3101 propter
1973 3019 2359 3084 adulterium
2392 3020 2654 3085 alterius
2686 3019 3030 3100 conjugum

415 3125 805 3190 matrimonii
849 3126 1170 3190 vinculum
1217 3145 1350 3190 non
1381 3145 1570 3209 posse
1604 3127 1862 3192 dissolvi
1894 3128 1967 3191 A.
2000 3125 2098 3191 S}
2169 3127 2259 3192 Ex
2292 3129 2559 3192 canonis
2593 3127 2802 3193 forma
2832 3127 3040 3209 liquet

416 3233 648 3297 thesim
678 3251 812 3297 non
843 3252 985 3298 esse
1032 3234 1112 3299 de
1145 3232 1171 3296 f
1180 3233 1339 3310 ide,
1387 3253 1535 3298 cum
1567 3234 1830 3299 definita
1863 3234 1946 3299 sit
1977 3241 2230 3300 tantum
2263 3234 2586 3300 Ecclesiae
2618 3233 3036 3298 infallibilitas

415 3340 481 3403 in
524 3358 604 3405 ea
649 3340 971 3406 docenda:
1023 3341 1271 3405 censeri
1305 3348 1521 3406 tamen
1554 3342 1747 3408 debet
1777 3341 1923 3408 fidei
1955 3343 2268 3423 proxima.
2330 3341 2551 3406 Voluit
2583 3342 2840 3424 quidem
2872 3360 3032 3405 con-

414 3446 626 3510 cilium
669 3447 839 3511 hanc
881 3449 1217 3512 veritatem
1263 3448 1500 3513 directe
1545 3448 1825 3525 definire,
1870 3448 1985 3513 sed
2018 3454 2248 3529 agente
2281 3455 2540 3513 oratore
2573 3454 2825 3523 venet0,
2863 3455 3028 3512 teste

416 3552 939 3618 Pallavicino
983 3555 1138 3619 Hist.
1172 3573 1350 3619 conc.
1386 3555 1526 3620 trid.
1559 3555 1745 3631 XXII,
1789 3560 1831 3622 4
1864 3575 1922 3619 n.
1959 3561 2041 3624 27
2078 3575 2178 3631 ss,
2226 3556 2519 3637 praelata
2549 3552 2664 3619 fuit
2695 3553 2900 3617 forma
2931 3554 3029 3616 in-

414 3660 676 3737 directa,
709 3680 792 3726 ne
822 3661 1284 3727 damnarentur
1318 3664 1548 3742 graeci,
1581 3663 1689 3745 qui
1719 3664 1787 3727 in
1817 3665 2056 3746 praxi
2086 3669 2347 3728 tuentur
2380 3663 2767 3727 matrimonii
2787 3662 3028 3726 solubi-

413 3767 660 3832 litatem
690 3768 756 3831 in
789 3786 944 3832 casu
977 3769 1286 3835 adulterii.
1333 3770 1611 3834 Dicimus
1643 3770 1707 3833 in
1739 3771 1939 3851 praxi,
1972 3788 2126 3833 nam
2158 3769 2223 3833 in
2255 3769 2507 3834 theoria
2540 3787 2686 3834 eam
2717 3787 2849 3832 non
2880 3776 3037 3832 sunt

416 3875 554 3939 ausi
586 3893 1020 3957 propugnare:
1054 3878 1352 3959 quocirca
1383 3894 1713 3959 nunquam
1742 3875 1956 3940 latinis
1990 3877 2355 3959 oppositam
2388 3875 2860 3957 exprobrarunt
2879 3893 3029 3938 sen-

418 3982 703 4059 tentiam,
754 3990 821 4047 et
868 3984 935 4048 in
983 4001 1160 4048 conc.
1206 3983 1664 4049 florentino
1711 4001 1752 4047 a
1813 3982 2113 4064 pontifice
2161 3983 2535 4064 interrogati
2566 3983 2647 4047 de
2679 3999 2798 4045 sua
2829 3982 3030 4063 praxi,

418 4089 647 4171 effugia
689 4091 1103 4172 quaesierunt
1146 4110 1654 4173 responsumque
1699 4090 2118 4155 declinarunt.
2183 4089 2327 4154 Non
2378 4096 2597 4155 tamen
2646 4088 3034 4153 destiterunt

416 4196 669 4260 romani
712 4197 1044 4278 pontifices
1087 4216 1307 4262 veram
1351 4198 1672 4262 inculcare
1706 4197 2068 4261 doctrinam
2101 4197 2365 4279 ejusque
2397 4198 2592 4262 etiam
2624 4197 2877 4278 exigere
2910 4197 3028 4261 ob-

417 4304 821 4368 servantiam.
854 4304 949 4369 Ita
981 4322 1282 4385 expresse
1315 4303 1470 4368 Urb
1489 4323 1692 4368 anus
1726 4304 1880 4368 VIII.
1915 4312 1980 4370 et
1999 4303 2383 4370 Benedictus
2413 4304 2573 4368 XIV.
2594 4305 2657 4366 in
2691 4302 2850 4385 prof.
2883 4302 3030 4369 fidei

418 4409 836 4476 orientalibus
866 4412 1278 4493 praescripta.
1312 4410 1525 4491 Quare
1556 4428 1706 4474 curn
1738 4412 1951 4492 graeci
1985 4412 2108 4474 hac
2139 4411 2205 4474 in
2236 4428 2307 4475 re
2338 4429 2469 4475 non
2501 4416 2637 4474 tam
2655 4411 2887 4474 mentis
2909 4410 3030 4473 ob-

417 4519 762 4583 stinatione
794 4526 1005 4583 errent
1038 4537 1234 4600 quam
1265 4518 1480 4599 potius
1513 4518 1708 4580 nimia
1740 4517 2044 4582 facilitate
2079 4524 2143 4581 et
2171 4523 2466 4600 respectu
2501 4535 2655 4598 erga
2678 4517 3027 4598 imperato-

416 4645 559 4689 rum
589 4626 779 4706 legeS,
825 4625 996 4690 unde
1027 4643 1211 4689 suam
1244 4625 1598 4689 hauserunt
1627 4625 1895 4705 praxim,
1944 4642 2218 4707 cumque
2251 4624 2590 4688 concilium
2624 4623 2765 4687 trid.
2799 4630 3032 4687 contra

415 4732 908 4813 protestantium
940 4732 1259 4797 novitates
1291 4738 1746 4813 congregatum
1766 4729 1979 4795 fuerit:
2013 4731 2457 4796 moderatione
2490 4730 2770 4815 quadarn
2793 4747 2909 4794 usa
2930 4738 3028 4794 est
