3538 5364
1029 310 1184 376 Quae
1209 310 1577 380 requirantur
1602 311 1674 364 ad
1702 310 1984 366 rationem
2012 312 2369 366 sacramenti.
2869 322 2995 386 211

361 500 516 575 qnid
566 519 639 558 ex
693 499 1113 559 catholicorum
1166 497 1465 557 sententia
1513 517 1730 557 sacra
1753 499 1992 558 menti
2054 498 2427 576 significetur
2473 498 2738 569 nomine,
2806 502 3000 560 notari

355 590 565 657 debet,
616 607 742 647 non
787 608 969 648 unam
1015 607 1143 648 esse
1182 588 1363 663 hujus
1396 588 1556 646 vocis
1587 588 1744 663 apud
1778 592 2049 648 auctores
2082 592 2211 646 tum
2243 588 2538 663 profanos,
2584 592 2715 647 tum
2762 590 2998 649 ecclesi-

361 679 610 746 asticos,
644 680 780 737 tum
812 696 1007 737 sacros
1039 677 1549 755 significationem.
1599 677 1904 754 Significat
1933 678 2093 736 enim
2128 673 2189 739 l.
2223 677 2317 736 vel
2348 677 2754 752 pecuniam
2786 699 2820 736 a
2852 678 3000 737 duo-

359 768 486 827 bus
517 767 911 844 litigantibus
943 767 1007 825 in
1038 767 1166 825 loco
1197 784 1360 826 sacro
1393 786 1461 825 ea
1492 766 1820 843 depositam
1844 766 2198 838 conditione,
2231 770 2302 824 ut
2333 767 2440 842 qni
2471 766 2715 826 vicisset
2745 786 2997 838 causam,

358 875 537 916 suam
571 858 883 932 reciperet,
919 856 1221 915 amitteret
1239 874 1378 914 vero
1400 855 1622 926 victus;
1659 857 1751 915 vel
1784 851 1847 921 2.
1872 857 1897 931 j
1919 856 2037 933 usj
2057 875 2244 915 uran
2263 855 2463 923 dum;
2497 857 2592 915 vel
2624 857 2782 932 apud
2814 856 2997 932 scrip·

356 950 532 1005 tores
565 945 988 1005 ecclesiasticos
1020 945 1373 1021 plerumque
1416 943 1571 1003 idem
1622 940 1688 1007 3.
1740 964 1808 1005 ac
1855 963 1967 1004 vox
2017 964 2225 1022 graeca
2276 949 2617 1030 μυστήριον,
2669 965 2819 1022 quae
2866 964 2998 1005 cum

362 1036 733 1111 multiplicis
784 1035 866 1093 sit
913 1033 1381 1112 significationis,
1434 1033 1565 1093 ideo
1616 1034 1796 1093 etiam
1843 1035 2192 1093 sacramenti
2238 1052 2455 1093 nomen
2498 1035 2616 1095 alio
2661 1038 2841 1111 atque
2881 1036 2997 1094 alio

357 1126 593 1183 iterum
628 1125 923 1199 accipitur
941 1142 1136 1184 sensu.
1185 1123 1540 1199 Mysterium
1561 1124 1719 1182 enim
1741 1124 2046 1183 derivatur
2075 1145 2109 1182 a
2140 1142 2283 1183 voce
2317 1126 2481 1207 μύειν
2513 1124 2788 1183 claudere
2819 1128 2998 1199 atque

359 1214 675 1291 significat
694 1214 852 1272 idem
870 1232 937 1271 ac
954 1231 1214 1283 causum,
1248 1212 1385 1271 hinc
1415 1212 1844 1285 absconditum,
1879 1216 2186 1284 secretum,
2218 1230 2517 1276 arcanum.
2565 1215 2768 1272 Potest
2797 1217 2999 1272 autem

361 1322 503 1362 esse
537 1320 605 1366 a.
642 1302 871 1379 aliquid
906 1301 1320 1361 absconditum
1350 1321 1456 1378 per
1489 1321 1552 1360 se
1584 1306 1655 1361 ut
1685 1303 1970 1361 veritates
2002 1302 2519 1379 superrationales,
2566 1304 2662 1361 vel
2695 1306 2867 1378 quasi
2900 1322 2999 1361 ex-

363 1394 678 1451 trinsecus
711 1395 1006 1468 quatenns
1024 1392 1276 1450 aliorum
1297 1391 1547 1449 notitiae
1570 1391 1965 1463 subtrahitur,
2000 1395 2070 1450 ut
2102 1394 2326 1450 secreta
2358 1392 2551 1450 cordis
2583 1392 2679 1450 vel
2711 1392 3001 1467 quaedam

364 1486 611 1541 statuta
643 1485 706 1540 et
735 1481 984 1550 decreta,
1017 1480 1193 1539 etiam
1226 1499 1493 1539 errorum
1525 1485 1796 1540 monstra
1825 1485 1951 1551 etc,
1995 1500 2149 1557 quae
2182 1481 2554 1541 occultantur
2583 1480 2848 1539 nondum
2882 1481 2996 1540 ini-

361 1571 558 1631 tiatis,
609 1571 917 1629 Translate
949 1588 1086 1630 vero
1118 1566 1190 1632 b.
1224 1569 1491 1646 symbola
1521 1588 1630 1628 seu
1661 1571 1848 1646 signa,
1882 1589 2035 1646 quae
2067 1570 2298 1647 aliquid
2332 1589 2607 1630 arcanum
2643 1570 2999 1647 significant,

361 1661 664 1737 mysteria
697 1660 1011 1719 dicuntur:
1061 1678 1179 1736 quo
1224 1677 1407 1718 sensu
1451 1659 1603 1717 dixit
1648 1678 1691 1724 s,
1738 1660 2242 1736 Augustinus
2276 1679 2364 1735 ep.
2406 1669 2559 1723 138:
2610 1660 2835 1737 ,Signa
2866 1678 2999 1718 cum

362 1750 449 1809 ad
479 1768 578 1809 res
612 1749 845 1808 divinas
875 1748 1196 1825 pertinent,
1232 1752 1598 1807 sacramenta
1628 1749 2091 1818 nominantur3‘
2134 1752 2194 1808 et
2224 1768 2267 1807 s.
2299 1750 2522 1807 Paulus
2557 1748 3000 1807 matrimonium

371 1842 553 1898 vocat
583 1857 873 1915 magnum
906 1837 1276 1915 mysterium,
1312 1840 1745 1897 sacramentum
1780 1838 1926 1914 Eph.
1965 1848 2019 1909 5,
2060 1847 2161 1908 32,
2210 1842 2506 1915 quatenus
2538 1841 2630 1897 est
2661 1837 2997 1915 symbolum

369 1929 564 1987 mirae
594 1928 764 1987 illius
799 1927 1252 2003 conjunctionis
1301 1946 1452 2002 quae
1495 1927 1659 2004 viget
1692 1927 1987 1986 Christum
2020 1928 2180 1986 inter
2223 1932 2285 1987 et
2315 1927 2665 1996 Ecclesiam;
2713 1926 2799 1985 ita
2842 1927 2997 1986 ritus

369 2017 622 2093 quidam
658 2017 818 2093 apud
850 2017 1125 2093 gentiles,
1171 2015 1392 2092 quibus
1434 2016 1614 2075 rudes
1648 2017 1831 2075 sacris
1865 2016 2279 2085 initiabantur,
2327 2017 2468 2093 quia
2509 2015 3001 2094 significationem

369 2126 603 2165 sacram
651 2110 713 2165 et
759 2106 1051 2165 occultam
1097 2106 1308 2164 habere
1332 2105 1731 2181 jactabantur,
1769 2105 2120 2165 dicebantur
2150 2106 2449 2184 mysteria.
2516 2106 2621 2164 Est
2663 2101 2732 2169 ⁴1».
2780 2108 2841 2163 et
2884 2105 3002 2163 alia

371 2196 732 2255 sacramenti
764 2195 1120 2273 significatio
1151 2194 1225 2253 ab
1257 2194 1471 2253 effectu
1504 2194 1769 2253 derivata
1802 2195 1927 2259 scil.
1960 2215 1995 2253 a
2037 2194 2412 2254 sacrando
2447 2194 2602 2253 sicut
2632 2195 2875 2252 nomina
2906 2214 3001 2253 or-

369 2289 747 2354 namentum,
783 2284 1215 2353 fulcimentum,
1251 2284 1688 2342 nutrimentum
1720 2286 1831 2344 etc.
1864 2284 1937 2343 ab
1958 2284 2169 2342 effectu
2190 2284 2552 2342 derivantur.
2591 2284 2739 2341 Hinc
2759 2302 2802 2342 s,
2823 2283 3001 2342 Tho-

371 2393 535 2433 mas
577 2386 634 2438 1.
669 2383 704 2436 2
741 2393 797 2449 q.
846 2382 961 2436 102
997 2392 1047 2430 a.
1083 2383 1150 2435 5:
1200 2375 1617 2441 ,Sacramenta
1647 2373 1882 2449 proprie
1914 2373 2200 2432 dicuntur
2230 2373 2349 2443 illa,
2384 2391 2534 2447 quae
2566 2371 3003 2431 adhibebantur

373 2464 485 2523 Dei
516 2463 853 2522 cultoribus
883 2462 955 2520 ad
992 2462 1289 2536 quandam
1321 2463 1841 2533 consecrationem,
1875 2481 1982 2538 per
2014 2481 2192 2539 quam
2223 2463 2344 2524 scil.
2381 2461 2822 2536 deputabantur
2853 2480 2999 2535 quo-

369 2552 693 2612 dammodo
738 2552 814 2610 ad
857 2552 1086 2610 cultum
1121 2551 1285 2614 Dei.‘
1354 2552 1478 2609 Hac
1520 2554 1580 2609 et
1629 2552 2001 2627 praecedenti
2049 2550 2478 2628 significatione
2511 2544 2637 2632 (3¹³)
2683 2550 2746 2607 in
2792 2550 3001 2625 primis

369 2641 628 2718 quidam
659 2641 816 2701 ritus
863 2640 1015 2700 sacri
1060 2640 1367 2718 religionis
1398 2640 1775 2712 christianae,
1821 2640 2043 2717 quibus
2090 2640 2357 2700 homines
2402 2640 2593 2699 cultui
2638 2638 2839 2698 divino
2884 2638 3000 2698 ini·

366 2733 631 2804 tiantnr,
667 2736 1036 2790 sacramenta
1066 2730 1350 2806 temporis
1383 2730 1556 2806 lapsu
1588 2731 1759 2806 quasi
1791 2731 2029 2789 nomine
2062 2731 2299 2807 proprio
2331 2729 2805 2806 appellabantur,
2838 2732 3000 2805 post·

367 2840 560 2895 quam
595 2820 757 2896 apud
791 2826 990 2895 patres
1024 2824 1116 2878 sat
1146 2820 1314 2878 laxus
1359 2823 1420 2878 et
1466 2838 1679 2894 anceps
1710 2819 1894 2878 fuerit
1926 2821 2107 2895 hujus
2142 2820 2295 2878 vocis
2328 2837 2493 2878 usus.
2560 2818 2673 2876 Illa
2703 2817 2999 2894 significa-

365 2910 539 2969 tione
571 2911 639 2968 in
670 2910 780 2968 hoc
810 2911 1074 2968 tractatu
1106 2914 1361 2980 utemur,
1407 2908 1508 2967 sed
1537 2928 1606 2967 ea
1636 2910 1729 2967 est
1768 2910 2101 2968 accuratius
2133 2908 2496 2984 explicanda.
2562 2905 2643 2965 Cf.
2677 2907 2861 2965 Gihr
2907 2906 2999 2965 die

369 3000 516 3057 heil.
550 2999 926 3057 Sacramenta
957 2999 1002 3069 1,
1045 3009 1069 3060 1
1111 3016 1184 3061 ss·

558 3122 707 3186 249.
739 3114 1105 3181 Secundum
1137 3117 1473 3197 theologos
1495 3117 1849 3181 catholicos
1884 3117 1966 3181 ad
1997 3117 2338 3197 genuinam
2372 3117 2760 3180 sacramenti
2788 3115 3000 3178 notio-

371 3244 532 3289 nem
562 3230 955 3290 concurrunt
985 3225 1148 3289 haec
1180 3224 1529 3289 elementa:

560 3333 625 3400 1.
659 3333 785 3414 sig
803 3351 844 3395 n
860 3351 903 3394 u
922 3351 987 3394 m
1020 3332 1209 3414 idque
1241 3351 1271 3394 s
1289 3349 1323 3395 e
1340 3352 1384 3395 n
1399 3331 1647 3397 sibile
1678 3349 1797 3396 seu
1815 3333 1973 3396 ritus
1995 3331 2221 3413 aliquis
2244 3337 2563 3408 externuS,
2598 3331 2746 3413 quia
2778 3346 2999 3393 sacra-

367 3445 602 3504 menta
632 3457 749 3520 pro
787 3437 1155 3502 hominibus
1187 3444 1336 3502 sunt
1367 3439 1690 3502 instituta:
1737 3438 1911 3520 quod
1941 3438 2109 3502 ultra
2139 3443 2574 3520 protestantes
2605 3436 2998 3507 concedunt3

560 3549 627 3613 2.
663 3546 912 3627 signum
945 3564 1269 3610 sacrum
1303 3552 1439 3610 tam
1461 3564 1537 3610 ex
1558 3552 1743 3627 parte
1775 3546 1865 3611 rei
1898 3544 2326 3626 significantis,
2359 3564 2554 3627 quam
2587 3563 2666 3609 ex
2698 3550 2878 3625 parte
2908 3543 3001 3606 rei

387 3652 817 3733 significatae:
851 3653 1042 3718 debet
1073 3653 1202 3717 scil.
1235 3653 1395 3717 ritus
1429 3671 1571 3718 esse
1591 3671 1724 3716 non
1742 3651 2065 3734 profanuS,
2098 3652 2213 3717 sed
2231 3669 2432 3727 sacer,
2465 3650 2830 3731 significans
2861 3667 2999 3713 rem

373 3777 515 3823 non
545 3758 901 3840 profanam,
948 3759 1061 3825 sed
1093 3777 1381 3835 sacram;
1428 3778 1628 3842 quare
1660 3760 1821 3823 ritus
1852 3759 2119 3841 profani,
2166 3759 2316 3822 licet
2345 3756 2695 3842 symbolici,
2728 3775 2857 3820 non
2891 3774 2998 3819 so-

362 3866 516 3930 lent
546 3866 820 3947 amplius
852 3866 976 3930 dici
1006 3871 1431 3930 sacramenta.

557 3978 717 4036 Bene
749 3996 795 4037 8.
827 3978 1378 4038 Bonaventura
1409 3978 1626 4036 Brevil.
1648 3977 1743 4048 VI,
1786 3989 1810 4039 1
1838 3997 1851 4035 ε
1890 3976 2095 4045 ,Licet
2125 3981 2489 4036 sacramenta
2519 3976 2641 4034 sint
2671 3974 3000 4050 corporalia

367 4069 438 4124 et
489 4066 812 4139 sensibilia,
863 4070 1008 4125 sunt
1050 4069 1250 4125 tamen
1295 4067 1630 4126 veneranda
1660 4071 1964 4142 tamquam
1997 4069 2218 4135 sancta,
2266 4065 2408 4142 quia
2453 4083 2615 4122 sacra
2660 4063 2999 4140 significant

369 4155 684 4231 mysteria,
716 4155 788 4213 ad
824 4174 987 4214 sacra
1017 4160 1370 4232 praeparant
1401 4156 1773 4226 charismata,
1808 4176 1842 4214 a
1874 4156 2266 4214 sacratissimo
2290 4155 2407 4212 Deo
2440 4153 2593 4222 data,
2629 4171 2790 4211 sacra
2821 4152 2996 4211 insti-

372 4243 616 4302 tutione
649 4248 710 4303 et
739 4244 1154 4304 benedictione
1185 4248 1538 4314 consecrata,
1586 4245 1658 4303 ad
1691 4246 1922 4303 cultum
1955 4244 2421 4302 sacratissimum
2456 4243 2563 4301 Dei
2597 4242 2658 4299 in
2693 4260 2859 4300 sacra
2890 4243 2996 4300 Ec-

374 4333 560 4391 clesia
591 4333 889 4404 instituta,
920 4333 1007 4393 ita
1036 4337 1107 4392 nt
1137 4334 1347 4392 merito
1379 4334 1494 4392 dici
1528 4333 1786 4392 debeant
1816 4337 2237 4392 sacramenta.‘

558 4453 621 4522 3.
655 4451 921 4532 Signum
943 4472 1023 4518 ex
1053 4454 1449 4518 institutione
1481 4474 1512 4517 s
1529 4474 1569 4537 y
1589 4473 1652 4516 m
1667 4453 1708 4516 b
1728 4472 1766 4517 o
1784 4454 1805 4516 l
1821 4453 1842 4516 i
1857 4469 1892 4514 c
1907 4472 1949 4515 u
1965 4471 2061 4514 m:
2094 4450 2448 4530 significare
2469 4451 2639 4514 enim
2660 4451 2851 4516 debet
2881 4451 2997 4513 ali-

363 4579 505 4641 quo
551 4559 748 4623 modo
798 4562 1053 4625 animae
1100 4561 1672 4626 sanctificationem
1705 4580 1821 4625 seu
1866 4579 1903 4639 g
1920 4579 1951 4621 r
1967 4576 2006 4621 a
2022 4558 2082 4622 ti
2099 4575 2138 4621 a
2154 4577 2237 4633 m,
2282 4576 2411 4640 qua
2455 4558 2671 4621 anima
2714 4557 2995 4620 sanctiti-

370 4672 574 4730 eatur.
609 4666 796 4746 Quod
828 4667 1141 4748 colligitur
1171 4688 1234 4736 a.
1267 4687 1348 4733 ex
1381 4667 1679 4731 omnibus
1712 4666 1842 4730 fere
1872 4665 2260 4728 sacramenti
2293 4663 2783 4740 definitionibus
2831 4681 2996 4744 quae

364 4792 414 4837 a
445 4774 767 4853 theologis
799 4774 1129 4838 catholicis
1163 4774 1245 4839 ab
1278 4774 1636 4856 Augustino
1670 4773 1751 4837 ad
1785 4779 2079 4836 nostram
2097 4790 2299 4853 usque
2318 4778 2601 4836 aetatem
2620 4788 2992 4851 proponun-

2606 4877 2693 4928 14·
