3538 5364
558 336 691 399 366
1169 325 1354 378 Tract.
1387 325 1475 377 [X.
1504 324 1572 377 de
1601 322 1965 376 eucharistia..
1991 322 2241 392 Regulae
2268 321 2557 389 loquendi.

561 531 769 572 verum
816 531 1025 589 corpus
1072 514 1134 571 et
1177 530 1383 570 verum
1431 510 1784 587 sanguinem
1819 510 1885 568 D.
1917 509 1990 568 N.
2022 508 2079 566 J.
2112 507 2328 566 Christi
2360 526 2504 580 esse,
2552 510 2613 566 et
2657 509 3014 568 sensualiter
3056 527 3178 567 non

560 601 755 661 solum
787 603 851 661 in
883 604 1247 661 sacramento
1280 597 1432 681 (scil.
1462 602 1534 658 ut
1562 600 1626 657 in
1656 599 1858 674 aliquo
1890 596 2161 675 symbolo
2193 615 2299 655 seu
2329 597 2519 675 figura
2549 615 2791 674 corpore
2823 598 3043 657 Christi
3072 617 3176 656 va·

560 689 715 771 cua),
750 692 851 750 sed
884 695 944 749 et
974 692 1039 748 in
1069 690 1320 749 veritate
1352 689 1628 747 manibus
1662 688 2037 747 sacerdotum
2067 686 2327 757 tractari,
2361 687 2557 763 frangi
2588 690 2651 745 et
2678 687 2946 746 fidelium
2977 686 3173 749 denti·

560 780 675 839 bus
707 782 941 839 atteri«
1012 780 1179 849 ,Hoc
1225 778 1414 848 modo,
1463 777 1664 853 inquit
1707 779 1779 835 ad
1826 795 1951 835 rem
1997 795 2044 835 s.
2075 775 2395 834 Thomas
2431 784 2467 838 3
2501 796 2558 852 q.
2594 786 2672 839 77
2709 796 2760 835 a.
2798 788 2830 840 7
2865 777 2939 835 ad
2975 785 3031 846 3,
3079 776 3172 834 in·

561 869 889 945 telligenda
919 873 1011 927 est
1042 867 1330 927 confessio
1363 864 1727 943 Berengarii,
1776 872 1848 924 ut
1878 865 2087 924 fractio
2118 870 2181 924 et
2212 865 2443 924 attritio
2475 864 2749 924 dentium
2777 865 3073 924 referatur
3101 864 3176 922 ad

563 958 820 1034 speciem
867 957 1369 1031 sacramentalem,
1425 956 1537 1015 sub
1587 975 1705 1031 qua
1753 974 1890 1014 vere
1939 957 2032 1013 est
2077 973 2289 1030 corpus
2333 954 2613 1012 Christi.‹
2677 954 2949 1014 Ceterum
2995 955 3175 1028 hujus

558 1047 948 1123 professionis
999 1046 1324 1122 apologiam
1375 1045 1447 1106 cf.
1500 1043 1656 1121 apud
1705 1044 2264 1104 Bellarminum
2310 1043 2415 1114 111,
2472 1053 2551 1105 24
2602 1045 2664 1101 et
2712 1061 2913 1118 opusc.
2963 1034 3175 1111 XXIII,

566 1145 690 1199 219
728 1155 771 1199 s.
836 1138 994 1195 Bene
1028 1136 1347 1194 Thomas
1382 1134 1716 1193 Waldensis
1751 1138 1956 1193 contra
1984 1132 2428 1192 Wicleffum
2460 1135 2505 1192 t.
2541 1131 2651 1195 21.
2684 1142 2723 1195 4
2756 1152 2803 1193 c.
2841 1141 2956 1194 42:
2992 1132 3180 1200 ,Ecce

561 1226 678 1284 iste
708 1244 960 1302 magnus
1005 1224 1393 1300 philosophus
1440 1225 1503 1281 et
1545 1222 1881 1299 profundus
1926 1223 2244 1298 theologus
2276 1215 2946 1304 (Chrysostomus),
3001 1221 3176 1279 etiam

562 1315 889 1373 secundum
922 1313 1394 1381 Wicleffum,
1448 1312 1576 1387 ipse
1627 1311 1913 1382 concedit,
1964 1311 2129 1380 illud,
2179 1310 2339 1386 quod
2382 1310 2469 1368 ibi
2500 1309 2740 1369 videtur
2783 1313 2845 1369 et
2888 1309 3177 1387 tangitur,

560 1422 686 1462 esse
718 1404 1047 1474 Christum;
1097 1421 1204 1461 cur
1248 1402 1356 1461 hoc
1399 1400 1643 1477 negabit
1685 1400 1894 1474 fidelis,
1941 1400 2084 1476 quia
2126 1418 2249 1458 non
2279 1398 2519 1458 videtur
2547 1417 2653 1475 per
2683 1417 2854 1458 suam
2884 1403 3177 1468 naturam,

565 1492 669 1551 sed
700 1495 1080 1552 extraneam?
1146 1491 1242 1550 Sic
1273 1491 1431 1549 enim
1469 1490 1599 1570 (per
1632 1508 1803 1548 suam
1833 1484 2135 1572 naturam)
2168 1491 2260 1547 est
2291 1488 2375 1546 ibi
2407 1488 2748 1559 invisibilis,
2781 1488 3177 1565 intangibilis,

565 1580 1033 1653 incomestibiliS,
1066 1580 1465 1650 indivisibilis,
1500 1578 1917 1649 irrevelabilis3
1966 1579 2263 1637 revelatus
2308 1581 2524 1648 tamen,
2574 1577 2820 1650 divisus,
2866 1579 3178 1646 comestus,

560 1673 778 1741 tactae,
811 1674 1086 1746 aspectus
1121 1668 1487 1728 sensibiliter
1517 1687 1624 1743 per
1655 1667 1879 1744 species
1912 1667 2195 1731 alienas‚‘
2233 1666 2313 1725 Cf.
2346 1666 2870 1726 Guitmundus
2903 1667 2951 1736 I,
2997 1677 3067 1729 10
3103 1683 3180 1724 ss.

741 1791 805 1860 4.
853 1795 1086 1870 Species
1131 1812 1387 1870 parsque
1430 1793 1688 1853 visibilis
1732 1792 2086 1852 sacramenti
2129 1792 2453 1869 improprie
2497 1795 2735 1851 tantum
2778 1810 2885 1867 per
2926 1790 3178 1868 figuram

564 1884 959 1961 metonymiae
993 1885 1277 1944 dicuntur
1301 1901 1516 1960 corpus
1537 1882 1775 1946 Christi.
1820 1883 1904 1941 De
1935 1882 2042 1941 hac
2072 1881 2353 1957 loquendi
2383 1882 2615 1940 ratione
2646 1880 2839 1940 fusius
2870 1881 3181 1956 disputant

562 1974 883 2049 scriptores
916 1973 1095 2032 medii
1127 1974 1274 2044 aevi,
1308 1976 1378 2031 ut
1407 1973 1583 2047 plura
1613 1972 1788 2030 effata
1817 1970 2251 2048 Augustini
2283 1970 2553 2046 alioquin
2585 1970 2835 2029 obscura
2865 1970 3180 2046 explicent.

567 2064 690 2122 Hoc
723 2081 907 2121 sensu
935 2063 1173 2120 videtur
1203 2061 1419 2120 dixisse
1449 2061 1947 2137 Augustinus
1978 2060 2043 2118 in
2072 2079 2163 2135 ep.
2199 2069 2276 2122 97
2313 2079 2372 2120 n.
2409 2070 2476 2122 9:
2531 2063 3020 2129 ‚Sacramentum
3050 2076 3179 2118 cor-

566 2152 727 2227 poris
759 2151 976 2211 Christi
1006 2169 1132 2210 esse
1162 2168 1374 2226 corpus
1395 2149 1611 2209 Christi
1644 2149 1973 2209 secundum
2004 2150 2298 2225 quendam
2332 2149 2645 2219 modum3‘
2678 2152 2741 2206 et
2770 2147 3179 2207 Facundus

567 2240 994 2299 hermianensis
1039 2240 1103 2299 in
1146 2239 1273 2298 loco
1319 2239 1587 2315 alioquin
1631 2241 1724 2297 sat
1768 2239 2019 2297 obscuro
2067 2256 2172 2314 pro
2206 2237 2429 2302 defens.
2458 2238 2646 2297 trium
2678 2237 2851 2312 capit.
2883 2237 2921 2296 I.
2956 2247 2990 2299 9
3027 2255 3075 2295 c.
3112 2247 3179 2296 5:

567 2370 594 2399 ‚
610 2330 817 2388 Potest
851 2331 1281 2388 sacramentum
1326 2327 1664 2403 adoptionis
1697 2323 2079 2409 (baptismus)
2124 2327 2366 2402 adoptio
2410 2327 2742 2402 nuncupari
2788 2326 2944 2384 sicut
2987 2343 3180 2385 sacra·

567 2423 832 2477 mentum
864 2418 1122 2494 corporis
1155 2421 1218 2476 et
1248 2416 1560 2493 sanguinis
1593 2418 1740 2493 ejus,
1789 2416 1948 2492 quod
1989 2419 2083 2474 est
2113 2416 2177 2474 in
2207 2434 2359 2492 pane
2391 2418 2453 2474 et
2483 2416 2545 2474 in
2577 2416 2789 2491 poculo
2821 2417 3179 2482 consecrato,

564 2526 780 2584 eorpus
814 2508 943 2582 ejus
977 2510 1037 2565 et
1068 2506 1419 2583 sanguinem
1452 2505 1734 2563 dicimus:
1782 2523 1903 2563 non
1935 2505 2095 2578 quod
2125 2505 2365 2580 proprie
2395 2522 2610 2580 corpus
2644 2505 2772 2579 ejus
2807 2504 2890 2563 sit
2920 2504 3090 2580 panis
3121 2507 3184 2561 et

564 2597 838 2673 poculum
874 2597 1129 2672 sanguia,
1176 2596 1275 2653 sed
1311 2594 1469 2667 quod
1513 2594 1576 2651 in
1620 2613 1680 2652 se
1725 2594 2074 2669 mysterium
2105 2593 2367 2669 corporis
2401 2593 2832 2669 sanguinisque
2863 2593 3181 2652 contineat.

564 2686 719 2744 Hinc
749 2688 811 2744 et
838 2686 967 2761 ipse
999 2686 1286 2744 Dominus
1317 2684 1696 2743 benedictum
1726 2702 1940 2759 panem
1972 2687 2033 2742 et
2064 2682 2323 2754 calicem,
2357 2703 2533 2759 quem
2565 2682 2876 2758 discipulis
2908 2681 3178 2752 tradidit,

564 2793 778 2852 corpus
823 2781 885 2833 et
929 2774 1278 2851 sanguinem
1328 2792 1506 2831 suum
1550 2773 1799 2831 vocavit.
1863 2773 1944 2831 Cf.
1994 2791 2176 2848 supra
2217 2792 2273 2831 n.
2311 2781 2433 2836 357
2449 2775 2504 2843 43
2552 2773 2889 2849 Algerus
2921 2771 2966 2842 Ι,
3005 2781 3059 2834 5.
3100 2782 3173 2833 17

566 2883 763 2940 opusc.
794 2863 1003 2933 XXIII,
1045 2872 1164 2925 202
1201 2881 1333 2920 cum
1367 2864 1568 2923 annot.

745 2985 810 3051 5.
848 2988 1113 3061 Denique
1146 3005 1281 3045 cnm
1313 3004 1526 3062 corpus
1559 2986 1777 3045 Christi
1808 2987 2085 3063 pluribus
2131 2987 2194 3045 in
2240 2987 2383 3046 locis
2428 3005 2704 3062 praesens
2748 2987 2962 3045 habeat
2990 3005 3178 3045 unum

563 3097 690 3136 esse
721 3076 1292 3146 substantiale,
1326 3075 1642 3152 multiplex
1675 3094 1814 3135 vero
1845 3093 1974 3134 esse
2008 3075 2575 3151 praesentiale:
2627 3076 2760 3135 ideo
2791 3094 2943 3152 quae
2975 3094 3175 3135 conse-

567 3170 839 3240 quuntur
872 3169 937 3228 τὸ
969 3183 1093 3223 esse
1124 3165 1533 3241 praesentiale,
1567 3164 1975 3239 multiplicari,
2008 3165 2126 3223 imo
2159 3167 2219 3224 et
2250 3165 2544 3223 contraria
2574 3183 2701 3224 esse
2733 3166 3014 3241 possunt:
3061 3182 3178 3223 non

564 3273 702 3313 vero
744 3273 827 3326 ea,
876 3272 1026 3329 quae
1058 3257 1507 3329 consequuntur
1539 3258 1603 3317 τὸ
1637 3272 1766 3312 esse
1799 3254 2208 3317 substantiale.
2270 3252 2523 3322 ,Quocira
2566 3254 2638 3312 de
2683 3272 2922 3330 corpore
2968 3253 3178 3312 Christi

566 3344 760 3401 dicere
792 3361 1111 3418 possumus
1143 3343 1340 3413 simul,
1391 3343 1545 3401 illud
1576 3343 1779 3402 adesse
1812 3347 1873 3401 et
1912 3343 2131 3413 abesse,
2180 3343 2401 3402 moveri
2448 3348 2509 3401 et
2553 3343 2856 3418 quiescere
2901 3347 3031 3412 etc„
3076 3341 3179 3401 sed

566 3432 761 3490 dicere
791 3451 910 3491 non
943 3433 1083 3490 licet
1114 3432 1189 3491 ob
1220 3432 1562 3508 replicatam
1591 3431 1986 3508 praesentiam
2018 3433 2209 3491 multa
2238 3450 2363 3490 esse
2396 3432 2609 3490 Christi
2642 3451 2900 3507 corpora.

1552 3678 2071 3746 Articulus
2119 3678 2200 3748 V.

762 3802 866 3866 De
916 3803 1493 3866 eucharistiae
1543 3801 2010 3878 effectibus,
2059 3803 2572 3866 necessitate
2620 3808 2697 3865 et
2741 3801 2984 3866 cultu.

745 3949 892 4016 385·
970 3945 1223 4013 ThOSiS
1273 3944 1620 4013 CCXXX·
1688 3966 1991 4031 Effectus
2015 3969 2446 4021 sacramenti
2470 3967 2941 4021 eucharistiae
2960 3967 3020 4020 1.
3040 3980 3183 4020 non

567 4062 667 4112 est
704 4061 889 4112 vitae
927 4057 1338 4122 spiritualis
1376 4059 1753 4122 inchoatio,
1804 4059 1924 4112 sed
1961 4059 2026 4110 2.
2064 4057 2376 4123 ejusdem
2426 4058 2857 4110 conservatio
2907 4059 2972 4108 et
3016 4070 3184 4122 per·

562 4149 809 4212 sectio.-
860 4151 1361 4213 consequenter
1409 4146 1478 4198 3.
1509 4149 1977 4210 praeparatio
2026 4148 2122 4200 ad
2150 4148 2568 4211 fruitionem
2624 4151 3184 4201 consummatam

570 4237 1086 4304 gloriosamque
1124 4249 1502 4301 corporum
1541 4237 2145 4288 resurrectionem.

750 4358 1300 4425 Demonstratio
1334 4376 1404 4441 p.
1440 4357 1500 4425 I.
1540 4356 1638 4418 Ad
1673 4355 2065 4420 fructuosam
2096 4355 2283 4437 huius
2304 4356 2691 4420 sacramenti
2709 4356 3182 4437 susceptionem

575 4464 974 4545 praerequiri
1008 4470 1247 4526 statum
1279 4463 1541 4544 gratiae,
1587 4462 1860 4544 ideoque
1907 4462 2043 4542 ejus
2084 4461 2355 4525 fructum
2388 4462 2644 4525 unicum
2675 4462 2777 4526 vel
2806 4462 3184 4543 primarium

574 4588 703 4633 non
736 4588 877 4634 esse
910 4577 1325 4651 peccatorum
1356 4569 1647 4650 gravium
1680 4569 2143 4645 remissionem,
2191 4586 2385 4650 quam
2412 4569 2547 4648 jam
2578 4570 3053 4650 praesupponit,
3084 4577 3182 4632 te·

571 4676 855 4739 nendum
886 4684 985 4740 est
1015 4684 1243 4740 contra
1275 4676 1320 4738 L
1337 4696 1378 4740 u
1397 4676 1478 4738 th
1494 4695 1530 4741 e
1546 4694 1579 4738 r
1596 4696 1636 4739 u
1655 4696 1717 4737 m
1750 4682 1814 4739 et
1847 4675 1895 4738 C
1911 4694 1949 4739 a
1967 4676 1987 4739 l
2003 4695 2042 4738 v
2058 4675 2136 4738 in
2151 4695 2192 4738 u
2209 4694 2291 4751 m,
2325 4694 2599 4756 quorum
2618 4676 2978 4738 doctrinam
2998 4676 3182 4739 dam-

574 4782 751 4847 navit
782 4783 1119 4846 concilium
1153 4782 1366 4846 tride
1388 4782 1707 4845 ntinum
1738 4803 1893 4846 sess.
1933 4787 2013 4850 13
2046 4799 2182 4863 cap.
2219 4788 2253 4848 7
2291 4790 2355 4847 et
2374 4800 2513 4845 can.
2537 4785 2608 4850 5:
2650 4779 2754 4855 ,Si
2774 4783 2915 4864 quis
2936 4783 3184 4860 dixerit,
