3538 5364
1100 325 1168 378 de
1200 326 1480 395 potestate
1509 322 1731 394 ligandi
1758 325 1933 390 atque
1961 320 2234 375 solvendi.
2841 328 2972 394 423

349 515 550 574 verbis
582 513 1156 590 comprehendantur
1201 510 1399 571 omnia
1443 530 1528 583 ea,
1577 529 1728 585 quae
1776 511 1986 568 Petrus
2033 508 2360 584 apostolica
2398 507 2756 566 auctoritate
2788 508 2975 584 gessit

351 604 628 674 docendO,
682 602 1102 672 convincendO,
1155 600 1466 669 hortandO,
1519 599 1934 675 permittendo,
1988 597 2358 667 consolandO,
2421 596 2799 668 remittendo,
2862 615 2974 673 pu-

351 694 569 753 niendo
602 696 771 762 etc.,‘
811 691 1084 766 pluribus
1117 690 1422 766 probatur.
1483 689 1633 747 Nam

495 818 511 830 ⁶
535 813 597 879 l.
634 835 780 876 usus
812 816 913 874 ille
946 815 1247 890 loquendi,
1281 814 1352 872 ad
1387 833 1563 889 quem
1590 814 1918 888 provocant
1948 811 2291 879 adversarii,
2331 814 2458 869 erat
2489 810 2779 885 privatuS,
2814 810 2974 869 tech-

353 908 522 966 nicus
556 911 617 965 et
649 906 983 965 scholarum
1019 904 1496 963 schammaeanae
1529 905 1589 960 et
1619 901 1955 960 hillelianae
1976 900 2268 977 propriae.
2319 899 2430 958 Vix
2462 903 2662 958 autem
2697 898 2975 957 credibile

354 1000 462 1068 est,
499 995 800 1054 Christum
833 994 904 1052 ad
939 1013 1074 1052 eum
1106 1013 1213 1052 sua
1242 993 1508 1069 exegisse
1542 991 1747 1049 verba:
1797 1009 1990 1066 neque
2037 989 2180 1049 adeo
2230 1007 2455 1061 verum,
2508 988 2775 1047 rabbinis
2827 988 2975 1046 hanc

355 1085 667 1144 formulam
701 1083 1064 1160 significasse
1090 1084 1191 1159 jus
1223 1085 1458 1140 tantum
1493 1080 1827 1139 declarandi
1861 1082 1922 1137 et
1953 1078 2320 1154 prohibendi.

532 1206 599 1274 2.
633 1208 919 1267 Pluribus
953 1206 1251 1282 exemplis,
1299 1225 1450 1281 quae
1496 1205 1715 1263 eruditi
1749 1205 2134 1282 collegerunt,
2183 1206 2430 1272 constat,
2471 1204 2753 1279 jugatum
2799 1220 2974 1260 usum

355 1298 670 1357 verborum
706 1297 855 1360 δὲειν
901 1301 963 1356 et
1009 1291 1168 1359 λύειν
1201 1295 1428 1373 graecis
1462 1294 1618 1353 haud
1652 1312 1782 1352 esse
1816 1293 2157 1357 insolitum;
2206 1310 2390 1367 eoque
2435 1295 2633 1351 autem
2679 1291 2817 1349 illos
2865 1291 2974 1358 uti,

357 1389 427 1446 ut
459 1386 640 1463 priori
676 1386 1014 1463 significent
1043 1404 1164 1443 non
1199 1386 1391 1443 solum
1425 1383 1793 1450 interdicere,
1828 1402 2033 1441 verum
2068 1382 2245 1440 etiam
2271 1400 2438 1439 reum
2460 1380 2769 1452 declarare,
2804 1380 2978 1455 culpa

356 1476 699 1535 devinctum
725 1475 1008 1550 judicare,
1044 1492 1267 1550 poenae
1300 1473 1619 1532 obnoxium
1653 1472 2076 1548 pronunciare;
2122 1469 2439 1546 posteriori
2476 1489 2633 1540 vero,
2681 1488 2799 1528 non
2845 1472 2978 1526 tan-

355 1571 489 1623 tum
521 1565 881 1640 permittere,
934 1564 1035 1622 sed
1085 1563 1263 1622 etiam
1311 1562 1514 1621 delicti
1562 1562 1797 1620 veniam
1843 1560 2048 1630 facere,
2092 1578 2336 1634 poenam
2375 1559 2677 1618 remittere
2722 1561 2900 1633 atque
2946 1578 2981 1615 a

356 1656 600 1715 crimine
633 1653 882 1712 liberum
913 1651 1325 1729 pronunciare.

534 1778 753 1837 Verum
786 1776 847 1841 3.
881 1777 1117 1835 etiamsi
1137 1777 1305 1834 nullo
1325 1776 1593 1850 exemplo
1625 1794 1690 1833 ex
1724 1794 1842 1833 usu
1874 1774 2153 1848 loquendi
2185 1774 2309 1832 sive
2334 1772 2576 1848 judaico
2610 1771 2734 1830 sive
2767 1788 2976 1848 graeco

358 1868 725 1943 comprobari
758 1872 974 1942 posset,
1008 1866 1322 1923 formulam
1356 1865 1661 1923 solvere
1694 1863 2026 1940 significare
2060 1864 2239 1921 etiam
2272 1862 2676 1921 remissionem
2709 1864 2976 1935 peccato-

360 1977 513 2035 rum,
550 1958 768 2015 mirum
799 1955 856 2013 id
892 1975 1011 2013 non
1043 1958 1214 2022 esset,
1250 1972 1383 2012 cum
1416 1953 1555 2011 talis
1589 1956 1853 2029 potestas
1877 1955 2014 2010 ante
2038 1952 2337 2011 Christum
2370 1970 2493 2009 non
2525 1950 2793 2009 exstabat
2823 1949 2982 2007 inter

360 2047 658 2104 homines:
693 2046 828 2103 inde
865 2062 1000 2103 vero
1034 2043 1275 2101 minime
1310 2046 1677 2117 sequeretur,
1712 2042 2032 2112 Christum,
2068 2042 2162 2100 cui
2196 2041 2334 2099 data
2365 2044 2456 2098 est
2488 2040 2680 2097 omnis
2714 2041 2979 2113 potestas

359 2136 421 2193 in
455 2135 615 2194 coelo
647 2137 708 2192 et
740 2135 801 2191 in
835 2139 989 2191 terra
1023 2130 1255 2209 (Matth.
1293 2141 1393 2201 28,
1437 2128 1561 2212 18),
1610 2131 1775 2190 illam
1823 2131 1931 2189 hac
1978 2130 2233 2189 formula
2262 2148 2384 2188 non
2416 2129 2685 2204 potuisse
2719 2126 2980 2185 conferre

360 2228 422 2282 et
452 2243 655 2283 revera
686 2242 805 2282 non
827 2223 1169 2281 contulisse.
1221 2221 1374 2279 Hinc
1393 2220 1705 2297 explicatio
1740 2221 1846 2277 illa
1876 2221 2020 2278 adeo
2047 2221 2256 2295 jejuna
2285 2219 2461 2294 plane
2493 2217 2763 2276 inaudita
2794 2219 2888 2274 est
2918 2216 2981 2273 in

360 2314 720 2387 antiquitate
752 2311 1092 2381 christiana,
1141 2330 1292 2385 quae
1339 2311 1409 2368 de
1457 2311 1664 2368 horum
1710 2310 2025 2368 verborum
2057 2308 2317 2385 genuina
2349 2307 2843 2382 interpretatione
2877 2304 2980 2363 ad-

361 2403 601 2460 modum
637 2405 763 2460 erat
795 2401 1069 2462 sollicita.
1132 2400 1207 2457 Et
1240 2419 1380 2458 sane

539 2522 603 2591 4.
649 2546 717 2585 ea
761 2545 878 2584 non
912 2526 1056 2584 satis
1088 2525 1237 2584 bene
1270 2525 1541 2583 cohaeret
1573 2543 1706 2582 cum
1741 2524 2010 2599 subjecta
2041 2522 2314 2581 materia:
2363 2540 2502 2579 nam
2547 2520 2816 2579 Christus
2863 2537 2982 2576 non

362 2615 631 2674 instituit
671 2634 891 2673 meram
938 2615 1198 2673 scholam
1244 2616 1303 2672 et
1348 2613 1721 2681 academiam,
1779 2612 1879 2672 sed
1933 2616 2165 2670 coetum
2217 2612 2286 2669 ad
2338 2610 2628 2687 perfectae
2681 2608 2983 2668 societatis

362 2706 609 2765 sormam
655 2705 955 2763 redactum
1006 2701 1099 2784 (cf.
1146 2707 1190 2767 t.
1237 2704 1263 2760 I
1309 2703 1395 2765 th.
1442 2713 1542 2767 37.
1593 2699 1733 2784 41);
1785 2721 1979 2778 neque
2024 2702 2297 2761 cohaeret
2327 2719 2460 2758 cum
2497 2697 2985 2758 antecedentibus

363 2795 570 2853 Matth.
613 2806 707 2862 16,
754 2805 825 2857 18
862 2812 907 2856 s,
942 2790 1036 2874 (cs.
1070 2797 1111 2853 t.
1145 2794 1172 2850 I
1205 2812 1260 2851 n.
1297 2789 1469 2872 354),
1509 2811 1704 2866 neque
1737 2811 1870 2850 cum
1907 2792 2114 2852 Matth.
2156 2801 2249 2858 18,
2293 2799 2390 2860 18,
2423 2789 2529 2848 ubi
2563 2807 2754 2847 sermo
2786 2790 2880 2846 est
2911 2787 2982 2844 de

363 2883 633 2954 Ecclesia,
680 2884 752 2941 ad
797 2903 974 2959 quam
1021 2882 1369 2941 deferendae
1409 2881 1530 2940 sint
1562 2881 1826 2939 fidelium
1860 2899 2102 2951 causae3
2151 2898 2344 2954 neque
2377 2896 2508 2937 cum
2543 2879 2670 2937 loco
2700 2876 2985 2952 parallelo

363 2972 457 3032 Jo.
494 2983 593 3042 20,
632 2982 709 3034 22
748 2992 811 3042 3.,
846 2973 1018 3046 cujus
1049 2972 1275 3030 invicta
1305 2975 1399 3029 est
1429 2971 1520 3029 vis
1555 2967 1637 3051 (n.
1670 2968 1892 3049 4362);
1927 2988 2117 3045 neque
2151 2987 2282 3028 cum
2316 2968 2450 3026 aliis
2482 2968 2626 3026 locis
2661 2965 2977 3034 similibu8‚

365 3067 435 3120 ut
453 3063 530 3123 Is.
556 3070 656 3130 22,
696 3071 808 3131 22;
842 3063 1019 3136 Apoc.
1047 3072 1101 3128 3,
1141 3072 1209 3123 7:
1244 3060 1403 3118 Haec
1432 3061 1569 3118 dicit
1592 3060 1838 3117 Sanctus
1869 3067 1918 3116 et
1964 3059 2165 3132 Vera-3,
2203 3061 2303 3134 qui
2333 3058 2494 3115 habel
2526 3059 2735 3115 clavem
2755 3056 2986 3128 David;

364 3154 466 3228 qui
497 3153 683 3228 aperit
714 3159 763 3208 et
782 3169 946 3209 nemo
966 3152 1200 3225 claudit,
1237 3151 1453 3208 claudit
1474 3157 1524 3207 et
1545 3167 1704 3206 nemo
1727 3150 1957 3222 aperit;
1987 3148 2027 3205 J
2031 3147 2104 3206 ob
2129 3158 2158 3208 4
2174 3157 2230 3218 2,
2258 3158 2292 3209 9
2316 3165 2428 3205 sec.
2449 3147 2596 3205 LXX
2618 3149 2679 3205 et
2697 3145 2774 3209 Ie.
2799 3156 2827 3206 4
2843 3157 2898 3214 Ο,
2926 3154 2982 3212 2,

365 3240 470 3298 ubi
502 3240 755 3298 formula
788 3235 948 3302 λύειν
982 3235 1276 3322 ἁμαρτίαν
1313 3241 1469 3297 certe
1502 3237 1801 3314 significat
1833 3240 2072 3312 peccata
2103 3236 2421 3294 remittere.

543 3381 692 3444 440.
726 3374 1079 3446 Scholion
1104 3377 1201 3446 ΙΙ.
1268 3376 1363 3440 De
1387 3383 1693 3460 potestate
1725 3375 1989 3459 ligandi.
2023 3413 2107 3423 —-
2142 3373 2234 3436 Ex
2280 3373 2432 3455 ipsis
2481 3371 2709 3440 verbis,
2758 3371 2989 3453 quibus

366 3483 655 3546 Christus
686 3484 954 3548 contulit
975 3483 1293 3548 Ecclesiae
1313 3483 1482 3546 hanc
1502 3488 1911 3565 potestatem,
1949 3487 2129 3563 patet
2148 3499 2291 3546 eam
2326 3481 2366 3544 b
2383 3481 2402 3543 i
2419 3479 2446 3543 Γ
2456 3499 2542 3544 ar
2559 3479 2579 3542 i
2595 3498 2635 3542 a
2654 3499 2718 3542 m
2750 3487 2988 3560 patere,

366 3590 401 3653 i.
436 3608 488 3653 e.
521 3589 838 3670 duplicem
871 3590 1316 3670 diversamque
1350 3588 1687 3669 complecti
1740 3586 2154 3651 functionem.
2219 3586 2440 3669 Neque
2487 3586 2657 3651 enim
2690 3585 2857 3649 idem
2892 3592 2990 3648 est
3098 3631 3102 3635 »

365 3695 615 3760 solvere
666 3702 730 3760 et
773 3697 987 3777 ligare,
1038 3697 1365 3762 remittere
1417 3702 1482 3760 et
1530 3695 1825 3760 retinere.
1893 3692 2079 3773 Quod
2126 3694 2180 3756 si
2228 3711 2522 3775 quaeraS,
2576 3693 2726 3774 quid
2776 3693 2988 3756 verbis

367 3802 631 3884 ligare
664 3810 726 3868 et
757 3803 1129 3868 retinere
1161 3802 1565 3883 significetur,
1586 3801 2080 3882 respondemus
2116 3800 2385 3882 exprimi
2419 3818 2549 3862 non
2572 3805 2818 3862 tantum
2853 3817 2989 3863 me·

366 3927 507 3972 ram
541 3916 723 3973 actus
756 3909 1043 3974 solvendi
1076 3908 1510 3985 omissionem,
1544 3909 1658 3973 sed
1684 3908 1891 3971 etiam
1913 3914 2130 3971 actum
2152 3907 2496 3988 positivum
2511 3906 2990 3987 jurisdictionis

366 4034 500 4079 non
533 4034 660 4097 quo
693 4016 1022 4080 constituit
1054 4015 1379 4079 hominem
1412 4033 1611 4091 reum,
1646 4032 1799 4076 nam
1834 4012 2097 4096 quilibet
2122 4013 2335 4095 judeX,
2360 4032 2400 4075 a
2421 4012 2664 4077 fortiori
2699 4010 2988 4086 minister

368 4120 618 4199 Christi,
650 4141 782 4187 non
813 4123 981 4199 facit,
1017 4123 1129 4188 sed
1163 4122 1466 4204 supponit
1496 4141 1696 4196 reum,
1729 4121 1844 4186 sed
1879 4128 2112 4195 actum,
2147 4138 2274 4202 quo
2309 4118 2675 4183 authentice
2708 4118 2988 4199 denega-

368 4236 474 4293 tur
504 4236 917 4310 peccatorum
948 4229 1243 4295 remissio
1297 4236 1361 4294 et
1409 4228 1938 4310 praescribuntur
1987 4227 2406 4302 conditiones
2458 4225 2577 4288 sub
2625 4225 2855 4307 quibus
2888 4245 2989 4290 re-

370 4337 589 4400 missio
619 4343 1033 4417 peccatorum
1064 4336 1267 4418 possit
1300 4311 2407 4418 obtineri-Tqffio‘l'iffaffiu-rseu
2439 4333 2803 4412 obligantur
2836 4351 2988 4413 pec·

369 4450 627 4508 catores
660 4443 742 4506 ad
775 4443 1280 4508 satisfactionem
1325 4442 1781 4523 praestandam
1816 4450 1935 4506 etc,
1998 4439 2185 4520 Quod
2236 4438 2552 4520 colligitur
2608 4442 2666 4506 l.
2721 4460 2799 4503 ex
2850 4441 2990 4521 ipsa

368 4553 693 4632 potestate
725 4551 1097 4616 verborum:
1133 4569 1298 4632 quae
1332 4549 1915 4632 quomodocunque
1949 4548 2363 4629 explicentur,
2398 4555 2612 4610 actum
2646 4546 2988 4628 positivum

370 4657 759 4737 significant:
793 4676 1000 4739 neque
1034 4658 1203 4722 enim
1233 4658 1432 4738 ligare
1465 4663 1564 4720 est
1596 4662 1853 4720 tanturn
1884 4674 2017 4719 non
2040 4655 2321 4729 solvere3
2356 4658 2418 4722 2.
2452 4674 2530 4719 ex
2550 4674 2671 4717 usu
2691 4652 2991 4736 loquendi

370 4772 505 4827 tam
539 4781 726 4826 sacro
761 4782 953 4845 quam
986 4763 1254 4845 profano
1289 4784 1345 4826 n.
1379 4769 1543 4835 439;
1591 4765 1655 4830 3.
1693 4781 1772 4827 ex
1806 4763 2146 4826 collatione
2193 4779 2339 4826 cum
2374 4762 2512 4825 aliis
2544 4761 2720 4836 locis,
2753 4762 2817 4824 in
2850 4761 2989 4842 qui-
