<?xml version="1.0" encoding="UTF-8"?>
<!DOCTYPE html PUBLIC "-//W3C//DTD XHTML 1.0 Transitional//EN"
    "http://www.w3.org/TR/xhtml1/DTD/xhtml1-transitional.dtd">
<html xmlns="http://www.w3.org/1999/xhtml" xml:lang="en" lang="en">
 <head>
  <title>
</title>
<meta http-equiv="Content-Type" content="text/html;charset=utf-8" />
  <meta name='ocr-system' content='tesseract 3.04.00' />
  <meta name='ocr-capabilities' content='ocr_page ocr_carea ocr_par ocr_line ocrx_word'/>
</head>
<body>
  <div class='ocr_page' id='page_1' title='image "./theologiaedogma00hurtgoog_0346.png"; bbox 0 0 3538 5364; ppageno 0'>
   <div class='ocr_carea' id='block_1_1' title="bbox 459 289 2351 365">
    <p class='ocr_par' dir='ltr' id='par_1_1' title="bbox 459 289 2351 365">
     <span class='ocr_line' id='line_1_1' title="bbox 459 289 2351 365; baseline -0.005 -10"><span class='ocrx_word' id='word_1_1' title='bbox 459 301 593 365; x_wconf 83' lang='lat'>334</span> <span class='ocrx_word' id='word_1_2' title='bbox 1189 294 1374 347; x_wconf 89' lang='lat' dir='ltr'>Tract.</span> <span class='ocrx_word' id='word_1_3' title='bbox 1403 294 1497 349; x_wconf 82' lang='lat' dir='ltr'>IX.</span> <span class='ocrx_word' id='word_1_4' title='bbox 1524 294 1593 347; x_wconf 92' lang='lat' dir='ltr'>de</span> <span class='ocrx_word' id='word_1_5' title='bbox 1621 289 1985 347; x_wconf 79' lang='lat' dir='ltr'>eucharistia.</span> <span class='ocrx_word' id='word_1_6' title='bbox 2012 291 2351 347; x_wconf 85' lang='lat' dir='ltr'>Difficiliora</span> 
     </span>
    </p>
   </div>
   <div class='ocr_carea' id='block_1_2' title="bbox 458 478 3083 2600">
    <p class='ocr_par' dir='ltr' id='par_1_2' title="bbox 458 478 3083 2600">
     <span class='ocr_line' id='line_1_2' title="bbox 465 478 3078 556; baseline 0 -19"><span class='ocrx_word' id='word_1_7' title='bbox 465 479 587 537; x_wconf 88' lang='lat' dir='ltr'>bris</span> <span class='ocrx_word' id='word_1_8' title='bbox 622 479 684 537; x_wconf 91' lang='lat' dir='ltr'>in</span> <span class='ocrx_word' id='word_1_9' title='bbox 716 497 906 537; x_wconf 90' lang='lat' dir='ltr'>unum</span> <span class='ocrx_word' id='word_1_10' title='bbox 939 480 1393 556; x_wconf 89' lang='lat' dir='ltr'>compaginatur</span> <span class='ocrx_word' id='word_1_11' title='bbox 1411 525 1425 537; x_wconf 88' lang='lat'><strong>.</strong></span> <span class='ocrx_word' id='word_1_12' title='bbox 1444 524 1456 536; x_wconf 93' lang='lat'>.</span> <span class='ocrx_word' id='word_1_13' title='bbox 1479 526 1492 538; x_wconf 93' lang='lat'>.</span> <span class='ocrx_word' id='word_1_14' title='bbox 1526 480 1651 537; x_wconf 89' lang='lat' dir='ltr'>Hoc</span> <span class='ocrx_word' id='word_1_15' title='bbox 1682 478 1932 537; x_wconf 82' lang='lat' dir='ltr'>tertium</span> <span class='ocrx_word' id='word_1_16' title='bbox 1961 478 2154 554; x_wconf 88' lang='lat' dir='ltr'>primo</span> <span class='ocrx_word' id='word_1_17' title='bbox 2187 497 2295 554; x_wconf 90' lang='lat' dir='ltr'>per</span> <span class='ocrx_word' id='word_1_18' title='bbox 2312 478 2574 537; x_wconf 89' lang='lat' dir='ltr'>medium</span> <span class='ocrx_word' id='word_1_19' title='bbox 2595 478 3001 555; x_wconf 86' lang='lat' dir='ltr'>connectitur.</span> <span class='ocrx_word' id='word_1_20' title='bbox 3030 527 3042 540; x_wconf 90' lang='lat'><strong>.</strong></span> <span class='ocrx_word' id='word_1_21' title='bbox 3065 526 3078 538; x_wconf 93' lang='lat'>.</span> 
     </span>
     <span class='ocr_line' id='line_1_3' title="bbox 464 566 3076 644; baseline -0.001 -17"><span class='ocrx_word' id='word_1_22' title='bbox 464 568 624 627; x_wconf 89' lang='lat' dir='ltr'>unde</span> <span class='ocrx_word' id='word_1_23' title='bbox 655 586 776 627; x_wconf 89' lang='lat' dir='ltr'>non</span> <span class='ocrx_word' id='word_1_24' title='bbox 806 569 926 626; x_wconf 88' lang='lat' dir='ltr'>tria</span> <span class='ocrx_word' id='word_1_25' title='bbox 956 569 1058 627; x_wconf 89' lang='lat' dir='ltr'>sed</span> <span class='ocrx_word' id='word_1_26' title='bbox 1090 588 1279 627; x_wconf 90' lang='lat' dir='ltr'>unum</span> <span class='ocrx_word' id='word_1_27' title='bbox 1313 587 1526 644; x_wconf 85' lang='lat' dir='ltr'>corpus</span> <span class='ocrx_word' id='word_1_28' title='bbox 1562 568 1789 643; x_wconf 78' lang='lat' dir='ltr'>Spiritu</span> <span class='ocrx_word' id='word_1_29' title='bbox 1834 570 2037 625; x_wconf 88' lang='lat' dir='ltr'>sancto</span> <span class='ocrx_word' id='word_1_30' title='bbox 2083 568 2449 626; x_wconf 88' lang='lat' dir='ltr'>coadunante</span> <span class='ocrx_word' id='word_1_31' title='bbox 2494 572 2651 627; x_wconf 88' lang='lat' dir='ltr'>recte</span> <span class='ocrx_word' id='word_1_32' title='bbox 2684 566 3076 625; x_wconf 81' lang='lat' dir='ltr'>affirmatur.‘</span> 
     </span>
     <span class='ocr_line' id='line_1_4' title="bbox 468 656 3075 733; baseline -0.001 -17"><span class='ocrx_word' id='word_1_33' title='bbox 468 656 833 726; x_wconf 83' lang='lat' dir='ltr'>Quibuscum</span> <span class='ocrx_word' id='word_1_34' title='bbox 865 657 938 719; x_wconf 87' lang='lat' dir='ltr'>cf.</span> <span class='ocrx_word' id='word_1_35' title='bbox 968 676 1122 733; x_wconf 90' lang='lat' dir='ltr'>quae</span> <span class='ocrx_word' id='word_1_36' title='bbox 1154 658 1334 716; x_wconf 84' lang='lat' dir='ltr'>habet</span> <span class='ocrx_word' id='word_1_37' title='bbox 1365 677 1410 721; x_wconf 85' lang='lat' dir='ltr'>c.</span> <span class='ocrx_word' id='word_1_38' title='bbox 1445 667 1514 721; x_wconf 86' lang='lat'>5:</span> <span class='ocrx_word' id='word_1_39' title='bbox 1580 656 1887 725; x_wconf 81' lang='lat' dir='ltr'>,Verbum</span> <span class='ocrx_word' id='word_1_40' title='bbox 1931 658 2206 715; x_wconf 87' lang='lat' dir='ltr'>naturam</span> <span class='ocrx_word' id='word_1_41' title='bbox 2249 657 2423 732; x_wconf 86' lang='lat' dir='ltr'>panis</span> <span class='ocrx_word' id='word_1_42' title='bbox 2454 659 2515 714; x_wconf 89' lang='lat' dir='ltr'>et</span> <span class='ocrx_word' id='word_1_43' title='bbox 2545 656 2669 716; x_wconf 86' lang='lat' dir='ltr'>vini</span> <span class='ocrx_word' id='word_1_44' title='bbox 2701 657 2766 714; x_wconf 91' lang='lat' dir='ltr'>in</span> <span class='ocrx_word' id='word_1_45' title='bbox 2797 657 3075 715; x_wconf 87' lang='lat' dir='ltr'>substan-</span> 
     </span>
     <span class='ocr_line' id='line_1_5' title="bbox 460 745 3075 824; baseline -0 -20"><span class='ocrx_word' id='word_1_46' title='bbox 460 747 613 805; x_wconf 90' lang='lat' dir='ltr'>tiam</span> <span class='ocrx_word' id='word_1_47' title='bbox 646 765 788 805; x_wconf 91' lang='lat' dir='ltr'>suae</span> <span class='ocrx_word' id='word_1_48' title='bbox 821 747 1011 805; x_wconf 89' lang='lat' dir='ltr'>carnis</span> <span class='ocrx_word' id='word_1_49' title='bbox 1057 750 1118 805; x_wconf 88' lang='lat' dir='ltr'>et</span> <span class='ocrx_word' id='word_1_50' title='bbox 1165 746 1496 824; x_wconf 79' lang='lat' dir='ltr'>sanguinis,</span> <span class='ocrx_word' id='word_1_51' title='bbox 1544 746 1702 804; x_wconf 89' lang='lat' dir='ltr'>sicut</span> <span class='ocrx_word' id='word_1_52' title='bbox 1731 764 1940 821; x_wconf 87' lang='lat' dir='ltr'>aquam</span> <span class='ocrx_word' id='word_1_53' title='bbox 1971 745 2036 803; x_wconf 91' lang='lat' dir='ltr'>in</span> <span class='ocrx_word' id='word_1_54' title='bbox 2066 745 2292 815; x_wconf 85' lang='lat' dir='ltr'>vinum,</span> <span class='ocrx_word' id='word_1_55' title='bbox 2344 746 2636 804; x_wconf 85' lang='lat' dir='ltr'>convertit</span> <span class='ocrx_word' id='word_1_56' title='bbox 2666 749 2729 804; x_wconf 90' lang='lat' dir='ltr'>et</span> <span class='ocrx_word' id='word_1_57' title='bbox 2759 764 2879 804; x_wconf 92' lang='lat' dir='ltr'>non</span> <span class='ocrx_word' id='word_1_58' title='bbox 2909 745 3075 803; x_wconf 92' lang='lat' dir='ltr'>aliud</span> 
     </span>
     <span class='ocr_line' id='line_1_6' title="bbox 463 834 3078 912; baseline -0 -18"><span class='ocrx_word' id='word_1_59' title='bbox 463 855 640 909; x_wconf 90' lang='lat' dir='ltr'>quam</span> <span class='ocrx_word' id='word_1_60' title='bbox 674 854 847 895; x_wconf 89' lang='lat' dir='ltr'>suum</span> <span class='ocrx_word' id='word_1_61' title='bbox 880 837 1326 895; x_wconf 85' lang='lat' dir='ltr'>substantivum</span> <span class='ocrx_word' id='word_1_62' title='bbox 1360 836 1432 894; x_wconf 88' lang='lat' dir='ltr'>de</span> <span class='ocrx_word' id='word_1_63' title='bbox 1463 835 1694 912; x_wconf 85' lang='lat' dir='ltr'>virgine</span> <span class='ocrx_word' id='word_1_64' title='bbox 1724 834 1995 912; x_wconf 88' lang='lat' dir='ltr'>genitum</span> <span class='ocrx_word' id='word_1_65' title='bbox 2016 853 2234 910; x_wconf 89' lang='lat' dir='ltr'>corpus</span> <span class='ocrx_word' id='word_1_66' title='bbox 2267 835 2391 893; x_wconf 90' lang='lat' dir='ltr'>suis</span> <span class='ocrx_word' id='word_1_67' title='bbox 2422 835 2717 894; x_wconf 90' lang='lat' dir='ltr'>edendum</span> <span class='ocrx_word' id='word_1_68' title='bbox 2749 835 2982 902; x_wconf 78' lang='lat' dir='ltr'>tribuit,</span> <span class='ocrx_word' id='word_1_69' title='bbox 3016 839 3078 893; x_wconf 85' lang='lat' dir='ltr'>et</span> 
     </span>
     <span class='ocr_line' id='line_1_7' title="bbox 458 923 3076 1000; baseline 0 -18"><span class='ocrx_word' id='word_1_70' title='bbox 458 924 618 983; x_wconf 88' lang='lat' dir='ltr'>idem</span> <span class='ocrx_word' id='word_1_71' title='bbox 651 925 715 982; x_wconf 91' lang='lat' dir='ltr'>in</span> <span class='ocrx_word' id='word_1_72' title='bbox 745 925 1005 984; x_wconf 87' lang='lat' dir='ltr'>crastino</span> <span class='ocrx_word' id='word_1_73' title='bbox 1036 943 1144 1000; x_wconf 90' lang='lat' dir='ltr'>pro</span> <span class='ocrx_word' id='word_1_74' title='bbox 1177 926 1303 983; x_wconf 85' lang='lat' dir='ltr'>vita</span> <span class='ocrx_word' id='word_1_75' title='bbox 1331 925 1541 983; x_wconf 90' lang='lat' dir='ltr'>mundi</span> <span class='ocrx_word' id='word_1_76' title='bbox 1573 924 1636 983; x_wconf 90' lang='lat' dir='ltr'>in</span> <span class='ocrx_word' id='word_1_77' title='bbox 1681 943 1782 982; x_wconf 89' lang='lat' dir='ltr'>ara</span> <span class='ocrx_word' id='word_1_78' title='bbox 1825 924 2015 982; x_wconf 90' lang='lat' dir='ltr'>crucis</span> <span class='ocrx_word' id='word_1_79' title='bbox 2045 923 2164 982; x_wconf 89' lang='lat' dir='ltr'>Deo</span> <span class='ocrx_word' id='word_1_80' title='bbox 2196 924 2359 982; x_wconf 91' lang='lat' dir='ltr'>Patri</span> <span class='ocrx_word' id='word_1_81' title='bbox 2389 924 2629 986; x_wconf 85' lang='lat' dir='ltr'>obtulit.</span> <span class='ocrx_word' id='word_1_82' title='bbox 2689 924 2853 981; x_wconf 89' lang='lat' dir='ltr'>Idem</span> <span class='ocrx_word' id='word_1_83' title='bbox 2896 923 3076 982; x_wconf 89' lang='lat' dir='ltr'>etiam</span> 
     </span>
     <span class='ocr_line' id='line_1_8' title="bbox 461 1012 3077 1090; baseline 0 -19"><span class='ocrx_word' id='word_1_84' title='bbox 461 1020 525 1071; x_wconf 87' lang='lat' dir='ltr'>et</span> <span class='ocrx_word' id='word_1_85' title='bbox 556 1032 675 1072; x_wconf 91' lang='lat' dir='ltr'>non</span> <span class='ocrx_word' id='word_1_86' title='bbox 707 1013 871 1072; x_wconf 90' lang='lat' dir='ltr'>aliud</span> <span class='ocrx_word' id='word_1_87' title='bbox 903 1013 1164 1073; x_wconf 81' lang='lat' dir='ltr'>Ecclesia</span> <span class='ocrx_word' id='word_1_88' title='bbox 1195 1013 1369 1072; x_wconf 90' lang='lat' dir='ltr'>hodie</span> <span class='ocrx_word' id='word_1_89' title='bbox 1400 1033 1509 1090; x_wconf 87' lang='lat' dir='ltr'>per</span> <span class='ocrx_word' id='word_1_90' title='bbox 1538 1032 1749 1072; x_wconf 86' lang='lat' dir='ltr'>manus</span> <span class='ocrx_word' id='word_1_91' title='bbox 1782 1013 2151 1072; x_wconf 82' lang='lat' dir='ltr'>sacerdotum</span> <span class='ocrx_word' id='word_1_92' title='bbox 2184 1012 2437 1083; x_wconf 90' lang='lat' dir='ltr'>conficit,</span> <span class='ocrx_word' id='word_1_93' title='bbox 2460 1014 2620 1089; x_wconf 89' lang='lat' dir='ltr'>quod</span> <span class='ocrx_word' id='word_1_94' title='bbox 2638 1013 2824 1071; x_wconf 85' lang='lat' dir='ltr'>Maria</span> <span class='ocrx_word' id='word_1_95' title='bbox 2841 1013 3077 1089; x_wconf 88' lang='lat' dir='ltr'>genuit;</span> 
     </span>
     <span class='ocr_line' id='line_1_9' title="bbox 464 1102 3081 1178; baseline 0 -18"><span class='ocrx_word' id='word_1_96' title='bbox 464 1104 621 1161; x_wconf 89' lang='lat' dir='ltr'>idem</span> <span class='ocrx_word' id='word_1_97' title='bbox 670 1102 1062 1161; x_wconf 89' lang='lat' dir='ltr'>nihilominus</span> <span class='ocrx_word' id='word_1_98' title='bbox 1112 1106 1173 1161; x_wconf 90' lang='lat' dir='ltr'>et</span> <span class='ocrx_word' id='word_1_99' title='bbox 1219 1121 1339 1161; x_wconf 90' lang='lat' dir='ltr'>non</span> <span class='ocrx_word' id='word_1_100' title='bbox 1390 1103 1573 1172; x_wconf 89' lang='lat' dir='ltr'>aliud,</span> <span class='ocrx_word' id='word_1_101' title='bbox 1624 1102 1900 1178; x_wconf 85' lang='lat' dir='ltr'>quamvis</span> <span class='ocrx_word' id='word_1_102' title='bbox 1951 1120 2021 1160; x_wconf 87' lang='lat' dir='ltr'>ex</span> <span class='ocrx_word' id='word_1_103' title='bbox 2064 1102 2180 1160; x_wconf 87' lang='lat' dir='ltr'>alio</span> <span class='ocrx_word' id='word_1_104' title='bbox 2230 1121 2380 1177; x_wconf 82' lang='lat' dir='ltr'>pane</span> <span class='ocrx_word' id='word_1_105' title='bbox 2427 1103 2775 1171; x_wconf 84' lang='lat' dir='ltr'>confectum,</span> <span class='ocrx_word' id='word_1_106' title='bbox 2822 1102 3081 1177; x_wconf 85' lang='lat' dir='ltr'>populus</span> 
     </span>
     <span class='ocr_line' id='line_1_10' title="bbox 461 1190 3081 1267; baseline -0 -18"><span class='ocrx_word' id='word_1_107' title='bbox 461 1192 730 1250; x_wconf 86' lang='lat' dir='ltr'>fidelium</span> <span class='ocrx_word' id='word_1_108' title='bbox 761 1192 935 1249; x_wconf 89' lang='lat' dir='ltr'>hodie</span> <span class='ocrx_word' id='word_1_109' title='bbox 968 1192 1199 1267; x_wconf 84' lang='lat' dir='ltr'>accipit,</span> <span class='ocrx_word' id='word_1_110' title='bbox 1232 1191 1392 1267; x_wconf 91' lang='lat' dir='ltr'>quod</span> <span class='ocrx_word' id='word_1_111' title='bbox 1438 1194 1499 1250; x_wconf 90' lang='lat' dir='ltr'>et</span> <span class='ocrx_word' id='word_1_112' title='bbox 1530 1192 1798 1251; x_wconf 87' lang='lat' dir='ltr'>Christus</span> <span class='ocrx_word' id='word_1_113' title='bbox 1844 1192 2117 1250; x_wconf 87' lang='lat' dir='ltr'>manibus</span> <span class='ocrx_word' id='word_1_114' title='bbox 2162 1191 2289 1249; x_wconf 89' lang='lat' dir='ltr'>suis</span> <span class='ocrx_word' id='word_1_115' title='bbox 2333 1191 2627 1249; x_wconf 81' lang='lat' dir='ltr'>tradidit‘</span> <span class='ocrx_word' id='word_1_116' title='bbox 2661 1198 2771 1249; x_wconf 89' lang='lat' dir='ltr'>etc.</span> <span class='ocrx_word' id='word_1_117' title='bbox 2804 1226 2889 1235; x_wconf 86' lang='lat'>--</span> <span class='ocrx_word' id='word_1_118' title='bbox 2925 1190 3081 1260; x_wconf 86' lang='lat' dir='ltr'>Quo-</span> 
     </span>
     <span class='ocr_line' id='line_1_11' title="bbox 465 1279 3080 1357; baseline 0 -19"><span class='ocrx_word' id='word_1_119' title='bbox 465 1282 619 1339; x_wconf 86' lang='lat' dir='ltr'>circa</span> <span class='ocrx_word' id='word_1_120' title='bbox 667 1299 999 1357; x_wconf 81' lang='lat' dir='ltr'>anonymus</span> <span class='ocrx_word' id='word_1_121' title='bbox 1033 1281 1333 1339; x_wconf 89' lang='lat' dir='ltr'>Paschasii</span> <span class='ocrx_word' id='word_1_122' title='bbox 1381 1281 1755 1340; x_wconf 87' lang='lat' dir='ltr'>adversarius</span> <span class='ocrx_word' id='word_1_123' title='bbox 1769 1279 1816 1357; x_wconf 82' lang='grc'>1)</span> <span class='ocrx_word' id='word_1_124' title='bbox 1868 1281 2018 1338; x_wconf 88' lang='lat' dir='ltr'>bene</span> <span class='ocrx_word' id='word_1_125' title='bbox 2066 1280 2205 1339; x_wconf 89' lang='lat' dir='ltr'>illos</span> <span class='ocrx_word' id='word_1_126' title='bbox 2258 1280 2333 1339; x_wconf 91' lang='lat' dir='ltr'>ad</span> <span class='ocrx_word' id='word_1_127' title='bbox 2382 1280 2751 1339; x_wconf 84' lang='lat' dir='ltr'>harmoniam</span> <span class='ocrx_word' id='word_1_128' title='bbox 2799 1298 3080 1339; x_wconf 88' lang='lat' dir='ltr'>revocans</span> 
     </span>
     <span class='ocr_line' id='line_1_12' title="bbox 466 1364 3082 1452; baseline -0.001 -24"><span class='ocrx_word' id='word_1_129' title='bbox 466 1371 699 1441; x_wconf 81' lang='lat' dir='ltr'>statuit,</span> <span class='ocrx_word' id='word_1_130' title='bbox 735 1389 898 1439; x_wconf 86' lang='lat' dir='ltr'>,non</span> <span class='ocrx_word' id='word_1_131' title='bbox 930 1370 1191 1444; x_wconf 90' lang='lat' dir='ltr'>quidem,</span> <span class='ocrx_word' id='word_1_132' title='bbox 1225 1370 1387 1445; x_wconf 90' lang='lat' dir='ltr'>quod</span> <span class='ocrx_word' id='word_1_133' title='bbox 1420 1370 1594 1439; x_wconf 85' lang='lat' dir='ltr'>absit,</span> <span class='ocrx_word' id='word_1_134' title='bbox 1617 1369 1991 1438; x_wconf 85' lang='lat' dir='ltr'>naturaliter,</span> <span class='ocrx_word' id='word_1_135' title='bbox 2028 1369 2133 1427; x_wconf 90' lang='lat' dir='ltr'>sed</span> <span class='ocrx_word' id='word_1_136' title='bbox 2164 1388 2191 1428; x_wconf 90' lang='lat' dir='ltr'>s</span> <span class='ocrx_word' id='word_1_137' title='bbox 2211 1369 2637 1445; x_wconf 90' lang='lat' dir='ltr'>pecialiter</span> <span class='ocrx_word' id='word_1_138' title='bbox 2668 1364 2755 1452; x_wconf 94' lang='lat' dir='ltr'>(id</span> <span class='ocrx_word' id='word_1_139' title='bbox 2778 1371 2868 1427; x_wconf 88' lang='lat' dir='ltr'>est</span> <span class='ocrx_word' id='word_1_140' title='bbox 2885 1370 3082 1444; x_wconf 89' lang='lat' dir='ltr'>quoad</span> 
     </span>
     <span class='ocr_line' id='line_1_13' title="bbox 467 1457 3081 1535; baseline 0 -18"><span class='ocrx_word' id='word_1_141' title='bbox 467 1462 717 1535; x_wconf 82' lang='lat' dir='ltr'>speciem</span> <span class='ocrx_word' id='word_1_142' title='bbox 752 1464 1135 1535; x_wconf 87' lang='lat' dir='ltr'>apparentem</span> <span class='ocrx_word' id='word_1_143' title='bbox 1167 1462 1227 1517; x_wconf 88' lang='lat' dir='ltr'>et</span> <span class='ocrx_word' id='word_1_144' title='bbox 1258 1462 1481 1517; x_wconf 85' lang='lat' dir='ltr'>statum</span> <span class='ocrx_word' id='word_1_145' title='bbox 1527 1457 1874 1535; x_wconf 81' lang='lat' dir='ltr'>exsistendi)</span> <span class='ocrx_word' id='word_1_146' title='bbox 1921 1458 2085 1517; x_wconf 91' lang='lat' dir='ltr'>aliud</span> <span class='ocrx_word' id='word_1_147' title='bbox 2131 1477 2259 1517; x_wconf 88' lang='lat' dir='ltr'>esse</span> <span class='ocrx_word' id='word_1_148' title='bbox 2304 1477 2521 1533; x_wconf 89' lang='lat' dir='ltr'>corpus</span> <span class='ocrx_word' id='word_1_149' title='bbox 2554 1458 2791 1517; x_wconf 90' lang='lat' dir='ltr'>Domini</span> <span class='ocrx_word' id='word_1_150' title='bbox 2821 1459 2981 1534; x_wconf 89' lang='lat' dir='ltr'>quod</span> <span class='ocrx_word' id='word_1_151' title='bbox 3012 1478 3081 1517; x_wconf 85' lang='lat' dir='ltr'>ex</span> 
     </span>
     <span class='ocr_line' id='line_1_14' title="bbox 465 1547 3081 1623; baseline 0 -17"><span class='ocrx_word' id='word_1_152' title='bbox 465 1548 804 1607; x_wconf 86' lang='lat' dir='ltr'>substantia</span> <span class='ocrx_word' id='word_1_153' title='bbox 835 1549 1004 1622; x_wconf 84' lang='lat' dir='ltr'>panis</span> <span class='ocrx_word' id='word_1_154' title='bbox 1049 1552 1111 1607; x_wconf 90' lang='lat' dir='ltr'>et</span> <span class='ocrx_word' id='word_1_155' title='bbox 1141 1550 1265 1606; x_wconf 85' lang='lat' dir='ltr'>vini</span> <span class='ocrx_word' id='word_1_156' title='bbox 1296 1566 1406 1623; x_wconf 92' lang='lat' dir='ltr'>pro</span> <span class='ocrx_word' id='word_1_157' title='bbox 1441 1548 1648 1606; x_wconf 90' lang='lat' dir='ltr'>mundi</span> <span class='ocrx_word' id='word_1_158' title='bbox 1679 1548 1805 1606; x_wconf 83' lang='lat' dir='ltr'>vita</span> <span class='ocrx_word' id='word_1_159' title='bbox 1836 1547 2103 1623; x_wconf 85' lang='lat' dir='ltr'>quotidie</span> <span class='ocrx_word' id='word_1_160' title='bbox 2147 1566 2254 1623; x_wconf 90' lang='lat' dir='ltr'>per</span> <span class='ocrx_word' id='word_1_161' title='bbox 2285 1548 2574 1623; x_wconf 87' lang='lat' dir='ltr'>Spiritum</span> <span class='ocrx_word' id='word_1_162' title='bbox 2605 1567 2651 1608; x_wconf 80' lang='lat' dir='ltr'>s,</span> <span class='ocrx_word' id='word_1_163' title='bbox 2684 1551 3081 1618; x_wconf 88' lang='lat' dir='ltr'>consecratur,</span> 
     </span>
     <span class='ocr_line' id='line_1_15' title="bbox 465 1637 3080 1719; baseline -0.001 -23"><span class='ocrx_word' id='word_1_164' title='bbox 465 1638 628 1712; x_wconf 88' lang='lat' dir='ltr'>quod</span> <span class='ocrx_word' id='word_1_165' title='bbox 660 1658 694 1696; x_wconf 99' lang='lat' dir='ltr'>a</span> <span class='ocrx_word' id='word_1_166' title='bbox 725 1637 1024 1696; x_wconf 87' lang='lat' dir='ltr'>sacerdote</span> <span class='ocrx_word' id='word_1_167' title='bbox 1053 1637 1433 1713; x_wconf 89' lang='lat' dir='ltr'>postmodum</span> <span class='ocrx_word' id='word_1_168' title='bbox 1465 1638 1587 1695; x_wconf 90' lang='lat' dir='ltr'>Deo</span> <span class='ocrx_word' id='word_1_169' title='bbox 1619 1637 1783 1694; x_wconf 90' lang='lat' dir='ltr'>Patri</span> <span class='ocrx_word' id='word_1_170' title='bbox 1815 1637 2166 1719; x_wconf 79' lang='lat' dir='ltr'>suppliciter</span> <span class='ocrx_word' id='word_1_171' title='bbox 2196 1637 2472 1695; x_wconf 89' lang='lat' dir='ltr'>offertur:</span> <span class='ocrx_word' id='word_1_172' title='bbox 2520 1641 2581 1696; x_wconf 89' lang='lat' dir='ltr'>et</span> <span class='ocrx_word' id='word_1_173' title='bbox 2612 1637 2778 1696; x_wconf 89' lang='lat' dir='ltr'>aliud</span> <span class='ocrx_word' id='word_1_174' title='bbox 2812 1637 3080 1714; x_wconf 89' lang='lat' dir='ltr'>speciali-</span> 
     </span>
     <span class='ocr_line' id='line_1_16' title="bbox 465 1725 3083 1802; baseline -0.001 -17"><span class='ocrx_word' id='word_1_175' title='bbox 465 1730 561 1785; x_wconf 86' lang='lat' dir='ltr'>ter</span> <span class='ocrx_word' id='word_1_176' title='bbox 592 1744 805 1802; x_wconf 91' lang='lat' dir='ltr'>corpus</span> <span class='ocrx_word' id='word_1_177' title='bbox 837 1727 1077 1795; x_wconf 87' lang='lat' dir='ltr'>Christi,</span> <span class='ocrx_word' id='word_1_178' title='bbox 1112 1726 1273 1802; x_wconf 89' lang='lat' dir='ltr'>quod</span> <span class='ocrx_word' id='word_1_179' title='bbox 1305 1727 1515 1784; x_wconf 89' lang='lat' dir='ltr'>natum</span> <span class='ocrx_word' id='word_1_180' title='bbox 1547 1730 1640 1784; x_wconf 90' lang='lat' dir='ltr'>est</span> <span class='ocrx_word' id='word_1_181' title='bbox 1671 1726 1743 1784; x_wconf 88' lang='lat' dir='ltr'>de</span> <span class='ocrx_word' id='word_1_182' title='bbox 1776 1725 1960 1784; x_wconf 86' lang='lat' dir='ltr'>Maria</span> <span class='ocrx_word' id='word_1_183' title='bbox 1980 1726 2065 1792; x_wconf 70' lang='lat' dir='ltr'>V„</span> <span class='ocrx_word' id='word_1_184' title='bbox 2099 1725 2163 1784; x_wconf 89' lang='lat' dir='ltr'>in</span> <span class='ocrx_word' id='word_1_185' title='bbox 2194 1726 2353 1801; x_wconf 91' lang='lat' dir='ltr'>quod</span> <span class='ocrx_word' id='word_1_186' title='bbox 2384 1727 2537 1784; x_wconf 90' lang='lat' dir='ltr'>illud</span> <span class='ocrx_word' id='word_1_187' title='bbox 2557 1726 2992 1795; x_wconf 74' lang='lat' dir='ltr'>transfertur3‘</span> <span class='ocrx_word' id='word_1_188' title='bbox 3021 1727 3083 1784; x_wconf 88' lang='lat' dir='ltr'>et</span> 
     </span>
     <span class='ocr_line' id='line_1_17' title="bbox 465 1815 3078 1892; baseline 0 -19"><span class='ocrx_word' id='word_1_189' title='bbox 465 1817 509 1873; x_wconf 87' lang='lat' dir='ltr'>L</span> <span class='ocrx_word' id='word_1_190' title='bbox 528 1815 662 1874; x_wconf 85' lang='lat' dir='ltr'>anf</span> <span class='ocrx_word' id='word_1_191' title='bbox 669 1833 951 1874; x_wconf 90' lang='lat' dir='ltr'>rancus</span> <span class='ocrx_word' id='word_1_192' title='bbox 983 1816 1267 1874; x_wconf 85' lang='lat' dir='ltr'>adversus</span> <span class='ocrx_word' id='word_1_193' title='bbox 1299 1816 1723 1892; x_wconf 89' lang='lat' dir='ltr'>Berengarium</span> <span class='ocrx_word' id='word_1_194' title='bbox 1756 1833 1804 1873; x_wconf 90' lang='lat' dir='ltr'>c.</span> <span class='ocrx_word' id='word_1_195' title='bbox 1846 1823 1953 1878; x_wconf 86' lang='lat'>18:</span> <span class='ocrx_word' id='word_1_196' title='bbox 1988 1815 2180 1883; x_wconf 85' lang='lat' dir='ltr'>,Vere</span> <span class='ocrx_word' id='word_1_197' title='bbox 2210 1834 2382 1891; x_wconf 86' lang='lat' dir='ltr'>posse</span> <span class='ocrx_word' id='word_1_198' title='bbox 2414 1815 2529 1874; x_wconf 90' lang='lat' dir='ltr'>dici</span> <span class='ocrx_word' id='word_1_199' title='bbox 2551 1819 2612 1874; x_wconf 88' lang='lat' dir='ltr'>et</span> <span class='ocrx_word' id='word_1_200' title='bbox 2631 1816 2827 1892; x_wconf 90' lang='lat' dir='ltr'>ipsum</span> <span class='ocrx_word' id='word_1_201' title='bbox 2845 1832 3078 1890; x_wconf 89' lang='lat' dir='ltr'>corpus,</span> 
     </span>
     <span class='ocr_line' id='line_1_18' title="bbox 463 1904 3079 1980; baseline -0 -17"><span class='ocrx_word' id='word_1_202' title='bbox 463 1905 628 1980; x_wconf 88' lang='lat' dir='ltr'>quod</span> <span class='ocrx_word' id='word_1_203' title='bbox 661 1905 733 1963; x_wconf 89' lang='lat' dir='ltr'>de</span> <span class='ocrx_word' id='word_1_204' title='bbox 768 1904 1012 1980; x_wconf 82' lang='lat' dir='ltr'>Virgine</span> <span class='ocrx_word' id='word_1_205' title='bbox 1045 1909 1356 1980; x_wconf 85' lang='lat' dir='ltr'>sumptum</span> <span class='ocrx_word' id='word_1_206' title='bbox 1388 1908 1498 1973; x_wconf 89' lang='lat' dir='ltr'>est,</span> <span class='ocrx_word' id='word_1_207' title='bbox 1532 1907 1594 1963; x_wconf 90' lang='lat' dir='ltr'>et</span> <span class='ocrx_word' id='word_1_208' title='bbox 1624 1908 1825 1962; x_wconf 89' lang='lat' dir='ltr'>tamen</span> <span class='ocrx_word' id='word_1_209' title='bbox 1858 1922 1979 1962; x_wconf 89' lang='lat' dir='ltr'>non</span> <span class='ocrx_word' id='word_1_210' title='bbox 2010 1904 2224 1980; x_wconf 83' lang='lat' dir='ltr'>ipsum.</span> <span class='ocrx_word' id='word_1_211' title='bbox 2275 1906 2483 1979; x_wconf 90' lang='lat' dir='ltr'>Ipsum</span> <span class='ocrx_word' id='word_1_212' title='bbox 2515 1905 2755 1979; x_wconf 90' lang='lat' dir='ltr'>quidem</span> <span class='ocrx_word' id='word_1_213' title='bbox 2786 1908 3079 1980; x_wconf 91' lang='lat' dir='ltr'>quantum</span> 
     </span>
     <span class='ocr_line' id='line_1_19' title="bbox 467 1993 3081 2069; baseline -0 -18"><span class='ocrx_word' id='word_1_214' title='bbox 467 1994 537 2051; x_wconf 90' lang='lat' dir='ltr'>ad</span> <span class='ocrx_word' id='word_1_215' title='bbox 570 1995 1000 2052; x_wconf 88' lang='lat' dir='ltr'>essentiam</span> <span class='ocrx_word' id='word_1_216' title='bbox 1045 2012 1338 2068; x_wconf 84' lang='lat' dir='ltr'>veraeque</span> <span class='ocrx_word' id='word_1_217' title='bbox 1384 1995 1632 2051; x_wconf 86' lang='lat' dir='ltr'>naturae</span> <span class='ocrx_word' id='word_1_218' title='bbox 1679 1993 2108 2068; x_wconf 86' lang='lat' dir='ltr'>proprietatem</span> <span class='ocrx_word' id='word_1_219' title='bbox 2153 1998 2332 2069; x_wconf 89' lang='lat' dir='ltr'>atque</span> <span class='ocrx_word' id='word_1_220' title='bbox 2367 1994 2680 2052; x_wconf 82' lang='lat' dir='ltr'>virtutem:</span> <span class='ocrx_word' id='word_1_221' title='bbox 2731 2012 2851 2052; x_wconf 91' lang='lat' dir='ltr'>non</span> <span class='ocrx_word' id='word_1_222' title='bbox 2883 1994 3081 2069; x_wconf 89' lang='lat' dir='ltr'>ipsum</span> 
     </span>
     <span class='ocr_line' id='line_1_20' title="bbox 465 2079 3080 2163; baseline -0 -22"><span class='ocrx_word' id='word_1_223' title='bbox 465 2086 682 2151; x_wconf 88' lang='lat' dir='ltr'>autem,</span> <span class='ocrx_word' id='word_1_224' title='bbox 717 2084 768 2141; x_wconf 88' lang='lat' dir='ltr'>si</span> <span class='ocrx_word' id='word_1_225' title='bbox 801 2087 1031 2159; x_wconf 88' lang='lat' dir='ltr'>spectes</span> <span class='ocrx_word' id='word_1_226' title='bbox 1061 2082 1233 2159; x_wconf 90' lang='lat' dir='ltr'>panis</span> <span class='ocrx_word' id='word_1_227' title='bbox 1276 2083 1518 2157; x_wconf 85' lang='lat' dir='ltr'>vinique</span> <span class='ocrx_word' id='word_1_228' title='bbox 1564 2079 1946 2163; x_wconf 74' lang='lat' dir='ltr'>speciem2).‹</span> <span class='ocrx_word' id='word_1_229' title='bbox 2008 2083 2197 2151; x_wconf 84' lang='lat' dir='ltr'>Quare</span> <span class='ocrx_word' id='word_1_230' title='bbox 2242 2083 2663 2142; x_wconf 89' lang='lat' dir='ltr'>concludamus</span> <span class='ocrx_word' id='word_1_231' title='bbox 2710 2082 2907 2141; x_wconf 87' lang='lat' dir='ltr'>verbis</span> <span class='ocrx_word' id='word_1_232' title='bbox 2939 2101 2985 2141; x_wconf 91' lang='lat' dir='ltr'>s.</span> <span class='ocrx_word' id='word_1_233' title='bbox 3019 2083 3080 2140; x_wconf 91' lang='lat' dir='ltr'>P.</span> 
     </span>
     <span class='ocr_line' id='line_1_21' title="bbox 468 2171 3083 2250; baseline -0 -20"><span class='ocrx_word' id='word_1_234' title='bbox 468 2172 823 2231; x_wconf 89' lang='lat' dir='ltr'>Damiani</span> <span class='ocrx_word' id='word_1_235' title='bbox 855 2192 1025 2231; x_wconf 81' lang='lat' dir='ltr'>serm.</span> <span class='ocrx_word' id='word_1_236' title='bbox 1061 2183 1176 2236; x_wconf 83' lang='lat'>45:</span> <span class='ocrx_word' id='word_1_237' title='bbox 1242 2172 1445 2240; x_wconf 81' lang='lat' dir='ltr'>,Illud</span> <span class='ocrx_word' id='word_1_238' title='bbox 1477 2190 1691 2247; x_wconf 91' lang='lat' dir='ltr'>corpus</span> <span class='ocrx_word' id='word_1_239' title='bbox 1725 2171 1962 2241; x_wconf 88' lang='lat' dir='ltr'>Christi,</span> <span class='ocrx_word' id='word_1_240' title='bbox 2012 2173 2168 2247; x_wconf 90' lang='lat' dir='ltr'>quod</span> <span class='ocrx_word' id='word_1_241' title='bbox 2215 2172 2312 2232; x_wconf 93' lang='lat' dir='ltr'>bb.</span> <span class='ocrx_word' id='word_1_242' title='bbox 2348 2171 2527 2249; x_wconf 88' lang='lat' dir='ltr'>Virgo</span> <span class='ocrx_word' id='word_1_243' title='bbox 2558 2172 2791 2250; x_wconf 89' lang='lat' dir='ltr'>genuit,</span> <span class='ocrx_word' id='word_1_244' title='bbox 2826 2173 2984 2247; x_wconf 91' lang='lat' dir='ltr'>quod</span> <span class='ocrx_word' id='word_1_245' title='bbox 3016 2172 3083 2229; x_wconf 91' lang='lat' dir='ltr'>in</span> 
     </span>
     <span class='ocr_line' id='line_1_22' title="bbox 464 2260 3078 2338; baseline 0 -20"><span class='ocrx_word' id='word_1_246' title='bbox 464 2261 689 2338; x_wconf 89' lang='lat' dir='ltr'>gremio</span> <span class='ocrx_word' id='word_1_247' title='bbox 721 2260 889 2332; x_wconf 86' lang='lat' dir='ltr'>fovit,</span> <span class='ocrx_word' id='word_1_248' title='bbox 914 2262 1074 2337; x_wconf 90' lang='lat' dir='ltr'>quod</span> <span class='ocrx_word' id='word_1_249' title='bbox 1095 2261 1159 2320; x_wconf 90' lang='lat' dir='ltr'>in</span> <span class='ocrx_word' id='word_1_250' title='bbox 1179 2261 1376 2320; x_wconf 84' lang='lat' dir='ltr'>fasciis</span> <span class='ocrx_word' id='word_1_251' title='bbox 1397 2261 1599 2329; x_wconf 83' lang='lat' dir='ltr'>cinxit,</span> <span class='ocrx_word' id='word_1_252' title='bbox 1622 2261 1783 2335; x_wconf 91' lang='lat' dir='ltr'>quod</span> <span class='ocrx_word' id='word_1_253' title='bbox 1804 2266 2070 2319; x_wconf 87' lang='lat' dir='ltr'>materna</span> <span class='ocrx_word' id='word_1_254' title='bbox 2089 2280 2228 2320; x_wconf 85' lang='lat' dir='ltr'>cura</span> <span class='ocrx_word' id='word_1_255' title='bbox 2250 2261 2574 2330; x_wconf 87' lang='lat' dir='ltr'>enutrivit;</span> <span class='ocrx_word' id='word_1_256' title='bbox 2609 2261 2779 2331; x_wconf 90' lang='lat' dir='ltr'>illud,</span> <span class='ocrx_word' id='word_1_257' title='bbox 2813 2262 3078 2335; x_wconf 89' lang='lat' dir='ltr'>inquam,</span> 
     </span>
     <span class='ocr_line' id='line_1_23' title="bbox 466 2349 3081 2426; baseline 0 -18"><span class='ocrx_word' id='word_1_258' title='bbox 466 2351 690 2424; x_wconf 86' lang='lat' dir='ltr'>absque</span> <span class='ocrx_word' id='word_1_259' title='bbox 721 2351 849 2409; x_wconf 90' lang='lat' dir='ltr'>ulla</span> <span class='ocrx_word' id='word_1_260' title='bbox 880 2351 1202 2420; x_wconf 85' lang='lat' dir='ltr'>dubietate,</span> <span class='ocrx_word' id='word_1_261' title='bbox 1237 2369 1359 2408; x_wconf 92' lang='lat' dir='ltr'>non</span> <span class='ocrx_word' id='word_1_262' title='bbox 1390 2349 1572 2419; x_wconf 92' lang='lat' dir='ltr'>aliud,</span> <span class='ocrx_word' id='word_1_263' title='bbox 1607 2368 1764 2408; x_wconf 87' lang='lat' dir='ltr'>nunc</span> <span class='ocrx_word' id='word_1_264' title='bbox 1799 2350 1871 2408; x_wconf 88' lang='lat' dir='ltr'>de</span> <span class='ocrx_word' id='word_1_265' title='bbox 1904 2368 2067 2409; x_wconf 90' lang='lat' dir='ltr'>sacro</span> <span class='ocrx_word' id='word_1_266' title='bbox 2100 2351 2273 2408; x_wconf 84' lang='lat' dir='ltr'>altari</span> <span class='ocrx_word' id='word_1_267' title='bbox 2305 2351 2684 2426; x_wconf 76' lang='lat' dir='ltr'>percipimuS,</span> <span class='ocrx_word' id='word_1_268' title='bbox 2718 2354 2780 2409; x_wconf 88' lang='lat' dir='ltr'>et</span> <span class='ocrx_word' id='word_1_269' title='bbox 2798 2352 2927 2426; x_wconf 86' lang='lat' dir='ltr'>ejus</span> <span class='ocrx_word' id='word_1_270' title='bbox 2948 2368 3081 2408; x_wconf 90' lang='lat' dir='ltr'>san-</span> 
     </span>
     <span class='ocr_line' id='line_1_24' title="bbox 467 2438 3082 2516; baseline -0 -19"><span class='ocrx_word' id='word_1_271' title='bbox 467 2440 710 2516; x_wconf 90' lang='lat' dir='ltr'>guinem</span> <span class='ocrx_word' id='word_1_272' title='bbox 741 2440 805 2498; x_wconf 89' lang='lat' dir='ltr'>in</span> <span class='ocrx_word' id='word_1_273' title='bbox 840 2443 1274 2499; x_wconf 89' lang='lat' dir='ltr'>sacramentum</span> <span class='ocrx_word' id='word_1_274' title='bbox 1295 2444 1534 2498; x_wconf 87' lang='lat' dir='ltr'>nostrae</span> <span class='ocrx_word' id='word_1_275' title='bbox 1553 2438 1984 2513; x_wconf 87' lang='lat' dir='ltr'>redemptionis</span> <span class='ocrx_word' id='word_1_276' title='bbox 2004 2440 2328 2502; x_wconf 85' lang='lat' dir='ltr'>haurimus,</span> <span class='ocrx_word' id='word_1_277' title='bbox 2363 2440 2489 2499; x_wconf 89' lang='lat' dir='ltr'>Hoc</span> <span class='ocrx_word' id='word_1_278' title='bbox 2521 2458 2598 2498; x_wconf 91' lang='lat' dir='ltr'>ca</span> <span class='ocrx_word' id='word_1_279' title='bbox 2612 2444 2639 2498; x_wconf 90' lang='lat' dir='ltr'>t</span> <span class='ocrx_word' id='word_1_280' title='bbox 2654 2441 2691 2497; x_wconf 89' lang='lat' dir='ltr'>h</span> <span class='ocrx_word' id='word_1_281' title='bbox 2712 2459 2745 2497; x_wconf 93' lang='lat' dir='ltr'>o</span> <span class='ocrx_word' id='word_1_282' title='bbox 2761 2440 2783 2497; x_wconf 92' lang='lat' dir='ltr'>l</span> <span class='ocrx_word' id='word_1_283' title='bbox 2797 2439 2819 2496; x_wconf 92' lang='lat' dir='ltr'>i</span> <span class='ocrx_word' id='word_1_284' title='bbox 2835 2457 2866 2497; x_wconf 92' lang='lat' dir='ltr'>c</span> <span class='ocrx_word' id='word_1_285' title='bbox 2882 2459 2916 2497; x_wconf 91' lang='lat' dir='ltr'>a</span> <span class='ocrx_word' id='word_1_286' title='bbox 2934 2438 3082 2497; x_wconf 87' lang='lat' dir='ltr'>fides</span> 
     </span>
     <span class='ocr_line' id='line_1_25' title="bbox 466 2527 1873 2600; baseline -0.002 -13"><span class='ocrx_word' id='word_1_287' title='bbox 466 2528 660 2600; x_wconf 87' lang='lat' dir='ltr'>habet,</span> <span class='ocrx_word' id='word_1_288' title='bbox 694 2529 806 2588; x_wconf 90' lang='lat' dir='ltr'>hoc</span> <span class='ocrx_word' id='word_1_289' title='bbox 838 2533 1039 2589; x_wconf 89' lang='lat' dir='ltr'>sancta</span> <span class='ocrx_word' id='word_1_290' title='bbox 1068 2528 1329 2587; x_wconf 88' lang='lat' dir='ltr'>Ecclesia</span> <span class='ocrx_word' id='word_1_291' title='bbox 1359 2528 1617 2587; x_wconf 89' lang='lat' dir='ltr'>fideliter</span> <span class='ocrx_word' id='word_1_292' title='bbox 1647 2527 1873 2586; x_wconf 66' lang='lat' dir='ltr'>docet&lt;</span> 
     </span>
    </p>
   </div>
   <div class='ocr_carea' id='block_1_3' title="bbox 462 2652 3080 3532">
    <p class='ocr_par' dir='ltr' id='par_1_3' title="bbox 462 2652 3080 3532">
     <span class='ocr_line' id='line_1_26' title="bbox 648 2652 3079 2730; baseline 0 -17"><span class='ocrx_word' id='word_1_293' title='bbox 648 2664 793 2719; x_wconf 87' lang='lat'>358.</span> <span class='ocrx_word' id='word_1_294' title='bbox 827 2654 907 2713; x_wconf 91' lang='lat' dir='ltr'>Ut</span> <span class='ocrx_word' id='word_1_295' title='bbox 936 2653 1145 2713; x_wconf 89' lang='lat' dir='ltr'>saltem</span> <span class='ocrx_word' id='word_1_296' title='bbox 1179 2653 1379 2729; x_wconf 83' lang='lat' dir='ltr'>aliqua</span> <span class='ocrx_word' id='word_1_297' title='bbox 1424 2652 1765 2711; x_wconf 79' lang='lat' dir='ltr'>obscuriora</span> <span class='ocrx_word' id='word_1_298' title='bbox 1808 2652 2170 2722; x_wconf 85' lang='lat' dir='ltr'>testimonia,</span> <span class='ocrx_word' id='word_1_299' title='bbox 2225 2672 2374 2729; x_wconf 85' lang='lat' dir='ltr'>quae</span> <span class='ocrx_word' id='word_1_300' title='bbox 2406 2654 2585 2730; x_wconf 87' lang='lat' dir='ltr'>objici</span> <span class='ocrx_word' id='word_1_301' title='bbox 2618 2654 2831 2726; x_wconf 88' lang='lat' dir='ltr'>solent,</span> <span class='ocrx_word' id='word_1_302' title='bbox 2864 2673 3079 2730; x_wconf 87' lang='lat' dir='ltr'>expen-</span> 
     </span>
     <span class='ocr_line' id='line_1_27' title="bbox 465 2740 3078 2814; baseline 0 -13"><span class='ocrx_word' id='word_1_303' title='bbox 465 2742 696 2814; x_wconf 78' lang='lat' dir='ltr'>damuS‚</span> <span class='ocrx_word' id='word_1_304' title='bbox 718 2745 861 2804; x_wconf 87' lang='lat' dir='ltr'>haec</span> <span class='ocrx_word' id='word_1_305' title='bbox 879 2744 1092 2802; x_wconf 85' lang='lat' dir='ltr'>ceteris</span> <span class='ocrx_word' id='word_1_306' title='bbox 1113 2743 1445 2801; x_wconf 86' lang='lat' dir='ltr'>difficiliora</span> <span class='ocrx_word' id='word_1_307' title='bbox 1464 2742 1774 2801; x_wconf 85' lang='lat' dir='ltr'>videntur:</span> <span class='ocrx_word' id='word_1_308' title='bbox 1813 2740 1872 2806; x_wconf 86' lang='lat' dir='ltr'>l.</span> <span class='ocrx_word' id='word_1_309' title='bbox 1903 2743 1948 2801; x_wconf 86' lang='grc' dir='ltr'>Τ</span> <span class='ocrx_word' id='word_1_310' title='bbox 1963 2762 1994 2801; x_wconf 91' lang='lat' dir='ltr'>e</span> <span class='ocrx_word' id='word_1_311' title='bbox 2010 2762 2040 2800; x_wconf 91' lang='lat' dir='ltr'>r</span> <span class='ocrx_word' id='word_1_312' title='bbox 2054 2747 2082 2801; x_wconf 90' lang='lat' dir='ltr'>t</span> <span class='ocrx_word' id='word_1_313' title='bbox 2096 2743 2298 2801; x_wconf 79' lang='lat' dir='ltr'>ullis</span> <span class='ocrx_word' id='word_1_314' title='bbox 2314 2743 2391 2802; x_wconf 90' lang='lat' dir='ltr'>ni</span> <span class='ocrx_word' id='word_1_315' title='bbox 2425 2746 2628 2802; x_wconf 89' lang='lat' dir='ltr'>contra</span> <span class='ocrx_word' id='word_1_316' title='bbox 2646 2746 2821 2807; x_wconf 79' lang='lat' dir='ltr'>Marc.</span> <span class='ocrx_word' id='word_1_317' title='bbox 2842 2743 2938 2811; x_wconf 89' lang='lat' dir='ltr'>IV,</span> <span class='ocrx_word' id='word_1_318' title='bbox 2963 2756 3078 2808; x_wconf 88' lang='lat'>40:</span> 
     </span>
     <span class='ocr_line' id='line_1_28' title="bbox 469 2830 3080 2913; baseline 0 -23"><span class='ocrx_word' id='word_1_319' title='bbox 469 2833 823 2900; x_wconf 71' lang='lat' dir='ltr'>‚Professus</span> <span class='ocrx_word' id='word_1_320' title='bbox 857 2834 1060 2908; x_wconf 87' lang='lat' dir='ltr'>itaque</span> <span class='ocrx_word' id='word_1_321' title='bbox 1094 2850 1156 2890; x_wconf 90' lang='lat' dir='ltr'>se</span> <span class='ocrx_word' id='word_1_322' title='bbox 1188 2831 1666 2906; x_wconf 87' lang='lat' dir='ltr'>concupiscentia</span> <span class='ocrx_word' id='word_1_323' title='bbox 1710 2832 2061 2909; x_wconf 89' lang='lat' dir='ltr'>concupisse</span> <span class='ocrx_word' id='word_1_324' title='bbox 2094 2832 2264 2892; x_wconf 90' lang='lat' dir='ltr'>edere</span> <span class='ocrx_word' id='word_1_325' title='bbox 2295 2833 2513 2910; x_wconf 90' lang='lat' dir='ltr'>pascha</span> <span class='ocrx_word' id='word_1_326' title='bbox 2542 2835 2614 2891; x_wconf 88' lang='lat' dir='ltr'>ut</span> <span class='ocrx_word' id='word_1_327' title='bbox 2644 2851 2823 2892; x_wconf 88' lang='lat' dir='ltr'>suum</span> <span class='ocrx_word' id='word_1_328' title='bbox 2856 2830 3080 2913; x_wconf 90' lang='lat' dir='ltr'>(indig-</span> 
     </span>
     <span class='ocr_line' id='line_1_29' title="bbox 465 2918 3079 3003; baseline 0 -23"><span class='ocrx_word' id='word_1_329' title='bbox 465 2941 610 2980; x_wconf 89' lang='lat' dir='ltr'>num</span> <span class='ocrx_word' id='word_1_330' title='bbox 643 2924 800 2980; x_wconf 89' lang='lat' dir='ltr'>enim</span> <span class='ocrx_word' id='word_1_331' title='bbox 834 2924 905 2980; x_wconf 91' lang='lat' dir='ltr'>ut</span> <span class='ocrx_word' id='word_1_332' title='bbox 935 2921 1081 2996; x_wconf 90' lang='lat' dir='ltr'>quid</span> <span class='ocrx_word' id='word_1_333' title='bbox 1113 2921 1374 2980; x_wconf 90' lang='lat' dir='ltr'>alienum</span> <span class='ocrx_word' id='word_1_334' title='bbox 1407 2921 1846 2996; x_wconf 84' lang='lat' dir='ltr'>concupisceret</span> <span class='ocrx_word' id='word_1_335' title='bbox 1877 2918 2081 3003; x_wconf 90' lang='lat' dir='ltr'>Deus),</span> <span class='ocrx_word' id='word_1_336' title='bbox 2116 2927 2422 2999; x_wconf 86' lang='lat' dir='ltr'>acceptum</span> <span class='ocrx_word' id='word_1_337' title='bbox 2453 2941 2665 2999; x_wconf 89' lang='lat' dir='ltr'>panem</span> <span class='ocrx_word' id='word_1_338' title='bbox 2698 2926 2760 2981; x_wconf 93' lang='lat' dir='ltr'>et</span> <span class='ocrx_word' id='word_1_339' title='bbox 2790 2922 3079 2981; x_wconf 86' lang='lat' dir='ltr'>distribu-</span> 
     </span>
     <span class='ocr_line' id='line_1_30' title="bbox 465 3010 3074 3086; baseline 0 -18"><span class='ocrx_word' id='word_1_340' title='bbox 465 3014 593 3070; x_wconf 88' lang='lat' dir='ltr'>tum</span> <span class='ocrx_word' id='word_1_341' title='bbox 628 3011 956 3085; x_wconf 75' lang='lat' dir='ltr'>discipuli8‚</span> <span class='ocrx_word' id='word_1_342' title='bbox 991 3028 1206 3085; x_wconf 90' lang='lat' dir='ltr'>corpus</span> <span class='ocrx_word' id='word_1_343' title='bbox 1237 3010 1410 3067; x_wconf 90' lang='lat' dir='ltr'>illum</span> <span class='ocrx_word' id='word_1_344' title='bbox 1443 3028 1619 3068; x_wconf 87' lang='lat' dir='ltr'>suum</span> <span class='ocrx_word' id='word_1_345' title='bbox 1639 3010 1797 3080; x_wconf 90' lang='lat' dir='ltr'>fecit,</span> <span class='ocrx_word' id='word_1_346' title='bbox 1831 3010 1941 3069; x_wconf 90' lang='lat' dir='ltr'>hoc</span> <span class='ocrx_word' id='word_1_347' title='bbox 1970 3015 2065 3071; x_wconf 90' lang='lat' dir='ltr'>est</span> <span class='ocrx_word' id='word_1_348' title='bbox 2094 3029 2309 3086; x_wconf 88' lang='lat' dir='ltr'>corpus</span> <span class='ocrx_word' id='word_1_349' title='bbox 2342 3031 2539 3071; x_wconf 89' lang='lat' dir='ltr'>meum</span> <span class='ocrx_word' id='word_1_350' title='bbox 2573 3011 2841 3081; x_wconf 90' lang='lat' dir='ltr'>dicendo,</span> <span class='ocrx_word' id='word_1_351' title='bbox 2875 3011 2937 3069; x_wconf 91' lang='lat' dir='ltr'>id</span> <span class='ocrx_word' id='word_1_352' title='bbox 2967 3014 3074 3081; x_wconf 86' lang='lat' dir='ltr'>est,</span> 
     </span>
     <span class='ocr_line' id='line_1_31' title="bbox 462 3096 3075 3184; baseline 0.001 -28"><span class='ocrx_word' id='word_1_353' title='bbox 462 3100 730 3174; x_wconf 87' lang='lat' dir='ltr'>figura</span> <span class='ocrx_word' id='word_1_354' title='bbox 774 3099 1034 3174; x_wconf 87' lang='lat' dir='ltr'>corporis</span> <span class='ocrx_word' id='word_1_355' title='bbox 1079 3098 1258 3158; x_wconf 62' lang='lat' dir='ltr'>mei.⁴1</span> <span class='ocrx_word' id='word_1_356' title='bbox 1323 3099 1763 3157; x_wconf 86' lang='lat' dir='ltr'>Praetermissis</span> <span class='ocrx_word' id='word_1_357' title='bbox 1810 3100 2303 3174; x_wconf 87' lang='lat' dir='ltr'>explicationibus</span> <span class='ocrx_word' id='word_1_358' title='bbox 2350 3101 2484 3159; x_wconf 91' lang='lat' dir='ltr'>aliis</span> <span class='ocrx_word' id='word_1_359' title='bbox 2532 3096 2707 3184; x_wconf 84' lang='lat' dir='ltr'>(quas</span> <span class='ocrx_word' id='word_1_360' title='bbox 2740 3100 2811 3159; x_wconf 87' lang='lat' dir='ltr'>cf.</span> <span class='ocrx_word' id='word_1_361' title='bbox 2845 3101 2907 3159; x_wconf 89' lang='lat' dir='ltr'>in</span> <span class='ocrx_word' id='word_1_362' title='bbox 2938 3101 3075 3159; x_wconf 94' lang='lat' dir='ltr'>Per-</span> 
     </span>
     <span class='ocr_line' id='line_1_32' title="bbox 463 3183 3077 3270; baseline 0.001 -25"><span class='ocrx_word' id='word_1_363' title='bbox 463 3188 693 3262; x_wconf 72' lang='lat' dir='ltr'>petuite</span> <span class='ocrx_word' id='word_1_364' title='bbox 727 3188 830 3257; x_wconf 92' lang='lat' dir='ltr'>III,</span> <span class='ocrx_word' id='word_1_365' title='bbox 867 3197 900 3250; x_wconf 90' lang='lat'>2</span> <span class='ocrx_word' id='word_1_366' title='bbox 938 3206 984 3250; x_wconf 90' lang='lat' dir='ltr'>c.</span> <span class='ocrx_word' id='word_1_367' title='bbox 1021 3197 1092 3258; x_wconf 80' lang='lat'>23</span> <span class='ocrx_word' id='word_1_368' title='bbox 1127 3187 1420 3245; x_wconf 83' lang='lat' dir='ltr'>Marani</span> <span class='ocrx_word' id='word_1_369' title='bbox 1451 3190 1629 3263; x_wconf 82' lang='lat' dir='ltr'>praef.</span> <span class='ocrx_word' id='word_1_370' title='bbox 1663 3188 1735 3246; x_wconf 86' lang='lat' dir='ltr'>ad</span> <span class='ocrx_word' id='word_1_371' title='bbox 1756 3207 1849 3264; x_wconf 84' lang='lat' dir='ltr'>op.</span> <span class='ocrx_word' id='word_1_372' title='bbox 1871 3206 1915 3250; x_wconf 80' lang='lat' dir='ltr'>s,</span> <span class='ocrx_word' id='word_1_373' title='bbox 1937 3183 2194 3270; x_wconf 87' lang='lat' dir='ltr'>Justini)</span> <span class='ocrx_word' id='word_1_374' title='bbox 2217 3189 2539 3249; x_wconf 85' lang='lat' dir='ltr'>difficultas</span> <span class='ocrx_word' id='word_1_375' title='bbox 2559 3191 2710 3249; x_wconf 88' lang='lat' dir='ltr'>solvi</span> <span class='ocrx_word' id='word_1_376' title='bbox 2727 3192 3077 3266; x_wconf 89' lang='lat' dir='ltr'>potestcum</span> 
     </span>
     <span class='ocr_line' id='line_1_33' title="bbox 465 3276 3080 3354; baseline 0.001 -21"><span class='ocrx_word' id='word_1_377' title='bbox 465 3277 512 3334; x_wconf 93' lang='lat' dir='ltr'>D</span> <span class='ocrx_word' id='word_1_378' title='bbox 532 3296 572 3333; x_wconf 96' lang='grc' dir='ltr'>ιι</span> <span class='ocrx_word' id='word_1_379' title='bbox 618 3277 906 3336; x_wconf 90' lang='lat' dir='ltr'>Perron</span> <span class='ocrx_word' id='word_1_380' title='bbox 939 3276 1137 3335; x_wconf 77' lang='lat' dir='ltr'>&#39;l&#39;raite</span> <span class='ocrx_word' id='word_1_381' title='bbox 1170 3277 1252 3336; x_wconf 93' lang='lat' dir='ltr'>du</span> <span class='ocrx_word' id='word_1_382' title='bbox 1284 3281 1616 3336; x_wconf 87' lang='lat' dir='ltr'>sacrement</span> <span class='ocrx_word' id='word_1_383' title='bbox 1647 3277 1719 3335; x_wconf 98' lang='lat' dir='ltr'>de</span> <span class='ocrx_word' id='word_1_384' title='bbox 1751 3278 2149 3336; x_wconf 80' lang='lat' dir='ltr'>l&#39;eucharistie</span> <span class='ocrx_word' id='word_1_385' title='bbox 2181 3279 2218 3336; x_wconf 92' lang='lat' dir='ltr'>l.</span> <span class='ocrx_word' id='word_1_386' title='bbox 2255 3288 2289 3340; x_wconf 89' lang='lat'>2</span> <span class='ocrx_word' id='word_1_387' title='bbox 2324 3298 2381 3354; x_wconf 90' lang='lat' dir='ltr'>p.</span> <span class='ocrx_word' id='word_1_388' title='bbox 2418 3288 2541 3342; x_wconf 83' lang='grc'>208</span> <span class='ocrx_word' id='word_1_389' title='bbox 2579 3296 2623 3338; x_wconf 78' lang='lat' dir='ltr'>s,</span> <span class='ocrx_word' id='word_1_390' title='bbox 2656 3279 2911 3338; x_wconf 86' lang='lat' dir='ltr'>admissa</span> <span class='ocrx_word' id='word_1_391' title='bbox 2943 3296 3080 3337; x_wconf 89' lang='lat' dir='ltr'>con-</span> 
     </span>
     <span class='ocr_line' id='line_1_34' title="bbox 463 3361 3079 3449; baseline 0.001 -27"><span class='ocrx_word' id='word_1_392' title='bbox 463 3364 812 3436; x_wconf 87' lang='lat' dir='ltr'>structione,</span> <span class='ocrx_word' id='word_1_393' title='bbox 848 3385 999 3441; x_wconf 87' lang='lat' dir='ltr'>quae</span> <span class='ocrx_word' id='word_1_394' title='bbox 1031 3365 1254 3425; x_wconf 90' lang='lat' dir='ltr'>dicitur</span> <span class='ocrx_word' id='word_1_395' title='bbox 1298 3386 1332 3425; x_wconf 97' lang='lat' dir='ltr'>a</span> <span class='ocrx_word' id='word_1_396' title='bbox 1377 3366 1783 3442; x_wconf 86' lang='lat' dir='ltr'>grammaticis</span> <span class='ocrx_word' id='word_1_397' title='bbox 1816 3361 2170 3449; x_wconf 75' lang='grc' dir='ltr'>ὑπὲρβατον,</span> <span class='ocrx_word' id='word_1_398' title='bbox 2205 3386 2324 3442; x_wconf 90' lang='lat' dir='ltr'>qua</span> <span class='ocrx_word' id='word_1_399' title='bbox 2354 3369 2693 3443; x_wconf 89' lang='lat' dir='ltr'>appositum</span> <span class='ocrx_word' id='word_1_400' title='bbox 2722 3368 2978 3427; x_wconf 85' lang='lat' dir='ltr'>refertur</span> <span class='ocrx_word' id='word_1_401' title='bbox 3006 3367 3079 3425; x_wconf 89' lang='lat' dir='ltr'>ad</span> 
     </span>
     <span class='ocr_line' id='line_1_35' title="bbox 464 3455 3079 3532; baseline 0.001 -21"><span class='ocrx_word' id='word_1_402' title='bbox 464 3472 679 3512; x_wconf 90' lang='lat' dir='ltr'>nomen</span> <span class='ocrx_word' id='word_1_403' title='bbox 711 3473 831 3513; x_wconf 91' lang='lat' dir='ltr'>non</span> <span class='ocrx_word' id='word_1_404' title='bbox 863 3455 1219 3526; x_wconf 87' lang='lat' dir='ltr'>immediate,</span> <span class='ocrx_word' id='word_1_405' title='bbox 1269 3455 1373 3514; x_wconf 89' lang='lat' dir='ltr'>sed</span> <span class='ocrx_word' id='word_1_406' title='bbox 1419 3455 1673 3514; x_wconf 84' lang='lat' dir='ltr'>mediate</span> <span class='ocrx_word' id='word_1_407' title='bbox 1717 3457 2092 3531; x_wconf 88' lang='lat' dir='ltr'>praecedens,</span> <span class='ocrx_word' id='word_1_408' title='bbox 2139 3475 2289 3531; x_wconf 89' lang='lat' dir='ltr'>quae</span> <span class='ocrx_word' id='word_1_409' title='bbox 2333 3458 2693 3515; x_wconf 83' lang='lat' dir='ltr'>constructio</span> <span class='ocrx_word' id='word_1_410' title='bbox 2726 3456 2884 3532; x_wconf 88' lang='lat' dir='ltr'>apud</span> <span class='ocrx_word' id='word_1_411' title='bbox 2915 3456 3079 3515; x_wconf 83' lang='lat' dir='ltr'>Ter·</span> 
     </span>
    </p>
   </div>
   <div class='ocr_carea' id='block_1_4' title="bbox 463 3622 884 3629">
    <p class='ocr_par' dir='ltr' id='par_1_4' title="bbox 463 3622 884 3629">
     <span class='ocr_line' id='line_1_36' title="bbox 463 3622 884 3629; baseline 0 1735"><span class='ocrx_word' id='word_1_412' title='bbox 463 3622 884 3629; x_wconf 95' lang='lat' dir='ltr'> </span> 
     </span>
    </p>
   </div>
   <div class='ocr_carea' id='block_1_5' title="bbox 461 3722 3081 4118">
    <p class='ocr_par' dir='ltr' id='par_1_5' title="bbox 461 3722 3081 4118">
     <span class='ocr_line' id='line_1_37' title="bbox 679 3722 3079 3795; baseline 0.002 -19"><span class='ocrx_word' id='word_1_413' title='bbox 679 3725 717 3789; x_wconf 88' lang='lat'>¹)</span> <span class='ocrx_word' id='word_1_414' title='bbox 746 3722 933 3792; x_wconf 86' lang='lat' dir='ltr'>Hujus</span> <span class='ocrx_word' id='word_1_415' title='bbox 960 3722 1106 3791; x_wconf 85' lang='lat' dir='ltr'>disp.</span> <span class='ocrx_word' id='word_1_416' title='bbox 1135 3722 1366 3778; x_wconf 85' lang='lat' dir='ltr'>exhibet</span> <span class='ocrx_word' id='word_1_417' title='bbox 1404 3723 1460 3775; x_wconf 84' lang='lat' dir='ltr'><strong>M</strong></span> <span class='ocrx_word' id='word_1_418' title='bbox 1477 3739 1510 3775; x_wconf 89' lang='lat' dir='ltr'>a</span> <span class='ocrx_word' id='word_1_419' title='bbox 1528 3722 1719 3776; x_wconf 89' lang='lat' dir='ltr'>billo</span> <span class='ocrx_word' id='word_1_420' title='bbox 1737 3723 1865 3777; x_wconf 90' lang='lat' dir='ltr'>niu</span> <span class='ocrx_word' id='word_1_421' title='bbox 1885 3742 1910 3777; x_wconf 87' lang='lat' dir='ltr'>s</span> <span class='ocrx_word' id='word_1_422' title='bbox 1948 3725 2020 3778; x_wconf 86' lang='lat' dir='ltr'>ad</span> <span class='ocrx_word' id='word_1_423' title='bbox 2066 3725 2279 3779; x_wconf 83' lang='lat' dir='ltr'>calcem</span> <span class='ocrx_word' id='word_1_424' title='bbox 2320 3741 2425 3778; x_wconf 85' lang='lat' dir='ltr'>sec.</span> <span class='ocrx_word' id='word_1_425' title='bbox 2453 3726 2548 3781; x_wconf 80' lang='lat' dir='ltr'>vl.</span> <span class='ocrx_word' id='word_1_426' title='bbox 2590 3724 2939 3780; x_wconf 87' lang='lat' dir='ltr'>benedictini</span> <span class='ocrx_word' id='word_1_427' title='bbox 2966 3745 3019 3795; x_wconf 87' lang='lat' dir='ltr'>p.</span> <span class='ocrx_word' id='word_1_428' title='bbox 3048 3733 3079 3780; x_wconf 78' lang='lat'>2</span> 
     </span>
     <span class='ocr_line' id='line_1_38' title="bbox 461 3801 3080 3876; baseline 0.003 -25"><span class='ocrx_word' id='word_1_429' title='bbox 461 3818 515 3852; x_wconf 89' lang='lat' dir='ltr'>n.</span> <span class='ocrx_word' id='word_1_430' title='bbox 544 3809 577 3854; x_wconf 78' lang='lat'>4</span> <span class='ocrx_word' id='word_1_431' title='bbox 603 3819 672 3855; x_wconf 85' lang='lat' dir='ltr'>ss.</span> <span class='ocrx_word' id='word_1_432' title='bbox 723 3801 806 3857; x_wconf 88' lang='lat' dir='ltr'>Cf.</span> <span class='ocrx_word' id='word_1_433' title='bbox 835 3803 891 3855; x_wconf 88' lang='lat' dir='ltr'>M</span> <span class='ocrx_word' id='word_1_434' title='bbox 910 3802 984 3872; x_wconf 85' lang='lat' dir='ltr'>ig</span> <span class='ocrx_word' id='word_1_435' title='bbox 1001 3822 1038 3856; x_wconf 86' lang='grc' dir='ltr'>ιι</span> <span class='ocrx_word' id='word_1_436' title='bbox 1055 3819 1085 3857; x_wconf 90' lang='lat' dir='ltr'>e</span> <span class='ocrx_word' id='word_1_437' title='bbox 1118 3809 1235 3867; x_wconf 86' lang='lat'>139,</span> <span class='ocrx_word' id='word_1_438' title='bbox 1265 3809 1382 3860; x_wconf 87' lang='lat'>183.</span> <span class='ocrx_word' id='word_1_439' title='bbox 1428 3803 1489 3857; x_wconf 87' lang='lat' dir='ltr'>Si</span> <span class='ocrx_word' id='word_1_440' title='bbox 1517 3805 1654 3856; x_wconf 87' lang='lat' dir='ltr'>haec</span> <span class='ocrx_word' id='word_1_441' title='bbox 1681 3806 1739 3856; x_wconf 87' lang='lat' dir='ltr'>et</span> <span class='ocrx_word' id='word_1_442' title='bbox 1763 3804 1879 3857; x_wconf 85' lang='lat' dir='ltr'>alia</span> <span class='ocrx_word' id='word_1_443' title='bbox 1909 3821 2055 3873; x_wconf 86' lang='lat' dir='ltr'>quae</span> <span class='ocrx_word' id='word_1_444' title='bbox 2083 3822 2257 3875; x_wconf 86' lang='lat' dir='ltr'>supra</span> <span class='ocrx_word' id='word_1_445' title='bbox 2281 3806 2709 3861; x_wconf 84' lang='lat' dir='ltr'>observavimus</span> <span class='ocrx_word' id='word_1_446' title='bbox 2734 3822 2871 3876; x_wconf 87' lang='lat' dir='ltr'>prae</span> <span class='ocrx_word' id='word_1_447' title='bbox 2898 3806 3080 3860; x_wconf 87' lang='lat' dir='ltr'>oculis</span> 
     </span>
     <span class='ocr_line' id='line_1_39' title="bbox 461 3881 3080 3956; baseline 0.003 -24"><span class='ocrx_word' id='word_1_448' title='bbox 461 3881 763 3945; x_wconf 84' lang='lat' dir='ltr'>habentur,</span> <span class='ocrx_word' id='word_1_449' title='bbox 789 3881 1142 3953; x_wconf 87' lang='lat' dir='ltr'>impossibile</span> <span class='ocrx_word' id='word_1_450' title='bbox 1159 3901 1274 3936; x_wconf 89' lang='lat' dir='ltr'>non</span> <span class='ocrx_word' id='word_1_451' title='bbox 1292 3882 1416 3948; x_wconf 89' lang='lat' dir='ltr'>erit,</span> <span class='ocrx_word' id='word_1_452' title='bbox 1444 3884 1491 3936; x_wconf 89' lang='lat' dir='ltr'><strong>R</strong></span> <span class='ocrx_word' id='word_1_453' title='bbox 1505 3900 1540 3936; x_wconf 85' lang='lat' dir='ltr'>a</span> <span class='ocrx_word' id='word_1_454' title='bbox 1557 3885 1623 3936; x_wconf 92' lang='lat' dir='ltr'>tr</span> <span class='ocrx_word' id='word_1_455' title='bbox 1636 3901 1672 3936; x_wconf 90' lang='lat' dir='ltr'>a</span> <span class='ocrx_word' id='word_1_456' title='bbox 1686 3903 1743 3937; x_wconf 91' lang='lat' dir='ltr'>m</span> <span class='ocrx_word' id='word_1_457' title='bbox 1760 3903 1799 3937; x_wconf 91' lang='lat' dir='ltr'>n</span> <span class='ocrx_word' id='word_1_458' title='bbox 1814 3883 1852 3949; x_wconf 89' lang='lat' dir='ltr'>i,</span> <span class='ocrx_word' id='word_1_459' title='bbox 1880 3884 1982 3952; x_wconf 91' lang='lat' dir='ltr'>qui</span> <span class='ocrx_word' id='word_1_460' title='bbox 1997 3889 2194 3940; x_wconf 89' lang='lat' dir='ltr'>contra</span> <span class='ocrx_word' id='word_1_461' title='bbox 2212 3886 2405 3940; x_wconf 86' lang='lat' dir='ltr'>Pasch.</span> <span class='ocrx_word' id='word_1_462' title='bbox 2426 3887 2471 3939; x_wconf 90' lang='lat' dir='ltr'>R</span> <span class='ocrx_word' id='word_1_463' title='bbox 2488 3905 2521 3938; x_wconf 86' lang='lat' dir='ltr'>a</span> <span class='ocrx_word' id='word_1_464' title='bbox 2537 3887 2571 3940; x_wconf 91' lang='lat' dir='ltr'>d</span> <span class='ocrx_word' id='word_1_465' title='bbox 2592 3888 2627 3941; x_wconf 91' lang='lat' dir='ltr'>b</span> <span class='ocrx_word' id='word_1_466' title='bbox 2643 3905 2672 3941; x_wconf 87' lang='lat' dir='ltr'>e</span> <span class='ocrx_word' id='word_1_467' title='bbox 2690 3905 2718 3940; x_wconf 92' lang='lat' dir='ltr'>r</span> <span class='ocrx_word' id='word_1_468' title='bbox 2732 3890 2756 3940; x_wconf 99' lang='lat' dir='ltr'>t</span> <span class='ocrx_word' id='word_1_469' title='bbox 2771 3905 2808 3940; x_wconf 92' lang='grc' dir='ltr'>ιι</span> <span class='ocrx_word' id='word_1_470' title='bbox 2822 3906 2881 3940; x_wconf 85' lang='grc' dir='ltr'>ιιι</span> <span class='ocrx_word' id='word_1_471' title='bbox 2908 3885 3080 3956; x_wconf 90' lang='lat' dir='ltr'>scrip-</span> 
     </span>
     <span class='ocr_line' id='line_1_40' title="bbox 461 3960 3078 4038; baseline 0.003 -26"><span class='ocrx_word' id='word_1_472' title='bbox 461 3960 553 4024; x_wconf 84' lang='lat' dir='ltr'>sit,</span> <span class='ocrx_word' id='word_1_473' title='bbox 581 3962 977 4015; x_wconf 87' lang='lat' dir='ltr'>orthodoxiam</span> <span class='ocrx_word' id='word_1_474' title='bbox 1018 3962 1186 4028; x_wconf 87' lang='lat' dir='ltr'>tueri,</span> <span class='ocrx_word' id='word_1_475' title='bbox 1224 3963 1560 4032; x_wconf 84' lang='lat' dir='ltr'>praesertim</span> <span class='ocrx_word' id='word_1_476' title='bbox 1605 3964 1652 4017; x_wconf 87' lang='lat' dir='ltr'>si</span> <span class='ocrx_word' id='word_1_477' title='bbox 1696 3962 2108 4034; x_wconf 80' lang='lat' dir='ltr'>expendantur,</span> <span class='ocrx_word' id='word_1_478' title='bbox 2153 3983 2300 4034; x_wconf 89' lang='lat' dir='ltr'>quae</span> <span class='ocrx_word' id='word_1_479' title='bbox 2345 3967 2510 4021; x_wconf 85' lang='lat' dir='ltr'>docet</span> <span class='ocrx_word' id='word_1_480' title='bbox 2548 3967 2617 4020; x_wconf 90' lang='lat' dir='ltr'>de</span> <span class='ocrx_word' id='word_1_481' title='bbox 2658 3984 2810 4037; x_wconf 88' lang='lat' dir='ltr'>corp.</span> <span class='ocrx_word' id='word_1_482' title='bbox 2837 3972 2896 4021; x_wconf 89' lang='lat' dir='ltr'>et</span> <span class='ocrx_word' id='word_1_483' title='bbox 2921 3985 3078 4038; x_wconf 87' lang='lat' dir='ltr'>sang.</span> 
     </span>
     <span class='ocr_line' id='line_1_41' title="bbox 463 4039 3081 4118; baseline 0.004 -26"><span class='ocrx_word' id='word_1_484' title='bbox 463 4039 694 4094; x_wconf 88' lang='lat' dir='ltr'>Domini</span> <span class='ocrx_word' id='word_1_485' title='bbox 720 4059 774 4096; x_wconf 87' lang='lat' dir='ltr'>n.</span> <span class='ocrx_word' id='word_1_486' title='bbox 804 4050 889 4098; x_wconf 87' lang='lat'>49.</span> <span class='ocrx_word' id='word_1_487' title='bbox 918 4049 986 4099; x_wconf 89' lang='grc'>69</span> <span class='ocrx_word' id='word_1_488' title='bbox 1013 4059 1143 4095; x_wconf 84' lang='lat' dir='ltr'>curn</span> <span class='ocrx_word' id='word_1_489' title='bbox 1171 4047 1366 4099; x_wconf 87' lang='lat' dir='ltr'>annot.</span> <span class='ocrx_word' id='word_1_490' title='bbox 1396 4042 1439 4095; x_wconf 91' lang='lat' dir='ltr'>B</span> <span class='ocrx_word' id='word_1_491' title='bbox 1457 4061 1489 4097; x_wconf 92' lang='lat' dir='ltr'>o</span> <span class='ocrx_word' id='word_1_492' title='bbox 1508 4042 1608 4096; x_wconf 90' lang='lat' dir='ltr'>ile</span> <span class='ocrx_word' id='word_1_493' title='bbox 1625 4061 1658 4097; x_wconf 90' lang='lat' dir='ltr'>a</span> <span class='ocrx_word' id='word_1_494' title='bbox 1676 4062 1711 4097; x_wconf 92' lang='grc' dir='ltr'>ιι</span> <span class='ocrx_word' id='word_1_495' title='bbox 1742 4044 1819 4114; x_wconf 89' lang='lat' dir='ltr'>(M</span> <span class='ocrx_word' id='word_1_496' title='bbox 1835 4045 1856 4097; x_wconf 90' lang='lat' dir='ltr'>i</span> <span class='ocrx_word' id='word_1_497' title='bbox 1872 4065 1910 4115; x_wconf 87' lang='lat' dir='ltr'>g</span> <span class='ocrx_word' id='word_1_498' title='bbox 1926 4065 1965 4099; x_wconf 93' lang='grc' dir='ltr'>ιι</span> <span class='ocrx_word' id='word_1_499' title='bbox 1981 4063 2010 4099; x_wconf 91' lang='lat' dir='ltr'>e</span> <span class='ocrx_word' id='word_1_500' title='bbox 2044 4054 2160 4112; x_wconf 84' lang='lat'>121,</span> <span class='ocrx_word' id='word_1_501' title='bbox 2192 4056 2293 4104; x_wconf 85' lang='lat'>154</span> <span class='ocrx_word' id='word_1_502' title='bbox 2318 4050 2397 4118; x_wconf 83' lang='lat' dir='ltr'>s.).</span> <span class='ocrx_word' id='word_1_503' title='bbox 2440 4049 2701 4102; x_wconf 85' lang='lat' dir='ltr'>Ceterum</span> <span class='ocrx_word' id='word_1_504' title='bbox 2727 4048 2799 4101; x_wconf 86' lang='lat' dir='ltr'>cf.</span> <span class='ocrx_word' id='word_1_505' title='bbox 2828 4048 2882 4100; x_wconf 89' lang='lat' dir='ltr'>M</span> <span class='ocrx_word' id='word_1_506' title='bbox 2900 4066 2933 4100; x_wconf 88' lang='lat' dir='ltr'>a</span> <span class='ocrx_word' id='word_1_507' title='bbox 2952 4049 2987 4102; x_wconf 94' lang='lat' dir='ltr'>b</span> <span class='ocrx_word' id='word_1_508' title='bbox 3003 4047 3023 4101; x_wconf 90' lang='lat' dir='ltr'>i</span> <span class='ocrx_word' id='word_1_509' title='bbox 3040 4050 3081 4103; x_wconf 93' lang='lat' dir='ltr'>l·</span> 
     </span>
    </p>
   </div>
   <div class='ocr_carea' id='block_1_6' title="bbox 463 4121 3162 4192">
    <p class='ocr_par' dir='ltr' id='par_1_6' title="bbox 463 4121 3162 4192">
     <span class='ocr_line' id='line_1_42' title="bbox 463 4121 3162 4192; baseline 0.003 -20"><span class='ocrx_word' id='word_1_510' title='bbox 463 4121 531 4173; x_wconf 92' lang='lat' dir='ltr'>lo</span> <span class='ocrx_word' id='word_1_511' title='bbox 549 4139 584 4173; x_wconf 92' lang='lat' dir='ltr'>n</span> <span class='ocrx_word' id='word_1_512' title='bbox 602 4121 624 4175; x_wconf 88' lang='lat' dir='ltr'>i</span> <span class='ocrx_word' id='word_1_513' title='bbox 641 4139 676 4174; x_wconf 92' lang='grc' dir='ltr'>ιι</span> <span class='ocrx_word' id='word_1_514' title='bbox 696 4140 722 4175; x_wconf 89' lang='lat' dir='ltr'>s</span> <span class='ocrx_word' id='word_1_515' title='bbox 746 4122 878 4175; x_wconf 86' lang='lat' dir='ltr'>diss.</span> <span class='ocrx_word' id='word_1_516' title='bbox 907 4123 976 4176; x_wconf 88' lang='lat' dir='ltr'>de</span> <span class='ocrx_word' id='word_1_517' title='bbox 1005 4126 1258 4177; x_wconf 88' lang='lat' dir='ltr'>controv.</span> <span class='ocrx_word' id='word_1_518' title='bbox 1287 4123 1514 4177; x_wconf 83' lang='lat' dir='ltr'>euchar.</span> <span class='ocrx_word' id='word_1_519' title='bbox 1542 4140 1648 4179; x_wconf 91' lang='lat' dir='ltr'>sec.</span> <span class='ocrx_word' id='word_1_520' title='bbox 1675 4125 1771 4178; x_wconf 91' lang='lat' dir='ltr'>IX.</span> <span class='ocrx_word' id='word_1_521' title='bbox 1798 4134 1827 4192; x_wconf 67' lang='lat'>5</span> <span class='ocrx_word' id='word_1_522' title='bbox 1852 4135 1887 4181; x_wconf 85' lang='lat'>4</span> <span class='ocrx_word' id='word_1_523' title='bbox 1912 4129 1970 4179; x_wconf 89' lang='lat' dir='ltr'>et</span> <span class='ocrx_word' id='word_1_524' title='bbox 1995 4126 2128 4182; x_wconf 86' lang='lat' dir='ltr'>Nat.</span> <span class='ocrx_word' id='word_1_525' title='bbox 2154 4128 2492 4182; x_wconf 83' lang='lat' dir='ltr'>Alexand</span> <span class='ocrx_word' id='word_1_526' title='bbox 2509 4144 2538 4181; x_wconf 90' lang='lat' dir='ltr'>e</span> <span class='ocrx_word' id='word_1_527' title='bbox 2556 4147 2584 4182; x_wconf 93' lang='lat' dir='ltr'>r</span> <span class='ocrx_word' id='word_1_528' title='bbox 2608 4129 2741 4184; x_wconf 86' lang='lat' dir='ltr'>diss.</span> <span class='ocrx_word' id='word_1_529' title='bbox 2768 4130 2830 4181; x_wconf 89' lang='lat' dir='ltr'>in</span> <span class='ocrx_word' id='word_1_530' title='bbox 2853 4144 2960 4182; x_wconf 90' lang='lat' dir='ltr'>sec.</span> <span class='ocrx_word' id='word_1_531' title='bbox 2987 4129 3078 4181; x_wconf 84' lang='lat' dir='ltr'>IX.</span> <span class='ocrx_word' id='word_1_532' title='bbox 3158 4167 3162 4172; x_wconf 85' lang='lat'>-</span> 
     </span>
    </p>
   </div>
   <div class='ocr_carea' id='block_1_7' title="bbox 459 4201 3080 4836">
    <p class='ocr_par' dir='ltr' id='par_1_7' title="bbox 460 4201 2475 4273">
     <span class='ocr_line' id='line_1_43' title="bbox 460 4201 2475 4273; baseline 0.004 -20"><span class='ocrx_word' id='word_1_533' title='bbox 460 4201 529 4253; x_wconf 88' lang='lat' dir='ltr'>de</span> <span class='ocrx_word' id='word_1_534' title='bbox 559 4203 930 4268; x_wconf 85' lang='lat' dir='ltr'>quorundam</span> <span class='ocrx_word' id='word_1_535' title='bbox 962 4219 1068 4256; x_wconf 88' lang='lat' dir='ltr'>sec.</span> <span class='ocrx_word' id='word_1_536' title='bbox 1094 4203 1188 4256; x_wconf 90' lang='lat' dir='ltr'>IX.</span> <span class='ocrx_word' id='word_1_537' title='bbox 1220 4203 1563 4273; x_wconf 87' lang='lat' dir='ltr'>scriptorum</span> <span class='ocrx_word' id='word_1_538' title='bbox 1591 4205 1853 4258; x_wconf 86' lang='lat' dir='ltr'>doctrina</span> <span class='ocrx_word' id='word_1_539' title='bbox 1880 4205 2027 4259; x_wconf 82' lang='lat' dir='ltr'>circa</span> <span class='ocrx_word' id='word_1_540' title='bbox 2054 4207 2475 4261; x_wconf 85' lang='lat' dir='ltr'>eucharistiam.</span> 
     </span>
    </p>

    <p class='ocr_par' dir='ltr' id='par_1_8' title="bbox 459 4282 3080 4836">
     <span class='ocr_line' id='line_1_44' title="bbox 678 4282 3080 4353; baseline 0.003 -18"><span class='ocrx_word' id='word_1_541' title='bbox 678 4285 717 4351; x_wconf 69' lang='lat'>⁹)</span> <span class='ocrx_word' id='word_1_542' title='bbox 744 4282 1071 4337; x_wconf 88' lang='lat' dir='ltr'>Secundum</span> <span class='ocrx_word' id='word_1_543' title='bbox 1097 4284 1252 4337; x_wconf 89' lang='lat' dir='ltr'>hunc</span> <span class='ocrx_word' id='word_1_544' title='bbox 1280 4283 1571 4353; x_wconf 87' lang='lat' dir='ltr'>duplicem</span> <span class='ocrx_word' id='word_1_545' title='bbox 1600 4289 1812 4339; x_wconf 86' lang='lat' dir='ltr'>statum</span> <span class='ocrx_word' id='word_1_546' title='bbox 1854 4290 1912 4339; x_wconf 91' lang='lat' dir='ltr'>et</span> <span class='ocrx_word' id='word_1_547' title='bbox 1949 4287 2181 4340; x_wconf 90' lang='lat' dir='ltr'>modum</span> <span class='ocrx_word' id='word_1_548' title='bbox 2222 4288 2548 4353; x_wconf 87' lang='lat' dir='ltr'>exsistendi,</span> <span class='ocrx_word' id='word_1_549' title='bbox 2576 4289 2887 4344; x_wconf 86' lang='lat' dir='ltr'>secundum</span> <span class='ocrx_word' id='word_1_550' title='bbox 2914 4289 3080 4344; x_wconf 83' lang='lat' dir='ltr'>exsis-</span> 
     </span>
     <span class='ocr_line' id='line_1_45' title="bbox 463 4361 3078 4439; baseline 0.004 -27"><span class='ocrx_word' id='word_1_551' title='bbox 463 4361 618 4414; x_wconf 87' lang='lat' dir='ltr'>tendi</span> <span class='ocrx_word' id='word_1_552' title='bbox 645 4361 875 4415; x_wconf 86' lang='lat' dir='ltr'>modum</span> <span class='ocrx_word' id='word_1_553' title='bbox 905 4362 1026 4418; x_wconf 90' lang='lat' dir='ltr'>scil.</span> <span class='ocrx_word' id='word_1_554' title='bbox 1054 4381 1083 4415; x_wconf 89' lang='lat' dir='ltr'>c</span> <span class='ocrx_word' id='word_1_555' title='bbox 1100 4379 1132 4416; x_wconf 93' lang='lat' dir='ltr'>o</span> <span class='ocrx_word' id='word_1_556' title='bbox 1150 4382 1185 4415; x_wconf 93' lang='lat' dir='ltr'>n</span> <span class='ocrx_word' id='word_1_557' title='bbox 1204 4367 1382 4416; x_wconf 84' lang='lat' dir='ltr'>natu</span> <span class='ocrx_word' id='word_1_558' title='bbox 1404 4382 1430 4416; x_wconf 82' lang='grc' dir='ltr'>ι·</span> <span class='ocrx_word' id='word_1_559' title='bbox 1446 4382 1478 4416; x_wconf 88' lang='lat' dir='ltr'>a</span> <span class='ocrx_word' id='word_1_560' title='bbox 1496 4364 1561 4417; x_wconf 91' lang='lat' dir='ltr'>le</span> <span class='ocrx_word' id='word_1_561' title='bbox 1579 4384 1633 4417; x_wconf 89' lang='lat' dir='ltr'>m</span> <span class='ocrx_word' id='word_1_562' title='bbox 1675 4370 1734 4419; x_wconf 88' lang='lat' dir='ltr'>et</span> <span class='ocrx_word' id='word_1_563' title='bbox 1772 4384 1796 4419; x_wconf 93' lang='lat' dir='ltr'>s</span> <span class='ocrx_word' id='word_1_564' title='bbox 1813 4385 1845 4419; x_wconf 85' lang='lat' dir='ltr'>a</span> <span class='ocrx_word' id='word_1_565' title='bbox 1861 4385 1890 4419; x_wconf 90' lang='lat' dir='ltr'>c</span> <span class='ocrx_word' id='word_1_566' title='bbox 1908 4385 1934 4419; x_wconf 90' lang='lat' dir='ltr'>r</span> <span class='ocrx_word' id='word_1_567' title='bbox 1949 4384 1982 4419; x_wconf 86' lang='lat' dir='ltr'>a</span> <span class='ocrx_word' id='word_1_568' title='bbox 1998 4384 2094 4420; x_wconf 90' lang='lat' dir='ltr'>me</span> <span class='ocrx_word' id='word_1_569' title='bbox 2111 4386 2148 4420; x_wconf 88' lang='grc' dir='ltr'>ιι</span> <span class='ocrx_word' id='word_1_570' title='bbox 2168 4372 2239 4420; x_wconf 89' lang='lat' dir='ltr'>ta</span> <span class='ocrx_word' id='word_1_571' title='bbox 2258 4370 2321 4422; x_wconf 89' lang='lat' dir='ltr'>le</span> <span class='ocrx_word' id='word_1_572' title='bbox 2340 4388 2392 4422; x_wconf 87' lang='grc' dir='ltr'>ιιι</span> <span class='ocrx_word' id='word_1_573' title='bbox 2439 4369 2820 4439; x_wconf 86' lang='lat' dir='ltr'>distinguitur</span> <span class='ocrx_word' id='word_1_574' title='bbox 2845 4387 2879 4422; x_wconf 88' lang='lat' dir='ltr'>a</span> <span class='ocrx_word' id='word_1_575' title='bbox 2904 4370 3078 4439; x_wconf 85' lang='lat' dir='ltr'>patri-</span> 
     </span>
     <span class='ocr_line' id='line_1_46' title="bbox 459 4439 3078 4519; baseline 0.006 -29"><span class='ocrx_word' id='word_1_576' title='bbox 459 4439 565 4492; x_wconf 89' lang='lat' dir='ltr'>bus</span> <span class='ocrx_word' id='word_1_577' title='bbox 593 4456 797 4510; x_wconf 88' lang='lat' dir='ltr'>corpus</span> <span class='ocrx_word' id='word_1_578' title='bbox 824 4445 883 4494; x_wconf 87' lang='lat' dir='ltr'>et</span> <span class='ocrx_word' id='word_1_579' title='bbox 902 4443 1137 4512; x_wconf 85' lang='lat' dir='ltr'>sanguis</span> <span class='ocrx_word' id='word_1_580' title='bbox 1164 4443 1378 4498; x_wconf 87' lang='lat' dir='ltr'>Christi</span> <span class='ocrx_word' id='word_1_581' title='bbox 1404 4444 1503 4508; x_wconf 83' lang='lat' dir='ltr'>ita,</span> <span class='ocrx_word' id='word_1_582' title='bbox 1550 4451 1617 4498; x_wconf 88' lang='lat' dir='ltr'>ut</span> <span class='ocrx_word' id='word_1_583' title='bbox 1641 4445 1791 4499; x_wconf 88' lang='lat' dir='ltr'>idem</span> <span class='ocrx_word' id='word_1_584' title='bbox 1820 4446 1881 4501; x_wconf 88' lang='lat' dir='ltr'>in</span> <span class='ocrx_word' id='word_1_585' title='bbox 1907 4451 2061 4502; x_wconf 86' lang='lat' dir='ltr'>statu</span> <span class='ocrx_word' id='word_1_586' title='bbox 2090 4450 2488 4503; x_wconf 84' lang='lat' dir='ltr'>sacramentali</span> <span class='ocrx_word' id='word_1_587' title='bbox 2515 4449 2740 4504; x_wconf 86' lang='lat' dir='ltr'>dicatur</span> <span class='ocrx_word' id='word_1_588' title='bbox 2764 4449 3078 4519; x_wconf 85' lang='lat' dir='ltr'>aliquando</span> 
     </span>
     <span class='ocr_line' id='line_1_47' title="bbox 460 4521 3078 4599; baseline 0.004 -27"><span class='ocrx_word' id='word_1_589' title='bbox 460 4521 926 4590; x_wconf 81' lang='lat' dir='ltr'>repraesentatio,</span> <span class='ocrx_word' id='word_1_590' title='bbox 953 4523 1137 4592; x_wconf 87' lang='lat' dir='ltr'>figura</span> <span class='ocrx_word' id='word_1_591' title='bbox 1164 4529 1223 4577; x_wconf 89' lang='lat' dir='ltr'>et</span> <span class='ocrx_word' id='word_1_592' title='bbox 1249 4528 1421 4593; x_wconf 82' lang='lat' dir='ltr'>typus</span> <span class='ocrx_word' id='word_1_593' title='bbox 1450 4540 1548 4578; x_wconf 90' lang='lat' dir='ltr'>seu</span> <span class='ocrx_word' id='word_1_594' title='bbox 1576 4523 1876 4596; x_wconf 84' lang='lat' dir='ltr'>antitypus</span> <span class='ocrx_word' id='word_1_595' title='bbox 1916 4529 2168 4597; x_wconf 88' lang='lat' dir='ltr'>corporis</span> <span class='ocrx_word' id='word_1_596' title='bbox 2207 4532 2265 4581; x_wconf 91' lang='lat' dir='ltr'>et</span> <span class='ocrx_word' id='word_1_597' title='bbox 2302 4529 2601 4598; x_wconf 86' lang='lat' dir='ltr'>sanguinis</span> <span class='ocrx_word' id='word_1_598' title='bbox 2628 4529 2857 4596; x_wconf 88' lang='lat' dir='ltr'>Christi,</span> <span class='ocrx_word' id='word_1_599' title='bbox 2884 4534 3078 4599; x_wconf 89' lang='lat' dir='ltr'>quate·</span> 
     </span>
     <span class='ocr_line' id='line_1_48' title="bbox 460 4600 3078 4679; baseline 0.005 -27"><span class='ocrx_word' id='word_1_600' title='bbox 460 4616 567 4653; x_wconf 89' lang='lat' dir='ltr'>nus</span> <span class='ocrx_word' id='word_1_601' title='bbox 594 4600 763 4654; x_wconf 89' lang='lat' dir='ltr'>estin</span> <span class='ocrx_word' id='word_1_602' title='bbox 788 4602 958 4657; x_wconf 89' lang='lat' dir='ltr'>modo</span> <span class='ocrx_word' id='word_1_603' title='bbox 1005 4604 1313 4658; x_wconf 83' lang='lat' dir='ltr'>exsistendi</span> <span class='ocrx_word' id='word_1_604' title='bbox 1352 4605 1732 4660; x_wconf 87' lang='lat' dir='ltr'>connaturali.</span> <span class='ocrx_word' id='word_1_605' title='bbox 1791 4606 1864 4660; x_wconf 90' lang='lat' dir='ltr'>Et</span> <span class='ocrx_word' id='word_1_606' title='bbox 1907 4608 2045 4675; x_wconf 89' lang='lat' dir='ltr'>quia</span> <span class='ocrx_word' id='word_1_607' title='bbox 2087 4609 2150 4661; x_wconf 91' lang='lat' dir='ltr'>in</span> <span class='ocrx_word' id='word_1_608' title='bbox 2187 4610 2532 4663; x_wconf 86' lang='lat' dir='ltr'>eucharistia</span> <span class='ocrx_word' id='word_1_609' title='bbox 2571 4610 2819 4664; x_wconf 80' lang='lat' dir='ltr'>fruimur</span> <span class='ocrx_word' id='word_1_610' title='bbox 2845 4611 3078 4679; x_wconf 86' lang='lat' dir='ltr'>quidem</span> 
     </span>
     <span class='ocr_line' id='line_1_49' title="bbox 462 4679 3079 4757; baseline 0.005 -24"><span class='ocrx_word' id='word_1_611' title='bbox 462 4679 704 4743; x_wconf 88' lang='lat' dir='ltr'>Christo,</span> <span class='ocrx_word' id='word_1_612' title='bbox 732 4681 829 4734; x_wconf 89' lang='lat' dir='ltr'>sed</span> <span class='ocrx_word' id='word_1_613' title='bbox 865 4684 971 4737; x_wconf 87' lang='lat' dir='ltr'>sub</span> <span class='ocrx_word' id='word_1_614' title='bbox 998 4684 1283 4752; x_wconf 84' lang='lat' dir='ltr'>symbolis,</span> <span class='ocrx_word' id='word_1_615' title='bbox 1312 4685 1439 4740; x_wconf 88' lang='lat' dir='ltr'>ideo</span> <span class='ocrx_word' id='word_1_616' title='bbox 1468 4686 1643 4741; x_wconf 84' lang='lat' dir='ltr'>relate</span> <span class='ocrx_word' id='word_1_617' title='bbox 1669 4687 1742 4740; x_wconf 90' lang='lat' dir='ltr'>ad</span> <span class='ocrx_word' id='word_1_618' title='bbox 1769 4687 2103 4742; x_wconf 84' lang='lat' dir='ltr'>fruitionem</span> <span class='ocrx_word' id='word_1_619' title='bbox 2130 4690 2363 4743; x_wconf 86' lang='lat' dir='ltr'>remotis</span> <span class='ocrx_word' id='word_1_620' title='bbox 2390 4691 2661 4757; x_wconf 84' lang='lat' dir='ltr'>symbolis</span> <span class='ocrx_word' id='word_1_621' title='bbox 2689 4692 2961 4754; x_wconf 83' lang='lat' dir='ltr'>futuram,</span> <span class='ocrx_word' id='word_1_622' title='bbox 2989 4709 3079 4746; x_wconf 82' lang='lat' dir='ltr'>vo-</span> 
     </span>
     <span class='ocr_line' id='line_1_50' title="bbox 459 4762 2118 4836; baseline 0.005 -23"><span class='ocrx_word' id='word_1_623' title='bbox 459 4764 624 4813; x_wconf 84' lang='lat' dir='ltr'>catur</span> <span class='ocrx_word' id='word_1_624' title='bbox 650 4777 712 4813; x_wconf 86' lang='lat' dir='ltr'>ea</span> <span class='ocrx_word' id='word_1_625' title='bbox 742 4762 986 4818; x_wconf 90' lang='lat' dir='ltr'>subinde</span> <span class='ocrx_word' id='word_1_626' title='bbox 1015 4765 1345 4836; x_wconf 84' lang='lat' dir='ltr'>antitypum</span> <span class='ocrx_word' id='word_1_627' title='bbox 1379 4767 1723 4822; x_wconf 85' lang='lat' dir='ltr'>futurorum.</span> <span class='ocrx_word' id='word_1_628' title='bbox 1777 4767 1858 4824; x_wconf 86' lang='lat' dir='ltr'>cf.</span> <span class='ocrx_word' id='word_1_629' title='bbox 1886 4787 1941 4829; x_wconf 85' lang='grc' dir='ltr'>ιι,</span> <span class='ocrx_word' id='word_1_630' title='bbox 1970 4773 2118 4829; x_wconf 71' lang='lat'>352⁶,</span> 
     </span>
    </p>
   </div>
  </div>
 </body>
</html>
