3538 5364
1255 317 1318 353 ex
1345 300 1486 354 reali
1516 301 1837 370 praesentia
1864 301 1979 355 alia
2006 301 2294 370 dogmata.
2954 310 3083 376 329

469 487 692 546 terreni
725 486 997 563 quamvis
1028 486 1344 555 benedicti,
1380 486 1480 547 sed
1515 486 1756 545 nonnisi
1806 485 1999 545 carnis
2044 487 2312 547 vivificae
2346 488 2682 547 SalvatoriS.
2745 489 2837 547 Ad
2869 508 2992 548 rem
3024 496 3086 548 et

469 577 829 652 cyrillus
861 576 1006 634 alex.
1039 575 1136 643 IV,
1175 585 1210 637 2
1245 576 1309 634 in
1340 575 1433 637 Jo.
1469 587 1526 643 6.
1565 586 1679 639 55:
1745 577 1950 645 ,Licet
1979 594 2155 644 mors,
2204 595 2355 651 quae
2386 596 2491 653 per
2519 578 3085 652 praevaricationem

471 684 577 725 nos
610 666 845 736 invasit,
879 666 1205 723 humanum
1250 683 1463 742 corpus
1511 665 1911 741 corruptionis
1955 666 2301 724 necessitati
2345 666 2652 741 subjiciat:
2700 670 2899 726 tamen
2945 668 3085 742 quia

473 753 740 814 Christus
770 774 877 831 per
908 772 1074 813 snam
1108 771 1345 812 carnem
1377 754 1441 813 in
1473 754 1645 813 nobis
1677 757 1790 826 est,
1822 754 2065 813 omnino
2097 773 2510 832 resurgemus:
2543 755 2894 816 incredibile
2926 756 3085 815 enim

467 847 579 911 est,
614 843 732 903 imo
763 862 899 902 vero
932 843 1314 918 impossibile,
1362 847 1434 901 ut
1476 843 1602 902 vita
1632 862 1747 914 eos,
1796 843 1861 902 in
1894 843 2115 918 quibus
2146 844 2345 914 fuerit,
2378 862 2499 903 non
2530 844 2806 904 vivificet.
2871 844 3086 914 Quem-

470 932 789 992 admodum
820 933 978 992 enim
1012 932 1333 991 scintillam
1365 932 1575 991 multis
1621 933 1808 1008 paleis
1852 932 2191 1003 inserimuS,
2239 938 2309 992 ut
2340 951 2543 992 semen
2573 934 2730 1010 ignis
2762 952 3084 999 servemus,

470 1020 557 1080 sic
588 1023 769 1080 etiam
801 1023 867 1080 D.
901 1022 972 1079 N.
1004 1021 1059 1085 J.
1092 1022 1364 1080 Christus
1394 1039 1503 1098 per
1532 1039 1765 1081 carnem
1812 1040 1981 1080 suam
2027 1022 2092 1080 in
2137 1022 2309 1081 nobis
2355 1023 2540 1082 vitam
2572 1023 2793 1101 integit
2822 1040 2890 1082 ac
2920 1024 3089 1082 velut

470 1129 672 1169 semen
703 1110 1171 1170 immortalitafis
1217 1110 1448 1181 inserit,
1495 1111 1654 1185 qnod
1701 1113 1906 1180 totam,
1958 1129 2109 1185 quae
2159 1112 2222 1169 in
2273 1111 2445 1170 nobis
2492 1117 2598 1183 est,
2645 1112 3086 1188 corruptionem

470 1200 729 1260 abolet.‘
793 1199 1021 1268 Quibus
1052 1199 1202 1258 adde
1233 1200 1577 1258 testimonia
1613 1210 1757 1263 348.
1797 1209 1938 1262 349.
1975 1201 2154 1263 354².
2190 1208 2339 1263 390.

652 1337 714 1403 7.
750 1336 1035 1419 Denique
1069 1334 1434 1418 Cyrillus
1467 1338 1629 1401 alex.
1652 1358 1711 1400 n.
1735 1340 1894 1406 3270
1927 1344 1990 1403 et
2021 1338 2085 1401 in
2109 1337 2254 1401 Luc.
2279 1344 2380 1415 22,
2409 1344 2488 1407 19
2523 1359 2601 1404 ex
2633 1339 2757 1402 hoc
2790 1339 3088 1419 dogmate

482 1443 754 1507 illustrat
785 1442 1016 1506 Christi
1047 1444 1792 1519 resurrectionem3
1826 1464 1874 1507 S.
1908 1444 2037 1509 Leo
2070 1464 2256 1510 serm.
2280 1450 2362 1513 91
2400 1453 2463 1510 et
2497 1464 2594 1527 ep.
2615 1452 2701 1515 46
2735 1453 2798 1509 et
2829 1445 3088 1509 Atha-

473 1551 761 1614 nasius
794 1550 1594 1631 apudTheodoretum
1627 1552 1772 1617 dial.
1796 1550 2589 1620 2inferuntveritatem
2622 1552 2834 1616 carnis
2857 1550 3089 1615 Christi

477 1656 672 1721 etiam
704 1664 851 1739 post
881 1659 1447 1733 resurrectionem;
1482 1658 1816 1722 Braulio
1851 1676 2224 1741 caesaraug.
2247 1679 2342 1741 ep.
2363 1665 2449 1728 42
2472 1659 2759 1745 (Migne
2793 1665 2896 1735 80,
2931 1662 3088 1745 960)

476 1763 710 1845 probat
740 1784 886 1829 eum
919 1766 1342 1846 resumpsisse
1374 1783 1518 1828 san
1536 1766 1889 1845 guinem3
1922 1765 2421 1830 Anastasius
2462 1766 2698 1830 sinaita
2728 1767 2793 1830 in
2825 1766 3088 1848 Hodego

474 1889 526 1933 c.
561 1873 646 1939 23
692 1871 917 1935 refellit
964 1889 1058 1953 ga
1066 1872 1090 1953 j
1109 1872 1388 1936 anitas
1435 1880 1744 1952 negantes
1792 1890 2026 1954 corpus
2076 1872 2311 1938 Christi
2357 1879 2508 1937 ante
2553 1874 3091 1938 resurrectionem

475 1977 674 2042 fuisse
705 1976 1116 2059 corruptibile
1151 1978 1251 2064 (cf.
1285 1985 1504 2042 tamen
1535 1978 1717 2060 Perp.
1751 1978 1831 2044 de
1863 1977 1926 2041 la
1959 1978 2045 2042 foi
2078 1979 2169 2054 ΙΙΙ,
2202 1985 2242 2049 5
2275 1998 2326 2042 c.
2370 1984 2472 2065 12)
2508 1988 2573 2045 et
2603 1999 2655 2047 e.
2695 1984 2775 2049 13
2807 2000 2854 2043 s.
2871 1980 3089 2043 Timo-

480 2085 699 2150 theum
732 2086 1088 2168 quendam;
1136 2086 1239 2168 Cy
1259 2083 1504 2149 rillus
1538 2086 1616 2150 al.
1650 2105 1971 2149 summam
2003 2086 2438 2150 membrorum
2470 2086 2791 2151 Ecclesiae
2825 2088 2989 2151 inter
3021 2108 3090 2151 se

478 2198 540 2255 et
573 2210 719 2255 cum
752 2191 962 2273 capite
996 2193 1513 2274 conjunctionem
1548 2193 1695 2256 inde
1728 2191 1866 2257 fuse
1900 2193 2174 2274 explicat
2206 2193 2270 2256 in
2301 2192 2397 2257 Jo.
2433 2198 2534 2269 17,
2570 2196 2656 2263 20
2688 2214 2768 2257 ss.

657 2340 780 2408 ,Ut
809 2357 952 2417 ergo
983 2339 1057 2398 ad
1103 2339 1417 2409 unitatem,
1466 2340 1551 2397 ita
1595 2340 1698 2399 ille
1731 2341 1831 2411 XI,
1871 2352 1939 2403 ll
1983 2342 2047 2400 in
2078 2342 2170 2399 Jo.
2212 2352 2307 2411 17,
2345 2350 2445 2411 22,
2493 2359 2628 2399 cum
2662 2343 2783 2400 Deo
2827 2346 2889 2401 et
2933 2343 3091 2402 inter

477 2447 588 2488 nos
620 2429 1115 2488 contenderemus
1147 2431 1326 2504 atque
1357 2446 1466 2487 nos
1499 2448 1620 2488 una
1650 2430 2181 2501 commisceremur,
2230 2430 2370 2488 licet
2400 2431 2749 2505 corporibus
2782 2436 2844 2489 et
2875 2433 3091 2491 animis

473 2518 575 2577 alii
609 2519 685 2577 ab
717 2518 850 2576 aliis
883 2518 1242 2587 differamus,
1289 2518 1578 2576 rationem
1626 2519 1923 2594 quandam
1970 2519 2322 2595 excogitavit
2356 2519 2710 2597 Unigenitus
2742 2538 2847 2594 per
2877 2539 3087 2580 conve-

479 2608 740 2667 nientem
776 2607 888 2665 sibi
923 2605 1279 2681 sapientiam
1311 2611 1373 2666 et
1403 2607 1719 2667 consilium
1752 2608 1963 2667 Patris.
1996 2609 2125 2667 Uno
2157 2608 2317 2667 enim
2349 2624 2611 2684 corpore,
2646 2626 2754 2668 sno
2785 2610 3088 2679 nimirum,

479 2698 785 2757 credentes
836 2697 901 2756 in
950 2715 1013 2756 se
1062 2697 1414 2756 benedicens
1462 2715 1568 2774 per
1618 2698 1932 2775 mysticam
1977 2697 2467 2768 communionem,
2515 2717 2648 2757 cum
2681 2717 2781 2758 eos
2814 2700 2929 2757 sibi
2961 2702 3093 2758 tum

480 2787 657 2846 etiam
689 2787 848 2845 inter
878 2782 1406 2867 se:concorporales
1438 2786 1638 2845 efficit.
1668 2787 1816 2857 Quis
1847 2788 2005 2846 enim
2039 2806 2159 2858 eos,
2190 2789 2296 2862 qui
2316 2806 2421 2863 per
2439 2805 2627 2846 unum
2647 2788 2801 2847 illud
2821 2793 3091 2848 sanctum

485 2893 694 2952 corpus
725 2875 800 2934 ad
831 2876 1126 2934 unitatem
1158 2893 1296 2933 cum
1327 2875 1561 2934 Christo
1608 2876 1913 2951 conjuncti
1962 2879 2123 2947 sunt,
2171 2875 2448 2937 diviserit
2477 2879 2540 2936 et
2581 2896 2616 2935 a
2646 2877 2903 2937 naturali
2935 2878 3093 2937 inter

489 2982 551 3022 se
578 2966 796 3024 unione
828 2964 1226 3023 removerit?‘
1291 2964 1538 3023 Gemina
1570 2964 1748 3024 habet
1781 2966 2143 3024 Hilarius
2179 2965 2252 3024 de
2285 2964 2495 3024 Trinit.
2527 2965 2683 3037 Vm,
2727 2975 2801 3029 13
2836 2985 2913 3025 ss.

658 3105 800 3171 356.
851 3100 984 3164 Imo
1031 3100 1150 3182 ipsi
1193 3100 1498 3165 haeretici
1531 3100 1614 3164 ad
1645 3102 1773 3164 hoc
1806 3107 2162 3183 provocant
2192 3102 2446 3182 dogma,
2480 3110 2552 3166 ut
2581 3122 2734 3168 suos
2766 3104 3094 3168 stabiliant

482 3223 745 3271 errores
802 3207 900 3272 Ita
945 3206 1476 3289 eutychianorum
1522 3207 1750 3290 aliquis
1796 3208 1967 3290 apud
2001 3208 2163 3273 The
2185 3209 2438 3273 odore
2460 3217 2619 3272 tum
2651 3210 2794 3274 dial.
2828 3215 2869 3277 2
2902 3217 3092 3275 natu-

477 3333 619 3379 ram
666 3316 1015 3381 humanam
1066 3323 1214 3398 post
1263 3316 1496 3382 Christi
1546 3318 1995 3382 ascensionem
2045 3317 2374 3382 transiisse
2406 3318 2472 3382 in
2504 3316 2786 3381 divinam
2816 3316 3093 3398 probare

476 3423 728 3487 nititur:
782 3421 995 3498 ,Sicut
1030 3424 1324 3506 symbola
1356 3424 1659 3488 dominici
1690 3425 1978 3506 corporis
2011 3429 2076 3488 et
2106 3425 2433 3504 sanguinis
2466 3425 2592 3488 alia
2623 3432 2772 3487 sunt
2804 3429 2955 3489 ante
2986 3442 3093 3486 sa·

477 3529 758 3594 cerdotis
788 3531 1284 3608 invocationem,
1305 3538 1452 3613 post
1482 3531 1958 3596 invocationem
1979 3549 2131 3595 vero
2164 3536 2494 3595 mutantur
2526 3537 2590 3594 et
2624 3530 2751 3594 alia
2780 3531 2972 3594 fiunt:
3005 3531 3095 3593 ita

479 3636 869 3701 dominicum
916 3656 1151 3720 corpus
1197 3646 1349 3721 post
1393 3638 1840 3702 ascensionem
1888 3637 1955 3701 in
2002 3638 2283 3702 divinam
2314 3638 2743 3702 substantiam
2776 3642 3093 3701 mutatum

482 3749 630 3808 est«
669 3782 760 3792 —
789 3743 885 3809 Ita
915 3744 1220 3810 Paulus
1252 3752 1704 3810 samosatenus
1737 3744 1910 3826 apud
1943 3744 2426 3826 Dionysium
2459 3744 2619 3808 alex.
2654 3762 2752 3826 op.
2786 3761 2927 3825 pag.
2945 3747 3094 3816 323,

483 3856 554 3912 ut
595 3851 896 3916 ostendat
940 3853 1317 3932 sanguinem
1349 3851 1582 3916 Christi
1617 3869 1760 3916 esse
1793 3851 2289 3932 corruptibilem,
2323 3852 2495 3934 quod
2526 3852 2580 3914 is
2611 3851 2675 3913 in
2709 3850 3095 3915 eucharistia

478 3955 911 4023 distribuatur.
978 3957 1191 4037 Quare
1221 3965 1369 4039 post
1412 3964 1663 4023 tantum
1708 3958 2112 4041 antiquitatis
2143 3976 2531 4024 consensum
2561 3957 2776 4021 licebit
2806 3956 3093 4038 disputa-

479 4063 720 4129 tionem
768 4064 1154 4130 concludere
1199 4083 1342 4130 cum
1391 4064 1776 4129 Durando
1824 4065 1924 4129 ab.
1959 4066 2319 4130 troarnensi
2354 4066 2418 4151 (†
2454 4066 2649 4150 1088)
2699 4065 2779 4128 de
2825 4081 2996 4144 corp.
3032 4070 3095 4127 et

478 4188 654 4251 sang.
687 4171 756 4235 D.
789 4193 848 4254 p.
881 4178 923 4241 2
956 4193 1015 4236 n.
1048 4178 1090 4241 2
1111 4173 1236 4260 (Mi
1248 4193 1304 4254 g.
1332 4178 1475 4249 149,
1502 4172 1729 4258 1378):
1768 4171 2008 4249 ,Absit
2039 4179 2111 4236 ut
2143 4179 2275 4235 tam
2307 4171 2623 4254 perversis
2657 4177 2722 4234 et
2753 4188 2794 4233 a
2824 4170 3092 4234 veritate

480 4276 621 4357 ipsa
649 4285 784 4342 tam
818 4281 1061 4344 aversis
1091 4280 1232 4361 pari
1257 4275 1601 4362 jungamur
1618 4278 1904 4360 perfidia,
1926 4285 2119 4361 atque
2141 4280 2205 4342 in
2226 4286 2456 4342 sancta
2475 4277 2777 4342 dominici
2807 4276 3094 4357 corporis

484 4400 561 4445 ac
604 4387 931 4467 sanguinis
976 4387 1427 4451 communione
1472 4387 1683 4450 minus
1715 4385 1952 4468 aliquid
1985 4387 2319 4460 fateamur,
2371 4403 2565 4466 quarn
2614 4383 2935 4447 catholica
2981 4399 3095 4463 per

479 4493 848 4558 universum
881 4493 1106 4559 orbem
1136 4494 1467 4576 praedicat
1499 4493 1797 4558 Ecclesia.
1846 4492 1914 4556 In
1946 4510 2076 4575 qua
2105 4510 2332 4558 revera
2351 4498 2483 4555 tam
2505 4509 2660 4556 vera
2678 4490 2911 4554 Christi
2942 4506 3094 4553 caro

478 4617 802 4682 verusque
833 4601 1094 4681 sanguis
1127 4600 1392 4675 exsistit,
1427 4617 1620 4681 quam
1654 4617 1853 4682 verax
1887 4617 2030 4664 esse
2062 4599 2197 4680 ipse
2219 4598 2509 4661 Christus
2541 4597 2866 4678 probatur,
2888 4597 3096 4679 quiea
