3538 5364
986 260 1201 331 gratiae
1228 256 1622 330 praevenienti
1645 258 1939 330 cooperari
1964 274 2145 327 eaque
2172 257 2278 314 uti.
2851 266 2938 331 91

317 466 438 508 non
482 446 902 506 subinferatur
944 447 1262 506 adnitendo
1295 446 1473 505 etiam
1508 448 1745 506 nostrae
1779 445 2033 504 efficacia
2063 444 2414 504 voluntatis.
2480 445 2734 517 Adiutor
2776 445 2938 504 enim

317 541 520 597 noster
551 537 711 595 Deus
745 536 987 605 dicitur,
1034 554 1140 595 nec
1184 536 1549 609 adjuvari
1581 539 1796 612 potest,
1843 534 1962 594 nisi
1993 534 2099 611 qui
2130 534 2306 592 etiam
2340 533 2568 607 aliquid
2599 542 2810 610 sponte
2842 553 2938 593 co-

319 637 516 688 natur.
584 623 737 694 Quia
773 643 893 685 non
926 626 1083 684 sicut
1112 626 1174 683 in
1206 624 1506 699 lapidibus
1537 624 1857 684 insensatis
1890 627 1998 682 aut
2029 623 2189 682 sicut
2217 623 2282 681 in
2313 623 2416 690 eis,
2453 622 2515 681 in
2549 642 2804 698 quorum
2834 642 2942 683 na-

321 719 459 774 tura
484 714 778 774 rationem
813 716 1297 790 voluntatemque
1327 733 1445 773 non
1477 713 1760 786 condidit,
1795 714 2050 771 salutem
2083 715 2345 771 nostram
2381 713 2534 771 Deus
2565 717 2848 784 operatur
2878 713 2942 771 in

319 804 553 864 nobis·
592 837 663 846 —
708 803 979 862 Eundem
1027 804 1089 862 in
1133 821 1373 863 sensum
1413 822 1462 867 s.
1493 804 1634 863 Leo
1666 822 1838 865 serm.
1875 811 1988 865 43:
2040 801 2230 869 ‚Quia
2276 800 2810 861 rationabiles
2860 802 2943 861 la·

320 894 490 971 pides
524 911 734 951 sumus
765 896 827 952 et
858 893 990 951 viva
1020 892 1311 959 materies,
1361 892 1447 950 sic
1477 911 1583 952 nos
1614 892 1875 952 auctoris
1907 890 2098 949 nostri
2129 890 2387 949 exstruit
2417 910 2645 959 manus,
2694 895 2764 949 ut
2807 909 2945 949 cum

321 982 530 1059 opifice
562 1001 672 1040 suo
702 983 880 1041 etiam
914 980 985 1049 is,
1019 981 1123 1058 qui
1154 985 1485 1059 reparatur,
1519 986 1816 1057 operetur.
1882 980 2116 1039 Gratiae
2147 979 2336 1055 igitur
2372 980 2473 1039 Dei
2507 980 2847 1039 obedientia
2878 997 2940 1038 se

322 1074 583 1131 humana
612 1089 737 1129 non
770 1071 1140 1130 subtrahat.‘
1182 1104 1259 1114 -
1295 1071 1371 1129 Et
1400 1089 1442 1129 s.
1478 1071 2001 1147 Hieronymus
2034 1069 2095 1127 in
2128 1087 2220 1144 ep.
2252 1068 2324 1126 ad
2354 1069 2479 1129 Gal.
2516 1079 2571 1137 5,
2609 1078 2679 1132 8:
2720 1068 2942 1136 ‚Aliud

323 1162 432 1220 Dei
462 1178 616 1237 opus
654 1163 767 1225 est,
812 1160 974 1218 aliud
1007 1159 1347 1219 hominum:
1397 1161 1502 1218 Dei
1534 1179 1686 1236 opus
1719 1166 1813 1219 est
1843 1176 2066 1228 vocare,
2116 1157 2420 1217 hominum
2453 1160 2547 1217 vel
2580 1158 2815 1217 credere
2848 1158 2941 1218 vel

320 1269 441 1309 non
474 1294 488 1309 .
522 1294 536 1307 .
572 1294 586 1306 .
638 1249 773 1308 Sive
804 1268 944 1325 ergo
976 1250 1037 1307 in
1070 1250 1286 1309 bonam
1320 1249 1445 1308 sive
1476 1249 1537 1308 in
1571 1250 1784 1309 malam
1818 1252 2065 1323 partem.
2105 1265 2213 1307 nec
2248 1248 2401 1305 Deus
2433 1266 2542 1307 nec
2573 1247 2846 1305 diabolus
2880 1247 2944 1304 in

321 1358 498 1398 causa
528 1341 641 1407 est,
679 1338 818 1414 quia
847 1337 1154 1414 persuasio
1185 1342 1391 1397 nostra
1421 1357 1541 1396 non
1572 1343 1665 1397 est
1695 1358 1764 1397 ex
1797 1357 1883 1408 ec,
1930 1337 2035 1412 qui
2068 1336 2304 1395 vocavit
2333 1354 2461 1407 nos,
2509 1337 2613 1395 sed
2643 1356 2711 1395 ex
2744 1336 2939 1405 nobis,

322 1428 426 1506 qui
461 1428 557 1487 vel
588 1427 1014 1502 consentimus,
1047 1428 1145 1486 vel
1176 1446 1293 1486 non
1326 1428 1733 1486 consentimus
1768 1426 2062 1486 vocanti.‘
2099 1458 2181 1470 -—
2206 1465 2232 1494 ‚
2252 1426 2544 1484 Debemus
2576 1426 2818 1496 gratiae.
2854 1424 2946 1483 in-

323 1518 460 1594 quit
491 1516 899 1576 Ennodius
930 1516 1239 1575 ticinensis
1272 1517 1310 1576 l.
1349 1526 1382 1578 2
1405 1537 1496 1594 ep.
1529 1528 1625 1587 19,
1661 1515 1819 1592 quod
1854 1534 2163 1587 vocamur3
2197 1515 2479 1573 debemus
2511 1515 2752 1592 gratiae,
2786 1512 2946 1590 quod

324 1606 575 1666 occultis
608 1605 946 1675 itineribus,
978 1606 1092 1664 nisi
1121 1606 1486 1672 resistamus.
1522 1624 1696 1681 sapor
1726 1605 1899 1665 nobis
1931 1605 2127 1664 vitalis
2158 1604 2533 1673 infunditur3
2584 1608 2823 1663 nostrae
2854 1606 2943 1661 ta-

322 1714 459 1754 men
488 1695 801 1754 electionis
831 1698 938 1765 est,
970 1695 1126 1771 quod
1159 1694 1442 1754 beneficia
1471 1695 1875 1755 demonstrata
1905 1700 2258 1755 sectamur.‘
2296 1726 2381 1737 —
2404 1694 2477 1752 Et
2506 1693 2641 1751 aliis
2672 1693 2944 1752 innume·

325 1786 407 1843 ris
442 1789 687 1860 patrum
718 1783 911 1842 effatis
943 1783 1177 1843 omissis
1210 1784 1764 1844 Bonaventura
1809 1784 1882 1843 de
1927 1803 2149 1843 resurr.
2182 1803 2215 1842 a
2245 1801 2431 1859 peec.:
2484 1783 2668 1852 ‚Cum
2718 1782 2842 1840 sint
2884 1781 2948 1839 in

324 1893 502 1950 opere
534 1873 750 1932 salutis
782 1873 895 1931 ista
925 1877 1197 1949 quatuor,
1246 1873 1372 1932 scil.
1405 1874 1663 1939 invitari,
1712 1873 2100 1949 acquiescere,
2148 1872 2418 1948 adjuvari
2465 1880 2527 1930 et
2571 1889 2946 1946 permanere:

324 1963 589 2038 primum
620 1965 712 2021 est
725 1962 1147 2037 inspirationis,
1182 1962 1509 2022 secundum
1540 1962 1836 2022 libertatis
1870 1962 2120 2024 arbitrii.
2161 1962 2407 2020 tertium
2438 1960 2704 2019 muneris
2736 1959 2944 2025 divini,

326 2058 615 2128 quartum
646 2050 1059 2110 sollicitudinis
1092 2057 1328 2110 nostrae
1358 2055 1419 2110 et
1448 2052 1677 2128 pariter
1708 2052 1992 2128 adjutorii
2026 2051 2277 2110 divini.‘

510 2189 1238 2259 102.1)emonstratio
1290 2208 1358 2274 p·
1406 2189 1508 2258 11.
1568 2187 1934 2252 Voluntatis
1986 2188 2079 2251 sic
2123 2193 2515 2269 praeventae
2566 2192 2631 2252 et
2674 2203 2948 2268 praepa-

325 2302 509 2361 ratae
542 2301 645 2361 est
675 2296 870 2360 etiam
901 2296 1106 2375 gratia
1138 2296 1272 2371 uti,
1305 2295 1476 2377 quod
1509 2301 1740 2376 sponte
1775 2311 1895 2358 sua
1927 2294 2340 2376 consequitur
2384 2312 2461 2358 ex
2495 2294 2586 2370 iis,
2635 2312 2801 2375 quae
2834 2293 2948 2357 de·

328 2403 831 2467 monstravimus
863 2423 921 2466 n.
955 2408 1057 2473 98.
1120 2399 1189 2467 Si
1220 2403 1390 2468 enim
1423 2403 1667 2482 gratiae
1699 2409 1815 2478 est,
1852 2401 2165 2467 voluntati
2198 2401 2487 2466 conferre
2519 2419 2722 2464 novas
2756 2400 2948 2475 vireS,

327 2529 493 2594 quae
524 2511 728 2591 ipsius
758 2510 1109 2575 redduntur
1140 2509 1467 2591 propriae:
1498 2507 1785 2592 profecto
1819 2510 2057 2592 poterit
2080 2508 2157 2572 iis
2176 2509 2286 2577 uti.
2308 2508 2474 2573 sicut
2494 2508 2688 2572 utitur
2708 2507 2946 2571 viribus

329 2618 409 2681 ab
440 2618 587 2700 ipsa
617 2622 853 2681 natura
882 2616 1152 2682 insertis.
1214 2615 1397 2679 Hunc
1442 2616 1612 2680 enim
1643 2616 1709 2679 in
1754 2619 1947 2682 tinem
1983 2615 2298 2680 voluntati
2331 2613 2746 2679 conseruntur
2779 2614 2948 2696 ejus-

330 2725 503 2789 modi
534 2725 723 2800 vires,
756 2732 829 2789 ut
857 2723 1153 2805 suppleta
1183 2724 1319 2805 ejus
1350 2723 1627 2787 naturali
1658 2723 2103 2788 insufficientia
2126 2722 2717 2786 subministratione
2737 2738 2950 2784 novae

328 2831 584 2895 virtutis
616 2831 759 2913 ipsa
788 2831 1087 2895 voluntas
1105 2831 1325 2912 possit,
1358 2849 1524 2913 quae
1557 2836 1751 2895 antea
1784 2849 1915 2894 non
1935 2831 2149 2900 valuit.
2181 2836 2524 2912 praestare.
2560 2827 2776 2908 Quare
2793 2827 2947 2891 doc—

334 2945 431 3002 tor
462 2938 960 3020 seraphicus
991 2937 1055 3001 in
1089 2943 1147 3006 2.
1181 2937 1237 3002 d.
1273 2944 1356 3007 26
1390 2958 1447 3021 q.
1481 2943 1521 3005 6
1555 2955 1611 3002 a.
1649 2943 1717 3005 1:
1773 2935 1989 3013 ¹,Sicut
2020 2938 2332 3014 voluntas,
2372 2937 2591 3018 inquit,
2632 2941 2847 3000 movet
2879 2954 2950 3000 se

331 3045 536 3127 ipsam
590 3044 674 3108 ad
725 3063 925 3126 opera
972 3044 1308 3118 naturalia,
1359 3044 1450 3108 sic
1501 3043 1720 3125 adjuta
1769 3063 1886 3126 per
1934 3043 2205 3123 gratiam
2240 3050 2459 3109 movet
2507 3062 2578 3107 se
2628 3043 2837 3124 ips-arn
2869 3041 2952 3106 ad

330 3169 533 3233 opera
565 3152 948 3217 meritoria‘
988 3152 1160 3216 Idem
1191 3151 1545 3232 colligimus
1588 3171 1666 3218 ex
1700 3158 1799 3217 tot
1830 3152 2404 3227 exhortationibus
2442 3151 2671 3233 quibus
2709 3149 2950 3214 excita-

330 3275 492 3335 mur,
526 3264 601 3321 ut
630 3256 797 3321 bene
829 3264 1087 3321 utamur
1119 3259 1341 3338 gratia„

511 3386 846 3458 ,Hortatur
874 3387 1066 3464 primo
1098 3383 1486 3469 (Apostolus),
1537 3386 1740 3462 inquit
1785 3407 1831 3446 s.
1863 3387 2178 3447 Thomas
2212 3389 2345 3450 lect.
2387 3400 2408 3451 l
2454 3387 2515 3446 in
2551 3395 2605 3451 2.
2638 3386 2763 3445 Cor.
2800 3396 2855 3455 6,
2897 3396 2950 3456 1,

330 3478 393 3536 in
438 3475 723 3554 generali,
769 3476 926 3552 quod
971 3477 1163 3554 gratia
1209 3476 1312 3534 Dei
1359 3495 1479 3534 non
1511 3480 1765 3535 utantur
1796 3476 1859 3535 in
1891 3485 2171 3541 vanum.‘
2241 3477 2410 3546 Nam,
2459 3479 2531 3535 ut
2560 3479 2730 3534 notat
2761 3475 2825 3533 in
2860 3476 2952 3535 Ps.

336 3576 436 3638 38,
473 3574 547 3629 3:
605 3566 807 3633 ‚Deus
838 3584 962 3625 non
992 3566 1095 3625 dat
1123 3565 1378 3643 gratiam
1409 3566 1654 3634 homini,
1702 3566 1821 3624 nisi
1852 3570 2062 3625 utatur
2093 3567 2216 3636 illa,
2263 3572 2325 3624 et
2370 3566 2501 3625 ideo
2546 3564 2784 3641 quando
2818 3564 2952 3639 quis

331 3674 438 3733 per
467 3655 901 3732 negligentiam
933 3656 1126 3732 gratia
1156 3655 1272 3713 sibi
1304 3654 1445 3714 data
1475 3673 1595 3713 non
1625 3654 1840 3722 utitur.
1890 3656 2045 3714 Deus
2075 3656 2273 3713 aufert
2316 3656 2386 3720 ei,
2436 3658 2507 3714 ut
2553 3659 2717 3729 patet
2759 3653 2831 3713 de
2862 3659 2952 3711 ta-

332 3745 495 3803 lento
527 3743 671 3803 Luc.
700 3751 851 3815 193‘
885 3748 948 3803 et
982 3754 1017 3807 3
1051 3764 1107 3820 p.
1139 3763 1193 3820 q.
1218 3753 1296 3808 69
1330 3763 1381 3806 a.
1406 3753 1439 3806 8
1474 3743 1550 3802 ad
1574 3752 1641 3806 2:
1678 3743 1875 3812 ‚Quia
1904 3744 2133 3803 etiamsi
2162 3745 2465 3821 aequalem
2499 3744 2754 3821 gratiam
2780 3738 2955 3824 (duo)

333 3832 683 3910 percipiant,
716 3850 837 3891 non
868 3833 1196 3909 aequaliter
1227 3851 1295 3891 ea
1324 3836 1601 3900 utuntur,
1643 3832 1744 3891 sed
1780 3852 1938 3892 unus
1971 3833 2296 3893 studiosius
2329 3833 2390 3892 in
2424 3852 2493 3891 ea
2525 3832 2769 3908 proficit,
2804 3832 2956 3890 alius

332 3942 439 3999 per
465 3921 901 3999 negligentiam
930 3921 1157 3999 gratiae
1179 3922 1283 3980 Dei
1313 3921 1549 3991 deest3‘
1587 3920 1650 3980 in
1691 3933 1740 3986 l.
1761 3943 1818 3998 p.
1840 3941 1895 3998 q.
1920 3931 1999 3986 62
2023 3942 2071 3986 a.
2109 3934 2143 3984 3
2180 3923 2252 3982 ad
2290 3932 2358 3985 2:
2395 3921 2762 3991 ,Dicendum
2795 3920 2954 3995 quod

333 4012 523 4072 omnis
555 4010 747 4069 forma
776 4011 1028 4070 inclinat
1055 4029 1232 4070 suum
1263 4010 1594 4087 subjectum
1630 4011 1955 4070 secundum
1989 4011 2225 4071 modum
2261 4021 2508 4070 naturae
2539 4012 2697 4086 ejus:
2745 4012 2957 4070 mo-lus

335 4106 533 4160 autem
565 4099 863 4158 naturalis
894 4099 1317 4159 intellectualis
1347 4104 1596 4158 naturae
1626 4105 1735 4170 est,
1781 4105 1854 4159 ut
1897 4100 2083 4159 libere
2115 4105 2340 4160 teratur
2382 4101 2445 4159 in
2490 4118 2573 4169 ea,
2622 4118 2773 4175 quae
2806 4100 2954 4168 vult,

334 4194 396 4248 et
438 4190 575 4247 ideo
618 4188 929 4248 inclinatio
959 4190 1184 4267 gratiae
1228 4208 1348 4248 non
1394 4189 1652 4264 imponit
1680 4189 2113 4258 necessitatem,
2163 4190 2266 4249 sed
2312 4189 2534 4248 habens
2564 4189 2816 4266 gratiam
2849 4205 2952 4264 po·

333 4282 453 4338 test
480 4297 554 4337 ea
583 4296 708 4336 non
740 4277 836 4336 uti
866 4283 930 4337 et
958 4286 1255 4353 peccare.‘
1324 4279 1506 4354 Atqui
1552 4278 1876 4337 secundum
1910 4279 2164 4338 eundem
2199 4281 2495 4338 doctorem
2529 4278 2864 4353 angelicum
2910 4289 2955 4339 1.

340 4375 374 4430 2
406 4387 464 4444 q.
508 4377 582 4432 16
620 4386 670 4430 a.
707 4377 777 4429 2:
830 4367 1000 4436 ‚Uti
1046 4371 1141 4427 est
1182 4367 1476 4443 applicare
1523 4366 1762 4442 aliquod
1811 4367 2171 4443 principium
2217 4368 2465 4426 actionis
2510 4367 2581 4425 ad
2630 4369 2956 4426 actionem:

336 4456 492 4516 sicut
540 4457 878 4516 consentire
941 4461 1032 4516 est
1091 4457 1385 4533 applicare
1433 4460 1663 4515 motum
1715 4457 2059 4532 appetivum
2124 4456 2195 4515 ad
2260 4456 2489 4532 aliquid
2539 4455 2955 4531 appetendum.

336 4546 652 4621 Applicare
681 4548 882 4605 autem
914 4546 1144 4621 aliquid
1172 4545 1246 4604 ad
1279 4545 1535 4605 alterum
1568 4565 1686 4604 non
1717 4552 1811 4604 est
1843 4545 1957 4604 nisi
1996 4546 2145 4621 eju-1,
2193 4546 2350 4622 quod
2386 4544 2563 4603 habet
2593 4563 2770 4619 super
2803 4543 2954 4602 illud

333 4633 711 4694 arbitrium.‘
775 4635 933 4711 Ergo
964 4636 1156 4712 gratia
1186 4635 1512 4693 secundum
1546 4653 1592 4692 s.
1624 4634 1971 4692 Thomam
2016 4653 2136 4693 non
2182 4635 2680 4710 praedeterminat
2712 4633 2955 4691 liberam

330 4725 726 4784 voluntatem.
795 4723 941 4782 Cum
972 4727 1169 4784 autem
1202 4723 1472 4793 dicimus,
1521 4724 1890 4782 voluntatem
1922 4723 2116 4801 gratia
2147 4726 2256 4794 uti,
2303 4742 2424 4782 non
2456 4723 2708 4780 dicimus
2743 4721 2952 4779 volun-
