3538 5364
545 319 675 384 216
1195 309 1380 363 Tract.
1408 308 1500 361 IX.
1527 307 1609 362 De
1635 306 2023 363 sacramentis.
2050 306 2248 361 'rhesis
2275 305 2510 365 CCVIII.

544 499 747 556 tales
767 542 781 568 ,
814 496 921 555 ubi
954 497 1103 554 obex
1134 514 1256 554 non
1287 495 1555 571 impedit,
1591 493 2059 553 sanctificantem
2091 493 2347 571 gratiam
2379 493 2720 552 immediate
2753 496 2816 551 et
2844 494 3176 553 efficienter

545 587 793 646 conferri
809 580 874 668 ¹),
920 605 1054 645 cum
1098 603 1206 661 per
1251 602 1314 643 se
1358 584 1602 642 evidens
1651 584 1744 654 sit,
1796 585 1984 642 Deum
2030 601 2158 642 esse
2202 585 2503 642 auctorem
2547 583 2876 659 principem
2920 584 3169 660 gratiae.

545 676 751 735 Thesis
782 675 1074 734 statuitur
1105 676 1306 732 contra
1338 676 1882 750 protestantes
1906 670 1978 754 2),
2024 690 2285 747 quorum
2328 672 2657 731 doctrinam
2688 691 2823 730 mox
2855 673 3013 731 thesi
3045 690 3171 747 seq.

545 765 910 836 exhibemus,
958 767 1170 839 estque
1203 762 1275 821 de
1306 762 1438 835 fide,
1488 766 1557 820 ut
1601 765 1768 837 patet
1800 780 1871 819 ex
1902 761 2149 820 concilio
2182 761 2361 820 trid.
2394 781 2535 825 sess,
2573 772 2604 825 7
2641 779 2766 821 can.
2804 772 2837 824 5
2873 779 2967 831 ss,
3018 780 3170 836 quo-

546 874 680 912 rum
717 864 747 916 7
785 854 869 911 ita
902 856 1104 912 sonat:
1153 852 1246 921 ,Si
1278 852 1415 927 quis
1448 851 1681 921 dixerit,
1715 869 1834 908 nou
1867 850 1994 908 dari
2026 851 2280 927 gratiam
2311 870 2418 927 per
2437 851 2781 927 hujusmodi
2801 854 3174 909 sacramenta

548 961 779 1017 semper
809 946 871 1001 et
901 942 1198 1009 omnibu8‚
1232 945 1525 1016 quantum
1558 944 1651 998 est
1681 958 1750 998 ex
1783 942 1952 1015 parte
1985 940 2108 1010 Dei,
2154 939 2387 998 etiamsi
2419 939 2537 998 rite
2569 959 2638 998 ea
2668 940 3018 1014 suscipiant,
3065 939 3174 998 sed

547 1032 864 1107 aliquando
896 1034 957 1090 et
987 1031 1307 1105 aliquibuS,
1342 1031 1411 1088 A.
1445 1029 1543 1089 S}
1605 1028 1769 1087 Alios
1804 1028 1962 1087 infra
1994 1029 2284 1092 dabimus,
2334 1029 2415 1088 cf.
2447 1030 2627 1088 etiam
2658 1047 2827 1105 prop.
2869 1040 2891 1090 l
2919 1028 3172 1087 Lutheri

545 1140 580 1178 a
609 1121 800 1179 Leone
831 1120 899 1178 X.
930 1119 1224 1178 damnata.
1451 1131 1454 1134 ⁴

724 1242 872 1308 255.
905 1239 1479 1308 Demonstratio.
1562 1237 1622 1308 l.
1656 1237 2089 1301 Consulantur
2121 1234 2165 1300 S
2186 1237 2620 1318 cripturae
2666 1236 2878 1313 effata,
2926 1236 2993 1300 in
3024 1238 3171 1319 qui-

547 1346 669 1409 bus
700 1364 913 1410 sermo
959 1353 1058 1410 est
1104 1346 1184 1411 de
1216 1350 1771 1409 sacramentorum
1803 1344 2106 1420 efficacia,
2154 1344 2513 1424 cujusmodi
2544 1350 2725 1408 sunt:
2784 1344 2967 1408 Joan.
3004 1349 3062 1420 3.
3097 1349 3171 1413 5:

550 1452 693 1516 Nisi
725 1455 862 1538 quis
881 1461 1140 1517 renatus
1168 1453 1365 1535 fuerit
1395 1474 1470 1515 ex
1505 1473 1673 1535 aqua
1705 1458 1760 1514 et
1782 1449 2028 1536 Spiritu
2049 1472 2116 1528 3.,
2150 1471 2277 1513 non
2301 1457 2502 1535 potest
2532 1452 2794 1515 introire
2826 1455 2893 1514 in
2912 1473 3173 1535 reynum

551 1559 672 1623 Dei
686 1586 717 1638 ,·
746 1560 885 1624 Act.
920 1566 978 1636 2,
1013 1565 1131 1630 38:
1179 1559 1555 1644 Baptizatur
1586 1560 2009 1644 unusquisque
2040 1566 2311 1621 vestrum
2358 1560 2427 1619 in
2461 1560 2705 1622 nomine
2736 1559 2802 1622 J.
2842 1559 3073 1622 Christi
3104 1563 3174 1622 in

548 1669 968 1731 remissionem
993 1674 1394 1751 peccatorum
1426 1674 1768 1729 vestrorum
1787 1691 1818 1742 ,·
1863 1676 1919 1730 et
1965 1667 2283 1752 accipietis
2329 1667 2562 1728 domun
2595 1663 2874 1749 Spiritus
2903 1687 2985 1743 s.,·
3033 1666 3172 1730 Act

549 1780 653 1851 22,
693 1780 791 1851 16,
825 1775 934 1838 ubi
964 1774 1251 1838 Ananias
1283 1773 1435 1836 dicit
1468 1773 1552 1836 ad
1584 1770 1852 1836 Saulum
1885 1752 2242 1859 (Paulum):
2275 1772 2444 1850 Quid
2476 1776 2748 1837 moraris
2768 1774 2802 1836 ἓ
2824 1794 3086 1856 exsurqe
3117 1782 3176 1837 et

549 1881 894 1966 baptizare,
928 1889 984 1945 et
1015 1881 1196 1945 ablue
1218 1887 1478 1965 peccata
1512 1890 1618 1944 tua
1630 1906 1656 1961 ;
1699 1880 1853 1962 Eph.
1888 1884 1946 1955 5.
1982 1884 2100 1948 25:
2149 1880 2432 1942 Christus
2476 1881 2696 1943 dileaeit
2734 1879 3072 1943 Ecclesiam
3118 1887 3176 1942 et

544 1970 819 2072 seipsum
851 1990 1118 2052 tradidit
1147 2009 1265 2072 pro
1297 2010 1392 2070 ea,
1425 1994 1493 2051 ut
1524 1987 1702 2051 illam
1732 1988 2173 2070 sanctificaret,
2204 1988 2522 2050 mundans
2552 1986 2805 2051 lavacro
2853 2010 3056 2073 aquae
3103 1990 3171 2048 in

547 2096 726 2159 verbo
757 2097 921 2160 vitae
935 2118 962 2174 ;
991 2095 1107 2160 Tit.
1131 2100 1190 2172 3,
1225 2100 1299 2163 ὗε
1333 2092 1551 2159 Salvos
1569 2116 1681 2157 uos
1709 2096 1859 2178 fecit
1881 2116 2003 2178 per
2036 2094 2362 2158 lavacrum
2396 2096 2881 2176 reqenerationis
2911 2102 2969 2157 et
2998 2115 3176 2158 reno-

550 2203 820 2265 vationis
855 2203 1131 2286 Spiritus
1176 2205 1409 2277 sancti‚·
1455 2201 1592 2265 Act.
1626 2202 1685 2279 8,
1741 2207 1851 2270 17:
1909 2201 2081 2265 Tunc
2128 2200 2525 2284 imponebant
2572 2202 2826 2288 (Petrus
2878 2208 2943 2265 et
2972 2202 3176 2266 Joan-

550 2308 691 2395 nes)
724 2329 953 2372 manus
983 2329 1173 2393 super
1207 2308 1343 2372 illos
1374 2316 1430 2372 et
1451 2309 1840 2393 accipiebant
1861 2306 2171 2392 Spiritum
2191 2329 2281 2388 s.,·
2309 2309 2492 2374 Joan.
2516 2313 2576 2384 6,
2597 2311 2715 2376 59:
2750 2310 2871 2389 Qui
2898 2309 3174 2373 inandu-

545 2421 651 2479 cat
695 2415 859 2478 hunc
898 2436 1151 2499 panem,
1201 2418 1356 2480 vivet
1388 2419 1455 2480 in
1505 2423 1867 2495 aeternum;
1919 2422 1971 2484 1.
2006 2415 2163 2478 Tim.
2200 2420 2259 2491 4,
2300 2422 2415 2484 14:
2480 2415 2627 2479 Noli
2672 2418 2975 2500 neqliyere
3014 2438 3175 2499 yra-

545 2523 703 2586 tiam
753 2572 766 2586 .
817 2572 830 2585 .
879 2573 890 2585 .
937 2545 1096 2608 quae
1141 2525 1299 2588 data
1345 2530 1432 2587 est
1483 2524 1596 2586 tibi
1629 2572 1643 2586 .
1682 2573 1693 2585 .
1728 2572 1741 2586 .
1777 2544 1915 2585 cum
1971 2524 2366 2607 impositione
2412 2544 2719 2587 manuum
2758 2523 3175 2607 presbyteri&

549 2635 606 2698 2.
652 2629 808 2693 Tim.
860 2637 914 2699 1.
967 2636 1039 2699 6:
1089 2631 1431 2694 Resuscites
1475 2632 1758 2714 qratiam
1808 2630 1963 2713 Dei,
2013 2650 2172 2716 quae
2218 2636 2304 2693 est
2350 2631 2417 2692 in
2464 2640 2520 2695 te
2559 2651 2679 2715 per
2724 2632 3176 2714 impositionem

548 2757 853 2801 manuum
884 2758 1170 2802 mearum
1181 2762 1208 2818 ;
1237 2739 1419 2804 Joan.
1455 2741 1559 2815 20,
1595 2744 1679 2806 22
1713 2757 1794 2800 S.:
1827 2739 2109 2821 Accipite
2145 2738 2455 2832 Spiritum:
2487 2759 2532 2802 s.
2553 2764 2583 2816 ,·
2627 2759 2891 2824 quorum
2924 2744 3177 2803 remise-

547 2847 690 2908 ritis
724 2854 1007 2929 peccata,
1066 2847 1460 2909 remittentur
1519 2849 1620 2921 eiS,
1670 2854 1725 2910 et
1772 2865 2035 2929 quorum
2094 2847 2487 2926 retinueritis,
2554 2852 2793 2909 retenta
2851 2852 2996 2908 sunt
3057 2850 3176 2909 ete.

549 2951 743 3033 Atqui
773 2953 948 3016 hisce
980 2952 1046 3015 in
1077 2952 1459 3016 testimoniis
1491 2972 1573 3017 ne
1605 2952 1804 3017 semel
1841 2951 2097 3034 quidem
2129 2953 2427 3029 innuitur,
2474 2952 2771 3017 effectum
2801 2970 3178 3016 sacramen-

556 3064 768 3122 torum
800 3060 1112 3122 contineri
1143 3058 1284 3135 fide,
1317 3078 1485 3141 quae
1518 3060 1848 3136 excitetur,
1882 3061 1983 3124 vel
2016 3060 2463 3141 obsignatione
2482 3060 2980 3141 promissionum
3013 3058 3178 3122 divi-

551 3182 814 3228 narum:
848 3165 961 3229 sed
996 3165 1231 3229 diserte
1251 3166 1354 3229 vel
1374 3167 1857 3248 aequivalenter
1890 3168 2291 3244 enunciatur,
2325 3173 2734 3231 sacramenta
2755 3185 2834 3231 eo
2856 3166 3176 3247 pertinere

552 3275 615 3334 et
644 3271 815 3333 hunc
848 3290 990 3336 esse
1023 3272 1275 3336 illorum
1308 3273 1624 3349 effectum,
1669 3280 1740 3337 ut
1772 3274 2065 3338 homines
2096 3274 2406 3350 laventur,
2453 3279 2861 3350 renoventur,
2906 3287 3177 3353 regene-

551 3382 789 3453 rentur,
824 3378 1143 3460 accipiant
1163 3376 1470 3462 Spiritum
1490 3401 1558 3458 s.,
1580 3381 1798 3444 vivant
1829 3382 1895 3444 in
1916 3389 2268 3457 aeternum,
2300 3380 2747 3445 remissionem
2767 3397 3176 3462 consequan-

550 3489 654 3547 tur
683 3490 1114 3564 peccatorum.
1148 3485 1288 3565 Quo
1321 3506 1474 3552 vero
1507 3488 1732 3551 habitu
1752 3507 1962 3570 quave
1981 3488 2293 3553 relatione
2327 3486 2410 3551 ad
2441 3489 2560 3552 hos
2590 3488 2952 3553 referuntur
2980 3486 3173 3552 effec-

553 3593 700 3652 tus?
759 3589 869 3666 Eo,
905 3611 1097 3673 quem
1129 3591 1495 3676 Scripturas
1526 3596 1706 3677 ipsae
1739 3595 2078 3676 designant
2107 3617 2173 3664 a.
2208 3595 2538 3675 particulis
2570 3617 2664 3678 ex,
2689 3616 2843 3678 per:
2891 3597 2960 3665 b.
2993 3592 3178 3658 abla-

771 3806 806 3874 ¹)
838 3804 1362 3864 „Sacramentorum
1393 3807 1663 3871 efficacia,
1703 3806 1903 3874 inquit
1929 3807 2118 3860 Fran
2137 3826 2164 3859 z
2183 3806 2342 3861 elin
2370 3808 2512 3863 thee.
2541 3812 2573 3862 6
2602 3828 2656 3878 p.
2684 3814 2734 3872 3,
2761 3807 2834 3860 ad
2862 3806 3180 3876 producen-

549 3883 681 3935 dam
708 3882 954 3952 gratiam
984 3884 1211 3955 concipi
1236 3889 1427 3954 potest
1451 3886 1789 3956 tripliciter:
1818 3887 2002 3956 primo
2031 3888 2130 3951 ita,
2158 3890 2225 3940 ut
2249 3903 2351 3957 per
2377 3890 2727 3941 sacramenta
2752 3889 3049 3953 tamquam
3076 3901 3181 3955 per

553 3962 716 4034 signa
742 3966 800 4017 et
826 3963 1081 4018 visibilia
1108 3967 1280 4020 verba
1320 3969 1408 4035 (ut
1446 3969 1497 4018 A
1514 3985 1551 4020 u
1568 3987 1605 4036 g
1623 3986 1659 4021 u
1679 3985 1703 4020 s
1719 3971 1744 4019 t
1759 3967 1780 4019 i
1798 3985 1835 4019 n
1853 3985 1890 4020 u
1909 3985 1935 4020 s
1974 3969 2252 4040 loquitur)
2296 3969 2659 4038 evangelium
2693 3964 3182 4021 reconciliationis

551 4043 862 4098 extrinsece
889 4049 1262 4115 proponatur,
1292 4062 1465 4114 quam
1487 4048 1939 4117 propositionem
1960 4049 2273 4118 suscipiens
2293 4051 2463 4104 homo
2484 4048 2719 4103 aliunde
2738 4047 2975 4116 adjutus
2990 4046 3181 4117 gratia

549 4124 763 4178 actuali
790 4124 1034 4189 interna,
1062 4143 1180 4180 sese
1207 4126 1478 4197 disponat
1502 4127 1629 4183 fide.
1671 4144 1768 4198 spe
1811 4131 1868 4180 et
1907 4129 2145 4183 caritate
2185 4130 2257 4182 ad
2299 4130 2751 4183 sanctificantem
2777 4127 3022 4198 gratiam
3049 4143 3181 4180 cou-

550 4206 898 4272 sequendam
925 4223 994 4260 ex
1022 4224 1190 4277 opere
1217 4208 1272 4260 h.
1301 4225 1348 4263 e.
1374 4224 1439 4261 ex
1467 4208 1670 4261 merito
1698 4224 1971 4278 congruo,
2014 4211 2122 4274 vel,
2163 4210 2210 4263 si
2244 4211 2367 4280 jam
2399 4210 2594 4279 justus
2621 4212 2722 4274 est,
2763 4225 2827 4261 ex
2855 4223 3023 4279 opere
3050 4225 3180 4262 con-

548 4284 724 4355 digno
754 4289 1062 4355 operantis„
1115 4290 1192 4341 At
1229 4290 1369 4341 haec
1409 4290 1494 4342 est
1532 4288 1783 4341 efficacia
1828 4288 2060 4359 propria
2100 4289 2544 4360 praedicationis
2584 4290 2744 4344 verbi
2770 4288 2875 4342 Dei
2915 4291 2975 4342 et
2996 4305 3182 4341 sacra·

553 4368 875 4420 mentorum
904 4368 966 4421 V.
999 4368 1060 4421 T.
1090 4402 1150 4410 —
1185 4368 1314 4422 Alio
1343 4368 1508 4422 modo
1537 4367 1743 4422 deinde
1774 4373 1964 4438 posset
1989 4370 2215 4440 concipi
2242 4370 2341 4434 ita,
2371 4373 2437 4423 ut
2457 4387 2557 4440 per
2583 4373 2935 4422 sacramenta
2962 4385 3025 4421 ex
3059 4384 3180 4422 esse

554 4445 738 4498 solum
767 4448 1096 4502 obtineatur
1122 4451 1311 4518 gratia
1338 4449 1581 4503 actualis
1626 4449 2031 4504 illustrationis
2078 4453 2136 4503 et
2179 4451 2467 4515 motionis,
2514 4450 2608 4504 cui
2653 4451 2820 4503 homo
2867 4465 3181 4519 cooperans

553 4526 852 4594 perveniat
875 4529 948 4582 ad
976 4530 1435 4598 justificationem
1467 4530 1556 4583 vel
1582 4531 1803 4600 gratiae
1832 4530 2240 4584 sanctificantis
2266 4533 2660 4601 augmentum.
2702 4529 2855 4582 Haec
2881 4531 2968 4581 est
2992 4527 3181 4581 virtue

551 4605 783 4676 propria
807 4625 923 4662 nou
950 4615 1447 4674 sacramentorum,
1477 4612 1572 4664 sed
1601 4610 1864 4665 sacrificii
1892 4627 2071 4664 novae
2099 4611 2314 4681 Legis⁶⁴
2371 4610 2626 4665 Tertium
2654 4608 2886 4662 modum
2916 4623 3090 4678 supra
3116 4607 3177 4660 in

553 4689 709 4740 textu
738 4692 1130 4760 expressimus.

768 4774 809 4840 9)
839 4769 1089 4834 Quorum
1107 4773 1424 4826 doctrinam
1452 4774 1523 4828 cf.
1553 4774 1710 4843 apud
1739 4773 1840 4828 Μὸ
1857 4775 1894 4828 h
1914 4775 1979 4828 le
1996 4791 2023 4826 r
2042 4773 2339 4842 Symbolik
2359 4783 2385 4840 ἓ
2408 4779 2475 4830 29
2493 4791 2560 4827 ss,
2581 4794 2592 4830 ς
2621 4771 2693 4823 W
2712 4770 2731 4823 i
2748 4789 2787 4823 n
2804 4786 2833 4824 e
2848 4787 2876 4822 r
2903 4791 2958 4841 p.
2985 4777 3083 4827 119
3104 4787 3175 4824 ss·
