3538 5364
572 250 701 313 142
843 240 1029 293 Tract.
1054 239 1205 292 vm.
1231 237 1300 292 de
1319 236 1751 308 justificatione.
1778 238 1881 292 Th.
1909 237 2037 293 CCI.
2065 238 2459 292 Justificamur
2477 237 2664 309 gratia
2688 238 2906 294 inhaer.

562 421 1080 484 communicatur
1109 421 1317 500 gratia
1366 420 1572 502 ipsam
1604 425 1907 483 naturam
1957 437 2202 483 sanans
2248 420 2433 502 eique
2477 420 2821 485 inhaerens
2852 426 2917 484 et
2944 422 3202 485 consti-

567 527 805 591 tuimur
835 526 1187 607 subjective
1213 527 1384 608 justi,
1415 545 1545 590 non
1578 527 1788 591 solum
1819 545 1934 608 per
1964 525 2468 607 imputationem.

748 654 1232 724 ,Perabsurdum
1277 656 1385 726 est,
1432 654 1634 730 inquit
1664 654 1736 713 ad
1771 674 1896 713 rem
1926 654 2276 731 Cyl-illus
2309 655 2455 712 alex.
2489 655 2765 732 Glaphyr.
2797 656 2838 718 l.
2882 669 2903 719 1
2948 656 3011 715 in
3045 658 3195 716 Gen.

565 746 847 825 (Migne
901 756 1001 816 69,
1058 740 1186 826 30),
1238 748 1309 801 ut
1357 743 1566 814 Adam,
1601 746 1926 803 terrenum
1976 743 2290 813 hominem,
2344 744 2466 802 vim
2516 745 2952 804 maledictionis
3001 747 3200 805 veluti

567 834 864 910 quandam
894 833 1317 893 haereditatem
1349 833 1682 892 naturalem
1728 832 1804 891 ad
1848 835 2046 891 totum
2091 828 2417 890 humanum
2454 852 2646 910 genus
2679 852 2853 909 posse
2883 836 3199 894 transmit-

562 922 691 983 tere
723 924 1112 982 arbitremur:
1160 922 1604 980 Emmanuelem
1633 941 1792 992 vere,
1840 922 1944 997 qui
1990 921 2064 979 de
2096 920 2256 980 coelo
2288 925 2382 980 est
2412 922 2693 999 Deusque
2725 928 2940 998 suapte
2971 931 3196 984 natura

562 1016 629 1071 et
657 1012 833 1071 nobis
862 1011 1074 1071 similis
1106 1030 1232 1070 esse
1262 1011 1458 1069 voluit
1489 1011 1907 1086 secundusque
1939 1010 2130 1069 Adam
2159 1010 2352 1069 factus
2385 1015 2491 1082 est,
2535 1030 2656 1070 non
2686 1017 2927 1071 tantum
2955 1013 3197 1072 roboris

566 1102 845 1161 habuisse
876 1100 1302 1170 existimemuS,
1343 1106 1414 1158 ut
1443 1098 1597 1169 illos,
1645 1100 1750 1172 qui
1781 1101 1911 1175 ejus
1942 1099 2406 1158 familiaritatem
2442 1119 2547 1175 per
2577 1099 2752 1159 fidem
2787 1102 2991 1178 adepti
3023 1107 3195 1174 sunt,

566 1209 708 1250 suae
754 1191 912 1250 vitae
958 1189 1275 1266 participes
1315 1189 1541 1247 efficere
1572 1189 1826 1265 possit.‘
1883 1222 1954 1231 —
2009 1188 2240 1247 Similia
2283 1189 2504 1248 habent
2547 1190 3051 1267 Augustinus
3096 1211 3195 1268 op.

561 1279 795 1358 imperf.
828 1280 903 1351 11,
946 1291 1057 1343 101
1100 1283 1162 1337 et
1195 1286 1354 1348 2033
1402 1278 1847 1336 Bernardus
1894 1296 1985 1352 ep.
2028 1288 2143 1340 190
2179 1295 2288 1335 seu
2319 1280 2394 1336 tr.
2431 1279 2504 1336 de
2536 1280 2838 1339 erroribus
2869 1280 3196 1340 Abaelardi

563 1388 623 1431 n.
656 1381 762 1433 16:
803 1371 932 1437 ,An
954 1371 1259 1444 peccatum
1292 1368 1356 1425 in
1387 1366 1613 1425 semine
1633 1366 1972 1443 peccatoris,
2007 1369 2068 1424 et
2098 1386 2218 1425 non
2242 1366 2488 1442 justitia
2518 1367 2581 1425 in
2604 1368 2820 1427 Christi
2853 1370 3194 1445 sanguine?

568 1503 580 1516 .
615 1501 630 1517 .
664 1502 677 1515 .
709 1458 831 1516 Nec
861 1457 1093 1533 patitur
1121 1456 1275 1515 ratio
1306 1456 1643 1531 aequitatis,
1690 1458 1762 1513 ut
1805 1474 1873 1514 ex
1919 1473 2108 1529 aequo
2154 1456 2536 1532 contendant,
2579 1458 2683 1515 sed
2715 1458 2917 1517 vincat
2944 1476 3194 1518 necesse

560 1550 660 1605 est
690 1547 937 1622 spiritus
971 1564 1224 1616 carnem,
1273 1548 1335 1603 et
1372 1545 1454 1603 sit
1483 1543 1775 1603 efficacior
1805 1562 1997 1613 causa,
2032 1545 2205 1619 cujus
2236 1545 2432 1621 potior
2462 1549 2558 1604 est
2586 1549 2833 1605 natura:
2880 1566 2998 1623 quo
3044 1548 3191 1623 plus

562 1636 843 1695 videlicet
886 1634 1076 1710 prosit
1118 1633 1419 1711 generatio
1453 1633 1728 1703 secunda,
1778 1652 1955 1708 quam
2002 1632 2192 1709 prima
2236 1634 2568 1698 nocuerit.‘
2636 1634 2917 1694 Suarez
2948 1635 3076 1709 VII,
3131 1647 3190 1699 7.

747 1773 813 1840 3.
848 1771 1196 1836 Praeterea
1246 1790 1293 1832 s.
1328 1766 1658 1850 Scriptura
1703 1774 1994 1846 testatur,
2027 1767 2350 1833 Christum
2380 1770 2634 1837 venisse
2681 1772 2854 1835 hunc
2899 1773 2965 1836 in
2994 1792 3186 1837 mun-

562 1880 736 1954 dum,
769 1884 840 1942 ut
870 1897 992 1941 nos
1021 1876 1318 1941 redderet
1350 1882 1629 1952 sanctos,
1661 1876 2128 1953 immaculatos,
2154 1876 2362 1958 justos
2394 1875 2548 1957 Eph.
2587 1884 2641 1955 1,
2674 1883 2747 1955 43
2800 1884 2859 1955 5,
2893 1885 3016 1956 253
3066 1879 3187 1943 Tit.

570 1993 628 2062 2,
661 1988 703 2053 5
737 1989 853 2049 etc.
905 1984 1103 2066 Atqui
1132 1983 1324 2048 finem
1356 2002 1544 2048 suum
1576 2002 1709 2047 non
1742 1990 1913 2048 esset
1945 1991 2279 2047 assecutus
2312 1989 2377 2048 et
2409 2001 2450 2045 a
2479 2002 2678 2066 scopo
2711 1985 3097 2063 aberrasset,
3131 1987 3187 2049 si

565 2093 744 2174 impii
774 2110 906 2155 non
938 2109 1165 2173 reapse
1191 2092 1366 2172 justi,
1398 2092 1515 2156 sed
1547 2091 1759 2173 specie
1796 2097 2045 2155 tantum
2091 2095 2155 2155 et
2201 2089 2624 2172 imputatione
2648 2092 2805 2173 justi
2836 2093 3186 2158 redderen-

562 2206 687 2275 tur,
719 2199 967 2280 illisque
1012 2197 1144 2264 fere
1191 2198 1515 2280 applicare
1560 2198 1780 2263 liceret
1825 2197 1975 2261 illud
2007 2197 2228 2261 Matth.
2267 2203 2323 2274 7,
2364 2201 2475 2266 15:
2549 2198 2817 2263 Veniunt
2864 2200 2952 2263 ad
2980 2220 3084 2262 vos
3115 2201 3184 2260 in

568 2308 939 2370 vestimentis
969 2308 1192 2383 ovium,
1226 2308 1597 2369 intrinsecus
1628 2312 1837 2369 autem
1871 2312 2015 2368 sunt
2049 2304 2182 2388 lupi
2215 2325 2494 2389 rapaces,

742 2430 807 2500 4.
840 2430 1014 2495 Haec
1047 2431 1262 2513 opinio
1295 2430 1555 2512 insuper
1586 2429 2027 2511 philosophice
2078 2435 2177 2493 est
2227 2429 2524 2493 absurda.
2588 2431 2715 2495 Res
2748 2431 2918 2494 enim
2950 2431 3185 2512 duplici

567 2538 862 2618 praedita
893 2537 1097 2602 forma
1130 2538 1445 2619 opposita,
1479 2537 1685 2602 altera
1715 2537 1969 2601 interna
2001 2541 2066 2600 et
2090 2537 2483 2623 inhaerente,
2516 2537 2719 2601 altera
2749 2543 3035 2615 externa,
3067 2538 3182 2603 de-

562 2644 934 2709 nominatur
963 2646 1177 2728 potius
1211 2664 1252 2709 a
1284 2644 1491 2709 forma
1522 2644 1793 2718 interna,
1828 2660 2019 2724 quam
2056 2642 2138 2706 ab
2173 2648 2456 2708 externa.
2501 2643 2662 2708 Hinc
2693 2643 3001 2728 Aethiops
3033 2644 3182 2710 licet

560 2758 742 2816 veste
772 2751 1031 2816 indutus
1064 2753 1229 2829 alba,
1264 2770 1394 2815 non
1427 2750 1767 2814 vocabitur·
1808 2749 2009 2826 albuS,
2057 2750 2170 2815 sed
2215 2750 2410 2830 nigris
2461 2751 2919 2817 accensebitur.
2984 2752 3178 2835 Atqui

560 2859 904 2938 peccatori,
936 2860 1040 2922 cui
1071 2859 1421 2940 imputatur
1470 2863 1721 2922 tantum
1765 2856 2015 2939 justitia
2066 2855 2317 2933 Christi,
2368 2858 2535 2922 inest
2587 2857 2793 2922 forma
2837 2859 3179 2923 inhaerens

561 2963 930 3045 injustitiae.
982 2963 1195 3043 Quare
1221 2963 1606 3046 justificatus
1637 2964 1853 3054 potius
1884 2963 2192 3027 dicendus
2226 2969 2397 3028 esset
2426 2964 2697 3045 injustus
2728 2983 2923 3046 quam
2947 2966 3178 3047 justuS,

557 3069 733 3152 quod
766 3071 1144 3134 adversatur
1175 3071 1392 3136 sensui
1422 3071 1618 3136 totius
1650 3070 1979 3135 christiani
2010 3069 2304 3133 nominis.
2367 3069 2465 3133 Ad
2497 3071 2659 3135 haec

737 3198 801 3264 5.
826 3195 1013 3276 juxta
1043 3193 1212 3257 hanc
1245 3195 1563 3260 theoriam
1595 3212 1822 3259 omnes
1846 3193 2178 3274 justificati
2210 3212 2290 3257 ex
2323 3212 2531 3276 aequo
2565 3201 2717 3258 sunt
2739 3195 2913 3276 justi,
2947 3195 3177 3260 eadem

556 3303 729 3367 enim
754 3302 1001 3383 justitia
1033 3300 1265 3365 Christi
1296 3301 1450 3382 ipsis
1482 3302 1865 3382 imputatum
1917 3289 2126 3383 neque
2178 3298 2456 3364 infantes
2505 3309 2780 3383 possunt
2819 3302 3176 3384 justificari,

555 3427 707 3472 cum
738 3406 862 3472 fide
894 3414 1220 3490 nequeant
1252 3406 1483 3472 Christi
1516 3407 2000 3489 apprehendere
2026 3407 2340 3489 justitiam
2362 3407 2484 3471 sibi
2501 3409 2977 3490 imputandam:
3002 3410 3173 3492 quod

557 3520 899 3597 utrumque
930 3515 1310 3579 adversatur
1341 3515 1559 3578 sensui
1592 3514 1960 3578 christiano,

733 3642 797 3707 6.
830 3638 1117 3721 Denique
1148 3640 1277 3703 huc
1308 3646 1603 3721 spectant
1634 3640 1871 3716 omnia,
1904 3639 2138 3721 quibus
2184 3639 2251 3701 in
2282 3640 2367 3702 th.
2402 3644 2531 3707 202
2573 3640 2995 3721 probabimus
3026 3659 3172 3722 gra-

550 3746 713 3809 tiam
744 3746 1256 3811 sanctificantem
1289 3745 1564 3810 sormam
1597 3765 1739 3811 esse
1774 3753 1839 3811 et
1870 3744 2245 3827 qualitatem
2278 3745 2533 3809 animae
2566 3747 3024 3812 inhaerentem.

739 3905 880 3956 166.
927 3887 1294 3958 Scholion.
1362 3895 1809 3970 Exceptionibus
1851 3896 2078 3969 satisfit.
2133 3927 2204 3937 —
2256 3893 2589 3952 Provocant
2619 3897 3026 3968 protestantes
3062 3914 3172 3970 pro

552 4000 665 4040 suo
695 4001 894 4042 errore
923 3983 997 4042 de
1019 3985 1264 4059 Justitia
1294 3984 1589 4059 imputata
1620 3982 1694 4042 ad
1726 3985 1867 4042 haec
1899 3983 2236 4058 Scripturas
2267 3981 2469 4040 effata:
2521 3979 2580 4047 l.
2628 3983 2844 4041 Factus
2889 3991 2969 4042 est
3008 3985 3173 4043 nobis

551 4067 620 4151 (J
624 4118 639 4134 .
659 4071 953 4149 Christus)
985 4075 1273 4148 sapientia
1306 4093 1343 4130 a
1362 4072 1485 4131 Deo
1515 4080 1564 4131 et
1581 4072 1825 4147 justitia
1856 4080 1906 4131 et
1935 4072 2309 4146 sanctificatio
2341 4078 2392 4129 et
2422 4073 2734 4147 redemptio
2760 4082 2812 4134 1.
2836 4074 2958 4132 Cor.
2991 4085 3045 4148 1,
3070 4081 3169 4137 30.

553 4160 725 4237 Resp.
757 4159 923 4224 dish:
956 4161 1402 4221 formaliter
1431 4161 1843 4238 imputatione,
1878 4180 2061 4238 nego;
2100 4160 2504 4219 meritorie
2536 4164 2835 4236 quatenus
2860 4162 3165 4238 justitiam

547 4247 955 4309 inhaerentem
984 4251 1154 4310 nobis
1185 4250 1532 4328 promeruit,
1571 4264 1632 4309 et
1662 4250 2152 4320 efficienter,
2199 4266 2375 4319 conc„
2424 4268 2543 4324 quo
2590 4268 2768 4309 sensu
2806 4251 2962 4310 Deus
2993 4270 3168 4327 saepe

548 4337 776 4397 dicitur
806 4338 1113 4411 fortitudo,
1147 4341 1308 4399 salus
1340 4346 1565 4409 nostra,
1598 4342 1660 4398 et
1690 4340 1819 4415 ipse
1838 4340 2108 4398 Christus
2138 4338 2236 4396 hic
2266 4337 2613 4414 redemptiO.
2646 4372 2731 4383 —
2763 4336 2830 4404 2.
2862 4340 3036 4417 Eum,
3070 4344 3170 4417 qui

549 4446 665 4485 non
696 4436 928 4486 noverat
950 4435 1266 4504 peccatum,
1291 4447 1407 4504 pro
1438 4429 1604 4489 nobis
1628 4436 1927 4504 peccatum
1959 4430 2110 4503 fecit,
2157 4434 2219 4485 ut
2263 4444 2368 4485 nos
2412 4429 2769 4501 efficeremur
2784 4429 3026 4503 justitia
3058 4430 3169 4488 Dea·

547 4518 613 4574 in
644 4518 771 4592 ipso
808 4525 862 4578 2.
896 4518 1021 4579 Cor.
1058 4527 1113 4590 5,
1152 4528 1251 4580 21.
1316 4517 1536 4577 Sensus
1566 4536 1685 4576 non
1718 4521 1829 4588 est,
1876 4517 2179 4575 Christum
2211 4515 2433 4574 factum
2464 4535 2593 4576 esse
2624 4537 2731 4593 pro
2759 4516 2933 4577 nobis
2964 4537 3166 4595 pecca·

550 4609 682 4663 tum
714 4605 1125 4682 imputatione,
1159 4610 1231 4666 ut
1260 4610 1611 4683 supponunt
1630 4606 1971 4676 adversarii,
2006 4604 2110 4664 sed
2141 4624 2276 4664 eum
2308 4604 2532 4664 factum
2563 4625 2694 4665 esse
2726 4606 3029 4666 victimam
3061 4626 3166 4684 pro

546 4695 804 4768 peccatis
836 4695 1077 4768 nostris,
1112 4715 1217 4773 pro
1250 4697 1684 4774 significatione
1714 4699 1806 4754 sat
1836 4695 2081 4771 vulgata
2099 4692 2358 4752 nominis
2380 4696 2634 4770 peccati:
2667 4714 2776 4754 nos
2809 4700 3007 4755 autem
3039 4695 3166 4756 effi·
