3538 5364
758 270 763 273 “
832 265 1032 319 Gratia.
1053 265 1481 335 justificationis
1506 268 1594 319 est.
1618 265 1874 334 qualitas
1894 263 2121 321 animae
2145 264 2466 323 inhaerens.
2826 276 2950 339 147

320 447 687 513 tridentina
729 446 1017 529 synodus
1048 446 1130 510 ab
1163 446 1886 512 omnihuscredendum
1917 458 2128 527 poena
2160 447 2591 513 anathematis
2620 448 2951 531 proposita

330 554 637 631 decrevit,
670 571 804 618 non
835 554 1043 618 solum
1072 572 1188 635 per
1218 571 1411 635 quam
1445 560 1857 635 peccatorum
1901 553 1970 617 fit
1998 555 2309 632 remissie,
2354 555 2468 621 sed
2499 554 2716 619 divina
2746 555 2950 638 quali-

333 661 534 724 tasin
566 661 789 725 anima
822 660 1185 736 inhaerenS‚
1219 678 1297 725 ao
1330 661 1504 725 velut
1534 661 1838 742 splendor
1868 661 2127 743 quidam
2149 661 2359 738 etlux‚
2394 679 2558 743 quae
2589 662 2950 726 animarum

334 774 711 832 nostrarum
748 767 1038 832 maculas
1071 786 1295 835 omnes
1328 767 1498 833 delet
1529 768 1830 850 ipsasque
1863 768 2113 832 animas
2152 767 2545 849 pulchriores
2578 774 2642 833 et
2672 768 2951 851 splendi-

328 874 546 943 diores
575 874 859 950 reddit3‘
902 892 982 940 ex
1013 859 1227 939 verbis
1259 872 1556 956 Cyrilli
1589 874 1747 938 alex.
1782 875 1950 938 hom.
1972 875 2188 957 pasch.
2216 875 2605 961 10(Migne
2642 881 2741 952 77,
2763 877 2952 962 618):

339 977 653 1061 ‚Spiritus
683 999 808 1045 nos
839 980 1077 1045 similes
1109 979 1359 1045 Christo
1392 981 1600 1045 reddit
1631 1000 1745 1062 per
1776 981 2301 1046 sanctificationis
2351 982 2646 1047 videlicet
2676 982 2950 1065 qualita-

329 1095 461 1151 tem
495 1092 599 1154 διὰ
632 1089 693 1157 ἐν
726 1089 1002 1176 ἁγιασμῷ
1033 1097 1383 1177 ποιότητοςε
1435 1087 1646 1168 imago
1699 1088 1871 1152 enim
1921 1093 1985 1152 et
2035 1087 2230 1151 facies
2277 1088 2473 1152 veluti
2505 1088 2823 1170 quaedam
2856 1094 2954 1153 est

330 1190 693 1258 Salvatoris
724 1195 930 1261 nostri
947 1193 1208 1281 Christi,
1242 1188 1512 1275 Spiritus
1545 1194 1825 1257 divinam
1873 1194 1936 1257 in
1981 1190 2168 1257 nobis
2213 1194 2479 1274 figuram
2523 1213 2640 1276 per
2670 1196 2950 1279 seipsum

330 1300 819 1382 quodammodo
852 1292 1268 1383 exprimens.‘

512 1425 580 1493 2.
613 1408 789 1489 Idem
802 1443 1038 1505 magno
1051 1442 1372 1489 consensu
1387 1425 1623 1491 docent
1637 1424 1919 1505 theologi
1934 1423 2213 1501 scholae,
2229 1432 2580 1507 praeeunte
2591 1446 2638 1489 s.
2649 1425 2702 1490 T
2713 1427 2755 1490 h
2765 1445 2805 1490 o
2819 1446 2881 1490 m
2893 1445 2952 1503 a,

331 1531 520 1611 cujus
553 1533 937 1615 argumenta
960 1531 1356 1595 lucidissima
1387 1551 1582 1612 supra
1614 1532 1910 1597 dedimus
1939 1532 2174 1614 quique
2205 1526 2432 1596 iterum
2465 1534 2556 1596 ita
2587 1534 2811 1598 statuit
2831 1539 2888 1608 1,
2912 1539 2952 1601 2

342 1655 400 1718 q.
440 1643 570 1705 119
593 1655 652 1700 a.
676 1642 717 1705 2
739 1638 821 1701 ad
840 1639 913 1702 2:
951 1632 1213 1711 ,Omnis
1245 1636 1608 1701 substantia
1637 1637 1739 1700 vel
1773 1643 1872 1701 est
1903 1637 2042 1717 ipsa
2073 1644 2307 1702 natura
2337 1637 2448 1715 rei,
2480 1639 2659 1721 quus
2680 1644 2779 1703 est
2797 1637 2951 1702 sub-

330 1726 596 1820 stantia,
644 1741 747 1815 vel
778 1751 879 1808 est
906 1763 1059 1827 pars
1088 1744 1375 1821 naturae,
1408 1744 1758 1807 secundum
1795 1761 1984 1824 quem
2016 1744 2280 1807 modum
2313 1746 2584 1810 materia
2614 1746 2714 1811 vel
2747 1746 2953 1809 forma

339 1850 708 1914 substantia
741 1850 984 1914 dicitur.
1016 1849 1092 1913 Et
1110 1851 1262 1932 quia
1280 1850 1485 1930 gratia
1516 1856 1613 1914 est
1643 1867 1841 1931 supra
1871 1856 2169 1914 naturam
2190 1851 2559 1928 humanam,
2588 1870 2720 1916 non
2738 1858 2954 1934 potest

331 1975 497 2029 esse,
533 1957 709 2039 quod
737 1957 824 2022 sit
852 1956 1213 2022 substantia
1244 1963 1355 2021 aut
1388 1956 1593 2021 forma
1639 1956 2098 2033 substantialia
2143 1957 2258 2022 sed
2289 1965 2388 2023 est
2418 1958 2624 2024 forma
2654 1959 2951 2024 acciden-

334 2064 482 2129 talis
516 2065 719 2149 ipsius
752 2064 1023 2129 animae.
1055 2064 1121 2127 Id
1155 2064 1343 2140 enim,
1376 2064 1546 2146 quod
1579 2062 2084 2128 substantialiter
2101 2071 2198 2130 est
2218 2065 2281 2127 in
2301 2064 2454 2141 Deo,
2476 2065 2954 2129 accidentaliter

334 2170 404 2234 fit
432 2173 500 2234 in
536 2154 763 2235 anima
791 2170 1213 2252 participante
1245 2169 1525 2234 divinam
1558 2170 1971 2234 bonitatem.‘

516 2315 585 2381 3.
617 2313 941 2377 Probatur
986 2313 1149 2378 haec
1197 2331 1348 2396 pars
1400 2312 1506 2377 via
1556 2312 1956 2377 exclusionis.
2018 2311 2239 2395 Neque
2289 2314 2457 2377 enim
2490 2314 2695 2394 gratia
2720 2316 2951 2397 justifi-

333 2420 613 2484 oetionis
647 2428 747 2485 est
775 2412 1158 2496 substantia,
1205 2426 1275 2483 ut
1318 2437 1432 2501 per
1476 2438 1547 2485 se
1577 2424 1789 2502 patet3
1835 2436 2044 2501 neque
2085 2437 2264 2484 mera
2309 2420 2534 2483 relatio
2567 2426 2632 2485 et
2662 2422 2954 2486 denomi-

334 2528 533 2607 nati0‚
568 2546 780 2610 neque
812 2526 1014 2591 motio
1048 2527 1382 2609 transi-ens,
1436 2532 1507 2590 ut
1555 2526 1835 2607 probant
1885 2532 2261 2606 argumenta
2310 2546 2368 2608 p.
2419 2528 2696 2608 primae;
2748 2549 2957 2612 neque

335 2634 571 2699 modus
605 2635 862 2699 animae
893 2633 1147 2717 quidem
1180 2632 1544 2710 inhaeren8‚
1598 2631 1711 2697 sed
1758 2651 1828 2698 re
1861 2632 1943 2720 ab
1978 2634 2114 2716 ejus
2147 2633 2506 2699 substantia
2538 2634 2956 2712 indistinctus,

332 2741 479 2823 plus
512 2743 687 2807 enim
718 2742 980 2822 exigunt
1009 2742 1209 2806 verba
1240 2742 1656 2807 conciliorum
1693 2742 2104 2825 rationesque
2137 2743 2371 2807 allatae
2403 2763 2463 2826 n.
2494 2748 2633 2820 168,
2658 2749 2722 2807 et
2752 2744 2957 2824 gratia

332 2849 752 2913 sanctificans
778 2847 1136 2928 *singulares
1168 2867 1557 2931 prorsusque
1592 2849 2112 2930 supernaturales
2144 2849 2341 2913 habet
2372 2849 2654 2926 effectuS‚
2685 2850 2793 2931 qui
2824 2868 2957 2913 non

332 2962 613 3037 possunt
644 2953 837 3018 tribui
871 2955 1122 3019 entitati
1153 2973 1221 3019 re
1252 2956 1658 3019 indistinctae
1692 2955 1777 3020 ab
1816 2956 2072 3019 animae
2104 2956 2480 3032 substantia,
2526 2957 2678 3038 quin
2709 2957 2960 3022 illorum

333 3061 917 3143 supernaturalitas
947 3062 1013 3124 in
1045 3062 1389 3128 discrimen
1421 3068 1701 3134 vocetur.
1761 3061 2099 3145 Reliquum
2132 3082 2281 3144 ergo
2316 3069 2429 3134 est,
2462 3071 2534 3127 ut
2557 3063 2959 3145 justificatio-

332 3168 436 3231 nis
470 3170 683 3248 gratia
713 3168 796 3233 sit
818 3168 1137 3245 accidens,
1170 3168 1464 3251 qualitas,
1498 3167 1704 3232 forma
1738 3169 2058 3251 quaedam
2081 3169 2510 3234 accidentalis.
2544 3168 2633 3233 Cf.
2666 3168 2957 3237 Schee-

332 3276 1065 3359 ben1.3§168.170.
1120 3351 1123 3356 ,

526 3424 668 3487 171.
703 3419 959 3502 'rhesis
994 3417 1242 3489 CCIII·
1293 3441 1373 3496 Ut
1412 3444 1683 3494 natura
1728 3443 1938 3507 atque
1964 3440 2236 3494 indoles
2274 3442 2554 3507 cratiae
2580 3441 2963 3506 iustifican-

330 3529 427 3580 εἰσ
462 3527 724 3582 melius
766 3527 1229 3593 intentantur,
1254 3529 1554 3582 dicimus
1578 3529 1775 3582 illiue
1800 3528 2087 3592 'effeetus
2098 3529 2443 3604 formales
2471 3543 2613 3583 esse
2642 3529 2699 3582 1.
2730 3530 2960 3586 delere

331 3617 561 3682 illius,
597 3620 732 3684 qui
757 3618 1228 3686 ,iustificatum
1257 3622 1550 3686 peccata
1587 3619 1863 3684 arat-ia,
1887 3632 2182 3685 eumque
2208 3619 2273 3670 2.
2300 3621 2595 3674 reddere
2621 3620 2769 3673 Deo
2794 3635 2960 3686 ora-

329 3709 486 3758 tum
527 3710 592 3760 et
629 3705 698 3760 3.
735 3702 1044 3772 iustum‚·
1088 3708 1524 3774 perfundere
1576 3708 1643 3760 4.
1697 3708 1922 3771 ipsius
1973 3708 2291 3760 animam
2344 3705 2713 3774 splendore
2750 3714 2958 3775 atque

322 3795 868 3860 pulchritudine
903 3790 1218 3862 παρείη
1271 3811 1492 3864 neque
1542 3798 1815 3850 mirum
1868 3796 1959 3861 5.,
2009 3811 2166 3850 eum
2207 3796 2316 3849 illc
2352 3798 2557 3851 indat
2591 3797 2960 3861 specialem

331 3899 497 3938 cum
541 3884 675 3938 Dei
712 3884 902 3944 ‚Filio
938 3886 1303 3951 unioenito
1327 3887 1896 3951 similitudmem,
1922 3899 2219 3952 eumque
2254 3889 2630 3939 constituat
2662 3886 2961 3939 6.mem-

330 3975 545 4027 hrum
600 3973 859 4027 Christi
909 3976 1165 4039 vivum,
1212 3975 1462 4038 tilium
1502 3976 1638 4028 Dei
1687 3976 2094 4039 adoptivum
2141 3975 2600 4041 heredemque
2650 3974 2959 4039 olm-iae,-

332 4067 481 4119 ϋηο
524 4061 586 4117 7.
624 4061 912 4119 divitiae
939 4061 1192 4120 reddat
1230 4070 1619 4121 consortem
1661 4069 2012 4130 numme,-
2050 4065 2246 4124 unde,
2274 4069 2520 4130 sponte
2554 4077 2689 4118 sua
2727 4067 2957 4130 eequi-

329 4160 458 4210 tur
494 4156 562 4208 8.
599 4168 760 4226 eam
784 4153 1161 4222 justorum*
1187 4158 1459 4224 actibus
1511 4157 1934 4222 divnitatem
1985 4167 2378 4221 novumque
2427 4153 2742 4208 valorem
2793 4169 2958 4230 eort-

318 4248 547 4310 ferre.

513 4366 933 4442 Declaratlo
962 4387 1032 4452 p.
1066 4367 1130 4435 Ῑ.
1163 4372 1406 4452 Formae
1436 4371 1688 4448 alicujus
1719 4370 2067 4431 excellentia
2096 4389 2167 4429 ex
2197 4371 2329 4445 ejus
2360 4370 2707 4445 praesertim
2737 4370 2954 4429 effectu

329 4458 652 4518 formali
682 4459 886 4537 colligi
918 4464 1132 4537 potest.
1178 4461 1309 4520 Etsi
1335 4463 1534 4520 autem
1555 4459 1846 4536 simplicis
1878 4459 2094 4518 formae
2125 4477 2285 4517 nnus
2314 4461 2554 4517 tantum
2584 4460 2679 4517 est
2709 4458 2951 4518 effectus

326 4549 723 4623 adaequeiam,
770 4549 846 4607 ob
889 4552 1083 4607 varios
1128 4540 1330 4608 tamen
1373 4549 1564 4625 ipsius
1597 4553 1903 4625 respectus
1934 4548 2369 4622 relationesque
2399 4547 2463 4605 in
2499 4547 2698 4623 plures
2731 4545 2955 4623 poterit

326 4657 506 4712 saepe
538 4638 786 4696 effectus
818 4638 1075 4697 discerni
1104 4637 1550 4716 inadaequatos.
1611 4638 1894 4707 Quocirca
1936 4637 2115 4695 etiam
2161 4637 2364 4713 plures
2396 4637 2676 4711 partiales
2710 4637 2952 4695 effectus

327 4727 631 4798 formales,
682 4726 783 4786 vel
825 4729 997 4803 qnasi
1046 4727 1322 4786 formales
1368 4728 1594 4805 gratiae
1637 4727 1702 4785 in
1738 4725 2166 4802 justificatione
2210 4726 2441 4784 infusae
2489 4724 2955 4800 distinguimus:

2565 4827 2654 4878 10·
