3538 5364
754 255 951 309 'rhesis
980 255 1313 309 ccxxxix.
1345 254 1596 307 Potestas
1624 253 1871 307 clavium
1904 251 2186 305 Ecclesiae
2216 268 2496 305 concessa.
2804 260 2932 323 417

1461 489 1807 575 Caputl.

410 618 511 681 De
560 622 987 697 potestate
1035 611 1518 677 remittendi
1565 611 2155 692 retinendique
2205 610 2822 691 baptizatorum

792 727 1141 804 peccata
1186 719 1618 782 Ecclesiae
1666 736 1707 781 a
1754 717 2082 781 Christo
2130 718 2462 780 collata.

497 870 645 933 436.
678 864 930 931 Thesis
978 860 1438 929 CCXXXIX·
1489 881 1796 935 Contulit
1845 882 2161 933 Christus
2201 881 2548 933 Dominus
2586 881 2935 935 Ecclesiae

319 989 490 1027 suae
523 977 929 1039 potestatem
970 972 1373 1025 remittendi
1413 972 1902 1036 retinendique
1929 974 2244 1036 peccata,
2271 972 2682 1024 distinctam
2708 976 2858 1024 tum
2887 985 2933 1023 a

320 1076 613 1124 nutriere
651 1061 1087 1126 baptizandi,
1124 1063 1269 1112 tum
1313 1059 1404 1111 ab
1428 1060 1844 1112 auam-itate
1867 1060 2361 1114 ‹znnunoiandi
2393 1060 2941 1126 promtthandi-

321 1167 451 1218 que
489 1165 533 1203 α
580 1151 721 1203 Deo
763 1151 1024 1202 remitti
1058 1153 1343 1215 peccata
1372 1149 1810 1203 credentibus
1837 1152 1901 1201 et
1923 1150 2459 1213 poenitentibus,
2491 1164 2635 1203 mm
2651 1151 2935 1203 creden·

323 1242 505 1293 tibus
544 1244 781 1291 ‹mtem
820 1242 883 1291 et
925 1251 1063 1289 ηοη
1097 1238 1612 1303 poenitentibus
1649 1239 1895 1291 eadem
1935 1240 2250 1292 retineri.

508 1360 1047 1430 Demonstratio
1081 1379 1152 1443 p.
1188 1360 1248 1425 l.
1314 1358 1537 1421 Thesis
1579 1364 1678 1422 est
1723 1358 1802 1423 de
1851 1358 1988 1436 tide,
2036 1366 2106 1423 ut
2152 1365 2330 1440 patet
2361 1380 2440 1425 ex
2473 1380 2626 1424 sess.
2668 1367 2747 1429 14
2780 1379 2936 1425 con-

321 1469 444 1532 cilii
482 1468 657 1533 trid.
690 1485 828 1530 can.
864 1474 919 1534 2.
954 1471 1025 1533 3:
1068 1463 1169 1538 „Si
1203 1466 1343 1546 quis
1377 1464 1621 1539 dixerit,
1656 1465 1855 1529 verba
1887 1465 1993 1528 illa
2028 1465 2279 1529 Domini
2312 1464 2699 1531 Salvatoris:
2763 1471 2939 1531 Aeci·

310 1578 447 1662 pite
480 1577 785 1661 Spiritum
817 1596 897 1636 a:
932 1593 1193 1656 quorum
1230 1574 1592 1635 remiseritis
1627 1580 1908 1656 peccata,
1958 1575 2366 1636 remittuntur
2406 1576 2493 1636 eis
2503 1597 2530 1653 ,·
2574 1582 2630 1637 et
2680 1594 2938 1658 quorum

324 1683 719 1763 retinueritis,
764 1688 1001 1743 retenta
1047 1687 1227 1742 sunt:
1274 1698 1403 1742 non
1449 1698 1590 1744 esse
1639 1679 2046 1759 intelligenda
2091 1680 2170 1744 de
2222 1686 2541 1760 potestate
2574 1682 2941 1746 remittendi

325 1798 389 1854 et
421 1786 736 1851 retinendi
769 1793 1036 1867 peccata
1069 1785 1131 1848 in
1165 1791 1573 1849 sacramento
1621 1785 2072 1866 poenitentiae,
2109 1787 2272 1849 sicut
2305 1786 2589 1853 Ecclesia
2621 1789 2941 1852 catholica

326 1897 407 1958 ab
443 1895 618 1958 initio
652 1912 904 1974 semper
938 1892 1275 1966 intellexit;
1324 1893 1665 1957 detorserit
1709 1900 1928 1957 autem
1974 1900 2201 1957 contra
2251 1894 2716 1959 institutionem
2753 1896 2938 1976 hujus

326 2001 711 2065 sacramenti
744 2001 825 2062 ad
859 1999 1309 2062 auctoritatem
1342 1999 1753 2080 praedicandi
1789 1999 2201 2078 Evangelium
2233 2000 2304 2063 A.
2341 1999 2440 2064 S«
2513 2000 2691 2065 Prior
2725 2010 2941 2067 autem

325 2128 493 2189 pars,
528 2114 843 2189 quatenus
877 2106 1044 2168 hanc
1076 2112 1465 2187 potestatem
1487 2106 1852 2168 accuratius
1874 2106 2159 2169 nondum
2181 2107 2581 2182 determinat,
2606 2108 2945 2171 difficulta-

328 2224 455 2280 tem
490 2234 619 2278 non
652 2213 866 2288 habet,
902 2220 967 2276 et
998 2212 1311 2293 probatur

507 2340 567 2409 1.
601 2357 678 2403 ex
693 2338 906 2401 verbis
928 2336 1159 2401 Christi
1192 2339 1255 2400 in
1289 2356 1537 2403 canone
1571 2337 1863 2402 adductis
1896 2338 1991 2403 Jo.
2015 2343 2118 2413 20,
2142 2343 2225 2407 22
2248 2359 2316 2414 s.‚
2350 2340 2578 2421 quibus
2614 2342 2822 2405 citatis
2855 2341 2944 2404 ita

325 2448 732 2531 prosequitur
766 2444 829 2507 P.
865 2445 1270 2527 Chrysolo
1290 2466 1427 2526 gus
1461 2464 1646 2508 serm.
1682 2452 1799 2513 84:
1842 2445 1997 2519 „Ubi
2033 2453 2197 2521 sunt,
2232 2446 2338 2528 qui
2359 2466 2472 2527 per
2509 2447 2800 2510 homines
2823 2448 2941 2511 ho-

325 2555 602 2618 minibus
635 2560 902 2635 peccata
934 2554 1173 2617 remitti
1206 2572 1333 2616 non
1367 2572 1557 2634 posse
1590 2553 2079 2635 praescribunt?
2113 2554 2219 2634 qui
2253 2553 2450 2617 semel
2471 2552 2790 2616 diabolica
2822 2554 2941 2616 im-

324 2662 614 2746 pulsione
646 2661 961 2742 collapsos
995 2661 1377 2742 opprimunt,
1414 2680 1493 2724 ne
1527 2679 1596 2724 se
1631 2661 1921 2740 erigant?
1955 2661 2063 2743 qui
2094 2659 2506 2741 languoribus
2543 2678 2783 2737 curam,
2805 2661 2943 2724 vul-

326 2769 584 2834 neribus
606 2768 847 2832 crudeli
867 2768 1091 2848 spiritu
1113 2766 1499 2830 subtrahunt
1522 2774 1884 2849 negantque
1907 2768 2336 2831 medicinam?
2359 2767 2467 2849 qui
2489 2766 2947 2848 peccatoribus

324 2876 635 2940 redeundi
665 2875 1181 2956 desperationem
1217 2874 1404 2956 impie
1440 2875 1790 2937 insultant?
1825 2875 2114 2939 Remittit
2146 2875 2373 2940 Petrus
2406 2883 2677 2956 peccata
2709 2882 2773 2938 et
2806 2881 2942 2939 toto

325 3002 475 3046 cum
507 2983 739 3062 gaudio
772 2981 1037 3061 suscipit
1069 2981 1471 3062 poenitentes
1505 2987 1700 3062 atque
1735 2982 2032 3045 omnibus
2067 2981 2509 3046 sacerdotibus
2544 2982 2711 3045 hanc
2742 3000 2782 3044 3
2812 2982 2943 3046 Deo

325 3107 702 3153 concessam
743 3088 1150 3169 amplectitur
1181 3093 1571 3168 potestatem
1592 3095 1748 3162 etc,
1789 3088 1951 3168 Ergo
1975 3087 2263 3152 Christus
2282 3090 2493 3164 hom0‚
2516 3088 2704 3153 insert
2733 3089 2944 3169 Hugo

326 3215 366 3258 a
400 3216 447 3258 s.
482 3194 740 3259 Victore
774 3196 852 3258 de
885 3213 1045 3258 sacr.
1080 3194 1144 3269 11,
1176 3200 1253 3262 14
1274 3211 1324 3256 c.
1356 3200 1407 3268 1,
1442 3194 1764 3274 discipulis
1787 3196 1918 3257 suis
1942 3196 2145 3258 vicem
2167 3196 2301 3276 ejus
2326 3196 2662 3274 agentibus
2685 3196 2746 3258 in
2769 3202 2942 3260 terra

324 3307 714 3383 potestatem
749 3302 921 3365 dedit
955 3301 1310 3365 dimittendi
1344 3309 1666 3383 peccata<

506 3429 569 3495 2.
604 3426 690 3489 Ex
726 3426 933 3490 verbis
968 3426 1543 3507 aequipollentibus
1578 3427 1797 3491 Matth.
1841 3433 1936 3502 16,
1978 3434 2089 3496 19;
2127 3428 2204 3491 Et
2239 3429 2348 3492 tibi
2369 3430 2526 3493 dabo
2549 3431 2749 3492 clares
2772 3432 2946 3511 requi

326 3535 668 3597 coelorum:
700 3535 1099 3616 quodcunque
1132 3533 1423 3616 liytweris
1455 3554 1643 3616 supet·
1675 3542 1934 3610 terram,
1967 3537 2082 3597 erest
2115 3536 2377 3619 Iiyatum
2415 3543 2469 3598 et
2517 3538 2583 3598 in
2628 3537 2849 3601 coelis:
2895 3546 2946 3599 et

325 3640 727 3723 quodcunque
757 3641 1007 3702 solim-is
1038 3660 1224 3722 super
1258 3646 1517 3717 terram,
1550 3642 1668 3702 erit
1700 3644 1973 3704 solutum
2006 3648 2059 3704 et
2096 3644 2161 3704 in
2195 3644 2373 3705 coelis
2390 3665 2416 3720 ;
2470 3648 2533 3706 et
2565 3643 2831 3721 geminis
2866 3642 2946 3704 ad

327 3765 554 3809 omnes
587 3746 916 3826 apostolos
949 3745 1027 3808 ib.
1074 3750 1167 3821 18,
1211 3753 1305 3821 18,
1339 3746 1570 3827 quibus
1605 3747 1933 3811 confertur
1967 3749 2160 3811 etiam
2197 3751 2351 3834 (non
2384 3750 2620 3834 solum)
2656 3757 2945 3830 potestas

326 3852 692 3917 remittendi
711 3859 1009 3934 peccata;
1033 3871 1199 3934 quae
1220 3862 1565 3934 propterea
1586 3855 1940 3935 partialiter
1960 3862 2109 3918 sunt
2128 3856 2435 3937 parallela
2453 3857 2485 3921 J
2491 3875 2635 3920 oan.
2655 3864 2755 3930 20,
2775 3862 2859 3923 :22
2880 3877 2947 3933 s.,

328 3968 398 4023 ut
431 3966 607 4041 patet
639 3980 701 4027 a.
739 3978 819 4024 ex
852 3960 992 4040 ipsa
1023 3960 1375 4024 verborum
1424 3962 1820 4042 amplissima
1867 3969 2186 4043 potestate
2233 3964 2481 4027 ratione
2534 3965 2757 4028 habita
2791 3981 2947 4027 con-

330 4075 575 4141 textus3
630 4070 696 4135 b.
749 4086 826 4131 ex
860 4067 1222 4147 dogmatica
1255 4067 1783 4149 interpretatione
1829 4070 2063 4132 veteris
2111 4069 2444 4134 Ecclesiae,
2511 4069 2731 4133 Patres
2779 4076 2947 4135 enim

327 4174 715 4238 disserentes
747 4181 975 4237 contra
1006 4175 1433 4237 montanistas
1482 4183 1546 4239 et
1592 4177 1979 4239 novatianos
2027 4176 2105 4238 de
2141 4176 2459 4240 Ecclesiae
2492 4183 2811 4257 potestate
2844 4197 2947 4241 re-

330 4279 623 4344 mittendi
656 4289 922 4361 peccata
954 4282 1313 4361 promiscue
1347 4282 1429 4344 ad
1472 4283 1633 4346 haec
1666 4284 1790 4346 tria
1837 4284 2200 4346 testimonia
2246 4291 2602 4363 provocant
2619 4286 2680 4370 ¹).
2746 4304 2808 4352 c.
2859 4284 2946 4347 Ex

554 4486 588 4551 ¹)
617 4481 697 4534 Cf.
740 4482 782 4534 'l'
800 4499 828 4534 e
846 4487 912 4534 rt
930 4502 963 4534 u
984 4484 1122 4535 llia
1142 4503 1177 4536 n
1197 4503 1232 4536 u
1253 4503 1275 4536 s
1317 4484 1665 4552 impugnans
1693 4486 2106 4538 catholicorum
2135 4489 2475 4554 argumenta
2506 4502 2605 4553 pro
2633 4486 2739 4536 hac
2769 4488 2946 4553 potes-

328 4562 449 4613 tate
477 4561 547 4613 de
574 4560 764 4628 pudic.
792 4578 837 4613 c.
866 4569 927 4616 21
955 4584 966 4614 :
1018 4562 1094 4614 Fi
1116 4582 1209 4616 rm
1228 4563 1368 4618 ilia
1388 4582 1422 4615 n
1442 4583 1475 4616 u
1498 4582 1520 4615 s
1562 4582 1651 4634 ep.
1678 4565 1748 4616 ad
1779 4565 2149 4633 ΠΕΡι-13311111,
2176 4564 2236 4616 in
2266 4582 2380 4632 qua
2407 4565 2601 4618 relatis
2631 4565 2832 4617 Matth.
2869 4573 2950 4628 16,

334 4649 399 4696 19
425 4643 484 4693 et
508 4641 672 4695 Joan.
701 4649 785 4705 20,
814 4648 881 4697 23
908 4643 1112 4695 infert:
1144 4643 1432 4703 „Potestas
1459 4662 1593 4713 ergo
1623 4644 2097 4697 remittendorum
2129 4649 2490 4713 peccatorum
2517 4645 2793 4715 apostolis
2816 4645 2949 4698 data

329 4726 416 4775 est
441 4725 498 4774 et
523 4722 792 4786 ecclesiis,
820 4740 962 4790 quas
990 4723 1078 4776 illi
1105 4742 1138 4776 a
1167 4724 1389 4778 Christo
1430 4726 1589 4778 missi
1632 4724 2073 4788 constituerunt,
2115 4729 2172 4778 et
2211 4726 2508 4796 episcopie,
2551 4727 2652 4793 qui
2695 4727 2776 4779 eis
2804 4727 2948 4780 ordi·

549 4821 814 4880 Hui-ter,
855 4823 1101 4881 Conmend.
1144 4825 1414 4878 theologiae
1454 4824 1536 4876 ΙΙΙ,
1580 4826 1657 4869 ll.
1699 4825 1775 4869 ed.
2562 4821 2629 4872 27
