3538 5364
603 287 736 360 528
1401 285 1503 337 Tra
1514 286 1585 340 ct.
1615 286 1706 340 IX.
1736 285 1805 338 de
1833 283 2049 339 ordine.
2076 282 2156 336 De
2183 282 2439 337 diaconis

601 474 883 549 spectant,
918 490 1069 548 quae
1098 472 1172 529 de
1214 470 1578 546 praestantia
1605 469 1873 528 muneris
1905 469 2286 528 diaconorum
2316 468 2617 528 habentur
2647 468 2711 527 in
2743 469 3053 530 constitut.
3085 488 3221 545 apo-

601 561 828 632 stolicis
860 561 933 630 11,
973 570 1072 624 26.
1109 569 1186 623 28
1222 564 1284 619 et
1319 569 1418 630 30,
1454 559 1560 617 ubi
1592 559 1878 635 legimus:
1915 558 2134 627 ,Nunc
2165 557 2334 616 vobis
2367 559 2493 617 loco
2515 557 2763 617 Aaronis
2795 561 2889 617 est
2919 558 3221 631 diaconus,

600 651 822 727 Moysis
854 653 1054 709 autem
1085 650 1214 708 loco
1246 649 1574 724 episcopua.
1624 650 1769 707 Cum
1802 647 1993 724 igitur
2013 647 2247 722 Moyses
2268 666 2302 704 a
2322 647 2573 706 Domino
2592 647 2929 723 appellatus
2963 648 3047 706 sit
3065 648 3222 706 Deus

602 734 729 823 (Ex.
769 749 824 810 7,
871 734 946 822 l),
993 758 1028 796 a
1072 739 1243 797 vobis
1283 737 1599 813 episcopus
1631 742 1938 812 tamquam
1969 736 2128 794 Deus
2160 737 2528 807 observetur,
2574 739 2637 794 et
2668 735 2949 795 diaconus
2979 739 3053 795 ut
3084 734 3221 812 p'ro—

599 829 778 905 pheta
820 828 966 902 ejus,
1032 827 1184 886 Nam
1229 826 1406 886 sicuti
1439 826 1708 884 Christus
1743 826 1872 884 sine
1906 825 2077 883 Patre
2107 825 2256 882 nihil
2289 824 2432 902 agit,
2480 824 2566 882 ita
2609 843 2718 883 nec
2762 823 3047 883 diaconus
3096 825 3223 884 sine

600 918 906 994 episcopo:
941 919 999 974 et
1029 917 1186 975 sicut
1216 916 1402 974 Filius
1432 915 1560 974 sine
1579 915 1755 973 Patre
1788 934 1907 973 non
1940 913 2238 985 subsistit,
2274 913 2361 972 ita
2390 931 2583 990 neque
2616 913 2901 973 diaconus
2935 915 3065 973 sine
3098 915 3222 991 epi-

599 1024 806 1081 scopo:
840 1008 900 1064 et
932 1005 1091 1063 sicut
1119 1005 1307 1064 Filius
1340 1003 1574 1062 debitor
1603 1007 1694 1063 est
1725 1004 1905 1073 Patri,
1939 1004 2022 1062 sic
2052 1006 2113 1061 et
2145 1002 2336 1061 omnis
2369 1002 2653 1062 diaconus
2688 1002 2993 1079 episcopm
3044 1007 3223 1079 atque

598 1099 670 1154 ut
699 1094 890 1153 Filius
922 1092 1115 1152 Patris
1147 1094 1396 1171 angelus
1427 1111 1493 1151 ac
1524 1093 1813 1169 propheta
1844 1096 1963 1161 est3
2013 1091 2101 1150 sic
2145 1094 2207 1149 et
2238 1090 2520 1150 diaconus
2552 1092 2803 1169 angelus
2834 1111 2901 1151 ac
2930 1092 3225 1168 propheta

598 1184 915 1261 episcopi.⁴k
967 1183 1043 1241 Et
1073 1200 1120 1241 c.
1157 1193 1271 1245 44:
1308 1182 1623 1251 ,Ceterum
1655 1181 1939 1240 diaconus
1974 1180 2055 1239 sit
2086 1179 2352 1257 episcopi
2384 1180 2544 1240 auris
2578 1185 2639 1239 et
2671 1181 2881 1239 oculus
2913 1184 2976 1239 et
3006 1199 3087 1252 OS,
3122 1199 3225 1240 cor

596 1273 818 1349 pariter
863 1275 924 1331 et
966 1272 1191 1330 anima:
1238 1276 1300 1330 et
1342 1271 1652 1347 episcopus
1683 1270 1748 1328 in
1781 1270 2057 1346 pluribus
2091 1288 2272 1344 quam
2304 1288 2410 1347 par
2441 1271 2535 1327 est
2565 1289 2632 1329 ac
2662 1269 3091 1328 minutioribus
3122 1289 3223 1328 ne-

597 1361 778 1440 gotiis
808 1380 929 1420 non
959 1364 1300 1437 occupetur,
1335 1360 1435 1419 sed
1467 1360 1531 1418 in
1565 1359 1708 1420 solis
1740 1358 2133 1437 gravioribus,
2168 1358 2668 1434 quemadmodum
2700 1361 2763 1418 et
2791 1357 3002 1417 Jethro
3030 1359 3222 1436 Moysi

599 1450 857 1528 digessit
889 1448 1017 1531 (Ex.
1057 1458 1154 1522 18,
1190 1449 1371 1526 21):‘
1405 1449 1510 1519 III,
1555 1460 1649 1512 19.

776 1551 840 1621 3.
870 1557 1113 1615 Accedit
1143 1573 1466 1615 consensus
1498 1555 1778 1614 ecclesiae
1810 1573 2050 1631 graecae
2080 1557 2143 1614 et
2174 1556 2470 1613 sectarum
2501 1553 2782 1625 Orientis,
2829 1554 2947 1614 imo
2990 1557 3053 1613 et
3082 1574 3223 1631 pro·

596 1645 977 1717 testantium,
1012 1645 1117 1722 qui
1148 1645 1458 1703 ministros
1490 1644 1605 1702 sub
1637 1644 2022 1703 diaconorum
2053 1643 2294 1702 nomine
2325 1643 2724 1702 retinuerunt.

779 1787 927 1852 554.
961 1783 1383 1867 Proposltio
1417 1781 1518 1849 11.
1583 1780 1940 1864 Ordinatio,
1985 1802 2113 1866 qua
2152 1782 2616 1844 constituuntur
2664 1783 2935 1865 diaconi,
2982 1789 3070 1845 est
3123 1805 3224 1846 sa·

597 1898 1000 1954 eramentum.
1034 1888 1461 1953 Diaconatum
1492 1906 1635 1953 esse
1665 1894 2168 1965 sacramentum,
2200 1886 2280 1952 de
2311 1887 2435 1951 fide
2468 1886 2728 1970 quidem
2747 1906 2879 1952 non
2899 1893 3014 1964 est,
3042 1906 3223 1952 com-

596 1996 810 2059 munis
840 2001 1059 2060 tamen
1105 1996 1427 2060 sententia
1475 1994 1938 2076 theologorum.
2001 1993 2187 2057 Ritus
2234 1995 2422 2071 enim,
2469 1994 2577 2076 qui
2621 1994 2875 2058 divinae
2909 1999 3009 2058 est
3038 1995 3226 2059 insti-

596 2103 860 2166 tutionis
894 2112 1088 2186 atque
1121 2101 1343 2167 efficax
1378 2102 1637 2182 gratiae,
1672 2108 1771 2165 est
1801 2108 2295 2164 sacramentum.
2358 2099 2552 2183 Atqui
2591 2099 2772 2177 ritus,
2807 2119 2935 2183 quo
2969 2101 3226 2166 diaconi

598 2209 1088 2286 constituuntur,
1139 2208 1393 2273 divinae
1444 2216 1542 2272 est
1589 2207 2011 2272 institutionis
2064 2207 2167 2294 (ex
2220 2225 2391 2271 num.
2423 2208 2665 2293 praec.)
2719 2213 2945 2289 estque
2997 2207 3225 2273 efficax

597 2315 862 2396 gratiae,
913 2322 984 2379 ut
1032 2314 1348 2394 colligitur
1396 2332 1478 2378 ex
1510 2332 1665 2378 sess.
1699 2318 1787 2383 23
1818 2313 2069 2377 concilii
2103 2313 2283 2377 trid.
2317 2331 2457 2377 can.
2491 2318 2560 2381 4:
2630 2309 2739 2386 ,Si
2784 2313 2927 2395 quis
2974 2313 3222 2379 dixerit.

597 2441 714 2503 per
745 2440 999 2486 sacram
1033 2422 1501 2487 ordinationem
1550 2439 1683 2484 non
1714 2420 1854 2484 dari
1886 2417 2189 2502 Spiritum
2224 2427 2539 2495 sanctum,
2572 2438 2651 2483 ac
2682 2419 2953 2501 proinde
2989 2417 3217 2484 frustra

598 2527 941 2610 episcopos
974 2528 1221 2594 dicere:
1269 2530 1498 2613 Accipe
1529 2527 1839 2614 Spiritum
1884 2534 2193 2611 sanctum,
2245 2534 2359 2590 aut
2406 2544 2522 2608 per
2571 2544 2718 2590 eam
2769 2545 2901 2591 non
2945 2526 3211 2609 imprimi

598 2635 1058 2713 characterem,
1090 2636 1191 2700 vel
1225 2653 1392 2711 eum,
1427 2635 1535 2718 qui
1566 2634 1872 2701 sacerdos
1904 2634 2104 2700 semel
2135 2633 2273 2710 fuit,
2317 2633 2556 2698 laicum
2587 2652 2809 2698 rursus
2840 2632 2982 2699 fieri
3012 2651 3217 2715 posse.

597 2742 670 2805 A.
704 2742 837 2819 S.;‹
890 2744 956 2806 in
1007 2743 1411 2808 ordinatione
1462 2749 1682 2806 autem
1727 2741 1984 2805 diaconi
2032 2741 2184 2805 dicit
2218 2741 2589 2822 episcopus:
2639 2739 2877 2822 Accipe
2911 2737 3222 2821 Spiritum

595 2857 907 2915 sanctum.
970 2849 1114 2913 Non
1148 2856 1246 2914 est
1277 2867 1433 2929 ergo
1466 2849 1722 2912 diaconi
1754 2848 2074 2912 ordinatio
2107 2848 2313 2929 gratia
2345 2865 2573 2924 vacua,
2610 2846 2724 2912 sed
2760 2846 2989 2911 efficax
3009 2848 3220 2929 potius

595 2958 839 3038 gratiae
871 2957 1143 3039 ideoque
1178 2964 1673 3020 sacramentum.

774 3085 921 3149 555.
955 3082 1378 3166 Proposltlo
1411 3081 1551 3150 111.
1613 3078 1791 3143 Inter
1824 3077 2131 3143 Ecclesiae
2182 3081 2497 3142 ministros
2531 3078 2775 3142 Chr-isto
2823 3085 3082 3141 auctore
3126 3101 3219 3139 re·

593 3188 754 3270 ferri
773 3189 984 3252 debent
1010 3186 1380 3273 presbyteri,
1413 3188 1519 3271 qui
1554 3209 1594 3250 a
1629 3186 1911 3250 diaconis
1931 3186 2211 3249 distincti
2245 3207 2383 3249 vero
2406 3188 2793 3271 proprioque
2828 3192 3216 3249 sacramento

595 3296 1074 3357 constituuntur.
1136 3293 1388 3358 Revera
1431 3291 1846 3374 presbyteros
1864 3294 1907 3379 l)
1959 3292 2260 3372 distingui
2293 3310 2334 3355 a
2364 3292 2651 3356 diaconis
2686 3293 2869 3379 (num
2902 3290 3105 3355 etiam
3136 3290 3216 3353 ab

596 3400 915 3481 episcopis
946 3398 1437 3480 distinguantur,
1471 3405 1700 3480 postea
1731 3397 2115 3484 videbimus)
2149 3397 2351 3479 liquet

781 3508 840 3573 1.
876 3525 955 3570 ex
989 3503 1352 3587 ScripturiS,
1384 3506 1449 3568 in
1481 3504 1715 3588 quibus
1750 3509 2178 3569 secernuntur
2210 3510 2274 3567 et
2305 3504 2564 3569 nomine
2610 3511 2675 3569 et
2721 3503 2962 3569 officiis.
3030 3504 3215 3569 Pres-

594 3611 837 3694 byteris
869 3614 1039 3678 enim
1070 3611 1460 3676 adscribitur
1490 3611 1962 3674 administratio
1996 3618 2326 3675 extremae
2357 3612 2677 3675 unctionis
2707 3610 2843 3676 Jac.
2874 3617 2934 3688 5,
2961 3618 3045 3681 14
3074 3632 3121 3675 s.
3156 3619 3217 3675 et

598 3719 1063 3783 administratio
1096 3720 1512 3783 ecclesiarum
1543 3717 1681 3782 Act.
1719 3723 1820 3794 14,
1854 3723 1971 3793 22;
2011 3724 2063 3786 1.
2096 3718 2252 3781 Tim.
2287 3723 2347 3795 5,
2387 3725 2497 3795 17;
2530 3718 2647 3782 Tit.
2687 3724 2740 3794 1,
2774 3726 2849 3793 5;

773 3829 839 3894 2.
876 3844 954 3889 ex
1001 3826 1429 3889 consensione
1476 3825 1833 3888 theoretica
1878 3830 1943 3889 et
1986 3824 2275 3905 practica
2318 3824 2652 3888 christiani
2699 3825 2999 3901 nominiS,
3053 3843 3214 3908 quae

603 3931 767 3997 adeo
801 3932 1061 3997 evidens
1094 3937 1209 4005 est,
1241 3937 1312 3995 ut
1343 3930 1727 4013 probatione
1773 3949 1905 3994 non
1950 3930 2250 4012 indigeat,
2296 3948 2505 4013 neque
2537 3932 2604 3995 in
2635 3932 2901 3996 dubium
2932 3937 3213 3996 vocetur.

818 4114 854 4178 ¹)
884 4109 1254 4179 „Hpcosst‘mpoc
1280 4106 1319 4159 i.
1346 4122 1392 4162 e.
1421 4106 1609 4159 senior
1635 4110 1722 4159 est
1739 4121 1964 4169 nomen,
1993 4106 2148 4173 quod
2177 4105 2454 4160 tribuitur
2472 4105 2756 4159 ministris
2772 4106 3079 4171 Ecclesiae,
3101 4107 3215 4161 sive

597 4190 735 4259 quia
761 4190 897 4243 olim
923 4187 1175 4241 ministri
1200 4185 1487 4243 Ecclesiae
1527 4188 1865 4256 plerumque
1903 4184 2324 4256 deligebantur,
2364 4184 2468 4254 qui
2501 4186 2625 4255 jam
2664 4190 2854 4240 essent
2891 4185 3217 4257 grandioris

595 4268 816 4333 aetatis,
841 4268 962 4322 sive
989 4266 1182 4337 potius
1207 4266 1347 4335 quia
1374 4264 1625 4319 ministri
1649 4263 1937 4317 Ecclesiae
1975 4263 2232 4318 moribus
2272 4280 2434 4320 senes
2473 4266 2680 4319 referre
2719 4265 2934 4320 debent
2956 4265 3146 4334 iisque
3169 4264 3216 4318 is

597 4350 938 4403 tribuendus
964 4349 1161 4411 honor,
1188 4346 1293 4416 qui
1317 4347 1549 4401 senibus
1576 4345 1757 4399 tribui
1799 4345 1972 4398 solet:
2020 4343 2109 4398 ita
2143 4344 2328 4415 igitur
2365 4361 2573 4400 nomen
2601 4348 2689 4399 est
2712 4362 2829 4400 non
2855 4348 3082 4411 aetatis,
3119 4347 3216 4400 sed

596 4427 860 4485 officii
894 4433 952 4481 et
983 4426 1455 4497 dignitatis.··
1509 4428 1597 4479 Ita
1620 4426 1983 4480 Suicerus
2019 4425 2082 4477 in
2109 4425 2395 4481 thesauro.
2446 4424 2528 4480 Eo
2569 4424 2800 4480 nomine
2841 4426 3217 4497 designantur

596 4508 772 4563 etiam
798 4507 1042 4562 subinde
1068 4507 1340 4577 episcopi,
1366 4506 1463 4560 sed
1490 4523 1556 4558 ex
1583 4522 1691 4558 usu
1718 4503 1998 4572 loquendi
2037 4505 2266 4575 proprie
2305 4505 2684 4576 designantur
2721 4505 2783 4570 ii,
2825 4504 2931 4573 qui
2968 4523 2995 4559 s
3011 4523 3215 4560 ecun-

596 4591 633 4644 d
651 4607 762 4643 um
789 4590 852 4643 in
878 4588 1097 4644 ordinis
1123 4587 1444 4641 hierarchia
1471 4589 1756 4657 occupant
1780 4585 2037 4655 gradum,
2064 4585 2135 4640 de
2162 4585 2374 4655 quibus
2414 4586 2580 4641 modo
2622 4586 2931 4655 loquimur.
2983 4587 3067 4645 Of.
3105 4586 3212 4640 Pe·

597 4669 856 4723 tavius
895 4668 964 4722 de
991 4668 1186 4723 eccles.
1213 4666 1354 4721 hier.
1379 4667 1418 4721 1.
1448 4673 1472 4721 l
1504 4683 1550 4720 c.
1577 4674 1608 4721 2
1636 4675 1664 4733 5
1691 4674 1717 4722 1
1747 4685 1822 4726 s.;
1862 4681 1908 4722 c.
1938 4674 2004 4722 12
2029 4675 2057 4733 5
2085 4673 2182 4728 16;
2224 4668 2463 4737 Segna
2503 4667 2573 4720 de
2614 4665 2763 4722 Eccl.
2803 4667 3208 4722 constitutione

597 4766 646 4804 c.
675 4755 756 4805 13.
