3538 5364
1305 288 1739 360 exceptionibus
1764 288 1984 343 satisfit.
2831 295 2953 360 135

511 470 1062 539 Demonstrntlo
1093 490 1163 555 p.
1197 470 1260 538 I.
1326 475 1704 547 Testimonia,
1750 476 1973 551 quibus
2006 476 2168 534 salus
2200 474 2336 533 fidei
2365 473 2742 545 adscribitur,
2787 492 2955 550 prae·

329 564 628 623 termissis
658 564 753 633 iis,
795 583 947 641 quae
978 565 1373 623 tumultuario
1405 568 1469 623 et
1497 564 1698 641 inepte
1728 565 2071 642 allegantur
2100 567 2172 622 ut
2203 564 2411 623 matth.
2448 574 2503 633 9,
2541 572 2654 633 223
2710 572 2803 631 15,
2840 572 2954 634 283

328 653 472 712 Luc.
507 663 567 723 8,
602 662 684 717 48
720 655 851 724 etc,
884 670 1004 711 non
1037 652 1232 713 favere
1254 654 1552 712 doctrinae
1571 654 2052 730 protestantium,
2089 653 2430 712 ostenditur
2463 649 2526 717 l.
2555 652 2954 727 retorquendo

329 745 773 820 argumentum.
836 742 986 800 Nam
1034 742 1195 801 salus
1243 742 1459 819 passim
1506 744 1686 802 etiam
1734 742 1871 802 aliis
1917 742 2275 801 adscribitur
2315 741 2834 818 dispositionibus,
2885 743 2956 800 ut

328 832 553 903 timori,
603 831 1011 906 poenitentiae
1057 833 1168 889 etc.
1229 832 1442 890 Posset
1478 850 1618 909 ergo
1651 831 1976 891 secundum
2010 831 2468 908 argumentandi
2499 830 2786 890 rationem
2820 848 2954 905 pro·

328 920 688 979 testantium
720 919 942 991 inferri,
988 919 1184 979 solum
1213 921 1393 979 etiam
1425 921 1698 980 timorem
1729 920 1957 997 absque
1989 920 2100 979 fide
2146 920 2218 979 ad
2258 920 2753 996 justificationem
2785 918 2953 978 suffi-

329 1027 491 1069 cere:
540 1009 702 1085 quod
748 1013 947 1068 tamen
992 1027 1165 1068 nemo
1206 1010 1500 1069 concedet
1566 1010 1644 1068 Et
1688 1029 1830 1070 sane
1877 1008 1941 1076 2.
1986 1010 2332 1069 testimonia
2361 1009 2591 1085 objecta
2621 1012 2766 1067 sunt
2796 1008 2953 1067 affir-

330 1099 574 1167 mantia,
616 1117 738 1157 non
771 1098 1292 1169 excludentia,
1340 1099 1591 1175 ideoque
1621 1118 1688 1157 ex
1721 1099 1857 1159 aliis
1889 1099 2034 1158 locis
2067 1099 2332 1175 suppleri
2364 1099 2559 1169 debet,
2591 1098 2751 1174 quod
2783 1098 2847 1156 in
2878 1097 2953 1156 iis

328 1191 580 1247 tacetur.
646 1187 739 1246 Ad
772 1206 895 1245 rem
926 1188 1425 1265 Augustinus
1457 1188 1528 1248 de
1560 1187 1660 1253 fid.
1689 1192 1753 1247 et
1783 1207 1940 1265 oper.
1972 1206 2019 1246 c.
2056 1198 2122 1250 9:
2173 1188 2523 1264 ,Scriptura
2552 1187 2745 1246 tacuit
2773 1189 2955 1261 atque

329 1276 723 1353 intelligenda
754 1275 986 1335 dimisit
1015 1281 1224 1346 cetera,
1273 1296 1425 1353 quae
1470 1295 1602 1336 cum
1650 1277 1755 1337 illo
1803 1277 2061 1354 spadone
2096 1277 2449 1353 baptizando
2484 1276 2799 1353 Philippus
2831 1276 2958 1353 egit

331 1363 485 1446 (Act.
522 1376 581 1436 8,
620 1362 765 1445 38);
816 1368 995 1441 atque
1025 1365 1091 1423 in
1122 1383 1208 1434 eo,
1243 1366 1403 1442 quod
1433 1367 1537 1436 ait,
1571 1366 1884 1442 baptizavit
1915 1385 2046 1425 eum
2076 1366 2406 1443 Philippus,
2454 1365 2715 1442 intelligi
2760 1365 2957 1424 voluit

325 1456 579 1532 impleta
608 1454 825 1526 omnia,
859 1473 1009 1530 quae
1039 1454 1183 1513 licet
1213 1458 1525 1515 taceantur
1556 1456 1618 1514 in
1638 1456 1962 1533 Scripturis
1983 1458 2176 1533 gratia
2206 1455 2535 1523 brevitatis,
2570 1456 2769 1514 tamen
2802 1452 2956 1512 serie

328 1544 679 1603 traditionis
712 1543 932 1602 scimus
963 1543 1322 1619 implendam
1390 1544 1592 1620 quue
1637 1545 1839 1603 minus
1887 1541 1954 1608 3.
2001 1545 2146 1604 alias
2192 1545 2610 1622 dispositiones
2642 1542 2954 1603 excludere

328 1634 486 1703 licet,
518 1633 685 1710 quod
720 1632 1026 1708 Scriptura
1056 1633 1328 1708 loquitur
1358 1634 1431 1692 de
1463 1633 1578 1692 fide
1611 1653 1732 1693 non
1765 1638 2014 1703 mortua,
2062 1634 2165 1693 sed
2211 1634 2416 1704 viva,
2464 1653 2533 1693 ex
2576 1652 2696 1708 qua
2741 1635 2955 1708 sponte

328 1742 434 1781 sua
464 1723 738 1797 reliquae
770 1721 1197 1798 dispositiones
1229 1723 1525 1781 oriuntur.
1574 1722 1768 1793 Quare
1801 1724 2237 1800 Cyprianus
2268 1723 2341 1782 de
2372 1723 2606 1781 unitate
2626 1721 2776 1781 Eccl.
2799 1740 2858 1781 n.
2882 1729 2950 1784 2:

331 1812 615 1881 ,credere
662 1829 727 1869 se
771 1810 837 1869 in
881 1810 1175 1869 Christum
1208 1812 1503 1887 quomodo
1536 1812 1698 1876 dicit,
1747 1812 1854 1887 qui
1899 1831 2018 1871 non
2065 1812 2221 1881 facit,
2269 1812 2427 1887 quod
2462 1812 2734 1871 Christus
2766 1811 2953 1869 facere

329 1901 716 1977 praecepit?‘
784 1900 1053 1959 Ceterum
1086 1895 1151 1965 4.
1182 1918 1302 1958 non
1334 1900 1554 1960 desunt
1582 1902 1860 1972 rationes,
1893 1904 2138 1979 propter
2167 1919 2316 1977 quas
2338 1900 2688 1975 justificatio
2718 1898 2855 1958 fidei
2890 1899 2953 1957 in

326 1990 539 2066 primis
572 1988 954 2057 adscribitur,
1001 1993 1074 2047 ut
1119 1989 1347 2049 scilicet
1393 2005 1460 2053 8.
1498 1990 1637 2050 fidei
1667 1991 1990 2049 necessitas
2022 1991 2387 2061 inculcetur;
2435 1989 2593 2065 quod
2641 1985 2710 2054 b.
2759 2006 2828 2046 ea
2873 1988 2955 2046 sit

325 2079 561 2155 primus
593 2096 840 2156 gressus
868 2078 943 2137 ad
965 2077 1488 2153 justificationem;
1535 2079 1697 2155 quod
1743 2094 1809 2143 e.
1852 2080 2113 2156 reliquae
2145 2079 2569 2155 dispositiones
2602 2078 2663 2137 in
2695 2096 2762 2135 ea
2791 2076 2949 2135 radi-

325 2187 450 2227 cem
481 2167 748 2226 habeant
776 2170 839 2226 et
868 2185 935 2225 ex
968 2185 1051 2236 ea,
1098 2167 1216 2226 nisi
1250 2168 1424 2226 homo
1456 2169 1716 2238 resistat,
1766 2173 1980 2243 sponte
2012 2187 2121 2227 sua
2151 2169 2450 2237 oriantur3
2499 2167 2659 2242 quod
2704 2161 2774 2230 d.
2820 2166 2954 2240 ipsa

329 2258 480 2316 viam
514 2256 590 2315 ad
616 2254 1110 2332 justificationem
1129 2256 1598 2332 consequendam
1619 2257 1990 2316 demonstret
2009 2256 2260 2332 ideoque
2280 2260 2635 2333 potestatem
2667 2255 2771 2313 det
2800 2255 2953 2314 filios

328 2347 433 2404 Dei
464 2346 594 2404 fieri
627 2345 723 2403 Jo.
765 2357 817 2414 1,
862 2353 954 2406 12.
1019 2345 1171 2403 Hinc
1200 2345 1521 2405 concilium
1554 2346 1692 2407 trid.
1721 2350 1895 2405 vocat
1925 2347 2098 2405 fidem
2132 2346 2456 2405 initium
2481 2343 2953 2420 justificationis,

327 2436 468 2510 quia
499 2441 597 2493 est
626 2435 857 2511 primus
888 2434 1077 2492 veluti
1107 2452 1345 2511 gressus
1390 2434 1461 2493 ad
1506 2436 2047 2495 reconciliationem
2077 2439 2140 2494 et
2169 2435 2430 2510 primum
2462 2435 2788 2504 vinculum,
2834 2451 2953 2508 quo

328 2524 754 2600 conjungimur
786 2522 1008 2581 arctius
1041 2523 1188 2591 Deo;
1223 2523 1252 2580 f
1259 2543 1354 2582 un
1375 2523 1411 2581 d
1430 2527 1849 2597 amentum,
1889 2525 2031 2599 quia
2060 2527 2188 2584 tota
2208 2523 2524 2600 justificati
2557 2523 2682 2582 vita
2711 2521 2827 2580 fide
2859 2522 2949 2580 in-

325 2614 438 2671 niti
470 2613 684 2684 debet3
731 2615 794 2671 et
822 2610 1070 2681 radix,
1111 2614 1254 2689 quia
1282 2630 1402 2670 non
1432 2615 1525 2671 est
1554 2612 2006 2672 fundamentum
2040 2619 2343 2672 mortuum
2377 2612 2479 2670 sed
2512 2616 2839 2680 actuosum,
2884 2629 2952 2669 ex

325 2721 444 2778 quo
492 2703 649 2762 aliae
694 2701 1116 2777 dispositiones
1165 2702 1627 2780 progerminant,
1675 2703 1836 2778 quod
1867 2704 2166 2762 hominem
2197 2703 2271 2762 ad
2295 2702 2783 2778 justificationem
2814 2718 2950 2759 con-

327 2792 694 2869 sequendam
728 2793 906 2867 urget
927 2790 1276 2868 jugiterque
1309 2792 1370 2850 in
1402 2810 1539 2850 eum
1572 2792 1793 2863 influit,
1845 2793 1963 2851 nisi
1995 2793 2255 2855 resistat.
2318 2792 2400 2851 Of.
2432 2790 2847 2851 Franzelin
2879 2789 2952 2847 de

326 2900 467 2947 sam:
500 2881 586 2939 th.
624 2890 682 2944 8.

507 3022 658 3088 154.
691 3017 1237 3085 Demonstrati«)
1268 3037 1341 3104 p.
1379 3018 1481 3088 11.
1547 3017 1614 3082 In
1666 3020 1890 3100 primis
1952 3027 2314 3101 provocant
2375 3025 2951 3102 protestantes

324 3126 406 3190 ad
440 3125 815 3190 testimonia
846 3122 1044 3199 Pauli,
1077 3124 1308 3206 quibus
1341 3124 1526 3190 docet
1559 3126 1856 3190 homines
1881 3125 2215 3208 justificari
2261 3128 2398 3191 sine
2445 3126 2746 3209 operibus
2777 3126 2951 3207 legis»,

324 3232 424 3296 vel
454 3231 813 3313 generatim
845 3230 984 3296 sine
1015 3231 1331 3312 operibus.
1384 3232 1479 3297 lta
1511 3233 1693 3297 Rom.
1728 3237 1788 3306 3,
1825 3238 1941 3303 28:
2005 3234 2418 3299 Arbitramur
2447 3234 2795 3319 justificari
2838 3233 2948 3296 ho-

325 3339 552 3403 minem
578 3358 702 3422 per
726 3337 909 3420 fidem
943 3340 1075 3401 sine
1105 3340 1395 3422 operibus
1425 3341 1623 3422 leqis;
1655 3340 1839 3404 Rom.
1872 3346 1933 3409 4.
1968 3349 2044 3410 2:
2096 3337 2167 3403 Si
2199 3341 2530 3406 Abraham
2561 3364 2634 3404 ex
2665 3342 2951 3425 operibus

319 3444 708 3526 justificatus
750 3453 856 3529 est,
888 3446 1064 3509 habet
1089 3446 1380 3529 qloriam,
1413 3447 1522 3510 sed
1552 3467 1675 3511 non
1711 3449 1887 3534 apud
1918 3447 2139 3515 Deum.
2205 3447 2292 3511 Cf.
2324 3467 2379 3510 v.
2413 3454 2487 3522 43
2529 3453 2626 3524 11,
2660 3453 2732 3520 6;
2797 3446 2949 3529 Eph.

323 3553 382 3624 2,
416 3558 458 3620 8
491 3571 576 3626 s.;
611 3557 670 3619 2.
702 3549 860 3615 Tim.
900 3557 953 3628 1,
987 3555 1061 3626 9;
1107 3551 1226 3629 Tit,
1262 3557 1320 3629 2,
1353 3557 1431 3630 53
1480 3551 1615 3617 Gal.
1651 3559 1709 3629 2,
1751 3558 1864 3628 16;
1900 3557 1958 3630 5,
1992 3558 2066 3629 43
2115 3552 2268 3617 Phil.
2303 3557 2361 3628 3,
2396 3558 2453 3622 9.
2517 3553 2757 3618 Verum
2788 3553 2951 3617 haec

323 3657 700 3722 testimonia
731 3663 884 3722 tunc
915 3664 1166 3722 tantum
1200 3659 1695 3724 adversarentur
1726 3659 2060 3726 doctrinae
2092 3659 2471 3737 catholicae,
2503 3660 2558 3723 si
2577 3658 2813 3724 Paulus
2837 3679 2950 3725 ex-

322 3765 614 3829 cluderet
644 3782 865 3846 opera,
894 3783 1063 3847 quae
1104 3764 1294 3831 fidem
1325 3772 1823 3848 consequuntur,
1871 3766 1994 3831 fide
2039 3767 2424 3831 innituntur:
2470 3766 2647 3848 atqui
2693 3784 2825 3829 non
2869 3765 2950 3831 de

324 3872 420 3936 bis
450 3871 716 3937 disserit
746 3871 1068 3953 operibus,
1099 3872 1213 3937 sed
1244 3871 1326 3937 de
1357 3872 1450 3949 iis,
1485 3890 1652 3955 quae
1682 3872 1875 3938 fidem
1909 3873 2318 3955 praecedunt,
2351 3872 2474 3938 fide
2505 3891 2636 3936 non
2668 3871 2949 3935 innitun-

322 3986 443 4055 tur,
475 3978 726 4043 viribus
757 3984 1029 4044 naturae
1062 3979 1355 4043 eduntur.
1421 3977 1608 4058 Quod

507 4102 567 4172 1.
599 4102 915 4185 probatur
933 4122 1014 4169 ex
1044 4103 1087 4166 h
1105 4121 1146 4167 a
1158 4123 1192 4168 r
1209 4123 1272 4167 m
1290 4121 1330 4167 o
1348 4123 1391 4167 n
1406 4104 1427 4166 i
1442 4121 1484 4169 a
1502 4101 1889 4187 Scripturas,
1911 4122 2078 4187 quae
2096 4103 2671 4169 contradictionem
2688 4122 2947 4169 omnem

324 4210 620 4274 excludit„
654 4210 851 4293 Atqui
894 4228 1052 4276 vera
1094 4210 1257 4277 foret
1303 4211 1746 4288 contradictiO,
1780 4214 1834 4276 si
1868 4212 2103 4277 Paulus
2136 4230 2217 4278 ea
2246 4230 2287 4275 a
2311 4210 2783 4293 justificationis
2815 4211 2946 4274 dis-

325 4317 648 4396 positione
678 4317 1065 4395 excluderet,
1113 4335 1280 4400 quae
1327 4319 1409 4382 ad
1458 4319 1634 4383 illam
1680 4326 1816 4384 tarn
1862 4321 2099 4385 diserte
2149 4320 2408 4401 exigunt
2439 4318 2692 4384 divinae
2721 4318 2948 4383 literae

328 4423 409 4507 (n.
446 4423 639 4511 148);
686 4422 818 4488 imo
849 4423 987 4506 ipse
1018 4423 1365 4506 Apostolus
1406 4433 1455 4495 1.
1491 4425 1632 4489 Cor.
1675 4430 1772 4503 13,
1806 4432 1880 4495 2:
1946 4426 2016 4490 Si
2046 4425 2315 4491 habuero
2346 4446 2587 4489 omnem
2614 4426 2820 4508 fidem,
2857 4428 2946 4489 ita

330 4535 394 4591 ut
408 4536 650 4593 montes
668 4531 1078 4613 transferam,
1100 4531 1466 4596 charitatem
1496 4539 1704 4596 autem
1724 4553 1850 4596 non
1869 4532 2161 4616 habuere,
2182 4532 2339 4595 nihil
2358 4553 2534 4612 sum,·
2566 4533 2747 4596 Rom.
2760 4536 2819 4608 2,
2837 4535 2946 4599 13:

332 4635 472 4698 Non
502 4639 665 4700 enim
700 4638 1021 4701 auditores
1050 4638 1201 4722 leyis
1213 4639 1382 4721 justi
1424 4644 1569 4702 sunt
1616 4641 1793 4722 apud
1825 4638 2049 4715 Deum,
2093 4639 2199 4702 sed
2224 4641 2496 4721 factores
2540 4638 2688 4722 leqis
2711 4637 2945 4720 justifi-

332 4740 674 4821 cabuntur;
721 4740 859 4807 Gal.
893 4748 952 4820 5,
985 4749 1068 4812 5>
1107 4741 1188 4806 In
1231 4743 1474 4808 Christo
1504 4742 1569 4807 J.
1603 4764 1797 4829 neque
1829 4747 2215 4809 circumcisio
2261 4746 2506 4830 aliquid
2537 4746 2716 4823 valet,
2754 4765 2946 4828 neque
