3538 5364
1351 321 1433 376 De
1461 322 1702 376 caritate
1731 324 1998 394 perfecta.
2846 337 2977 400 453

357 505 610 587 requiri,
647 511 715 568 ut
735 502 904 568 Deus
937 510 1191 567 ametur
1220 511 1481 585 propter
1516 504 1879 569 bonitatem
1911 505 2007 569 ab
2025 506 2415 571 solutam:
2448 526 2581 571 non
2602 507 2890 573 sufficere
2909 515 2980 572 ut

355 617 607 675 ametur
639 617 899 694 propter
929 629 1112 674 suam
1135 610 1491 674 bonitatem
1523 611 1971 675 relativam
2004 630 2120 676 seu
2152 619 2221 677 ut
2252 620 2350 678 est
2382 633 2704 679 summum
2735 615 2978 682 bonum

359 725 664 782 nostrum.
697 718 839 783 Non
873 725 1088 783 tamen
1122 717 1351 784 desunt
1384 719 1489 781 alii
1522 717 1826 798 theologi,
1879 721 1987 801 qui
2020 720 2434 796 contendant,
2470 722 2659 787 toties
2693 740 2979 788 amorem

357 844 502 889 esse
533 825 906 906 perfectum,
941 826 1212 907 ideoque
1250 826 1712 907 justificantem
1760 832 1944 892 extra
1975 833 2473 905 sacramentum,
2525 830 2777 910 quoties
2810 829 2978 894 Deus

357 943 615 999 amatur
647 942 907 1017 propter
938 938 1375 1020 semetipsum,
1427 937 1698 1019 ideoque
1731 944 1997 1018 propter
2028 937 2337 1000 motivum
2383 955 2499 1000 seu
2529 936 2847 1000 rationem
2881 937 2978 1000 in-

358 1043 731 1107 distinctam
764 1061 805 1106 a
838 1043 988 1108 Deo.
1021 1044 1213 1126 Atqui
1246 1045 1300 1108 si
1332 1044 1500 1109 Deus
1535 1050 1793 1108 amatur
1823 1051 1896 1109 ut
1925 1062 2245 1108 summum
2276 1043 2519 1107 bonum
2553 1050 2617 1107 et
2648 1043 2980 1108 beatitudo

365 1157 588 1214 nostra
619 1168 735 1214 seu
772 1158 1033 1232 propter
1064 1151 1419 1217 bonitatem
1452 1152 1879 1233 respectivam
1910 1152 2221 1215 motivum
2254 1169 2370 1215 seu
2400 1151 2566 1215 ratio
2599 1150 2862 1214 amandi
2884 1158 2982 1215 est

361 1256 665 1337 perfectio
697 1257 1064 1321 indistincta
1096 1275 1135 1320 a
1168 1257 1332 1323 Deo:
1397 1276 1550 1322 nam
1583 1259 1753 1322 Deus
1785 1276 1901 1339 per
1932 1257 2350 1339 semetipsum
2383 1263 2482 1321 est
2509 1275 2829 1321 summum
2862 1257 2979 1321 bo—

367 1382 520 1426 num
537 1370 827 1428 nostrum
845 1382 959 1428 seu
973 1363 1232 1428 bonitas
1253 1365 1536 1429 relativa.
1571 1365 1733 1446 Ergo
1754 1364 1808 1429 si
1827 1371 2090 1446 propter
2122 1383 2265 1429 eam
2300 1370 2554 1428 amatur
2576 1362 2765 1440 Beue,
2799 1381 2979 1427 ama-

359 1479 468 1534 tur
499 1477 768 1552 propter
797 1489 868 1535 se
883 1472 948 1558 ¹).

537 1600 612 1657 Et
644 1619 784 1658 sane
815 1615 881 1663 a.
917 1602 1012 1660 vix
1044 1601 1342 1677 reperitur
1374 1601 1435 1658 in
1468 1601 1688 1660 divinis
1720 1601 1914 1659 literis
1949 1601 2244 1676 expressio
2276 1601 2571 1677 perfectae
2603 1601 2981 1675 sinceraeque

361 1688 622 1746 caritatis
645 1708 783 1766 erga
805 1691 1009 1761 Deum,
1044 1709 1194 1765 quae
1216 1710 1336 1749 non
1355 1691 1582 1749 feratur
1609 1690 1672 1749 in
1693 1691 1890 1766 ipsum
1911 1695 1981 1748 ut
2003 1694 2097 1748 est
2116 1709 2418 1750 summum
2435 1690 2657 1748 bonum
2679 1692 2980 1747 nostrum:

360 1777 645 1836 bonitatis
677 1797 814 1836 vero
847 1779 1154 1838 absolutae
1188 1780 1292 1838 Dei
1326 1784 1630 1855 tamquam
1663 1779 1879 1839 motivi
1910 1780 2225 1838 necessarii
2272 1798 2583 1854 nunquam
2628 1778 2697 1836 fit
2739 1777 2983 1837 mentio.

372 1867 859 1938 Quemadmodum
891 1870 1178 1927 desiderat
1211 1888 1407 1927 cervus
1439 1870 1517 1927 ad
1548 1872 1730 1944 fontes
1762 1887 2094 1946 aquarum:
2137 1870 2222 1927 ita
2273 1870 2563 1927 desiderat
2608 1870 2811 1926 anima
2856 1887 2983 1925 mea

362 1957 445 2014 ad
477 1963 528 2013 te
559 1957 734 2015 Deus,
798 1958 989 2015 Sitioit
1021 1960 1221 2017 anima
1255 1977 1380 2017 mea
1413 1959 1491 2017 ad
1522 1959 1710 2017 Deum
1742 1961 1944 2033 fortem
1977 1960 2200 2016 vivum:
2244 1959 2474 2034 quando
2517 1959 2737 2015 veniam
2782 1963 2834 2014 et
2878 1974 2983 2031 ap-

352 2046 572 2120 parebo
622 2053 759 2104 ante
803 2048 1009 2121 faciem
1044 2047 1153 2107 Dei
1200 2049 1297 2110 Ps.
1335 2057 1435 2117 41,
1474 2057 1507 2110 2
1546 2066 1590 2106 S.
1657 2048 1809 2106 Mihi
1853 2049 2003 2105 enim
2049 2049 2227 2105 vivere
2277 2048 2540 2105 Christus
2584 2054 2686 2114 est,
2736 2056 2787 2103 et
2835 2047 2987 2104 mori

362 2135 588 2192 lucrum
627 2182 640 2195 .
679 2178 690 2191 .
728 2178 740 2191 .
788 2135 1067 2194 Coarctor
1098 2144 1284 2195 autem
1333 2157 1360 2194 e
1409 2137 1628 2196 duobus
1642 2158 1664 2195 .·
1712 2138 2057 2195 desiderium
2091 2136 2303 2194 habens
2331 2137 2568 2194 dissolvi
2611 2143 2664 2194 et
2706 2153 2822 2193 esse
2853 2153 2985 2194 cum

369 2223 632 2282 Christo:
683 2225 857 2282 multo
887 2227 1074 2303 maqis
1105 2224 1309 2285 melius
1340 2225 1488 2290 Phil.
1529 2237 1578 2295 1,
1619 2234 1689 2289 21
1736 2244 1814 2296 S.;
1861 2226 2080 2283 Dileoeit
2124 2244 2212 2282 me
2255 2233 2305 2283 et
2349 2226 2595 2282 tradidit
2626 2226 2987 2299 semetipsum

362 2331 472 2388 pro
504 2332 590 2369 me
622 2313 746 2371 Gal.
783 2323 837 2384 2,
876 2323 991 2386 203
1044 2316 1166 2373 Nos
1198 2333 1327 2392 erqo
1358 2317 1670 2392 diliyamus
1701 2316 1912 2387 Deum,
1958 2316 2233 2391 quoniam
2265 2314 2425 2372 Deus
2444 2316 2622 2389 prior
2652 2314 2853 2372 dileoeit
2882 2331 2987 2371 nos

372 2415 423 2464 1.
456 2402 547 2464 J0.
584 2413 639 2470 4,
687 2413 761 2464 19
797 2405 906 2464 etc.
973 2404 1095 2463 Hoc
1127 2405 1417 2463 motivum
1450 2404 1672 2479 passim
1706 2404 1994 2480 proponit
2022 2403 2552 2480 AugustinuS,
2585 2420 2721 2461 cum
2753 2402 2825 2461 de
2853 2420 2986 2478 per-

361 2490 535 2560 fecta,
587 2491 705 2550 imo
755 2491 1194 2551 ferventissima
1225 2494 1332 2552 Dei
1366 2493 1612 2551 caritate
1645 2493 1900 2552 disserit.
1966 2493 2057 2549 Ita
2106 2493 2169 2550 in
2219 2494 2314 2551 Ps.
2368 2503 2446 2555 85
2499 2511 2556 2550 n.
2611 2504 2677 2552 με
2733 2492 2988 2560 ,Invoca

366 2581 555 2638 Deum
588 2585 890 2656 tamquam
926 2583 1145 2652 Deum3
1197 2602 1327 2640 ama
1378 2582 1562 2640 Deum
1612 2586 1918 2658 tamquam
1964 2582 2169 2644 Deum.
2232 2581 2342 2639 Illo
2391 2581 2607 2640 melius
2657 2580 2811 2638 nihil
2861 2582 2984 2638 est:

366 2669 565 2744 ipsum
598 2669 885 2742 desidera,
932 2671 1130 2748 ipsum
1163 2671 1527 2746 concupisce.
1597 2671 1746 2731 Vide
1792 2671 2165 2731 invocantem
2213 2671 2399 2730 Deum
2447 2670 2510 2728 in
2556 2669 2673 2729 alio
2721 2668 2983 2729 Psalmo:

373 2758 560 2816 Unam
583 2762 731 2834 petii
762 2780 798 2818 a
831 2761 1100 2836 Domina,
1146 2762 1295 2819 lianc
1329 2763 1624 2837 requiram
1661 2756 1781 2843 (Pa.
1820 2770 1919 2829 26,
1957 2755 2042 2841 4).
2110 2760 2265 2830 Quid
2309 2763 2402 2818 est
2446 2760 2604 2835 quod
2648 2760 2845 2835 petit?
2910 2758 2988 2816 Ut
3088 2788 3091 2791 ·

364 2846 690 2908 inhabitem
724 2849 787 2908 in
821 2849 993 2907 domo
1026 2850 1260 2908 Domini
1295 2850 1575 2908 omnibus
1609 2850 1822 2909 diebus
1853 2850 2012 2908 vitae
2044 2869 2224 2912 meae.
2274 2849 2353 2906 Ut
2386 2848 2529 2924 quid
2562 2849 2714 2906 hoc?
2745 2850 2818 2906 ut
2847 2865 2982 2907 con-

361 2938 618 3011 templer
647 2937 1098 2997 delectationem
1134 2938 1385 2997 Domini.
1451 2939 1510 2997 Si
1543 2958 1683 3016 ergo
1715 2942 1942 2997 amator
1971 2939 2078 2997 Dei
2112 2957 2240 2998 esse
2273 2938 2383 3007 vis,
2417 2937 2831 2996 sincerissimis
2863 2955 2985 2994 me·

365 3025 548 3084 dullis
581 3028 878 3102 castisque
910 3027 1181 3103 suspiriis
1218 3027 1417 3104 ipsum
1454 3027 1655 3107 dilige,
1689 3029 1889 3105 ipsum
1921 3047 2068 3098 ama,
2115 3028 2206 3087 illi
2251 3028 2451 3104 flagra,
2498 3026 2587 3084 illi
2638 3026 2821 3097 inhia,
2867 3043 2986 3100 quo

356 3115 686 3189 jucundius
719 3116 871 3174 nihil
903 3117 1154 3189 invenie,
1188 3135 1306 3192 quo
1339 3117 1572 3187 melius,
1619 3136 1738 3192 quo
1771 3117 2002 3188 laetiuS,
2038 3135 2155 3191 quo
2190 3111 2663 3197 diuturniu82).‘
2727 3116 2805 3174 Et
2848 3132 2987 3172 sane

363 3222 496 3262 cum
531 3223 576 3264 ε.
609 3205 1076 3264 Franciscus
1110 3205 1444 3281 seraphicus
1475 3207 1860 3265 exclamaret:
1912 3207 2114 3274 ‚Deus
2164 3225 2330 3264 meus
2374 3211 2435 3264 et
2479 3205 2736 3273 omnia‚‘
2786 3207 2986 3262 actum

587 3434 622 3483 s»
653 3431 735 3485 ef.
764 3429 978 3483 Palla
995 3429 1148 3484 vici
1169 3448 1203 3481 n
1222 3430 1259 3486 i.
1288 3430 1378 3483 del
1407 3429 1556 3483 Bene
1583 3429 1621 3482 l.
1651 3438 1674 3484 1
1707 3448 1761 3499 p.
1786 3434 1817 3481 2
1841 3445 1885 3481 c.
1910 3437 1958 3483 4.
1983 3438 2030 3491 5,
2058 3429 2160 3495 qui
2188 3427 2245 3481 id
2268 3428 2496 3498 egregie
2516 3427 2774 3483 illustrat
2791 3425 2988 3479 simili·

366 3508 600 3567 tudine:
629 3509 773 3562 Fau
791 3526 864 3564 re
889 3509 951 3563 in
978 3513 1170 3564 annot.
1198 3510 1269 3562 ad
1299 3527 1339 3562 s.
1369 3510 1684 3579 Augustini
1709 3508 2072 3563 enchiridion
2098 3526 2153 3561 n.
2175 3516 2210 3564 8
2235 3511 2293 3562 et
2324 3516 2436 3563 120.
2480 3508 2726 3561 Notetur
2753 3508 2859 3560 hoc
2887 3505 2988 3559 cri·

367 3586 576 3640 terium
594 3587 953 3642 discernendi
969 3589 1117 3642 inter
1137 3589 1431 3641 caritatem
1452 3589 1850 3659 theologicam,
1873 3590 2202 3660 perfectam,
2218 3588 2626 3658 justificantem
2656 3590 2714 3638 et
2737 3603 2986 3640 amorem

366 3665 473 3720 Dei
498 3667 927 3736 imperfectum:
971 3667 1029 3722 Si
1055 3667 1338 3721 motivum
1379 3668 1612 3722 amandi
1639 3668 1821 3723 Deum
1863 3672 1948 3722 est
1973 3672 2130 3722 extra
2155 3667 2344 3739 ipsum
2373 3667 2565 3730 situm,
2592 3683 2750 3719 amor
2776 3668 2862 3719 est
2887 3666 2986 3719 im-

365 3747 671 3817 perfectus,
700 3748 1080 3802 mercenarius
1107 3751 1242 3807 etc.;
1272 3748 1318 3801 si
1352 3747 1631 3803 motivum
1659 3752 1744 3802 est
1767 3764 1803 3801 a
1829 3748 1946 3802 Deo
1973 3747 2392 3810 indistinctum,
2419 3764 2578 3801 amor
2600 3748 2883 3817 perfectus
2905 3746 2989 3800 est

364 3830 425 3880 et
460 3827 784 3897 justificans
829 3827 1157 3897 (dummodo
1203 3826 1279 3880 sit
1320 3827 1490 3882 simul
1536 3828 1918 3898 appretiative
1963 3831 2255 3898 summus).
2316 3826 2499 3892 Quare
2544 3827 2756 3897 duplex
2801 3828 2991 3896 potest

365 3906 652 3976 distingui
678 3924 834 3961 amor
859 3907 1226 3977 imperfectus
1267 3924 1364 3960 seu
1396 3907 1640 3961 initialis
1670 3908 1759 3961 vel
1787 3910 1841 3965 1.
1868 3908 2089 3962 ratione
2117 3925 2219 3962 mo
2239 3906 2404 3970 tivi,
2442 3907 2490 3960 si
2532 3906 2681 3961 Deus
2721 3906 2990 3977 diligitur

369 3990 602 4057 propter
626 3987 908 4040 motivum
948 3988 1022 4041 ab
1062 3987 1186 4055 ipso
1230 3986 1587 4051 distinctum,
1629 3990 1718 4043 vel
1755 3990 1814 4044 2.
1857 3987 2077 4042 ratione
2119 3987 2428 4057 gradus:
2472 3987 2519 4039 si
2546 3986 2697 4042 Deus
2723 3986 2990 4055 diligitur

367 4067 601 4135 quidem
629 4070 859 4138 propter
899 4066 1174 4121 motivum
1218 4068 1292 4120 ab
1333 4066 1456 4136 ipso
1496 4067 1918 4131 indistinctum,
1958 4067 2055 4121 sed
2100 4067 2355 4120 nondum
2396 4066 2779 4136 appretiative
2819 4082 2991 4135 super

374 4163 582 4203 omma.

584 4233 622 4296 ι2)
652 4227 736 4281 Cf.
763 4226 824 4279 in
851 4226 939 4281 ΡΒ.
970 4233 1038 4283 53
1064 4245 1119 4279 ιι.
1151 4233 1246 4286 10:
1275 4226 1336 4278 in
1367 4226 1456 4279 Ps.
1488 4237 1553 4283 55
1586 4245 1637 4279 n.
1674 4231 1764 4288 17:
1798 4228 1857 4281 in
1886 4227 1974 4279 Ps.
2004 4234 2071 4283 90
2099 4244 2259 4281 serm.
2288 4231 2319 4279 2
2348 4245 2401 4279 n.
2429 4233 2520 4285 13:
2548 4225 2607 4280 in
2629 4225 2716 4278 ΡΒ.
2734 4229 2801 4282 77
2820 4232 2950 4281 ιι.21
2978 4247 2989 4285 z

368 4309 428 4360 in
460 4306 546 4360 Ps.
577 4311 647 4363 79
674 4325 729 4359 ιι.
761 4314 853 4367 14:
881 4308 942 4359 in
970 4306 1057 4359 ΡΒ.
1083 4312 1153 4362 86
1179 4323 1235 4362 ιι.
1271 4313 1288 4359 l
1316 4327 1326 4366 ;
1356 4323 1518 4361 serm.
1551 4313 1649 4364 165
1677 4326 1734 4360 n.
1760 4316 1796 4363 4
1819 4308 1878 4360 et
1903 4323 2065 4360 serm.
2096 4316 2162 4363 15
2190 4324 2246 4358 ιι.
2280 4315 2310 4361 4
2333 4306 2395 4359 iu
2423 4304 2529 4358 ΡΡ.
2560 4303 2695 4359 bibl.
2727 4322 2877 4359 nova
2903 4306 2990 4359 ed.

371 4386 529 4440 Mai.
577 4386 780 4457 [iugo
820 4404 853 4439 a.
894 4404 936 4439 s.
982 4386 1206 4441 Victore
1233 4387 1302 4440 de
1329 4403 1468 4440 sacr.
1498 4387 1535 4439 l.
1562 4392 1592 4439 2
1623 4406 1678 4458 p.
1710 4394 1776 4443 13
1802 4406 1847 4442 c.
1874 4395 1909 4443 8
1946 4387 2154 4441 acriter
2193 4386 2254 4440 in
2296 4402 2390 4439 eos
2429 4382 2743 4449 invehitur,
2779 4382 2991 4451 quibus

367 4483 527 4520 amor
553 4464 657 4519 Dei
684 4468 751 4519 ut
775 4468 862 4519 est
885 4483 1171 4519 summum
1197 4467 1412 4519 bonum
1441 4470 1716 4531 nostrum,
1758 4484 1920 4521 arnor
1958 4485 2137 4537 purus
2178 4469 2236 4519 et
2277 4466 2561 4536 perfectus
2589 4482 2702 4518 non
2731 4464 2989 4517 videtur:

373 4545 618 4609 „Audite
646 4546 906 4600 homines
933 4546 1234 4617 sapientes.
1260 4546 1587 4617 Diligimus,
1615 4546 1911 4615 inquiunt,
1938 4546 2145 4616 ipsum,
2173 4546 2269 4599 sed
2298 4561 2412 4598 non
2430 4544 2755 4611 quaerimus
2783 4544 2990 4613 ipsum.

368 4627 489 4681 Hoc
517 4628 602 4681 est
628 4626 845 4680 dicere:
884 4626 1185 4698 diligimus
1211 4627 1418 4696 ipsum,
1461 4628 1553 4682 sed
1600 4644 1712 4682 nou
1750 4642 2015 4679 curamus
2043 4626 2111 4679 de
2140 4627 2282 4695 ipso.
2332 4624 2453 4695 Ego
2494 4625 2662 4679 homo
2703 4625 2782 4678 sic
2822 4623 2991 4694 diligi

369 4707 581 4761 nollem
608 4725 641 4759 a
668 4708 827 4761 vobis
856 4749 868 4760 .
899 4748 910 4760 .
938 4748 950 4760 .
1004 4707 1317 4773 Quomodo,
1357 4708 1651 4777 inquiunt,
1689 4705 2021 4763 mercenarii
2060 4724 2175 4759 non
2219 4722 2429 4768 sumus,
2473 4704 2521 4758 si
2547 4703 2729 4758 Deum
2755 4707 2991 4774 propter

369 4790 475 4841 hoc
503 4786 820 4858 diligimus,
849 4791 915 4842 ut
939 4789 1257 4860 praemium
1285 4791 1359 4843 ab
1385 4806 1450 4842 eo
1478 4788 1869 4859 accipiamus?
1919 4786 2050 4842 Non
2090 4790 2175 4839 est
2213 4785 2392 4856 gratis
2436 4787 2544 4840 hoc
2569 4802 2777 4850 amare,
2803 4802 2990 4852 neque
