<?xml version="1.0" encoding="UTF-8"?>
<!DOCTYPE html PUBLIC "-//W3C//DTD XHTML 1.0 Transitional//EN"
    "http://www.w3.org/TR/xhtml1/DTD/xhtml1-transitional.dtd">
<html xmlns="http://www.w3.org/1999/xhtml" xml:lang="en" lang="en">
 <head>
  <title>
</title>
<meta http-equiv="Content-Type" content="text/html;charset=utf-8" />
  <meta name='ocr-system' content='tesseract 3.04.00' />
  <meta name='ocr-capabilities' content='ocr_page ocr_carea ocr_par ocr_line ocrx_word'/>
</head>
<body>
  <div class='ocr_page' id='page_1' title='image "./theologiaedogma00hurtgoog_0086.png"; bbox 0 0 3538 5364; ppageno 0'>
   <div class='ocr_carea' id='block_1_1' title="bbox 560 242 2769 320">
    <p class='ocr_par' dir='ltr' id='par_1_1' title="bbox 560 242 2769 320">
     <span class='ocr_line' id='line_1_1' title="bbox 560 242 2769 320; baseline -0.002 -18"><span class='ocrx_word' id='word_1_1' title='bbox 560 255 646 320; x_wconf 79' lang='lat'><strong>74</strong></span> <span class='ocrx_word' id='word_1_2' title='bbox 963 247 1146 304; x_wconf 84' lang='lat' dir='ltr'><strong>Tract.</strong></span> <span class='ocrx_word' id='word_1_3' title='bbox 1174 248 1325 302; x_wconf 91' lang='lat' dir='ltr'>VIII.</span> <span class='ocrx_word' id='word_1_4' title='bbox 1352 248 1422 302; x_wconf 90' lang='lat' dir='ltr'><strong>de</strong></span> <span class='ocrx_word' id='word_1_5' title='bbox 1449 249 1656 318; x_wconf 83' lang='lat' dir='ltr'><strong>gratia.</strong></span> <span class='ocrx_word' id='word_1_6' title='bbox 1681 245 1882 303; x_wconf 76' lang='lat' dir='ltr'><strong>&#39;rhesis</strong></span> <span class='ocrx_word' id='word_1_7' title='bbox 1909 242 2065 299; x_wconf 88' lang='lat' dir='ltr'>CXC.</span> <span class='ocrx_word' id='word_1_8' title='bbox 2092 243 2323 298; x_wconf 76' lang='lat' dir='ltr'><strong>Gratiae</strong></span> <span class='ocrx_word' id='word_1_9' title='bbox 2350 245 2769 299; x_wconf 74' lang='lat' dir='ltr'><strong>universalitas.</strong></span> 
     </span>
    </p>
   </div>
   <div class='ocr_carea' id='block_1_2' title="bbox 552 432 3204 3094">
    <p class='ocr_par' dir='ltr' id='par_1_2' title="bbox 552 432 3204 3094">
     <span class='ocr_line' id='line_1_2' title="bbox 556 432 3200 512; baseline -0.002 -19"><span class='ocrx_word' id='word_1_10' title='bbox 556 454 624 493; x_wconf 86' lang='lat' dir='ltr'><strong>ex</strong></span> <span class='ocrx_word' id='word_1_11' title='bbox 658 436 826 510; x_wconf 87' lang='lat' dir='ltr'><strong>parte</strong></span> <span class='ocrx_word' id='word_1_12' title='bbox 855 433 1164 504; x_wconf 88' lang='lat' dir='ltr'><strong>trahentis,</strong></span> <span class='ocrx_word' id='word_1_13' title='bbox 1213 433 1316 491; x_wconf 90' lang='lat' dir='ltr'><strong>sed</strong></span> <span class='ocrx_word' id='word_1_14' title='bbox 1361 436 1456 492; x_wconf 90' lang='lat' dir='ltr'><strong>est</strong></span> <span class='ocrx_word' id='word_1_15' title='bbox 1502 438 1747 510; x_wconf 89' lang='lat' dir='ltr'><strong>propter</strong></span> <span class='ocrx_word' id='word_1_16' title='bbox 1777 433 2270 509; x_wconf 79' lang='lat' dir='ltr'><strong>impedimentum</strong></span> <span class='ocrx_word' id='word_1_17' title='bbox 2302 435 2453 512; x_wconf 88' lang='lat' dir='ltr'><strong>ejus,</strong></span> <span class='ocrx_word' id='word_1_18' title='bbox 2484 434 2591 511; x_wconf 90' lang='lat' dir='ltr'><strong>qui</strong></span> <span class='ocrx_word' id='word_1_19' title='bbox 2621 454 2741 494; x_wconf 91' lang='lat' dir='ltr'><strong>non</strong></span> <span class='ocrx_word' id='word_1_20' title='bbox 2773 432 3049 493; x_wconf 87' lang='lat' dir='ltr'><strong>trahitur</strong></span> <span class='ocrx_word' id='word_1_21' title='bbox 3083 480 3095 492; x_wconf 91' lang='lat'><strong>.</strong></span> <span class='ocrx_word' id='word_1_22' title='bbox 3133 477 3150 488; x_wconf 91' lang='lat'><strong>.</strong></span> <span class='ocrx_word' id='word_1_23' title='bbox 3184 473 3200 489; x_wconf 92' lang='lat'><strong>.</strong></span> 
     </span>
     <span class='ocr_line' id='line_1_3' title="bbox 558 522 3204 601; baseline -0.001 -20"><span class='ocrx_word' id='word_1_24' title='bbox 558 523 716 583; x_wconf 89' lang='lat' dir='ltr'><strong>Deus</strong></span> <span class='ocrx_word' id='word_1_25' title='bbox 762 522 921 581; x_wconf 89' lang='lat' dir='ltr'><strong>enim</strong></span> <span class='ocrx_word' id='word_1_26' title='bbox 968 523 1245 581; x_wconf 87' lang='lat' dir='ltr'><strong>omnibus</strong></span> <span class='ocrx_word' id='word_1_27' title='bbox 1292 522 1368 581; x_wconf 87' lang='lat' dir='ltr'><strong>ad</strong></span> <span class='ocrx_word' id='word_1_28' title='bbox 1410 523 1769 582; x_wconf 89' lang='lat' dir='ltr'><strong>trahendum</strong></span> <span class='ocrx_word' id='word_1_29' title='bbox 1799 542 2038 582; x_wconf 88' lang='lat' dir='ltr'><strong>manum</strong></span> <span class='ocrx_word' id='word_1_30' title='bbox 2073 524 2341 601; x_wconf 85' lang='lat' dir='ltr'><strong>porrigit,</strong></span> <span class='ocrx_word' id='word_1_31' title='bbox 2391 526 2685 600; x_wconf 89' lang='lat' dir='ltr'><strong>quantum</strong></span> <span class='ocrx_word' id='word_1_32' title='bbox 2730 526 2824 582; x_wconf 89' lang='lat' dir='ltr'><strong>est</strong></span> <span class='ocrx_word' id='word_1_33' title='bbox 2866 522 2937 581; x_wconf 91' lang='lat' dir='ltr'><strong>in</strong></span> <span class='ocrx_word' id='word_1_34' title='bbox 2988 539 3080 579; x_wconf 91' lang='lat' dir='ltr'><strong>se:</strong></span> <span class='ocrx_word' id='word_1_35' title='bbox 3139 523 3204 580; x_wconf 87' lang='lat' dir='ltr'><strong>et</strong></span> 
     </span>
     <span class='ocr_line' id='line_1_4' title="bbox 557 610 3200 688; baseline -0.002 -17"><span class='ocrx_word' id='word_1_36' title='bbox 557 612 718 688; x_wconf 87' lang='lat' dir='ltr'><strong>quod</strong></span> <span class='ocrx_word' id='word_1_37' title='bbox 749 613 888 687; x_wconf 90' lang='lat' dir='ltr'><strong>plus</strong></span> <span class='ocrx_word' id='word_1_38' title='bbox 919 613 1026 679; x_wconf 82' lang='lat' dir='ltr'><strong>est,</strong></span> <span class='ocrx_word' id='word_1_39' title='bbox 1060 630 1180 670; x_wconf 92' lang='lat' dir='ltr'><strong>non</strong></span> <span class='ocrx_word' id='word_1_40' title='bbox 1214 611 1407 670; x_wconf 90' lang='lat' dir='ltr'><strong>solum</strong></span> <span class='ocrx_word' id='word_1_41' title='bbox 1439 612 1691 670; x_wconf 88' lang='lat' dir='ltr'><strong>attrahit</strong></span> <span class='ocrx_word' id='word_1_42' title='bbox 1718 632 1960 672; x_wconf 89' lang='lat' dir='ltr'><strong>manum</strong></span> <span class='ocrx_word' id='word_1_43' title='bbox 1995 614 2354 688; x_wconf 69' lang='lat' dir='ltr'><strong>recipientia,</strong></span> <span class='ocrx_word' id='word_1_44' title='bbox 2398 613 2501 671; x_wconf 91' lang='lat' dir='ltr'><strong>sed</strong></span> <span class='ocrx_word' id='word_1_45' title='bbox 2533 613 2711 672; x_wconf 88' lang='lat' dir='ltr'><strong>etiam</strong></span> <span class='ocrx_word' id='word_1_46' title='bbox 2743 629 2988 671; x_wconf 87' lang='lat' dir='ltr'><strong>aversos</strong></span> <span class='ocrx_word' id='word_1_47' title='bbox 3022 610 3101 668; x_wconf 88' lang='lat' dir='ltr'><strong>ad</strong></span> <span class='ocrx_word' id='word_1_48' title='bbox 3136 628 3200 668; x_wconf 88' lang='lat' dir='ltr'><strong>se</strong></span> 
     </span>
     <span class='ocr_line' id='line_1_5' title="bbox 557 700 3198 779; baseline -0.002 -19"><span class='ocrx_word' id='word_1_49' title='bbox 557 702 807 760; x_wconf 87' lang='lat' dir='ltr'><strong>attrahit</strong></span> <span class='ocrx_word' id='word_1_50' title='bbox 840 745 853 758; x_wconf 93' lang='lat'><strong>.</strong></span> <span class='ocrx_word' id='word_1_51' title='bbox 886 744 900 758; x_wconf 99' lang='lat'><strong>.</strong></span> <span class='ocrx_word' id='word_1_52' title='bbox 934 746 946 759; x_wconf 92' lang='lat'><strong>.</strong></span> <span class='ocrx_word' id='word_1_53' title='bbox 1003 700 1089 758; x_wconf 86' lang='lat' dir='ltr'><strong>Ex</strong></span> <span class='ocrx_word' id='word_1_54' title='bbox 1121 718 1241 776; x_wconf 91' lang='lat' dir='ltr'><strong>quo</strong></span> <span class='ocrx_word' id='word_1_55' title='bbox 1269 719 1409 778; x_wconf 87' lang='lat' dir='ltr'><strong>ergo</strong></span> <span class='ocrx_word' id='word_1_56' title='bbox 1440 702 1599 759; x_wconf 90' lang='lat' dir='ltr'><strong>Deus</strong></span> <span class='ocrx_word' id='word_1_57' title='bbox 1632 704 1878 776; x_wconf 89' lang='lat' dir='ltr'><strong>paratus</strong></span> <span class='ocrx_word' id='word_1_58' title='bbox 1910 705 2000 760; x_wconf 89' lang='lat' dir='ltr'><strong>est</strong></span> <span class='ocrx_word' id='word_1_59' title='bbox 2031 703 2309 761; x_wconf 90' lang='lat' dir='ltr'><strong>omnibus</strong></span> <span class='ocrx_word' id='word_1_60' title='bbox 2341 702 2479 761; x_wconf 90' lang='lat' dir='ltr'><strong>dare</strong></span> <span class='ocrx_word' id='word_1_61' title='bbox 2512 703 2763 779; x_wconf 86' lang='lat' dir='ltr'><strong>gratiam</strong></span> <span class='ocrx_word' id='word_1_62' title='bbox 2797 704 2857 760; x_wconf 90' lang='lat' dir='ltr'><strong>et</strong></span> <span class='ocrx_word' id='word_1_63' title='bbox 2887 700 2970 759; x_wconf 88' lang='lat' dir='ltr'><strong>ad</strong></span> <span class='ocrx_word' id='word_1_64' title='bbox 3004 717 3073 757; x_wconf 89' lang='lat' dir='ltr'><strong>se</strong></span> <span class='ocrx_word' id='word_1_65' title='bbox 3106 703 3198 757; x_wconf 89' lang='lat' dir='ltr'><strong>at·</strong></span> 
     </span>
     <span class='ocr_line' id='line_1_6' title="bbox 554 787 3202 868; baseline -0.002 -19"><span class='ocrx_word' id='word_1_66' title='bbox 554 791 810 859; x_wconf 86' lang='lat' dir='ltr'><strong>trahere,</strong></span> <span class='ocrx_word' id='word_1_67' title='bbox 842 806 963 847; x_wconf 91' lang='lat' dir='ltr'><strong>non</strong></span> <span class='ocrx_word' id='word_1_68' title='bbox 993 788 1332 865; x_wconf 82' lang='lat' dir='ltr'><strong>imputatur</strong></span> <span class='ocrx_word' id='word_1_69' title='bbox 1362 790 1435 859; x_wconf 92' lang='lat' dir='ltr'><strong>ei,</strong></span> <span class='ocrx_word' id='word_1_70' title='bbox 1470 790 1521 849; x_wconf 93' lang='lat' dir='ltr'><strong>si</strong></span> <span class='ocrx_word' id='word_1_71' title='bbox 1552 790 1774 867; x_wconf 87' lang='lat' dir='ltr'><strong>aliquis</strong></span> <span class='ocrx_word' id='word_1_72' title='bbox 1805 809 1926 850; x_wconf 90' lang='lat' dir='ltr'><strong>non</strong></span> <span class='ocrx_word' id='word_1_73' title='bbox 1958 792 2225 868; x_wconf 83' lang='lat' dir='ltr'><strong>accipiat,</strong></span> <span class='ocrx_word' id='word_1_74' title='bbox 2259 791 2362 850; x_wconf 91' lang='lat' dir='ltr'><strong>sed</strong></span> <span class='ocrx_word' id='word_1_75' title='bbox 2395 792 2467 862; x_wconf 87' lang='lat' dir='ltr'><strong>ei,</strong></span> <span class='ocrx_word' id='word_1_76' title='bbox 2502 791 2606 867; x_wconf 90' lang='lat' dir='ltr'><strong>qui</strong></span> <span class='ocrx_word' id='word_1_77' title='bbox 2637 810 2757 849; x_wconf 89' lang='lat' dir='ltr'><strong>non</strong></span> <span class='ocrx_word' id='word_1_78' title='bbox 2790 789 3031 864; x_wconf 89' lang='lat' dir='ltr'><strong>accipit.</strong></span> <span class='ocrx_word' id='word_1_79' title='bbox 3050 795 3079 825; x_wconf 80' lang='lat'>‘</span> <span class='ocrx_word' id='word_1_80' title='bbox 3116 787 3202 846; x_wconf 81' lang='lat' dir='ltr'><strong>Cf.</strong></span> 
     </span>
     <span class='ocr_line' id='line_1_7' title="bbox 556 876 3200 957; baseline -0.002 -19"><span class='ocrx_word' id='word_1_81' title='bbox 556 898 603 942; x_wconf 92' lang='lat' dir='ltr'><strong>c.</strong></span> <span class='ocrx_word' id='word_1_82' title='bbox 650 882 860 956; x_wconf 87' lang='lat' dir='ltr'><strong>gentes</strong></span> <span class='ocrx_word' id='word_1_83' title='bbox 906 878 1005 949; x_wconf 89' lang='lat' dir='ltr'><strong>IV,</strong></span> <span class='ocrx_word' id='word_1_84' title='bbox 1055 888 1154 942; x_wconf 87' lang='lat'><strong>55.</strong></span> <span class='ocrx_word' id='word_1_85' title='bbox 1200 911 1288 922; x_wconf 93' lang='lat'><strong>——</strong></span> <span class='ocrx_word' id='word_1_86' title='bbox 1333 879 1559 937; x_wconf 89' lang='lat' dir='ltr'><strong>Docent</strong></span> <span class='ocrx_word' id='word_1_87' title='bbox 1601 876 1672 942; x_wconf 86' lang='lat' dir='ltr'><strong>b.</strong></span> <span class='ocrx_word' id='word_1_88' title='bbox 1723 880 1961 955; x_wconf 89' lang='lat' dir='ltr'><strong>quoties</strong></span> <span class='ocrx_word' id='word_1_89' title='bbox 1992 881 2243 939; x_wconf 87' lang='lat' dir='ltr'><strong>tradunt</strong></span> <span class='ocrx_word' id='word_1_90' title='bbox 2274 880 2531 957; x_wconf 89' lang='lat' dir='ltr'><strong>singulis</strong></span> <span class='ocrx_word' id='word_1_91' title='bbox 2562 879 2906 939; x_wconf 91' lang='lat' dir='ltr'><strong>hominibus</strong></span> <span class='ocrx_word' id='word_1_92' title='bbox 2941 877 3200 954; x_wconf 80' lang='lat' dir='ltr'><strong>angelos</strong></span> 
     </span>
     <span class='ocr_line' id='line_1_8' title="bbox 556 962 3201 1052; baseline -0.001 -26"><span class='ocrx_word' id='word_1_93' title='bbox 556 968 622 1026; x_wconf 90' lang='lat' dir='ltr'><strong>in</strong></span> <span class='ocrx_word' id='word_1_94' title='bbox 652 967 986 1027; x_wconf 79' lang='lat' dir='ltr'><strong>custodiam</strong></span> <span class='ocrx_word' id='word_1_95' title='bbox 1017 967 1295 1044; x_wconf 87' lang='lat' dir='ltr'><strong>deputari</strong></span> <span class='ocrx_word' id='word_1_96' title='bbox 1334 962 1403 1049; x_wconf 92' lang='lat' dir='ltr'><strong>(t.</strong></span> <span class='ocrx_word' id='word_1_97' title='bbox 1434 969 1510 1026; x_wconf 91' lang='lat'><strong>11.</strong></span> <span class='ocrx_word' id='word_1_98' title='bbox 1542 987 1601 1026; x_wconf 92' lang='lat' dir='ltr'><strong>n.</strong></span> <span class='ocrx_word' id='word_1_99' title='bbox 1639 964 1815 1052; x_wconf 88' lang='lat'><strong>420).</strong></span> <span class='ocrx_word' id='word_1_100' title='bbox 1880 969 2105 1028; x_wconf 89' lang='lat' dir='ltr'><strong>Docent</strong></span> <span class='ocrx_word' id='word_1_101' title='bbox 2149 984 2213 1032; x_wconf 79' lang='lat' dir='ltr'><strong>c.</strong></span> <span class='ocrx_word' id='word_1_102' title='bbox 2261 988 2397 1028; x_wconf 88' lang='lat' dir='ltr'><strong>cum</strong></span> <span class='ocrx_word' id='word_1_103' title='bbox 2441 969 2724 1028; x_wconf 79' lang='lat' dir='ltr'><strong>exhibent</strong></span> <span class='ocrx_word' id='word_1_104' title='bbox 2753 968 3033 1027; x_wconf 89' lang='lat' dir='ltr'><strong>homines</strong></span> <span class='ocrx_word' id='word_1_105' title='bbox 3069 967 3201 1025; x_wconf 91' lang='lat' dir='ltr'><strong>sin-</strong></span> 
     </span>
     <span class='ocr_line' id='line_1_9' title="bbox 556 1056 3201 1135; baseline -0.001 -20"><span class='ocrx_word' id='word_1_106' title='bbox 556 1058 729 1135; x_wconf 84' lang='lat' dir='ltr'><strong>gulos</strong></span> <span class='ocrx_word' id='word_1_107' title='bbox 774 1057 998 1115; x_wconf 87' lang='lat' dir='ltr'><strong>medios</strong></span> <span class='ocrx_word' id='word_1_108' title='bbox 1044 1057 1236 1115; x_wconf 88' lang='lat' dir='ltr'><strong>veluti</strong></span> <span class='ocrx_word' id='word_1_109' title='bbox 1279 1056 1439 1115; x_wconf 90' lang='lat' dir='ltr'><strong>inter</strong></span> <span class='ocrx_word' id='word_1_110' title='bbox 1482 1059 1673 1116; x_wconf 90' lang='lat' dir='ltr'><strong>Deum</strong></span> <span class='ocrx_word' id='word_1_111' title='bbox 1718 1058 2078 1116; x_wconf 83' lang='lat' dir='ltr'><strong>invitantem</strong></span> <span class='ocrx_word' id='word_1_112' title='bbox 2127 1062 2190 1118; x_wconf 90' lang='lat' dir='ltr'><strong>et</strong></span> <span class='ocrx_word' id='word_1_113' title='bbox 2238 1059 2583 1117; x_wconf 87' lang='lat' dir='ltr'><strong>daemonem</strong></span> <span class='ocrx_word' id='word_1_114' title='bbox 2628 1057 3036 1117; x_wconf 80' lang='lat' dir='ltr'><strong>seducentem.</strong></span> <span class='ocrx_word' id='word_1_115' title='bbox 3105 1056 3201 1113; x_wconf 85' lang='lat' dir='ltr'><strong>Ita</strong></span> 
     </span>
     <span class='ocr_line' id='line_1_10' title="bbox 555 1144 3197 1224; baseline -0.001 -20"><span class='ocrx_word' id='word_1_116' title='bbox 555 1145 1056 1224; x_wconf 82' lang='lat' dir='ltr'><strong>Augustinus</strong></span> <span class='ocrx_word' id='word_1_117' title='bbox 1088 1144 1152 1204; x_wconf 88' lang='lat' dir='ltr'><strong>in</strong></span> <span class='ocrx_word' id='word_1_118' title='bbox 1184 1146 1274 1205; x_wconf 83' lang='lat' dir='ltr'><strong>Ps.</strong></span> <span class='ocrx_word' id='word_1_119' title='bbox 1298 1155 1369 1208; x_wconf 85' lang='lat'><strong>91</strong></span> <span class='ocrx_word' id='word_1_120' title='bbox 1413 1165 1473 1203; x_wconf 91' lang='lat' dir='ltr'><strong>n.</strong></span> <span class='ocrx_word' id='word_1_121' title='bbox 1506 1156 1575 1209; x_wconf 88' lang='lat'><strong>3:</strong></span> <span class='ocrx_word' id='word_1_122' title='bbox 1616 1147 1716 1215; x_wconf 81' lang='lat' dir='ltr'><strong>,Si</strong></span> <span class='ocrx_word' id='word_1_123' title='bbox 1747 1150 1982 1206; x_wconf 85' lang='lat' dir='ltr'><strong>satanas</strong></span> <span class='ocrx_word' id='word_1_124' title='bbox 2013 1149 2361 1224; x_wconf 86' lang='lat' dir='ltr'><strong>loqueretur</strong></span> <span class='ocrx_word' id='word_1_125' title='bbox 2390 1151 2452 1206; x_wconf 92' lang='lat' dir='ltr'><strong>et</strong></span> <span class='ocrx_word' id='word_1_126' title='bbox 2480 1150 2705 1206; x_wconf 88' lang='lat' dir='ltr'><strong>taceret</strong></span> <span class='ocrx_word' id='word_1_127' title='bbox 2729 1148 2900 1215; x_wconf 90' lang='lat' dir='ltr'><strong>Deus,</strong></span> <span class='ocrx_word' id='word_1_128' title='bbox 2936 1144 3197 1203; x_wconf 87' lang='lat' dir='ltr'><strong>haberes</strong></span> 
     </span>
     <span class='ocr_line' id='line_1_11' title="bbox 554 1229 3199 1315; baseline -0.001 -22"><span class='ocrx_word' id='word_1_129' title='bbox 554 1235 713 1294; x_wconf 89' lang='lat' dir='ltr'><strong>unde</strong></span> <span class='ocrx_word' id='word_1_130' title='bbox 746 1238 806 1293; x_wconf 89' lang='lat' dir='ltr'><strong>te</strong></span> <span class='ocrx_word' id='word_1_131' title='bbox 838 1253 1182 1294; x_wconf 83' lang='lat' dir='ltr'><strong>excusares:</strong></span> <span class='ocrx_word' id='word_1_132' title='bbox 1225 1234 1401 1292; x_wconf 89' lang='lat' dir='ltr'><strong>modo</strong></span> <span class='ocrx_word' id='word_1_133' title='bbox 1434 1254 1607 1293; x_wconf 88' lang='lat' dir='ltr'><strong>aures</strong></span> <span class='ocrx_word' id='word_1_134' title='bbox 1639 1240 1779 1294; x_wconf 90' lang='lat' dir='ltr'><strong>tuae</strong></span> <span class='ocrx_word' id='word_1_135' title='bbox 1811 1236 2040 1310; x_wconf 85' lang='lat' dir='ltr'><strong>positae</strong></span> <span class='ocrx_word' id='word_1_136' title='bbox 2073 1239 2218 1295; x_wconf 89' lang='lat' dir='ltr'><strong>sunt</strong></span> <span class='ocrx_word' id='word_1_137' title='bbox 2248 1237 2408 1296; x_wconf 90' lang='lat' dir='ltr'><strong>inter</strong></span> <span class='ocrx_word' id='word_1_138' title='bbox 2438 1239 2774 1295; x_wconf 90' lang='lat' dir='ltr'><strong>monentem</strong></span> <span class='ocrx_word' id='word_1_139' title='bbox 2810 1236 3005 1294; x_wconf 91' lang='lat' dir='ltr'><strong>Deum</strong></span> <span class='ocrx_word' id='word_1_140' title='bbox 3043 1229 3199 1315; x_wconf 89' lang='lat' dir='ltr'><strong>(uti-</strong></span> 
     </span>
     <span class='ocr_line' id='line_1_12' title="bbox 555 1319 3196 1404; baseline -0.001 -22"><span class='ocrx_word' id='word_1_141' title='bbox 555 1343 672 1399; x_wconf 93' lang='lat' dir='ltr'><strong>que</strong></span> <span class='ocrx_word' id='word_1_142' title='bbox 704 1342 843 1382; x_wconf 91' lang='lat' dir='ltr'><strong>voce</strong></span> <span class='ocrx_word' id='word_1_143' title='bbox 876 1319 1146 1404; x_wconf 88' lang='lat' dir='ltr'><strong>salutari)</strong></span> <span class='ocrx_word' id='word_1_144' title='bbox 1180 1327 1242 1381; x_wconf 90' lang='lat' dir='ltr'><strong>et</strong></span> <span class='ocrx_word' id='word_1_145' title='bbox 1272 1326 1691 1400; x_wconf 84' lang='lat' dir='ltr'><strong>suggerentem</strong></span> <span class='ocrx_word' id='word_1_146' title='bbox 1714 1329 2068 1400; x_wconf 84' lang='lat' dir='ltr'><strong>serpentem.</strong></span> <span class='ocrx_word' id='word_1_147' title='bbox 2119 1326 2309 1395; x_wconf 84' lang='lat' dir='ltr'><strong>Quare</strong></span> <span class='ocrx_word' id='word_1_148' title='bbox 2329 1326 2443 1385; x_wconf 88' lang='lat' dir='ltr'><strong>huc</strong></span> <span class='ocrx_word' id='word_1_149' title='bbox 2463 1326 2806 1393; x_wconf 89' lang='lat' dir='ltr'><strong>flectuntur,</strong></span> <span class='ocrx_word' id='word_1_150' title='bbox 2841 1323 2986 1382; x_wconf 91' lang='lat' dir='ltr'><strong>hinc</strong></span> <span class='ocrx_word' id='word_1_151' title='bbox 3019 1341 3196 1381; x_wconf 86' lang='lat' dir='ltr'><strong>aver-</strong></span> 
     </span>
     <span class='ocr_line' id='line_1_13' title="bbox 552 1413 3198 1484; baseline -0.001 -13"><span class='ocrx_word' id='word_1_152' title='bbox 552 1415 812 1471; x_wconf 78' lang='lat' dir='ltr'><strong>tuntur?</strong></span> <span class='ocrx_word' id='word_1_153' title='bbox 876 1413 1012 1471; x_wconf 90' lang='lat' dir='ltr'><strong>Non</strong></span> <span class='ocrx_word' id='word_1_154' title='bbox 1056 1416 1247 1471; x_wconf 88' lang='lat' dir='ltr'><strong>cessat</strong></span> <span class='ocrx_word' id='word_1_155' title='bbox 1293 1417 1528 1471; x_wconf 87' lang='lat' dir='ltr'><strong>satanas</strong></span> <span class='ocrx_word' id='word_1_156' title='bbox 1577 1413 1824 1471; x_wconf 86' lang='lat' dir='ltr'><strong>suadere</strong></span> <span class='ocrx_word' id='word_1_157' title='bbox 1869 1414 2113 1484; x_wconf 81' lang='lat' dir='ltr'><strong>malum,</strong></span> <span class='ocrx_word' id='word_1_158' title='bbox 2164 1413 2267 1473; x_wconf 91' lang='lat' dir='ltr'><strong>sed</strong></span> <span class='ocrx_word' id='word_1_159' title='bbox 2312 1433 2420 1474; x_wconf 90' lang='lat' dir='ltr'><strong>nec</strong></span> <span class='ocrx_word' id='word_1_160' title='bbox 2453 1416 2611 1473; x_wconf 90' lang='lat' dir='ltr'><strong>Deus</strong></span> <span class='ocrx_word' id='word_1_161' title='bbox 2645 1416 2836 1472; x_wconf 88' lang='lat' dir='ltr'><strong>cessat</strong></span> <span class='ocrx_word' id='word_1_162' title='bbox 2867 1413 3198 1471; x_wconf 88' lang='lat' dir='ltr'><strong>admonere</strong></span> 
     </span>
     <span class='ocr_line' id='line_1_14' title="bbox 555 1501 3194 1578; baseline -0.001 -18"><span class='ocrx_word' id='word_1_163' title='bbox 555 1503 810 1571; x_wconf 90' lang='lat' dir='ltr'><strong>bonum;</strong></span> <span class='ocrx_word' id='word_1_164' title='bbox 858 1504 1091 1559; x_wconf 89' lang='lat' dir='ltr'><strong>satanas</strong></span> <span class='ocrx_word' id='word_1_165' title='bbox 1136 1519 1259 1558; x_wconf 92' lang='lat' dir='ltr'><strong>non</strong></span> <span class='ocrx_word' id='word_1_166' title='bbox 1304 1501 1466 1578; x_wconf 87' lang='lat' dir='ltr'><strong>cogit</strong></span> <span class='ocrx_word' id='word_1_167' title='bbox 1510 1502 1793 1560; x_wconf 90' lang='lat' dir='ltr'><strong>invitum:</strong></span> <span class='ocrx_word' id='word_1_168' title='bbox 1843 1502 1907 1560; x_wconf 91' lang='lat' dir='ltr'><strong>in</strong></span> <span class='ocrx_word' id='word_1_169' title='bbox 1952 1505 2058 1561; x_wconf 89' lang='lat' dir='ltr'><strong>tua</strong></span> <span class='ocrx_word' id='word_1_170' title='bbox 2102 1507 2398 1578; x_wconf 81' lang='lat' dir='ltr'><strong>potestate</strong></span> <span class='ocrx_word' id='word_1_171' title='bbox 2436 1507 2530 1562; x_wconf 90' lang='lat' dir='ltr'><strong>est</strong></span> <span class='ocrx_word' id='word_1_172' title='bbox 2560 1502 2895 1562; x_wconf 88' lang='lat' dir='ltr'><strong>consentire</strong></span> <span class='ocrx_word' id='word_1_173' title='bbox 2927 1503 3042 1559; x_wconf 88' lang='lat' dir='ltr'><strong>aut</strong></span> <span class='ocrx_word' id='word_1_174' title='bbox 3075 1518 3194 1559; x_wconf 88' lang='lat' dir='ltr'><strong>non</strong></span> 
     </span>
     <span class='ocr_line' id='line_1_15' title="bbox 556 1588 3198 1668; baseline -0.001 -18"><span class='ocrx_word' id='word_1_175' title='bbox 556 1591 951 1653; x_wconf 80' lang='lat' dir='ltr'><strong>consentire.‘</strong></span> <span class='ocrx_word' id='word_1_176' title='bbox 993 1624 1064 1633; x_wconf 89' lang='lat'><strong>-</strong></span> <span class='ocrx_word' id='word_1_177' title='bbox 1105 1588 1297 1658; x_wconf 85' lang='lat' dir='ltr'><strong>Quare</strong></span> <span class='ocrx_word' id='word_1_178' title='bbox 1328 1590 1568 1649; x_wconf 92' lang='lat' dir='ltr'><strong>omnino</strong></span> <span class='ocrx_word' id='word_1_179' title='bbox 1600 1590 1674 1649; x_wconf 89' lang='lat' dir='ltr'><strong>ad</strong></span> <span class='ocrx_word' id='word_1_180' title='bbox 1705 1610 1832 1649; x_wconf 92' lang='lat' dir='ltr'><strong>rem</strong></span> <span class='ocrx_word' id='word_1_181' title='bbox 1866 1591 2192 1651; x_wconf 89' lang='lat' dir='ltr'><strong>Orosius</strong></span> <span class='ocrx_word' id='word_1_182' title='bbox 2227 1593 2263 1652; x_wconf 91' lang='lat' dir='ltr'><strong>l.</strong></span> <span class='ocrx_word' id='word_1_183' title='bbox 2296 1610 2343 1653; x_wconf 92' lang='lat' dir='ltr'><strong>c.</strong></span> <span class='ocrx_word' id='word_1_184' title='bbox 2381 1611 2440 1656; x_wconf 89' lang='lat' dir='ltr'><strong>n.</strong></span> <span class='ocrx_word' id='word_1_185' title='bbox 2479 1602 2589 1655; x_wconf 80' lang='lat'><strong>20:</strong></span> <span class='ocrx_word' id='word_1_186' title='bbox 2639 1592 2891 1668; x_wconf 84' lang='lat' dir='ltr'><strong>,Itaque</strong></span> <span class='ocrx_word' id='word_1_187' title='bbox 2925 1608 3070 1649; x_wconf 91' lang='lat' dir='ltr'><strong>cum</strong></span> <span class='ocrx_word' id='word_1_188' title='bbox 3104 1589 3198 1647; x_wconf 87' lang='lat' dir='ltr'><strong>vi-</strong></span> 
     </span>
     <span class='ocr_line' id='line_1_16' title="bbox 555 1678 3194 1757; baseline -0 -20"><span class='ocrx_word' id='word_1_189' title='bbox 555 1679 694 1739; x_wconf 88' lang='lat' dir='ltr'><strong>deas</strong></span> <span class='ocrx_word' id='word_1_190' title='bbox 725 1679 1069 1738; x_wconf 89' lang='lat' dir='ltr'><strong>hominibus</strong></span> <span class='ocrx_word' id='word_1_191' title='bbox 1101 1678 1327 1755; x_wconf 85' lang='lat' dir='ltr'><strong>ignaris</strong></span> <span class='ocrx_word' id='word_1_192' title='bbox 1358 1681 1586 1737; x_wconf 85' lang='lat' dir='ltr'><strong>tantam</strong></span> <span class='ocrx_word' id='word_1_193' title='bbox 1618 1679 1839 1737; x_wconf 92' lang='lat' dir='ltr'><strong>diaboli</strong></span> <span class='ocrx_word' id='word_1_194' title='bbox 1868 1680 2210 1739; x_wconf 87' lang='lat' dir='ltr'><strong>incubuisse</strong></span> <span class='ocrx_word' id='word_1_195' title='bbox 2243 1681 2568 1757; x_wconf 88' lang='lat' dir='ltr'><strong>nequitiam</strong></span> <span class='ocrx_word' id='word_1_196' title='bbox 2603 1681 2666 1739; x_wconf 92' lang='lat' dir='ltr'><strong>in</strong></span> <span class='ocrx_word' id='word_1_197' title='bbox 2698 1679 3194 1756; x_wconf 89' lang='lat' dir='ltr'><strong>disperdendum,</strong></span> 
     </span>
     <span class='ocr_line' id='line_1_17' title="bbox 554 1767 3195 1846; baseline -0.001 -19"><span class='ocrx_word' id='word_1_198' title='bbox 554 1768 783 1827; x_wconf 85' lang='lat' dir='ltr'><strong>nullam</strong></span> <span class='ocrx_word' id='word_1_199' title='bbox 814 1769 954 1826; x_wconf 89' lang='lat' dir='ltr'><strong>hinc</strong></span> <span class='ocrx_word' id='word_1_200' title='bbox 986 1767 1175 1827; x_wconf 90' lang='lat' dir='ltr'><strong>credis</strong></span> <span class='ocrx_word' id='word_1_201' title='bbox 1206 1767 1311 1825; x_wconf 90' lang='lat' dir='ltr'><strong>Dei</strong></span> <span class='ocrx_word' id='word_1_202' title='bbox 1344 1767 1408 1825; x_wconf 89' lang='lat' dir='ltr'><strong>in</strong></span> <span class='ocrx_word' id='word_1_203' title='bbox 1441 1768 1831 1827; x_wconf 88' lang='lat' dir='ltr'><strong>custodiendo</strong></span> <span class='ocrx_word' id='word_1_204' title='bbox 1853 1769 2111 1846; x_wconf 84' lang='lat' dir='ltr'><strong>gratiam</strong></span> <span class='ocrx_word' id='word_1_205' title='bbox 2129 1770 2536 1846; x_wconf 79' lang='lat' dir='ltr'><strong>praefuisse?‘</strong></span> <span class='ocrx_word' id='word_1_206' title='bbox 2571 1774 2632 1829; x_wconf 90' lang='lat' dir='ltr'><strong>et</strong></span> <span class='ocrx_word' id='word_1_207' title='bbox 2652 1790 2709 1828; x_wconf 90' lang='lat' dir='ltr'><strong>n.</strong></span> <span class='ocrx_word' id='word_1_208' title='bbox 2735 1779 2804 1832; x_wconf 88' lang='lat'><strong>21</strong></span> <span class='ocrx_word' id='word_1_209' title='bbox 2835 1790 2848 1831; x_wconf 92' lang='lat'>:</span> <span class='ocrx_word' id='word_1_210' title='bbox 2883 1768 3195 1837; x_wconf 81' lang='lat' dir='ltr'><strong>,Eviden-</strong></span> 
     </span>
     <span class='ocr_line' id='line_1_18' title="bbox 554 1855 3197 1935; baseline -0.001 -20"><span class='ocrx_word' id='word_1_211' title='bbox 554 1857 787 1916; x_wconf 88' lang='lat' dir='ltr'><strong>tissime</strong></span> <span class='ocrx_word' id='word_1_212' title='bbox 819 1856 1183 1915; x_wconf 87' lang='lat' dir='ltr'><strong>declaratum</strong></span> <span class='ocrx_word' id='word_1_213' title='bbox 1231 1860 1342 1927; x_wconf 88' lang='lat' dir='ltr'><strong>est,</strong></span> <span class='ocrx_word' id='word_1_214' title='bbox 1390 1857 1615 1915; x_wconf 89' lang='lat' dir='ltr'><strong>nemini</strong></span> <span class='ocrx_word' id='word_1_215' title='bbox 1661 1857 1972 1917; x_wconf 89' lang='lat' dir='ltr'><strong>hominum</strong></span> <span class='ocrx_word' id='word_1_216' title='bbox 2006 1860 2211 1918; x_wconf 89' lang='lat' dir='ltr'><strong>deesse</strong></span> <span class='ocrx_word' id='word_1_217' title='bbox 2243 1858 2347 1917; x_wconf 87' lang='lat' dir='ltr'><strong>Dei</strong></span> <span class='ocrx_word' id='word_1_218' title='bbox 2397 1860 2781 1935; x_wconf 88' lang='lat' dir='ltr'><strong>adjutorium,</strong></span> <span class='ocrx_word' id='word_1_219' title='bbox 2829 1855 3197 1934; x_wconf 87' lang='lat' dir='ltr'><strong>praesertim</strong></span> 
     </span>
     <span class='ocr_line' id='line_1_19' title="bbox 556 1945 3196 2024; baseline -0 -20"><span class='ocrx_word' id='word_1_220' title='bbox 556 1964 689 2004; x_wconf 89' lang='lat' dir='ltr'><strong>cum</strong></span> <span class='ocrx_word' id='word_1_221' title='bbox 735 1950 798 2005; x_wconf 91' lang='lat' dir='ltr'><strong>et</strong></span> <span class='ocrx_word' id='word_1_222' title='bbox 841 1945 1117 2004; x_wconf 89' lang='lat' dir='ltr'><strong>seductor</strong></span> <span class='ocrx_word' id='word_1_223' title='bbox 1145 1946 1386 2005; x_wconf 88' lang='lat' dir='ltr'><strong>insistat</strong></span> <span class='ocrx_word' id='word_1_224' title='bbox 1428 1948 1491 2004; x_wconf 90' lang='lat' dir='ltr'><strong>et</strong></span> <span class='ocrx_word' id='word_1_225' title='bbox 1534 1946 1686 2005; x_wconf 87' lang='lat' dir='ltr'><strong>insit</strong></span> <span class='ocrx_word' id='word_1_226' title='bbox 1713 1946 2088 2008; x_wconf 55' lang='lat' dir='ltr'><strong>infirmitas«</strong></span> <span class='ocrx_word' id='word_1_227' title='bbox 2156 1948 2249 2006; x_wconf 89' lang='lat' dir='ltr'><strong>Ad</strong></span> <span class='ocrx_word' id='word_1_228' title='bbox 2298 1949 2440 2007; x_wconf 83' lang='lat' dir='ltr'><strong>haec</strong></span> <span class='ocrx_word' id='word_1_229' title='bbox 2490 1945 2561 2011; x_wconf 83' lang='lat' dir='ltr'><strong>d.</strong></span> <span class='ocrx_word' id='word_1_230' title='bbox 2609 1968 2750 2024; x_wconf 81' lang='lat' dir='ltr'><strong>prae</strong></span> <span class='ocrx_word' id='word_1_231' title='bbox 2796 1947 2990 2005; x_wconf 91' lang='lat' dir='ltr'><strong>oculis</strong></span> <span class='ocrx_word' id='word_1_232' title='bbox 3039 1945 3196 2004; x_wconf 86' lang='lat' dir='ltr'><strong>habe</strong></span> 
     </span>
     <span class='ocr_line' id='line_1_20' title="bbox 554 2034 3192 2112; baseline -0.001 -18"><span class='ocrx_word' id='word_1_233' title='bbox 554 2054 791 2094; x_wconf 88' lang='lat' dir='ltr'><strong>auream</strong></span> <span class='ocrx_word' id='word_1_234' title='bbox 844 2035 1280 2112; x_wconf 88' lang='lat' dir='ltr'><strong>Augustini</strong></span> <span class='ocrx_word' id='word_1_235' title='bbox 1330 2034 1660 2094; x_wconf 85' lang='lat' dir='ltr'><strong>doctrinam</strong></span> <span class='ocrx_word' id='word_1_236' title='bbox 1706 2036 1744 2098; x_wconf 93' lang='lat' dir='ltr'><strong>l.</strong></span> <span class='ocrx_word' id='word_1_237' title='bbox 1796 2045 1830 2097; x_wconf 91' lang='lat'><strong>2</strong></span> <span class='ocrx_word' id='word_1_238' title='bbox 1878 2036 1951 2094; x_wconf 93' lang='lat' dir='ltr'><strong>de</strong></span> <span class='ocrx_word' id='word_1_239' title='bbox 1998 2056 2168 2095; x_wconf 91' lang='lat' dir='ltr'><strong>serm.</strong></span> <span class='ocrx_word' id='word_1_240' title='bbox 2215 2038 2378 2100; x_wconf 77' lang='lat' dir='ltr'><strong>Dom.</strong></span> <span class='ocrx_word' id='word_1_241' title='bbox 2426 2038 2491 2095; x_wconf 82' lang='lat' dir='ltr'><strong>in</strong></span> <span class='ocrx_word' id='word_1_242' title='bbox 2536 2055 2736 2096; x_wconf 61' lang='lat' dir='ltr'><strong>monza</strong></span> <span class='ocrx_word' id='word_1_243' title='bbox 2783 2055 2829 2094; x_wconf 92' lang='lat' dir='ltr'><strong>c.</strong></span> <span class='ocrx_word' id='word_1_244' title='bbox 2882 2045 2916 2097; x_wconf 88' lang='grc'><strong>9</strong></span> <span class='ocrx_word' id='word_1_245' title='bbox 2968 2055 3030 2093; x_wconf 91' lang='lat' dir='ltr'><strong>n.</strong></span> <span class='ocrx_word' id='word_1_246' title='bbox 3073 2043 3192 2097; x_wconf 81' lang='lat'><strong>32:</strong></span> 
     </span>
     <span class='ocr_line' id='line_1_21' title="bbox 556 2123 3193 2201; baseline -0.001 -18"><span class='ocrx_word' id='word_1_247' title='bbox 556 2124 844 2194; x_wconf 84' lang='lat' dir='ltr'><strong>,Nullam</strong></span> <span class='ocrx_word' id='word_1_248' title='bbox 876 2143 1006 2183; x_wconf 79' lang='lat' dir='ltr'><strong>esse</strong></span> <span class='ocrx_word' id='word_1_249' title='bbox 1037 2125 1293 2182; x_wconf 87' lang='lat' dir='ltr'><strong>animam</strong></span> <span class='ocrx_word' id='word_1_250' title='bbox 1325 2124 1600 2199; x_wconf 89' lang='lat' dir='ltr'><strong>quamvis</strong></span> <span class='ocrx_word' id='word_1_251' title='bbox 1631 2143 1987 2200; x_wconf 84' lang='lat' dir='ltr'><strong>perversam,</strong></span> <span class='ocrx_word' id='word_1_252' title='bbox 2032 2145 2184 2201; x_wconf 90' lang='lat' dir='ltr'><strong>quae</strong></span> <span class='ocrx_word' id='word_1_253' title='bbox 2230 2129 2430 2185; x_wconf 89' lang='lat' dir='ltr'><strong>tamen</strong></span> <span class='ocrx_word' id='word_1_254' title='bbox 2476 2127 2602 2185; x_wconf 88' lang='lat' dir='ltr'><strong>ullo</strong></span> <span class='ocrx_word' id='word_1_255' title='bbox 2634 2126 2806 2185; x_wconf 92' lang='lat' dir='ltr'><strong>modo</strong></span> <span class='ocrx_word' id='word_1_256' title='bbox 2838 2123 3193 2184; x_wconf 88' lang='lat' dir='ltr'><strong>ratiocinari</strong></span> 
     </span>
     <span class='ocr_line' id='line_1_22' title="bbox 553 2213 3193 2291; baseline -0.001 -19"><span class='ocrx_word' id='word_1_257' title='bbox 553 2217 769 2290; x_wconf 88' lang='lat' dir='ltr'><strong>potest,</strong></span> <span class='ocrx_word' id='word_1_258' title='bbox 805 2213 869 2273; x_wconf 90' lang='lat' dir='ltr'><strong>in</strong></span> <span class='ocrx_word' id='word_1_259' title='bbox 902 2213 1074 2289; x_wconf 81' lang='lat' dir='ltr'><strong>cujus</strong></span> <span class='ocrx_word' id='word_1_260' title='bbox 1107 2214 1470 2272; x_wconf 86' lang='lat' dir='ltr'><strong>conscientia</strong></span> <span class='ocrx_word' id='word_1_261' title='bbox 1500 2233 1621 2272; x_wconf 92' lang='lat' dir='ltr'><strong>non</strong></span> <span class='ocrx_word' id='word_1_262' title='bbox 1651 2214 1938 2290; x_wconf 89' lang='lat' dir='ltr'><strong>loquatur</strong></span> <span class='ocrx_word' id='word_1_263' title='bbox 1972 2214 2187 2284; x_wconf 81' lang='lat' dir='ltr'><strong>Deus,‘</strong></span> <span class='ocrx_word' id='word_1_264' title='bbox 2222 2234 2361 2274; x_wconf 90' lang='lat' dir='ltr'><strong>voce</strong></span> <span class='ocrx_word' id='word_1_265' title='bbox 2392 2215 2654 2291; x_wconf 86' lang='lat' dir='ltr'><strong>profecto</strong></span> <span class='ocrx_word' id='word_1_266' title='bbox 2689 2214 2956 2273; x_wconf 87' lang='lat' dir='ltr'><strong>salutari.</strong></span> <span class='ocrx_word' id='word_1_267' title='bbox 3024 2213 3193 2271; x_wconf 88' lang='lat' dir='ltr'><strong>Unde</strong></span> 
     </span>
     <span class='ocr_line' id='line_1_23' title="bbox 555 2303 3193 2371; baseline -0 -11"><span class='ocrx_word' id='word_1_268' title='bbox 555 2303 771 2361; x_wconf 88' lang='lat' dir='ltr'><strong>statuit</strong></span> <span class='ocrx_word' id='word_1_269' title='bbox 802 2303 866 2361; x_wconf 90' lang='lat' dir='ltr'><strong>in</strong></span> <span class='ocrx_word' id='word_1_270' title='bbox 898 2304 991 2365; x_wconf 83' lang='lat' dir='ltr'><strong>Ps.</strong></span> <span class='ocrx_word' id='word_1_271' title='bbox 1032 2312 1105 2367; x_wconf 88' lang='lat'><strong>18</strong></span> <span class='ocrx_word' id='word_1_272' title='bbox 1141 2321 1329 2363; x_wconf 87' lang='lat' dir='ltr'><strong>enarr.</strong></span> <span class='ocrx_word' id='word_1_273' title='bbox 1370 2313 1397 2365; x_wconf 90' lang='lat'>1</span> <span class='ocrx_word' id='word_1_274' title='bbox 1437 2322 1496 2364; x_wconf 87' lang='lat' dir='ltr'><strong>n.</strong></span> <span class='ocrx_word' id='word_1_275' title='bbox 1533 2313 1601 2367; x_wconf 84' lang='lat'><strong>7:</strong></span> <span class='ocrx_word' id='word_1_276' title='bbox 1650 2303 1841 2371; x_wconf 81' lang='lat' dir='ltr'><strong>,Cum</strong></span> <span class='ocrx_word' id='word_1_277' title='bbox 1875 2305 2074 2361; x_wconf 87' lang='lat' dir='ltr'><strong>autem</strong></span> <span class='ocrx_word' id='word_1_278' title='bbox 2105 2303 2369 2363; x_wconf 89' lang='lat' dir='ltr'><strong>Verbum</strong></span> <span class='ocrx_word' id='word_1_279' title='bbox 2415 2304 2591 2363; x_wconf 90' lang='lat' dir='ltr'><strong>etiam</strong></span> <span class='ocrx_word' id='word_1_280' title='bbox 2638 2322 2773 2363; x_wconf 88' lang='lat' dir='ltr'><strong>caro</strong></span> <span class='ocrx_word' id='word_1_281' title='bbox 2819 2304 3051 2362; x_wconf 83' lang='lat' dir='ltr'><strong>factum</strong></span> <span class='ocrx_word' id='word_1_282' title='bbox 3096 2306 3193 2361; x_wconf 90' lang='lat' dir='ltr'><strong>est</strong></span> 
     </span>
     <span class='ocr_line' id='line_1_24' title="bbox 554 2390 3193 2468; baseline -0 -19"><span class='ocrx_word' id='word_1_283' title='bbox 554 2395 616 2450; x_wconf 93' lang='lat' dir='ltr'><strong>et</strong></span> <span class='ocrx_word' id='word_1_284' title='bbox 659 2392 954 2452; x_wconf 85' lang='lat' dir='ltr'><strong>habitavit</strong></span> <span class='ocrx_word' id='word_1_285' title='bbox 998 2390 1062 2450; x_wconf 90' lang='lat' dir='ltr'><strong>in</strong></span> <span class='ocrx_word' id='word_1_286' title='bbox 1107 2393 1296 2462; x_wconf 88' lang='lat' dir='ltr'><strong>nobis,</strong></span> <span class='ocrx_word' id='word_1_287' title='bbox 1344 2411 1465 2450; x_wconf 91' lang='lat' dir='ltr'><strong>non</strong></span> <span class='ocrx_word' id='word_1_288' title='bbox 1511 2392 1787 2468; x_wconf 89' lang='lat' dir='ltr'><strong>permisit</strong></span> <span class='ocrx_word' id='word_1_289' title='bbox 1816 2393 2012 2450; x_wconf 88' lang='lat' dir='ltr'><strong>ullum</strong></span> <span class='ocrx_word' id='word_1_290' title='bbox 2044 2392 2388 2451; x_wconf 86' lang='lat' dir='ltr'><strong>mortalium</strong></span> <span class='ocrx_word' id='word_1_291' title='bbox 2422 2412 2699 2451; x_wconf 79' lang='lat' dir='ltr'><strong>excusare</strong></span> <span class='ocrx_word' id='word_1_292' title='bbox 2743 2412 2804 2451; x_wconf 91' lang='lat' dir='ltr'><strong>se</strong></span> <span class='ocrx_word' id='word_1_293' title='bbox 2849 2392 2922 2450; x_wconf 93' lang='lat' dir='ltr'><strong>de</strong></span> <span class='ocrx_word' id='word_1_294' title='bbox 2969 2390 3193 2450; x_wconf 88' lang='lat' dir='ltr'><strong>umbra</strong></span> 
     </span>
     <span class='ocr_line' id='line_1_25' title="bbox 554 2479 3192 2559; baseline -0.001 -20"><span class='ocrx_word' id='word_1_295' title='bbox 554 2482 781 2552; x_wconf 87' lang='lat' dir='ltr'><strong>mortis,</strong></span> <span class='ocrx_word' id='word_1_296' title='bbox 815 2485 877 2541; x_wconf 91' lang='lat' dir='ltr'><strong>et</strong></span> <span class='ocrx_word' id='word_1_297' title='bbox 907 2480 1099 2557; x_wconf 89' lang='lat' dir='ltr'><strong>ipsam</strong></span> <span class='ocrx_word' id='word_1_298' title='bbox 1132 2482 1290 2541; x_wconf 90' lang='lat' dir='ltr'><strong>enim</strong></span> <span class='ocrx_word' id='word_1_299' title='bbox 1324 2481 1664 2558; x_wconf 83' lang='lat' dir='ltr'><strong>penetravit</strong></span> <span class='ocrx_word' id='word_1_300' title='bbox 1693 2480 1874 2540; x_wconf 92' lang='lat' dir='ltr'><strong>Verbi</strong></span> <span class='ocrx_word' id='word_1_301' title='bbox 1907 2480 2127 2538; x_wconf 78' lang='lat' dir='ltr'><strong>calor.‘</strong></span> <span class='ocrx_word' id='word_1_302' title='bbox 2194 2484 2346 2553; x_wconf 82' lang='lat' dir='ltr'><strong>Lege</strong></span> <span class='ocrx_word' id='word_1_303' title='bbox 2381 2485 2451 2540; x_wconf 69' lang='lat' dir='ltr'><strong>cie</strong></span> <span class='ocrx_word' id='word_1_304' title='bbox 2483 2485 2827 2559; x_wconf 89' lang='lat' dir='ltr'><strong>Augustino</strong></span> <span class='ocrx_word' id='word_1_305' title='bbox 2858 2479 3192 2540; x_wconf 85' lang='lat' dir='ltr'><strong>Bastida</strong></span> 
     </span>
     <span class='ocr_line' id='line_1_26' title="bbox 554 2568 3193 2647; baseline 0 -20"><span class='ocrx_word' id='word_1_306' title='bbox 554 2570 714 2645; x_wconf 88' lang='lat' dir='ltr'><strong>apud</strong></span> <span class='ocrx_word' id='word_1_307' title='bbox 745 2570 810 2629; x_wconf 83' lang='lat' dir='ltr'><strong>L.</strong></span> <span class='ocrx_word' id='word_1_308' title='bbox 842 2571 1096 2647; x_wconf 80' lang='lat' dir='ltr'><strong>Meyer</strong></span> <span class='ocrx_word' id='word_1_309' title='bbox 1126 2570 1262 2629; x_wconf 91' lang='lat' dir='ltr'><strong>hist.</strong></span> <span class='ocrx_word' id='word_1_310' title='bbox 1296 2573 1480 2629; x_wconf 91' lang='lat' dir='ltr'><strong>contr.</strong></span> <span class='ocrx_word' id='word_1_311' title='bbox 1512 2569 1584 2628; x_wconf 93' lang='lat' dir='ltr'><strong>de</strong></span> <span class='ocrx_word' id='word_1_312' title='bbox 1617 2589 1749 2627; x_wconf 83' lang='lat' dir='ltr'><strong>aux.</strong></span> <span class='ocrx_word' id='word_1_313' title='bbox 1785 2568 1850 2639; x_wconf 91' lang='lat' dir='ltr'><strong>V,</strong></span> <span class='ocrx_word' id='word_1_314' title='bbox 1889 2580 1989 2632; x_wconf 71' lang='lat'><strong>29.</strong></span> <span class='ocrx_word' id='word_1_315' title='bbox 2026 2579 2126 2631; x_wconf 78' lang='lat'><strong>31.</strong></span> <span class='ocrx_word' id='word_1_316' title='bbox 2179 2571 2256 2629; x_wconf 84' lang='lat' dir='ltr'><strong>cf.</strong></span> <span class='ocrx_word' id='word_1_317' title='bbox 2289 2574 2562 2630; x_wconf 86' lang='lat' dir='ltr'><strong>auctor</strong></span> <span class='ocrx_word' id='word_1_318' title='bbox 2595 2572 2668 2628; x_wconf 76' lang='lat' dir='ltr'><strong>de</strong></span> <span class='ocrx_word' id='word_1_319' title='bbox 2699 2574 2885 2630; x_wconf 89' lang='lat' dir='ltr'><strong>vocat.</strong></span> <span class='ocrx_word' id='word_1_320' title='bbox 2918 2570 3193 2629; x_wconf 89' lang='lat' dir='ltr'><strong>omnium</strong></span> 
     </span>
     <span class='ocr_line' id='line_1_27' title="bbox 555 2658 3192 2736; baseline 0 -20"><span class='ocrx_word' id='word_1_321' title='bbox 555 2660 828 2736; x_wconf 85' lang='lat' dir='ltr'><strong>gentium</strong></span> <span class='ocrx_word' id='word_1_322' title='bbox 860 2661 897 2723; x_wconf 81' lang='lat'><strong>1,</strong></span> <span class='ocrx_word' id='word_1_323' title='bbox 937 2669 971 2724; x_wconf 88' lang='lat'>2</span> <span class='ocrx_word' id='word_1_324' title='bbox 1006 2678 1053 2722; x_wconf 82' lang='lat' dir='ltr'><strong>c,</strong></span> <span class='ocrx_word' id='word_1_325' title='bbox 1090 2668 1146 2722; x_wconf 85' lang='lat'><strong>4.</strong></span> <span class='ocrx_word' id='word_1_326' title='bbox 1185 2670 1238 2723; x_wconf 92' lang='lat'><strong>5.</strong></span> <span class='ocrx_word' id='word_1_327' title='bbox 1284 2670 1376 2723; x_wconf 89' lang='lat'><strong>13.</strong></span> <span class='ocrx_word' id='word_1_328' title='bbox 1414 2668 1512 2724; x_wconf 88' lang='lat'><strong>25.</strong></span> <span class='ocrx_word' id='word_1_329' title='bbox 1551 2668 1622 2724; x_wconf 91' lang='lat'><strong>31</strong></span> <span class='ocrx_word' id='word_1_330' title='bbox 1667 2676 1865 2735; x_wconf 88' lang='lat' dir='ltr'><strong>opusc.</strong></span> <span class='ocrx_word' id='word_1_331' title='bbox 1898 2664 1941 2721; x_wconf 84' lang='lat' dir='ltr'><strong>t.</strong></span> <span class='ocrx_word' id='word_1_332' title='bbox 1973 2658 2079 2717; x_wconf 85' lang='lat'><strong>111.</strong></span> <span class='ocrx_word' id='word_1_333' title='bbox 2112 2678 2246 2720; x_wconf 92' lang='lat' dir='ltr'><strong>cum</strong></span> <span class='ocrx_word' id='word_1_334' title='bbox 2291 2664 2492 2725; x_wconf 87' lang='lat' dir='ltr'><strong>annot.</strong></span> <span class='ocrx_word' id='word_1_335' title='bbox 2524 2681 2654 2736; x_wconf 51' lang='lat' dir='ltr'><strong>pag.</strong></span> <span class='ocrx_word' id='word_1_336' title='bbox 2707 2671 2837 2732; x_wconf 78' lang='lat'><strong>100,</strong></span> <span class='ocrx_word' id='word_1_337' title='bbox 2883 2659 2993 2720; x_wconf 91' lang='lat' dir='ltr'><strong>ubi</strong></span> <span class='ocrx_word' id='word_1_338' title='bbox 3042 2658 3192 2718; x_wconf 88' lang='lat' dir='ltr'><strong>alio-</strong></span> 
     </span>
     <span class='ocr_line' id='line_1_28' title="bbox 554 2748 3194 2828; baseline -0.001 -20"><span class='ocrx_word' id='word_1_339' title='bbox 554 2769 691 2809; x_wconf 88' lang='lat' dir='ltr'><strong>rum</strong></span> <span class='ocrx_word' id='word_1_340' title='bbox 741 2753 981 2825; x_wconf 84' lang='lat' dir='ltr'><strong>patrum</strong></span> <span class='ocrx_word' id='word_1_341' title='bbox 1031 2749 1210 2807; x_wconf 87' lang='lat' dir='ltr'><strong>habes</strong></span> <span class='ocrx_word' id='word_1_342' title='bbox 1260 2749 1433 2807; x_wconf 86' lang='lat' dir='ltr'><strong>effata</strong></span> <span class='ocrx_word' id='word_1_343' title='bbox 1481 2749 1554 2807; x_wconf 91' lang='lat' dir='ltr'><strong>de</strong></span> <span class='ocrx_word' id='word_1_344' title='bbox 1604 2748 1799 2819; x_wconf 90' lang='lat' dir='ltr'><strong>mod0,</strong></span> <span class='ocrx_word' id='word_1_345' title='bbox 1848 2767 1967 2826; x_wconf 90' lang='lat' dir='ltr'><strong>quo</strong></span> <span class='ocrx_word' id='word_1_346' title='bbox 2000 2748 2157 2808; x_wconf 77' lang='lat' dir='ltr'><strong>Deus</strong></span> <span class='ocrx_word' id='word_1_347' title='bbox 2193 2753 2502 2810; x_wconf 85' lang='lat' dir='ltr'><strong>succurrat</strong></span> <span class='ocrx_word' id='word_1_348' title='bbox 2531 2753 2813 2828; x_wconf 88' lang='lat' dir='ltr'><strong>gentibus</strong></span> <span class='ocrx_word' id='word_1_349' title='bbox 2846 2749 2962 2807; x_wconf 92' lang='lat' dir='ltr'><strong>fide</strong></span> <span class='ocrx_word' id='word_1_350' title='bbox 2994 2748 3194 2807; x_wconf 86' lang='lat' dir='ltr'><strong>adhuc</strong></span> 
     </span>
     <span class='ocr_line' id='line_1_29' title="bbox 556 2837 3193 2914; baseline -0 -18"><span class='ocrx_word' id='word_1_351' title='bbox 556 2838 897 2910; x_wconf 80' lang='lat' dir='ltr'><strong>destitutis3</strong></span> <span class='ocrx_word' id='word_1_352' title='bbox 948 2858 1016 2897; x_wconf 85' lang='lat' dir='ltr'><strong>ex</strong></span> <span class='ocrx_word' id='word_1_353' title='bbox 1062 2838 1359 2914; x_wconf 89' lang='lat' dir='ltr'><strong>theologis</strong></span> <span class='ocrx_word' id='word_1_354' title='bbox 1404 2837 1475 2898; x_wconf 86' lang='lat' dir='ltr'><strong>cf.</strong></span> <span class='ocrx_word' id='word_1_355' title='bbox 1522 2838 1561 2895; x_wconf 86' lang='lat' dir='ltr'>J</span> <span class='ocrx_word' id='word_1_356' title='bbox 1577 2839 1914 2914; x_wconf 89' lang='lat' dir='ltr'><strong>osephus</strong></span> <span class='ocrx_word' id='word_1_357' title='bbox 1954 2837 2324 2899; x_wconf 88' lang='lat' dir='ltr'><strong>Tricassinus</strong></span> <span class='ocrx_word' id='word_1_358' title='bbox 2357 2841 2430 2898; x_wconf 91' lang='lat' dir='ltr'><strong>de</strong></span> <span class='ocrx_word' id='word_1_359' title='bbox 2461 2839 2789 2899; x_wconf 88' lang='lat' dir='ltr'><strong>necessaria</strong></span> <span class='ocrx_word' id='word_1_360' title='bbox 2819 2838 2895 2896; x_wconf 89' lang='lat' dir='ltr'><strong>ad</strong></span> <span class='ocrx_word' id='word_1_361' title='bbox 2926 2838 3193 2896; x_wconf 87' lang='lat' dir='ltr'><strong>salutem</strong></span> 
     </span>
     <span class='ocr_line' id='line_1_30' title="bbox 556 2926 3190 3004; baseline -0 -19"><span class='ocrx_word' id='word_1_362' title='bbox 556 2928 751 3004; x_wconf 84' lang='lat' dir='ltr'><strong>gratia</strong></span> <span class='ocrx_word' id='word_1_363' title='bbox 782 2927 1060 2986; x_wconf 87' lang='lat' dir='ltr'><strong>omnibus</strong></span> <span class='ocrx_word' id='word_1_364' title='bbox 1093 2929 1155 2984; x_wconf 94' lang='lat' dir='ltr'><strong>et</strong></span> <span class='ocrx_word' id='word_1_365' title='bbox 1187 2926 1444 3003; x_wconf 87' lang='lat' dir='ltr'><strong>singulis</strong></span> <span class='ocrx_word' id='word_1_366' title='bbox 1477 2928 1642 2997; x_wconf 89' lang='lat' dir='ltr'><strong>data;</strong></span> <span class='ocrx_word' id='word_1_367' title='bbox 1680 2928 1867 2986; x_wconf 88' lang='lat' dir='ltr'><strong>Ruiz</strong></span> <span class='ocrx_word' id='word_1_368' title='bbox 1898 2928 1970 2986; x_wconf 89' lang='lat' dir='ltr'><strong>de</strong></span> <span class='ocrx_word' id='word_1_369' title='bbox 2003 2930 2291 3001; x_wconf 83' lang='lat' dir='ltr'><strong>praedest.</strong></span> <span class='ocrx_word' id='word_1_370' title='bbox 2324 2929 2474 3003; x_wconf 90' lang='lat' dir='ltr'><strong>disp.</strong></span> <span class='ocrx_word' id='word_1_371' title='bbox 2511 2938 2590 2991; x_wconf 87' lang='lat'><strong>39</strong></span> <span class='ocrx_word' id='word_1_372' title='bbox 2627 2947 2736 2996; x_wconf 82' lang='lat' dir='ltr'><strong>SS.;</strong></span> <span class='ocrx_word' id='word_1_373' title='bbox 2769 2928 3190 3003; x_wconf 87' lang='lat' dir='ltr'><strong>theologorum</strong></span> 
     </span>
     <span class='ocr_line' id='line_1_31' title="bbox 556 3015 2845 3094; baseline 0 -20"><span class='ocrx_word' id='word_1_374' title='bbox 556 3016 784 3074; x_wconf 86' lang='lat' dir='ltr'><strong>scholae</strong></span> <span class='ocrx_word' id='word_1_375' title='bbox 820 3015 1168 3093; x_wconf 84' lang='lat' dir='ltr'><strong>suffragium</strong></span> <span class='ocrx_word' id='word_1_376' title='bbox 1204 3015 1366 3090; x_wconf 91' lang='lat' dir='ltr'><strong>apud</strong></span> <span class='ocrx_word' id='word_1_377' title='bbox 1399 3015 1859 3094; x_wconf 82' lang='lat' dir='ltr'><strong>d’Argentre</strong></span> <span class='ocrx_word' id='word_1_378' title='bbox 1891 3021 2203 3076; x_wconf 78' lang='lat' dir='ltr'><strong>comment.</strong></span> <span class='ocrx_word' id='word_1_379' title='bbox 2237 3019 2308 3076; x_wconf 87' lang='lat' dir='ltr'><strong>de</strong></span> <span class='ocrx_word' id='word_1_380' title='bbox 2341 3018 2627 3092; x_wconf 86' lang='lat' dir='ltr'><strong>praedest.</strong></span> <span class='ocrx_word' id='word_1_381' title='bbox 2661 3035 2708 3078; x_wconf 91' lang='lat' dir='ltr'><strong>c.</strong></span> <span class='ocrx_word' id='word_1_382' title='bbox 2749 3026 2845 3078; x_wconf 86' lang='lat'><strong>11.</strong></span> 
     </span>
    </p>
   </div>
   <div class='ocr_carea' id='block_1_3' title="bbox 552 3134 3191 3390">
    <p class='ocr_par' dir='ltr' id='par_1_3' title="bbox 552 3134 3191 3390">
     <span class='ocr_line' id='line_1_32' title="bbox 735 3134 3191 3226; baseline 0.002 -23"><span class='ocrx_word' id='word_1_383' title='bbox 735 3141 837 3203; x_wconf 83' lang='lat'><strong>81.</strong></span> <span class='ocrx_word' id='word_1_384' title='bbox 870 3136 1124 3203; x_wconf 71' lang='lat' dir='ltr'><strong>&#39;rhesis</strong></span> <span class='ocrx_word' id='word_1_385' title='bbox 1156 3134 1332 3206; x_wconf 80' lang='lat' dir='ltr'><strong>CXC</strong></span> <span class='ocrx_word' id='word_1_386' title='bbox 1416 3157 1522 3210; x_wconf 91' lang='lat' dir='ltr'><strong>De</strong></span> <span class='ocrx_word' id='word_1_387' title='bbox 1560 3172 1806 3212; x_wconf 79' lang='lat' dir='ltr'><strong>eorum</strong></span> <span class='ocrx_word' id='word_1_388' title='bbox 1843 3172 2164 3225; x_wconf 77' lang='lat' dir='ltr'><strong>numero,</strong></span> <span class='ocrx_word' id='word_1_389' title='bbox 2201 3160 2452 3226; x_wconf 76' lang='lat' dir='ltr'><strong>quibus</strong></span> <span class='ocrx_word' id='word_1_390' title='bbox 2481 3159 2673 3212; x_wconf 77' lang='lat' dir='ltr'><strong>Deus</strong></span> <span class='ocrx_word' id='word_1_391' title='bbox 2724 3158 3041 3222; x_wconf 70' lang='lat' dir='ltr'><strong>oratiam</strong></span> <span class='ocrx_word' id='word_1_392' title='bbox 3093 3157 3191 3209; x_wconf 82' lang='lat' dir='ltr'><strong>ad</strong></span> 
     </span>
     <span class='ocr_line' id='line_1_33' title="bbox 552 3245 3191 3312; baseline 0 -13"><span class='ocrx_word' id='word_1_393' title='bbox 552 3245 855 3299; x_wconf 75' lang='lat' dir='ltr'><strong>salutem</strong></span> <span class='ocrx_word' id='word_1_394' title='bbox 893 3245 1352 3308; x_wconf 73' lang='lat' dir='ltr'><strong>sufficientem</strong></span> <span class='ocrx_word' id='word_1_395' title='bbox 1390 3248 1680 3312; x_wconf 77' lang='lat' dir='ltr'><strong>confert,</strong></span> <span class='ocrx_word' id='word_1_396' title='bbox 1701 3252 2102 3312; x_wconf 78' lang='lat' dir='ltr'><strong>peccatores</strong></span> <span class='ocrx_word' id='word_1_397' title='bbox 2129 3250 2478 3303; x_wconf 70' lang='lat' dir='ltr'><strong>excaecati</strong></span> <span class='ocrx_word' id='word_1_398' title='bbox 2519 3252 2583 3302; x_wconf 79' lang='lat' dir='ltr'><strong>et</strong></span> <span class='ocrx_word' id='word_1_399' title='bbox 2617 3249 2945 3303; x_wconf 70' lang='lat' dir='ltr'><strong>indurati</strong></span> <span class='ocrx_word' id='word_1_400' title='bbox 2964 3247 3191 3302; x_wconf 72' lang='lat' dir='ltr'><strong>eoeimi</strong></span> 
     </span>
     <span class='ocr_line' id='line_1_34' title="bbox 556 3336 1003 3390; baseline 0.002 -3"><span class='ocrx_word' id='word_1_401' title='bbox 556 3349 699 3387; x_wconf 77' lang='lat' dir='ltr'><strong>non</strong></span> <span class='ocrx_word' id='word_1_402' title='bbox 735 3336 1003 3390; x_wconf 81' lang='lat' dir='ltr'><strong>debent.</strong></span> 
     </span>
    </p>
   </div>
   <div class='ocr_carea' id='block_1_4' title="bbox 551 3439 3191 4804">
    <p class='ocr_par' dir='ltr' id='par_1_4' title="bbox 551 3439 3191 4804">
     <span class='ocr_line' id='line_1_35' title="bbox 732 3439 3191 3522; baseline -0.001 -16"><span class='ocrx_word' id='word_1_403' title='bbox 732 3439 1076 3506; x_wconf 84' lang='lat' dir='ltr'><strong>Declarat</strong></span> <span class='ocrx_word' id='word_1_404' title='bbox 1095 3440 1193 3506; x_wconf 84' lang='lat' dir='ltr'><strong>io.</strong></span> <span class='ocrx_word' id='word_1_405' title='bbox 1245 3439 1629 3504; x_wconf 72' lang='lat' dir='ltr'><strong>Excoecatio</strong></span> <span class='ocrx_word' id='word_1_406' title='bbox 1663 3446 1728 3505; x_wconf 89' lang='lat' dir='ltr'><strong>et</strong></span> <span class='ocrx_word' id='word_1_407' title='bbox 1755 3439 2076 3504; x_wconf 89' lang='lat' dir='ltr'><strong>induratio</strong></span> <span class='ocrx_word' id='word_1_408' title='bbox 2110 3441 2505 3505; x_wconf 89' lang='lat' dir='ltr'><strong>considerari</strong></span> <span class='ocrx_word' id='word_1_409' title='bbox 2537 3446 2808 3522; x_wconf 85' lang='lat' dir='ltr'><strong>possunt</strong></span> <span class='ocrx_word' id='word_1_410' title='bbox 2836 3439 3093 3521; x_wconf 83' lang='lat' dir='ltr'><strong>passive</strong></span> <span class='ocrx_word' id='word_1_411' title='bbox 3125 3445 3191 3505; x_wconf 89' lang='lat' dir='ltr'><strong>et</strong></span> 
     </span>
     <span class='ocr_line' id='line_1_36' title="bbox 557 3545 3189 3634; baseline 0.001 -26"><span class='ocrx_word' id='word_1_412' title='bbox 557 3546 778 3610; x_wconf 86' lang='lat' dir='ltr'><strong>active.</strong></span> <span class='ocrx_word' id='word_1_413' title='bbox 811 3545 859 3607; x_wconf 89' lang='lat' dir='ltr'>E</span> <span class='ocrx_word' id='word_1_414' title='bbox 876 3565 918 3608; x_wconf 86' lang='lat' dir='ltr'>x</span> <span class='ocrx_word' id='word_1_415' title='bbox 934 3563 969 3608; x_wconf 91' lang='lat' dir='ltr'><strong>c</strong></span> <span class='ocrx_word' id='word_1_416' title='bbox 986 3563 1024 3608; x_wconf 95' lang='lat' dir='ltr'><strong>o</strong></span> <span class='ocrx_word' id='word_1_417' title='bbox 1042 3564 1077 3609; x_wconf 93' lang='lat' dir='ltr'><strong>e</strong></span> <span class='ocrx_word' id='word_1_418' title='bbox 1093 3563 1129 3607; x_wconf 89' lang='lat' dir='ltr'><strong>c</strong></span> <span class='ocrx_word' id='word_1_419' title='bbox 1145 3546 1321 3610; x_wconf 88' lang='lat' dir='ltr'><strong>atio</strong></span> <span class='ocrx_word' id='word_1_420' title='bbox 1354 3554 1647 3627; x_wconf 87' lang='lat' dir='ltr'><strong>spectata</strong></span> <span class='ocrx_word' id='word_1_421' title='bbox 1699 3567 1741 3629; x_wconf 93' lang='lat' dir='ltr'><strong>p</strong></span> <span class='ocrx_word' id='word_1_422' title='bbox 1759 3565 1801 3610; x_wconf 88' lang='lat' dir='ltr'><strong>a</strong></span> <span class='ocrx_word' id='word_1_423' title='bbox 1818 3566 1849 3610; x_wconf 89' lang='lat' dir='ltr'><strong>s</strong></span> <span class='ocrx_word' id='word_1_424' title='bbox 1869 3547 1993 3610; x_wconf 89' lang='lat' dir='ltr'><strong>siv</strong></span> <span class='ocrx_word' id='word_1_425' title='bbox 2011 3565 2046 3611; x_wconf 90' lang='lat' dir='ltr'><strong>e</strong></span> <span class='ocrx_word' id='word_1_426' title='bbox 2080 3548 2424 3628; x_wconf 88' lang='lat' dir='ltr'><strong>opponitur</strong></span> <span class='ocrx_word' id='word_1_427' title='bbox 2455 3547 2698 3627; x_wconf 83' lang='lat' dir='ltr'><strong>gratiae</strong></span> <span class='ocrx_word' id='word_1_428' title='bbox 2729 3546 3189 3634; x_wconf 83' lang='lat' dir='ltr'><strong>illustrationiS‚</strong></span> 
     </span>
     <span class='ocr_line' id='line_1_37' title="bbox 555 3651 3186 3734; baseline 0.001 -20"><span class='ocrx_word' id='word_1_429' title='bbox 555 3656 620 3714; x_wconf 91' lang='lat' dir='ltr'><strong>et</strong></span> <span class='ocrx_word' id='word_1_430' title='bbox 652 3658 751 3715; x_wconf 78' lang='lat' dir='ltr'><strong>est</strong></span> <span class='ocrx_word' id='word_1_431' title='bbox 783 3651 1034 3715; x_wconf 84' lang='lat' dir='ltr'><strong>affectio</strong></span> <span class='ocrx_word' id='word_1_432' title='bbox 1067 3653 1319 3728; x_wconf 78' lang='lat' dir='ltr'><strong>mentiS,</strong></span> <span class='ocrx_word' id='word_1_433' title='bbox 1342 3652 1479 3734; x_wconf 86' lang='lat' dir='ltr'><strong>ejus</strong></span> <span class='ocrx_word' id='word_1_434' title='bbox 1500 3654 1742 3718; x_wconf 89' lang='lat' dir='ltr'><strong>scilicet</strong></span> <span class='ocrx_word' id='word_1_435' title='bbox 1763 3654 2049 3719; x_wconf 86' lang='lat' dir='ltr'><strong>coecitas</strong></span> <span class='ocrx_word' id='word_1_436' title='bbox 2083 3654 2148 3717; x_wconf 89' lang='lat' dir='ltr'><strong>in</strong></span> <span class='ocrx_word' id='word_1_437' title='bbox 2186 3653 2412 3719; x_wconf 91' lang='lat' dir='ltr'><strong>ordine</strong></span> <span class='ocrx_word' id='word_1_438' title='bbox 2446 3653 2671 3717; x_wconf 88' lang='lat' dir='ltr'><strong>salutis</strong></span> <span class='ocrx_word' id='word_1_439' title='bbox 2693 3659 2836 3717; x_wconf 90' lang='lat' dir='ltr'><strong>orta</strong></span> <span class='ocrx_word' id='word_1_440' title='bbox 2855 3672 2934 3719; x_wconf 84' lang='lat' dir='ltr'><strong>ex</strong></span> <span class='ocrx_word' id='word_1_441' title='bbox 2954 3654 3186 3718; x_wconf 89' lang='lat' dir='ltr'><strong>volun-</strong></span> 
     </span>
     <span class='ocr_line' id='line_1_38' title="bbox 558 3758 3188 3839; baseline 0 -17"><span class='ocrx_word' id='word_1_442' title='bbox 558 3761 721 3822; x_wconf 71' lang='lat' dir='ltr'><strong>taria.</strong></span> <span class='ocrx_word' id='word_1_443' title='bbox 760 3783 783 3813; x_wconf 69' lang='grc' dir='ltr'><strong>ε·</strong></span> <span class='ocrx_word' id='word_1_444' title='bbox 815 3793 820 3817; x_wconf 71' lang='lat'>2</span> <span class='ocrx_word' id='word_1_445' title='bbox 828 3759 1011 3839; x_wconf 85' lang='lat' dir='ltr'><strong>pulsa</strong></span> <span class='ocrx_word' id='word_1_446' title='bbox 1043 3759 1288 3838; x_wconf 87' lang='lat' dir='ltr'><strong>gratiae</strong></span> <span class='ocrx_word' id='word_1_447' title='bbox 1320 3759 1695 3823; x_wconf 89' lang='lat' dir='ltr'><strong>illustrantis</strong></span> <span class='ocrx_word' id='word_1_448' title='bbox 1727 3765 1794 3823; x_wconf 94' lang='lat' dir='ltr'><strong>et</strong></span> <span class='ocrx_word' id='word_1_449' title='bbox 1826 3759 2131 3823; x_wconf 81' lang='lat' dir='ltr'><strong>veritatis,</strong></span> <span class='ocrx_word' id='word_1_450' title='bbox 2178 3758 2359 3825; x_wconf 91' lang='lat' dir='ltr'><strong>Unde</strong></span> <span class='ocrx_word' id='word_1_451' title='bbox 2393 3779 2525 3825; x_wconf 92' lang='lat' dir='ltr'><strong>non</strong></span> <span class='ocrx_word' id='word_1_452' title='bbox 2556 3760 2765 3824; x_wconf 87' lang='lat' dir='ltr'><strong>solum</strong></span> <span class='ocrx_word' id='word_1_453' title='bbox 2797 3761 3090 3825; x_wconf 86' lang='lat' dir='ltr'><strong>consistit</strong></span> <span class='ocrx_word' id='word_1_454' title='bbox 3121 3761 3188 3823; x_wconf 92' lang='lat' dir='ltr'><strong>in</strong></span> 
     </span>
     <span class='ocr_line' id='line_1_39' title="bbox 554 3865 3186 3949; baseline 0.001 -21"><span class='ocrx_word' id='word_1_455' title='bbox 554 3865 1249 3948; x_wconf 61' lang='lat' dir='ltr'><strong>quad-„uninhabilitate</strong></span> <span class='ocrx_word' id='word_1_456' title='bbox 1267 3866 1735 3931; x_wconf 90' lang='lat' dir='ltr'><strong>ethebetudine</strong></span> <span class='ocrx_word' id='word_1_457' title='bbox 1750 3867 2146 3948; x_wconf 88' lang='lat' dir='ltr'><strong>percipiendi</strong></span> <span class='ocrx_word' id='word_1_458' title='bbox 2162 3886 2260 3945; x_wconf 89' lang='lat' dir='ltr'><strong>ea,</strong></span> <span class='ocrx_word' id='word_1_459' title='bbox 2288 3886 2455 3949; x_wconf 87' lang='lat' dir='ltr'><strong>quae</strong></span> <span class='ocrx_word' id='word_1_460' title='bbox 2483 3867 2566 3930; x_wconf 90' lang='lat' dir='ltr'><strong>ad</strong></span> <span class='ocrx_word' id='word_1_461' title='bbox 2582 3868 2857 3931; x_wconf 87' lang='lat' dir='ltr'><strong>salutern</strong></span> <span class='ocrx_word' id='word_1_462' title='bbox 2873 3874 3186 3949; x_wconf 85' lang='lat' dir='ltr'><strong>spectant,</strong></span> 
     </span>
     <span class='ocr_line' id='line_1_40' title="bbox 552 3973 3187 4059; baseline -0.001 -22"><span class='ocrx_word' id='word_1_463' title='bbox 552 3973 666 4038; x_wconf 86' lang='lat' dir='ltr'><strong>sed</strong></span> <span class='ocrx_word' id='word_1_464' title='bbox 699 3973 859 4037; x_wconf 85' lang='lat' dir='ltr'><strong>etin</strong></span> <span class='ocrx_word' id='word_1_465' title='bbox 890 3973 1167 4054; x_wconf 88' lang='lat' dir='ltr'><strong>positiva</strong></span> <span class='ocrx_word' id='word_1_466' title='bbox 1191 3973 1411 4055; x_wconf 86' lang='lat' dir='ltr'><strong>judicii</strong></span> <span class='ocrx_word' id='word_1_467' title='bbox 1443 3973 1877 4056; x_wconf 87' lang='lat' dir='ltr'><strong>perversione,</strong></span> <span class='ocrx_word' id='word_1_468' title='bbox 1926 3993 2124 4056; x_wconf 89' lang='lat' dir='ltr'><strong>quam</strong></span> <span class='ocrx_word' id='word_1_469' title='bbox 2173 3974 2246 4037; x_wconf 90' lang='lat' dir='ltr'><strong>Is.</strong></span> <span class='ocrx_word' id='word_1_470' title='bbox 2282 3980 2341 4051; x_wconf 79' lang='lat'><strong>5,</strong></span> <span class='ocrx_word' id='word_1_471' title='bbox 2373 3980 2460 4044; x_wconf 81' lang='lat'><strong>25</strong></span> <span class='ocrx_word' id='word_1_472' title='bbox 2494 3973 2826 4040; x_wconf 86' lang='lat' dir='ltr'><strong>describit:</strong></span> <span class='ocrx_word' id='word_1_473' title='bbox 2899 3973 3047 4057; x_wconf 87' lang='lat' dir='ltr'><strong>Vae,</strong></span> <span class='ocrx_word' id='word_1_474' title='bbox 3078 3975 3187 4059; x_wconf 78' lang='lat' dir='ltr'><strong>qui</strong></span> 
     </span>
     <span class='ocr_line' id='line_1_41' title="bbox 553 4080 3181 4165; baseline -0 -21"><span class='ocrx_word' id='word_1_475' title='bbox 553 4081 755 4145; x_wconf 65' lang='lat' dir='ltr'><strong>dicitis</strong></span> <span class='ocrx_word' id='word_1_476' title='bbox 784 4080 1022 4142; x_wconf 85' lang='lat' dir='ltr'><strong>malum</strong></span> <span class='ocrx_word' id='word_1_477' title='bbox 1055 4081 1277 4146; x_wconf 81' lang='lat' dir='ltr'><strong>bonum</strong></span> <span class='ocrx_word' id='word_1_478' title='bbox 1311 4086 1368 4143; x_wconf 79' lang='lat' dir='ltr'><strong>et</strong></span> <span class='ocrx_word' id='word_1_479' title='bbox 1397 4081 1626 4144; x_wconf 83' lang='lat' dir='ltr'><strong>bonum</strong></span> <span class='ocrx_word' id='word_1_480' title='bbox 1657 4080 1921 4165; x_wconf 83' lang='lat' dir='ltr'><strong>malum,</strong></span> <span class='ocrx_word' id='word_1_481' title='bbox 1947 4088 2251 4165; x_wconf 79' lang='lat' dir='ltr'><strong>ponentes</strong></span> <span class='ocrx_word' id='word_1_482' title='bbox 2282 4081 2567 4146; x_wconf 80' lang='lat' dir='ltr'><strong>tenebras</strong></span> <span class='ocrx_word' id='word_1_483' title='bbox 2596 4081 2793 4145; x_wconf 78' lang='lat' dir='ltr'><strong>lucem</strong></span> <span class='ocrx_word' id='word_1_484' title='bbox 2812 4088 2867 4145; x_wconf 81' lang='lat' dir='ltr'><strong>et</strong></span> <span class='ocrx_word' id='word_1_485' title='bbox 2885 4083 3079 4146; x_wconf 86' lang='lat' dir='ltr'><strong>lucem</strong></span> <span class='ocrx_word' id='word_1_486' title='bbox 3099 4087 3181 4144; x_wconf 80' lang='lat' dir='ltr'><strong>te·</strong></span> 
     </span>
     <span class='ocr_line' id='line_1_42' title="bbox 552 4185 3177 4273; baseline 0.001 -24"><span class='ocrx_word' id='word_1_487' title='bbox 552 4189 807 4251; x_wconf 78' lang='lat' dir='ltr'><strong>nebras:</strong></span> <span class='ocrx_word' id='word_1_488' title='bbox 827 4194 1128 4273; x_wconf 80' lang='lat' dir='ltr'><strong>ponentes</strong></span> <span class='ocrx_word' id='word_1_489' title='bbox 1161 4208 1457 4253; x_wconf 81' lang='lat' dir='ltr'><strong>amarum</strong></span> <span class='ocrx_word' id='word_1_490' title='bbox 1490 4191 1556 4252; x_wconf 82' lang='lat' dir='ltr'><strong>in</strong></span> <span class='ocrx_word' id='word_1_491' title='bbox 1590 4189 1765 4252; x_wconf 84' lang='lat' dir='ltr'><strong>dulce</strong></span> <span class='ocrx_word' id='word_1_492' title='bbox 1799 4196 1853 4252; x_wconf 83' lang='lat' dir='ltr'><strong>et</strong></span> <span class='ocrx_word' id='word_1_493' title='bbox 1890 4190 2066 4253; x_wconf 82' lang='lat' dir='ltr'><strong>dulce</strong></span> <span class='ocrx_word' id='word_1_494' title='bbox 2097 4191 2167 4252; x_wconf 79' lang='lat' dir='ltr'><strong>in</strong></span> <span class='ocrx_word' id='word_1_495' title='bbox 2188 4209 2499 4253; x_wconf 80' lang='lat' dir='ltr'><strong>amar-um.</strong></span> <span class='ocrx_word' id='word_1_496' title='bbox 2533 4185 2992 4253; x_wconf 85' lang='lat' dir='ltr'><strong>Obduratio</strong></span> <span class='ocrx_word' id='word_1_497' title='bbox 3022 4206 3177 4252; x_wconf 91' lang='lat' dir='ltr'><strong>vero</strong></span> 
     </span>
     <span class='ocr_line' id='line_1_43' title="bbox 551 4294 3179 4378; baseline 0.001 -22"><span class='ocrx_word' id='word_1_498' title='bbox 551 4313 593 4375; x_wconf 93' lang='lat' dir='ltr'><strong>p</strong></span> <span class='ocrx_word' id='word_1_499' title='bbox 612 4294 886 4358; x_wconf 87' lang='lat' dir='ltr'><strong>assive</strong></span> <span class='ocrx_word' id='word_1_500' title='bbox 918 4301 1209 4375; x_wconf 83' lang='lat' dir='ltr'><strong>spectata</strong></span> <span class='ocrx_word' id='word_1_501' title='bbox 1241 4296 1590 4377; x_wconf 89' lang='lat' dir='ltr'><strong>opponitur</strong></span> <span class='ocrx_word' id='word_1_502' title='bbox 1623 4296 1870 4375; x_wconf 87' lang='lat' dir='ltr'><strong>gratiae</strong></span> <span class='ocrx_word' id='word_1_503' title='bbox 1902 4295 2345 4378; x_wconf 86' lang='lat' dir='ltr'><strong>inspirationis</strong></span> <span class='ocrx_word' id='word_1_504' title='bbox 2384 4302 2448 4360; x_wconf 90' lang='lat' dir='ltr'><strong>et</strong></span> <span class='ocrx_word' id='word_1_505' title='bbox 2479 4296 2754 4377; x_wconf 88' lang='lat' dir='ltr'><strong>pertinet</strong></span> <span class='ocrx_word' id='word_1_506' title='bbox 2785 4295 2868 4358; x_wconf 88' lang='lat' dir='ltr'><strong>ad</strong></span> <span class='ocrx_word' id='word_1_507' title='bbox 2898 4312 3029 4371; x_wconf 90' lang='lat' dir='ltr'><strong>cor,</strong></span> <span class='ocrx_word' id='word_1_508' title='bbox 3050 4301 3179 4360; x_wconf 87' lang='lat' dir='ltr'><strong>est-</strong></span> 
     </span>
     <span class='ocr_line' id='line_1_44' title="bbox 554 4400 3179 4483; baseline 0 -18"><span class='ocrx_word' id='word_1_509' title='bbox 554 4419 678 4483; x_wconf 89' lang='lat' dir='ltr'><strong>que</strong></span> <span class='ocrx_word' id='word_1_510' title='bbox 711 4400 898 4481; x_wconf 86' lang='lat' dir='ltr'><strong>hujus</strong></span> <span class='ocrx_word' id='word_1_511' title='bbox 931 4400 1191 4466; x_wconf 87' lang='lat' dir='ltr'><strong>durities</strong></span> <span class='ocrx_word' id='word_1_512' title='bbox 1214 4409 1357 4466; x_wconf 88' lang='lat' dir='ltr'><strong>orta</strong></span> <span class='ocrx_word' id='word_1_513' title='bbox 1380 4420 1459 4465; x_wconf 86' lang='lat' dir='ltr'><strong>ex</strong></span> <span class='ocrx_word' id='word_1_514' title='bbox 1480 4402 1839 4483; x_wconf 88' lang='lat' dir='ltr'><strong>pertinacia</strong></span> <span class='ocrx_word' id='word_1_515' title='bbox 1872 4403 2219 4466; x_wconf 86' lang='lat' dir='ltr'><strong>voluntatis</strong></span> <span class='ocrx_word' id='word_1_516' title='bbox 2253 4409 2520 4483; x_wconf 90' lang='lat' dir='ltr'><strong>peccato</strong></span> <span class='ocrx_word' id='word_1_517' title='bbox 2559 4402 2822 4467; x_wconf 76' lang='lat' dir='ltr'><strong>firmiter</strong></span> <span class='ocrx_word' id='word_1_518' title='bbox 2841 4403 3179 4466; x_wconf 86' lang='lat' dir='ltr'><strong>inhaeren-</strong></span> 
     </span>
     <span class='ocr_line' id='line_1_45' title="bbox 555 4508 3178 4591; baseline 0 -20"><span class='ocrx_word' id='word_1_519' title='bbox 555 4508 653 4583; x_wconf 80' lang='lat' dir='ltr'><strong>tis,</strong></span> <span class='ocrx_word' id='word_1_520' title='bbox 688 4508 931 4587; x_wconf 83' lang='lat' dir='ltr'><strong>gratiae</strong></span> <span class='ocrx_word' id='word_1_521' title='bbox 965 4508 1311 4573; x_wconf 90' lang='lat' dir='ltr'><strong>emollienti</strong></span> <span class='ocrx_word' id='word_1_522' title='bbox 1345 4509 1718 4585; x_wconf 78' lang='lat' dir='ltr'><strong>resistentie,</strong></span> <span class='ocrx_word' id='word_1_523' title='bbox 1740 4528 1937 4591; x_wconf 88' lang='lat' dir='ltr'><strong>quam</strong></span> <span class='ocrx_word' id='word_1_524' title='bbox 1958 4511 2051 4572; x_wconf 91' lang='lat' dir='ltr'><strong>ita</strong></span> <span class='ocrx_word' id='word_1_525' title='bbox 2073 4508 2378 4574; x_wconf 88' lang='lat' dir='ltr'><strong>describit</strong></span> <span class='ocrx_word' id='word_1_526' title='bbox 2408 4508 2879 4574; x_wconf 89' lang='lat' dir='ltr'><strong>Bernardus</strong></span> <span class='ocrx_word' id='word_1_527' title='bbox 2911 4508 2991 4573; x_wconf 93' lang='lat' dir='ltr'><strong>de</strong></span> <span class='ocrx_word' id='word_1_528' title='bbox 3023 4527 3178 4572; x_wconf 88' lang='lat' dir='ltr'><strong>con·-</strong></span> 
     </span>
     <span class='ocr_line' id='line_1_46' title="bbox 553 4612 3181 4698; baseline 0 -21"><span class='ocrx_word' id='word_1_529' title='bbox 553 4613 665 4677; x_wconf 89' lang='lat' dir='ltr'><strong>sid.</strong></span> <span class='ocrx_word' id='word_1_530' title='bbox 699 4612 740 4688; x_wconf 95' lang='lat' dir='ltr'><strong>I,</strong></span> <span class='ocrx_word' id='word_1_531' title='bbox 777 4618 849 4682; x_wconf 83' lang='lat'><strong>2:</strong></span> <span class='ocrx_word' id='word_1_532' title='bbox 921 4613 1170 4695; x_wconf 78' lang='lat' dir='ltr'><strong>,Ipsum</strong></span> <span class='ocrx_word' id='word_1_533' title='bbox 1220 4632 1332 4678; x_wconf 88' lang='lat' dir='ltr'><strong>cor</strong></span> <span class='ocrx_word' id='word_1_534' title='bbox 1378 4615 1611 4679; x_wconf 89' lang='lat' dir='ltr'><strong>durum</strong></span> <span class='ocrx_word' id='word_1_535' title='bbox 1645 4622 1758 4693; x_wconf 88' lang='lat' dir='ltr'><strong>est,</strong></span> <span class='ocrx_word' id='word_1_536' title='bbox 1807 4615 1982 4698; x_wconf 90' lang='lat' dir='ltr'><strong>quod</strong></span> <span class='ocrx_word' id='word_1_537' title='bbox 2013 4633 2133 4680; x_wconf 91' lang='lat' dir='ltr'><strong>nec</strong></span> <span class='ocrx_word' id='word_1_538' title='bbox 2165 4616 2660 4697; x_wconf 88' lang='lat' dir='ltr'><strong>compunctione</strong></span> <span class='ocrx_word' id='word_1_539' title='bbox 2705 4614 3031 4692; x_wconf 89' lang='lat' dir='ltr'><strong>scinditur,</strong></span> <span class='ocrx_word' id='word_1_540' title='bbox 3062 4631 3181 4679; x_wconf 90' lang='lat' dir='ltr'><strong>nec</strong></span> 
     </span>
     <span class='ocr_line' id='line_1_47' title="bbox 553 4719 3177 4804; baseline 0 -22"><span class='ocrx_word' id='word_1_541' title='bbox 553 4720 791 4801; x_wconf 87' lang='lat' dir='ltr'><strong>pietate</strong></span> <span class='ocrx_word' id='word_1_542' title='bbox 825 4719 1125 4798; x_wconf 88' lang='lat' dir='ltr'><strong>mollitur,</strong></span> <span class='ocrx_word' id='word_1_543' title='bbox 1157 4740 1278 4786; x_wconf 90' lang='lat' dir='ltr'><strong>nec</strong></span> <span class='ocrx_word' id='word_1_544' title='bbox 1308 4726 1605 4786; x_wconf 88' lang='lat' dir='ltr'><strong>movetur</strong></span> <span class='ocrx_word' id='word_1_545' title='bbox 1635 4721 1952 4804; x_wconf 82' lang='lat' dir='ltr'><strong>precibuS,</strong></span> <span class='ocrx_word' id='word_1_546' title='bbox 1999 4721 2188 4786; x_wconf 87' lang='lat' dir='ltr'><strong>minis</strong></span> <span class='ocrx_word' id='word_1_547' title='bbox 2220 4740 2353 4785; x_wconf 89' lang='lat' dir='ltr'><strong>non</strong></span> <span class='ocrx_word' id='word_1_548' title='bbox 2387 4722 2570 4800; x_wconf 90' lang='lat' dir='ltr'><strong>cedit,</strong></span> <span class='ocrx_word' id='word_1_549' title='bbox 2602 4721 2866 4802; x_wconf 87' lang='lat' dir='ltr'><strong>flagellis</strong></span> <span class='ocrx_word' id='word_1_550' title='bbox 2898 4721 3177 4785; x_wconf 88' lang='lat' dir='ltr'><strong>duratur.</strong></span> 
     </span>
    </p>
   </div>
  </div>
 </body>
</html>
