3538 5364
1072 253 1145 308 ad
1172 252 1357 308 claves
1386 270 1500 307 non
1527 254 1790 308 obstante
1817 253 2181 309 contritione.
2802 264 2932 329 449

309 444 548 517 peccata
593 461 663 501 ex
710 440 1008 499 oblivione
1055 441 1118 499 in
1163 440 1522 500 confessione
1569 441 1807 511 omissa,
1856 442 1957 501 sed
1990 442 2216 501 virtute
2249 441 2644 501 absolutionis
2674 444 2931 514 remissa,

310 530 578 589 clavibus
608 531 731 589 sint
764 534 966 605 postea
999 529 1384 606 subjicienda,
1432 529 1481 589 si
1515 550 1718 589 eorum
1749 530 2141 605 recordemur,
2179 531 2500 608 respondet
2531 533 2725 608 suppl.
2759 552 2814 608 q.
2856 544 2931 596 10

309 640 360 682 a.
400 630 432 682 5
468 620 542 677 ad
584 631 605 682 l
634 640 647 677 z
698 619 1067 687 „Dicendum
1098 618 1257 694 quod
1290 621 1353 677 in
1385 619 1750 679 confessione
1783 620 2190 679 sacramentali
2224 638 2345 679 non
2380 620 2570 680 solum
2602 622 2937 696 requiritur

310 709 623 777 absolutiO,
676 708 780 767 sed
823 708 1115 784 judicium
1163 709 1481 767 sacerdotis
1526 708 1985 769 satisfactionem
2020 708 2380 785 imponentis
2413 713 2822 786 exspectatun
2875 714 2935 770 et

310 798 584 874 quamvis
617 798 729 855 iste
759 797 1133 857 absolutione
1178 798 1258 856 sit
1302 798 1561 866 functus,
1612 801 1811 857 tamen
1846 802 2084 857 tenetur
2117 799 2403 868 confiteri,
2452 802 2524 857 ut
2568 800 2931 875 suppleatur,

309 887 472 962 quod
505 886 697 945 defuit
727 888 1133 946 sacramentali
1164 887 1574 947 confessioni.‘

490 988 555 1056 3.
592 993 910 1071 Obligatur
938 995 1169 1052 ratione
1200 994 1504 1053 ordinis
1550 998 1610 1052 et
1649 994 2014 1070 disciplinae.
2082 994 2227 1054 Vult
2255 995 2412 1054 enim
2450 997 2620 1065 DeuS,
2667 998 2737 1054 ut
2782 1015 2933 1071 quae

310 1086 547 1157 praeter
578 1083 847 1141 ordinem
876 1103 911 1141 a
942 1101 1002 1141 se
1036 1085 1334 1142 statutum
1364 1083 1459 1143 via
1489 1083 1659 1158 quasi
1693 1084 2157 1143 extraordinaria
2186 1085 2483 1161 benignus
2515 1084 2759 1155 confert,
2806 1088 2935 1144 rata

309 1172 502 1231 veluti
532 1172 863 1230 habeantur
892 1172 966 1231 ab
999 1173 1288 1231 Ecclesia:
1330 1191 1449 1231 non
1482 1172 1640 1248 quod
1675 1172 1802 1231 sine
1835 1175 2013 1249 hujus
2043 1174 2470 1250 approbatione
2501 1174 2672 1232 irrita
2720 1173 2931 1244 forent,

312 1261 417 1319 sed
452 1261 608 1335 quod
640 1280 769 1319 eam
800 1261 1083 1319 vicariam
1114 1262 1497 1320 constituerit
1526 1280 1693 1321 suam
1726 1279 1954 1338 nosque
1998 1263 2072 1322 ab
2115 1263 2222 1321 illa
2261 1264 2332 1321 ut
2363 1263 2513 1321 filios
2544 1283 2579 1321 a
2608 1267 2796 1321 matre
2828 1282 2930 1322 vo-

311 1350 495 1408 luerit
525 1350 797 1425 pendere,
832 1355 902 1409 ut
933 1351 1179 1425 spiritui
1210 1352 1442 1427 privato
1475 1350 1631 1409 viam
1665 1351 2096 1427 praecluderet,
2141 1352 2454 1411 illusiones
2486 1352 2668 1420 illiue,
2717 1353 2824 1427 qui
2871 1372 2933 1411 se

312 1439 376 1497 in
408 1440 687 1516 angelum
719 1439 1103 1516 transfigurat
1134 1440 1304 1509 lucis,
1352 1439 1742 1516 praepediret.
1792 1441 2310 1516 obedientiamque
2343 1441 2566 1500 foveret
2598 1444 2659 1499 et
2689 1440 2932 1500 humili-

309 1531 515 1590 tatem.
577 1528 835 1604 Ideoque
868 1528 996 1604 ipse
1030 1529 1297 1587 Christus
1330 1548 1449 1598 eOS,
1498 1547 1648 1604 quos
1681 1549 1715 1587 a
1747 1531 1911 1605 lepra
1942 1533 2267 1602 sanaverat,
2301 1531 2373 1589 ad
2408 1530 2737 1589 sacerdotes
2767 1530 2936 1589 misit

311 1617 451 1679 Luc.
484 1628 575 1686 17,
621 1629 724 1687 14;
757 1620 819 1675 et
839 1618 1109 1690 Paulum,
1144 1637 1322 1694 quem
1343 1618 1438 1678 vel
1458 1619 1861 1678 conversionis
1881 1624 2181 1678 momento
2213 1620 2308 1678 vel
2340 1621 2547 1677 saltem
2583 1619 2682 1678 illo
2714 1619 2933 1689 tridu0‚

312 1706 473 1781 quod
504 1709 700 1765 totum
732 1706 795 1764 in
821 1707 1055 1782 jejunio
1086 1710 1149 1766 et
1180 1707 1443 1766 oratione
1474 1708 1788 1785 transegit,
1829 1708 2227 1784 justificatum
2266 1708 2453 1767 fuisse
2486 1708 2582 1766 vix
2614 1727 2935 1783 possumus

313 1794 607 1862 dubitare,
653 1796 725 1855 ad
772 1796 1065 1855 Ananiam
1111 1796 1196 1855 ire
1234 1797 1421 1872 jussit
1453 1797 1579 1855 Act.
1616 1807 1671 1866 9,
1709 1809 1763 1868 7,
1818 1800 1887 1855 ut
1934 1797 2008 1855 ab
2057 1816 2125 1857 eo
2175 1797 2605 1873 baptizaretur;
2657 1797 2931 1873 idemque

312 1884 535 1943 Paulus
579 1886 698 1944 etsi
742 1886 1034 1958 apostolus
1078 1904 1192 1944 non
1237 1886 1310 1943 ab
1354 1885 1685 1945 hominibus
1729 1906 1905 1963 neque
1943 1906 2053 1962 per
2095 1888 2397 1962 hmninem,
2450 1888 2548 1944 sed
2589 1905 2700 1962 per
2728 1886 2932 1945 Jesum

318 1974 612 2031 Christum
644 1975 766 2034 Gal.
809 1986 859 2045 l,
903 1986 952 2045 l,
986 1974 1255 2032 ascendit
1285 1976 1600 2035 secundum
1632 1977 2024 2034 revelationem
2058 1972 2162 2056 (ib.
2195 1987 2241 2046 1,
2281 1970 2346 2058 2)
2376 1976 2830 2053 Jerosolymam,
2864 1979 2934 2034 ut

313 2062 607 2121 conferret
628 2082 759 2122 cum
791 2064 885 2134 iis,
919 2064 1023 2139 qui
1047 2064 1406 2122 videbantur
1425 2064 1655 2139 aliquid
1677 2083 1822 2135 esse,
1856 2065 2249 2142 Evangelium
2269 2083 2463 2135 suum,
2497 2084 2566 2122 ne
2597 2067 2658 2122 in
2689 2082 2934 2123 vacuum

313 2159 572 2209 curreret
602 2160 706 2211 aut
737 2155 1086 2211 cucurrisset
1099 2174 1129 2223 ‚·
1177 2155 1238 2212 et
1272 2154 1577 2212 Cornelius
1608 2153 1713 2229 qui
1751 2154 2039 2222 ,audiens
2072 2158 2133 2213 et
2165 2152 2408 2212 credens
2443 2153 2599 2229 quod
2634 2154 2931 2229 praedica-

313 2244 484 2299 verat
514 2242 745 2312 Petrus,
781 2242 866 2299 ita
897 2242 1221 2301 mundatus
1252 2246 1360 2312 est,
1409 2245 1480 2300 ut
1523 2245 1660 2300 ante
1709 2242 2008 2302 visibilem
2041 2243 2406 2318 baptismum
2455 2261 2589 2301 cum
2637 2243 2779 2311 suiS,
2828 2244 2933 2317 qui

313 2330 573 2399 aderant,
626 2331 919 2407 acciperet
964 2331 1184 2390 donum
1234 2331 1494 2407 Spiritus
1540 2350 1583 2390 s,
1632 2327 2157 2411 (Augustinus
2198 2350 2254 2406 q.
2291 2340 2370 2394 33
2406 2332 2467 2390 in
2499 2331 2675 2389 Num.
2707 2351 2765 2390 n.
2803 2327 2933 2415 9),‘

313 2418 389 2476 ab
434 2422 840 2494 apostolorum
885 2426 1086 2479 tamen
1118 2421 1383 2496 principe
1417 2420 1752 2495 baptizatus
1789 2421 1921 2480 fuit.
1988 2420 2093 2480 Cui
2142 2420 2359 2479 rationi
2401 2421 2505 2478 illa
2539 2439 2583 2482 s,
2615 2420 2936 2479 Thomae

315 2508 513 2582 suppl.
547 2528 601 2584 q.
640 2519 674 2571 8
711 2529 761 2571 a.
797 2518 831 2570 2
869 2510 943 2567 ad
980 2520 1015 2572 3
1049 2509 1244 2568 affinis
1292 2514 1398 2579 est,
1446 2508 1608 2585 quod
1655 2511 1783 2568 scil.
1830 2510 1936 2585 qui
1974 2511 2098 2586 jam
2145 2511 2371 2568 virtute
2404 2509 2783 2567 contritionis
2814 2510 2936 2568 Deo

312 2601 408 2655 est
438 2598 875 2669 reconciliatus,
909 2599 1380 2658 reconciliandus
1413 2604 1507 2657 est
1537 2599 1716 2658 etiam
1750 2599 2040 2658 Ecclesiae
2073 2601 2370 2675 potestate
2402 2598 2678 2657 clavium.

494 2703 558 2768 4.
592 2706 906 2784 Obligatur
938 2707 1168 2765 ratione
1201 2708 1382 2766 boni
1414 2708 1765 2777 communis,
1801 2707 2071 2783 alioquin
2104 2708 2367 2782 potestas
2399 2705 2659 2765 clavium
2688 2704 2938 2764 frustra-

314 2799 501 2865 retur,
547 2813 682 2854 cum
728 2796 985 2871 quilibet
1030 2796 1200 2854 facile
1232 2815 1293 2855 se
1324 2797 1646 2855 contritum
1680 2815 1807 2855 esse
1842 2796 1958 2854 sibi
1990 2797 2376 2872 persuaderet
2406 2813 2592 2869 eaque
2623 2798 2936 2870 repeteret,

315 2902 468 2957 quae
500 2885 713 2944 merito
746 2885 1132 2960 reprehendit
1163 2887 1663 2958 Augustinus
1698 2905 1743 2947 e.
1781 2895 1907 2948 392
1946 2881 2246 2966 (nonnihil
2278 2878 2476 2966 dubii)
2509 2903 2565 2941 n.
2603 2893 2668 2945 3:
2708 2884 2938 2951 ‚Nemo

316 2971 433 3029 sibi
463 2972 636 3042 dicat,
670 2974 898 3032 occulte
930 2993 1056 3050 ag0‚
1093 2975 1249 3049 apud
1288 2975 1473 3032 Deum
1510 2995 1619 3050 ago
1655 2969 2170 3057 (poenitentiam):
2217 2973 2387 3033 novit
2418 2974 2594 3041 Deus,
2643 2973 2746 3047 qui
2792 2973 2939 3031 mihi

315 3061 603 3136 ignoscat,
637 3063 780 3137 quia
811 3063 874 3121 in
907 3064 1079 3121 corde
1113 3082 1240 3121 meo
1273 3082 1402 3140 ago,
1466 3064 1620 3141 Ergo
1655 3064 1785 3122 sine
1817 3083 1996 3122 causa
2026 3064 2255 3122 dictum
2287 3066 2409 3121 est:
2467 3064 2626 3134 Quae
2654 3063 2940 3120 solveritis

314 3152 379 3207 in
411 3157 594 3225 terra,
624 3153 809 3210 soluta
841 3160 1011 3211 erunt
1043 3155 1104 3211 in
1134 3153 1279 3211 coelo
1298 3155 1328 3210 ‚9
1359 3153 1515 3230 Ergo
1549 3153 1677 3211 sine
1708 3171 1887 3211 causa
1908 3155 2051 3211 sunt
2073 3154 2265 3211 claves
2288 3153 2457 3209 datae
2479 3151 2768 3209 Ecclesiae
2791 3152 2939 3209 Dei?

314 3238 676 3298 frustramus
709 3241 1119 3317 Evangelium,
1160 3242 1513 3300 frustramus
1547 3242 1728 3300 verba
1759 3242 2058 3300 Christi?‹

498 3341 560 3408 ὅ.
595 3347 913 3425 Obligatur
931 3350 1159 3407 ratione
1190 3367 1309 3408 sec
1327 3369 1367 3407 u
1385 3370 1411 3407 r
1428 3350 1446 3407 i
1465 3349 1616 3407 tati
1635 3368 1680 3416 s,
1715 3368 1852 3406 nam
1879 3349 2152 3423 ,aliquiS,
2176 3349 2379 3424 inquit
2404 3349 2718 3407 Thomas
2746 3348 2941 3424 suppl.

317 3454 374 3508 q.
414 3446 446 3499 5
481 3456 530 3494 a.
568 3446 601 3497 2
637 3437 709 3495 ad
754 3449 801 3504 1,
837 3456 955 3496 non
988 3442 1186 3514 potest
1217 3456 1345 3497 esse
1378 3443 1596 3506 certuS,
1638 3439 1796 3514 quod
1831 3438 2111 3496 contritio
2146 3456 2255 3495 sua
2286 3437 2368 3496 sit
2399 3437 2697 3496 sufficiens
2729 3437 2803 3494 ad
2836 3437 2935 3495 de-

315 3524 593 3584 letionem
625 3543 847 3600 poenae
880 3532 942 3585 et
972 3528 1196 3603 culpae,
1231 3531 1292 3586 et
1323 3528 1456 3586 ideo
1476 3531 1720 3586 tenetur
1737 3527 2005 3585 confiteri
2038 3530 2100 3585 et
2133 3526 2490 3596 satisfacere,
2526 3526 2776 3585 maxime
2807 3544 2941 3584 cum

316 3614 598 3672 contritio
633 3633 768 3673 vera
800 3635 920 3675 non
952 3616 1151 3686 fuerit,
1188 3617 1300 3675 nisi
1332 3616 1704 3692 propositum
1738 3616 2052 3674 confitendi
2089 3616 2399 3674 habuisset
2419 3634 2744 3673 annexum:
2781 3614 2939 3687 quod

316 3702 494 3761 debet
524 3702 598 3762 ad
631 3704 901 3763 effectum
935 3705 1134 3764 reduci
1169 3707 1346 3765 etiam
1377 3708 1620 3780 propter
1652 3709 2053 3780 praeceptum,
2109 3705 2270 3780 quod
2317 3708 2406 3763 est
2454 3705 2524 3762 de
2572 3703 2940 3761 confessione

317 3790 585 3851 datum.‘
653 3793 994 3852 Damnanda
1026 3814 1165 3871 ergo
1200 3813 1361 3870 prop.
1400 3805 1429 3855 7
1470 3793 1850 3852 Wicleffi:
1901 3794 2004 3862 ‚Si
2050 3793 2224 3852 homo
2270 3793 2453 3852 fuerit
2486 3791 2683 3850 debite
2716 3792 2938 3849 contri-

317 3885 434 3950 tae,
468 3881 662 3940 omnis
696 3882 982 3942 confessio
1016 3883 1272 3942 exterior
1304 3888 1397 3941 est
1429 3883 1543 3941 sibi
1575 3883 1879 3956 superflua
1910 3887 1971 3941 et
2002 3882 2302 3946 inutilis.‘

501 4015 645 4068 464.
693 4007 806 4066 Sed
852 4013 978 4066 esto
1028 4027 1181 4075 eum,
1230 4009 1334 4083 qui
1382 4008 1605 4066 virtute
1653 4008 2029 4066 contritionis
2065 4009 2183 4066 Deo
2223 4008 2347 4083 jam
2381 4010 2472 4063 est
2505 4004 2938 4074 reconciliatus,

319 4096 514 4152 teneri
547 4099 782 4170 peccata
812 4098 1079 4155 confiteri
1112 4097 1374 4165 remissa,
1408 4097 1705 4172 poteritne
1739 4098 1790 4154 is
1820 4096 1935 4154 rite
1968 4097 2212 4166 absolvi,
2260 4115 2335 4154 an
2377 4114 2496 4152 non
2527 4093 2641 4151 erit
2673 4094 2936 4151 sacerdo·

318 4184 455 4242 talis
486 4185 783 4244 absolutio
816 4187 907 4244 vel
940 4185 1086 4243 falsa
1118 4186 1213 4244 vel
1256 4186 1463 4245 saltem
1498 4185 1763 4244 inefficax
1814 4190 1876 4243 et
1921 4186 2199 4244 inutilis?
2262 4184 2445 4241 Nulla
2491 4182 2737 4250 ratione,
2787 4201 2938 4250 nam,

320 4275 391 4331 ut
406 4272 578 4331 docet
609 4274 646 4330 S
664 4293 888 4333 uarez
919 4275 981 4332 in
1007 4284 1041 4337 3
1066 4295 1119 4351 p.
1141 4277 1185 4332 t.
1210 4285 1245 4336 4
1270 4274 1324 4333 d.
1356 4285 1427 4336 19
1453 4293 1497 4332 s,
1525 4285 1557 4336 2
1582 4295 1639 4333 n.
1666 4286 1759 4344 19,
1784 4275 2096 4350 ,quamvis
2119 4274 2365 4331 verbum
2382 4272 2606 4330 absolvo
2624 4271 2817 4328 solum
2850 4271 2936 4328 vi-

320 4360 532 4420 deatur
562 4363 894 4438 significare
927 4364 1153 4422 vinculi
1184 4363 1558 4431 solutionem,
1604 4367 1805 4422 tamen
1854 4365 1996 4438 quia
2025 4382 2143 4421 non
2178 4360 2529 4420 dissolvitur
2559 4360 2678 4418 nisi
2711 4378 2816 4436 per
2846 4360 2938 4418 in-

320 4450 734 4509 formationem
782 4453 1025 4529 gratiae,
1077 4453 1209 4511 ideo
1251 4453 1427 4528 juxta
1471 4452 1799 4527 subjectam
1846 4453 2167 4519 materiam,
2222 4470 2290 4509 ex
2341 4450 2400 4510 vi
2453 4450 2718 4524 ejusdem
2767 4449 2935 4507 verbi

321 4539 692 4614 significatur
721 4543 946 4618 gratiae
978 4542 1199 4600 infusio
1231 4543 1503 4600 ordinata
1534 4542 1608 4599 ad
1640 4542 1862 4616 peccati
1889 4541 2351 4598 remissionem.‘
2403 4540 2548 4597 Cum
2581 4557 2718 4597 vero
2750 4557 2938 4596 sacra-

321 4631 521 4687 menta
551 4630 855 4689 conferant
873 4632 1125 4707 gratiam
1156 4650 1277 4690 non
1307 4631 1550 4706 ponenti
1573 4631 1801 4689 obicem
1833 4650 1898 4688 ex
1932 4649 2106 4705 opere
2127 4631 2385 4705 operat0,
2421 4629 2714 4686 contritus
2735 4630 2936 4685 autem

321 4719 558 4778 nullum
589 4723 775 4794 ponat
803 4721 1024 4780 obicem
1059 4721 1301 4797 gratiae,
1342 4720 1715 4778 absolutione
1748 4719 2082 4779 conferetur
2113 4719 2369 4778 contrito
2402 4717 2595 4793 gratia
2625 4716 2698 4774 ad
2732 4716 2933 4773 delen·

537 4829 807 4885 Hurter,
847 4829 1095 4889 Compend.
1136 4830 1401 4884 theologiae
1439 4827 1523 4874 111.
1568 4830 1645 4875 11.
1686 4828 1760 4873 ed.
2514 4821 2582 4872 29
