3538 5364
600 328 731 392 390
837 320 1020 374 Tract.
1050 321 1140 372 IX.
1169 319 1238 374 de
1266 314 1543 374 sacrificio
1571 318 1796 373 missae.
1823 319 2023 374 Thesis
2045 319 2357 374 CCXXXV.
2386 318 2740 376 Sacrificium
2770 319 2975 374 missae

599 505 758 582 quod
793 502 987 565 solum
1018 505 1365 567 sacrificium
1416 505 1481 576 ie,
1531 505 1637 581 qui
1684 506 1884 579 omnia
1916 504 2106 576 dedit,
2162 508 2200 563 s'
2245 505 2418 565 nobis
2464 506 2761 582 exposcit:
2810 525 2928 581 quo
2977 507 3211 565 tandem

599 595 776 654 modo
808 597 1113 654 externum
1146 594 1301 654 illud
1334 588 1701 665 sacrificium,
1736 595 1892 653 illud
1917 612 2267 671 magnorum
2289 595 2706 671 mysteriorum
2727 595 3069 673 antitypum
3100 595 3215 673 ipsi

597 684 804 743 offerre
837 683 1132 755 auderem,
1161 688 1268 742 aut
1282 682 1577 758 quomodo
1592 683 1907 743 sacerdotis
1927 702 2238 759 personam
2264 687 2326 741 et
2357 684 2716 761 dignitatem
2748 684 2969 755 subire,
3015 683 3210 760 prius-

599 792 778 848 quam
809 773 1030 831 sanctis
1061 772 1343 847 operibus
1376 791 1588 831 manus
1619 773 2101 849 purificassem?‘

779 890 994 970 Quare
1026 891 1078 955 si
1112 891 1491 972 apologetae
1523 891 1589 955 in
1620 892 1752 955 suis
1785 893 2094 957 adversus
2128 892 2396 972 gentiles
2419 892 2960 974 disputationibus
2980 900 3215 973 negant

599 997 983 1062 christianos
1014 997 1257 1063 habere
1289 1015 1476 1062 aras
1509 1005 1575 1061 et
1603 998 1864 1061 similia:
1912 998 2243 1064 evidenter
2276 999 2540 1064 exclusa
2569 1000 2794 1065 volunt
2824 1008 3074 1066 tantum
3107 1019 3214 1064 sa·

598 1102 838 1168 crificia
869 1110 1135 1168 cruenta
1167 1121 1460 1186 quaeque
1491 1105 1691 1168 moris
1723 1111 1944 1169 essent
1987 1106 2161 1187 apud
2207 1105 2599 1183 idololatraS,
2645 1126 2801 1188 prae
2847 1107 3079 1190 quibus
3108 1126 3216 1170 sa-

599 1209 908 1274 crificium
941 1211 1438 1275 eucharisticum
1469 1210 1731 1276 alterius
1765 1219 1865 1276 est
1893 1213 2085 1295 plane
2119 1211 2408 1276 rationis

775 1340 927 1405 408.
958 1336 1214 1404 'rhesis
1246 1334 1657 1405 CCXXXV·
1702 1384 1705 1387 2
1735 1359 2006 1411 Veritas
2041 1359 2379 1423 sacrificii
2415 1360 2863 1413 eucharistici
2899 1374 3219 1427 compro-

598 1447 810 1500 batur
838 1449 1218 1511 praeterea
1266 1445 1676 1512 Scriptum-ae
1726 1449 2169 1513 testimoniis,
2222 1449 2476 1515 quibus
2531 1449 2658 1501 hoc
2694 1448 3128 1511 saco-isicium
3169 1463 3217 1500 a

591 1537 955 1602 prophetis
983 1536 1455 1602 praedictum,
1492 1550 1540 1588 a
1581 1536 1853 1590 Christo
1899 1538 2335 1601 promissum
2372 1541 2438 1590 et
2475 1538 2906 1602 institutum,
2942 1542 3010 1591 et
3046 1552 3220 1605 apo-

598 1627 941 1681 stolorum
976 1630 1205 1680 aetate
1243 1626 1389 1691 jam
1430 1626 1745 1680 oblatum
1783 1628 2177 1682 exhibetur.

727 1730 1324 1798 Demonstratio
1355 1750 1426 1815 p.
1462 1730 1526 1796 Ι.
1589 1729 1658 1792 In
1702 1735 1838 1793 tam
1886 1729 2218 1811 splendido
2271 1729 2632 1794 traditionis
2666 1728 2909 1797 lumine
2941 1731 3215 1796 clariora

599 1836 952 1902 redduntur
982 1833 1349 1917 Scripturas
1396 1836 1475 1900 de
1519 1835 1838 1900 sacrificio
1886 1836 2121 1901 missae
2171 1836 2555 1912 testimonia,
2591 1854 2776 1919 quae,
2811 1843 2881 1901 ut
2914 1837 2978 1901 in
3011 1838 3210 1903 thesis

599 1943 1048 2008 enunciatione
1081 1942 1420 2019 innuimuS,
1453 1942 1537 2006 ad
1570 1949 1929 2025 quatuor
1959 1961 2339 2008 revocamus
2359 1943 2615 2008 classes.
2648 1943 2741 2006 Ex
2756 1946 3213 2026 prophetarum

600 2049 1016 2127 vaticiniiS‚
1048 2048 1233 2131 plura
1263 2048 1493 2114 afferre
1525 2049 1673 2114 licet
1693 2048 1877 2114 Prov.
1902 2054 1960 2126 9,
1989 2057 2054 2117 1:
2089 2050 2421 2132 Sapientia
2443 2050 2795 2132 aedificavit
2825 2051 2944 2114 sibi
2963 2052 3212 2114 domum

648 2210 661 2223 .
699 2210 712 2223 .
746 2157 1086 2220 immolavit
1127 2158 1409 2220 victi-mas
1458 2177 1631 2239 suas,
1676 2158 1922 2219 miscuit
1967 2159 2176 2218 vinum
2226 2163 2282 2218 et
2302 2159 2635 2242 proposuit
2679 2177 2956 2221 mensam
2989 2179 3167 2223 suam
3187 2186 3214 2234 ,-

597 2263 671 2326 Is.
711 2268 809 2341 19,
842 2268 955 2332 21:
1023 2263 1395 2347 Coqnoscent
1427 2264 1703 2348 aeqyptii
1735 2263 2081 2326 Dominum
2115 2265 2181 2324 in
2213 2263 2314 2326 die
2347 2262 2481 2339 illa,
2527 2271 2583 2326 et
2614 2262 2810 2326 colent
2842 2284 2979 2327 eum
3015 2266 3076 2327 in
3110 2265 3212 2329 lio-

596 2372 733 2434 stiis
762 2377 818 2433 et
848 2372 1249 2448 muneribus,·
1279 2370 1357 2448 Is,
1392 2376 1495 2446 66,
1531 2375 1650 2438 21:
1704 2373 1781 2435 Et
1815 2389 2135 2433 assumam
2168 2392 2242 2432 ex
2274 2372 2360 2432 eis
2391 2370 2738 2434 sacerdotes
2768 2380 2824 2435 et
2854 2370 3090 2455 levitas,
3120 2373 3212 2436 <Ii-

599 2478 681 2541 cit
710 2476 1059 2554 Dominus‚·
1089 2478 1229 2540 coll.
1259 2478 1383 2542 Jer.
1420 2482 1522 2553 33,
1561 2483 1673 2552 183
1706 2481 1811 2552 56,
1848 2482 1919 2552 ῖς
1964 2476 2065 2541 Ps.
2099 2482 2202 2553 21,
2238 2483 2322 2545 26
2355 2497 2469 2551 ss.;
2517 2475 2711 2559 Soph.
2746 2483 2804 2547 3.
2841 2483 2915 2555 93
2962 2479 3118 2544 Dan.
3152 2486 3211 2555 8,

603 2589 680 2651 11
706 2590 771 2648 et
799 2590 1018 2661 1211,
1049 2583 1158 2648 ubi
1180 2584 1592 2648 antichristus
1614 2583 1845 2646 dicitur
1877 2582 2211 2647 ablaturus
2225 2585 2375 2667 [αρε
2407 2584 2807 2668 sacrificium,
2847 2585 3018 2666 quod
3037 2586 3211 2650 nullo

598 2692 792 2756 modo
825 2691 1084 2772 intelligi
1114 2697 1326 2772 potest
1356 2690 1491 2755 sive
1525 2690 1604 2754 de
1637 2689 1951 2753 sacrificio
1985 2707 2167 2755 mere
2201 2689 2472 2767 interne,
2505 2691 2639 2755 sive
2661 2692 2739 2755 de
2762 2692 3077 2756 sacrificio
3100 2711 3210 2757 ex-

599 2805 783 2864 terno
818 2798 1158 2881 improprie
1191 2797 1378 2861 dicto.
1412 2795 1499 2861 Cf.
1532 2796 2090 2862 Bellarminus
2124 2795 2199 2873 V,
2222 2801 2278 2864 9.
2313 2795 2655 2861 Brevitatis
2677 2797 2891 2862 studio
2912 2799 2995 2863 ad
3011 2819 3211 2864 unum

594 2923 1022 2986 provocamus
1053 2903 1456 2979 Malachiam,
1489 2903 1597 2986 qui
1628 2902 1861 2968 ceteris
1891 2902 2226 2984 prophetis
2259 2902 2492 2966 clarius
2512 2903 2830 2984 praedixit
2863 2905 2987 2969 hoc
3008 2905 3208 2970 sacri-

596 3010 822 3087 ficium,
864 3012 956 3075 ita
1000 3011 1259 3075 nomine
1291 3011 1407 3075 Dei
1453 3010 1789 3092 alloquens
1827 3016 1880 3086 1,
1921 3014 2000 3078 10
2032 3030 2080 3072 s.
2112 3009 2501 3085 sacerdoteS,
2555 3028 2828 3091 quorum
2861 3013 3210 3093 reprehen-

592 3119 775 3184 derat
806 3120 868 3182 in
900 3116 1227 3182 sacrificiis
1258 3117 1599 3182 offerendis
1632 3117 1746 3182 Dei
1782 3123 2252 3198 contemptum:
2317 3116 2460 3180 Non
2507 3123 2594 3179 est
2638 3117 2794 3181 mihi
2823 3119 3113 3184 voluntas
3145 3122 3210 3181 in

588 3226 769 3304 vobis)
808 3225 957 3288 dicit
989 3225 1300 3288 Dominus
1332 3227 1731 3307 exercituum,
1763 3232 1819 3287 et
1864 3244 2092 3287 munus
2124 3244 2246 3287 non
2279 3225 2620 3307 suscipiam
2653 3225 2727 3287 cle
2759 3244 2956 3288 manu
2987 3234 3208 3294 vestra.

588 3332 689 3392 Ab
719 3339 862 3393 ortu
893 3333 1056 3395 enim
1087 3330 1234 3395 solis
1263 3352 1455 3415 usque
1488 3331 1577 3396 ad
1608 3351 1912 3414 occasum,
1958 3351 2254 3413 maynum
2301 3338 2389 3393 est
2428 3349 2648 3393 nomen
2680 3352 2882 3394 meum
2919 3334 2983 3394 in
3009 3334 3207 3416 ρειαί-

588 3437 735 3500 bus:
780 3445 836 3501 et
868 3439 935 3500 in
965 3440 1133 3501 omni
1163 3439 1291 3501 loco
1321 3438 1728 3520 sactificantur
1773 3444 1830 3501 et
1862 3437 2129 3521 offertur
2159 3438 2396 3500 nomini
2427 3457 2557 3499 meo
2589 3439 2674 3519 (et
2707 3439 2974 3522 quidem,
3025 3446 3096 3503 ut
3128 3457 3207 3502 ex

586 3549 763 3608 textu
797 3543 1085 3624 originali
1115 3545 1409 3626 supplere
1430 3546 1810 3631 possumus)
1832 3544 2061 3609 oblatio
2081 3544 2356 3607 munda:
2388 3546 2538 3627 quia
2558 3564 2856 3626 maynum
2880 3553 2968 3609 est
2992 3566 3204 3610 nomen

584 3673 785 3715 meum
816 3654 883 3714 in
910 3654 1214 3737 ⁸amitibus,
1246 3654 1395 3717 dicit
1430 3653 1739 3718 Dominus
1772 3653 2169 3719 exercituum.
2231 3651 2379 3716 Jarn
2408 3669 2563 3716 vero

762 3777 825 3845 1.
861 3796 1073 3842 sermo
1108 3785 1208 3843 est
1238 3779 1363 3842 hoc
1394 3780 1459 3841 in
1490 3779 1793 3842 vaticinio
1827 3778 1906 3842 de
1956 3784 2242 3857 tempore
2289 3776 2742 3842 messiano:
2792 3794 2944 3839 nam
2991 3794 3202 3842 sermo

580 3890 679 3948 est
710 3883 790 3948 de
822 3890 1126 3965 tempore,
1178 3903 1304 3967 quo
1355 3893 1576 3965 gentes
1631 3890 1987 3965 agnoscent
2018 3882 2223 3947 Deum
2273 3902 2405 3947 non
2451 3883 3056 3965 quomodocunque,
3090 3884 3203 3948 sed

579 3989 701 4053 sub
736 4007 813 4054 ea
843 3990 1133 4071 praecise
1164 3992 1433 4067 ratione,
1468 4010 1597 4074 qua
1632 4010 1702 4055 se
1737 3990 2169 4056 manifestavit
2199 3989 2437 4070 populo
2471 3989 2676 4054 electo
2698 3989 3009 4067 utJahve,
3032 4008 3202 4073 quae

575 4103 674 4162 est
703 4097 799 4160 vis
834 4097 984 4159 dicti
1029 4118 1249 4161 nomen
1293 4118 1495 4161 meum
1545 4105 1608 4163 et
1654 4116 1784 4179 qua
1828 4096 1940 4161 tali
1973 4097 2241 4178 (nomini
2273 4105 2431 4176 meo)
2480 4095 2752 4160 offerent
2783 4095 3199 4160 oblationem·

573 4185 729 4267 Illud
760 4203 931 4267 enim
961 4205 1029 4266 in
1056 4205 1339 4288 qentibus
1372 4204 1781 4288 aequivalere
1812 4203 2075 4267 dictioni
2122 4222 2198 4277 ,a
2230 4201 2586 4283 gentibus‘,
2620 4202 2936 4283 colligitur
2968 4222 3047 4268 ex
3079 4223 3196 4285 op-

572 4310 919 4391 positione:
952 4310 1190 4375 Munus
1221 4329 1346 4374 non
1377 4313 1718 4396 suscipiam
1753 4312 1828 4373 de
1860 4331 2056 4374 manu
2090 4317 2306 4378 vestra.
2361 4308 2553 4390 Atqui
2587 4311 2877 4373 omnium
2911 4310 3197 4391 gentium

571 4417 810 4497 agnitio
842 4418 1117 4481 nominis
1152 4417 1265 4482 Dei
1308 4417 1478 4499 apud
1509 4418 1870 4500 prophetas
1901 4423 2059 4480 nota
2090 4423 2191 4481 est
2226 4423 2291 4481 et
2322 4416 2657 4481 character
2688 4417 2994 4498 temporis
3027 4436 3198 4482 mes-

569 4524 762 4587 siani:
796 4542 914 4588 nec
946 4523 1120 4589 aliud
1154 4531 1406 4606 tempus
1438 4524 1754 4604 assignari
1786 4525 2016 4604 potest,
2051 4542 2178 4606 quo
2213 4524 2377 4587 haec
2411 4522 2758 4604 adimpleta
2793 4523 2916 4586 dici
2940 4532 3196 4607 queant.

746 4650 809 4719 2.
841 4649 1239 4714 Promittitur
1298 4650 1508 4713 cultus
1556 4667 1817 4712 novus
1867 4647 2352 4712 substituendus
2402 4647 2597 4712 cultui
2647 4649 2957 4724 mosaice,
3006 4668 3197 4732 quem

566 4753 737 4821 Deus
783 4774 911 4819 non
958 4754 1229 4837 amplius
1262 4755 1595 4835 suscipiet3
1644 4755 1750 4837 qui
1784 4755 1996 4824 cultus
2029 4755 2157 4820 scil,
2193 4756 2273 4818 sit
2305 4775 2371 4823 a.
2407 4754 2490 4818 ab
2524 4762 2667 4819 ortu
2703 4754 2855 4818 solis
2889 4775 3091 4839 usque
3113 4756 3196 4819 ad
