<?xml version="1.0" encoding="UTF-8"?>
<!DOCTYPE html PUBLIC "-//W3C//DTD XHTML 1.0 Transitional//EN"
    "http://www.w3.org/TR/xhtml1/DTD/xhtml1-transitional.dtd">
<html xmlns="http://www.w3.org/1999/xhtml" xml:lang="en" lang="en">
 <head>
  <title>
</title>
<meta http-equiv="Content-Type" content="text/html;charset=utf-8" />
  <meta name='ocr-system' content='tesseract 3.04.00' />
  <meta name='ocr-capabilities' content='ocr_page ocr_carea ocr_par ocr_line ocrx_word'/>
</head>
<body>
  <div class='ocr_page' id='page_1' title='image "./theologiaedogma00hurtgoog_0260.png"; bbox 0 0 3538 5364; ppageno 0'>
   <div class='ocr_carea' id='block_1_1' title="bbox 564 254 2932 330">
    <p class='ocr_par' dir='ltr' id='par_1_1' title="bbox 564 254 2932 330">
     <span class='ocr_line' id='line_1_1' title="bbox 564 254 2932 330; baseline 0.001 -19"><span class='ocrx_word' id='word_1_1' title='bbox 564 264 690 330; x_wconf 72' lang='lat'><strong>248</strong></span> <span class='ocrx_word' id='word_1_2' title='bbox 825 258 915 311; x_wconf 89' lang='lat' dir='ltr'><strong>Tr.</strong></span> <span class='ocrx_word' id='word_1_3' title='bbox 945 258 1037 311; x_wconf 87' lang='lat' dir='ltr'><strong>IX.</strong></span> <span class='ocrx_word' id='word_1_4' title='bbox 1066 258 1134 311; x_wconf 89' lang='lat' dir='ltr'><strong>de</strong></span> <span class='ocrx_word' id='word_1_5' title='bbox 1164 254 1548 310; x_wconf 73' lang='lat' dir='ltr'><strong>saci-amentia.</strong></span> <span class='ocrx_word' id='word_1_6' title='bbox 1579 254 1761 309; x_wconf 78' lang='lat' dir='ltr'><strong>Verba</strong></span> <span class='ocrx_word' id='word_1_7' title='bbox 1792 254 1853 308; x_wconf 89' lang='lat' dir='ltr'><strong>in</strong></span> <span class='ocrx_word' id='word_1_8' title='bbox 1881 272 2016 310; x_wconf 86' lang='lat' dir='ltr'><strong>sacr.</strong></span> <span class='ocrx_word' id='word_1_9' title='bbox 2047 255 2311 309; x_wconf 83' lang='lat' dir='ltr'><strong>adhibita</strong></span> <span class='ocrx_word' id='word_1_10' title='bbox 2339 257 2475 309; x_wconf 87' lang='lat' dir='ltr'><strong>sunt</strong></span> <span class='ocrx_word' id='word_1_11' title='bbox 2498 255 2932 314; x_wconf 81' lang='lat' dir='ltr'><strong>consecratoria.</strong></span> 
     </span>
    </p>
   </div>
   <div class='ocr_carea' id='block_1_2' title="bbox 563 441 3208 962">
    <p class='ocr_par' dir='ltr' id='par_1_2' title="bbox 563 441 3208 962">
     <span class='ocr_line' id='line_1_2' title="bbox 563 441 3208 520; baseline -0.001 -17"><span class='ocrx_word' id='word_1_12' title='bbox 563 445 810 503; x_wconf 89' lang='lat' dir='ltr'><strong>titulum</strong></span> <span class='ocrx_word' id='word_1_13' title='bbox 844 443 1196 520; x_wconf 84' lang='lat' dir='ltr'><strong>exigitivum</strong></span> <span class='ocrx_word' id='word_1_14' title='bbox 1227 441 1473 519; x_wconf 83' lang='lat' dir='ltr'><strong>gratiae,</strong></span> <span class='ocrx_word' id='word_1_15' title='bbox 1519 442 1663 499; x_wconf 90' lang='lat' dir='ltr'><strong>haec</strong></span> <span class='ocrx_word' id='word_1_16' title='bbox 1693 441 2005 500; x_wconf 86' lang='lat' dir='ltr'><strong>distinctio</strong></span> <span class='ocrx_word' id='word_1_17' title='bbox 2036 441 2277 499; x_wconf 84' lang='lat' dir='ltr'><strong>maximi</strong></span> <span class='ocrx_word' id='word_1_18' title='bbox 2308 443 2403 499; x_wconf 91' lang='lat' dir='ltr'><strong>est</strong></span> <span class='ocrx_word' id='word_1_19' title='bbox 2432 443 2736 500; x_wconf 81' lang='lat' dir='ltr'><strong>momenti.</strong></span> <span class='ocrx_word' id='word_1_20' title='bbox 2802 443 2958 501; x_wconf 90' lang='lat' dir='ltr'><strong>Hinc</strong></span> <span class='ocrx_word' id='word_1_21' title='bbox 2987 443 3208 501; x_wconf 81' lang='lat' dir='ltr'><strong>scribit</strong></span> 
     </span>
     <span class='ocr_line' id='line_1_3' title="bbox 564 530 3200 606; baseline -0 -15"><span class='ocrx_word' id='word_1_22' title='bbox 564 534 815 592; x_wconf 90' lang='lat' dir='ltr'><strong>Billot</strong></span> <span class='ocrx_word' id='word_1_23' title='bbox 844 533 908 591; x_wconf 92' lang='lat' dir='ltr'><strong>in</strong></span> <span class='ocrx_word' id='word_1_24' title='bbox 941 533 1121 592; x_wconf 89' lang='lat' dir='ltr'><strong>schol.</strong></span> <span class='ocrx_word' id='word_1_25' title='bbox 1153 532 1226 590; x_wconf 89' lang='lat' dir='ltr'><strong>ad</strong></span> <span class='ocrx_word' id='word_1_26' title='bbox 1256 532 1344 595; x_wconf 88' lang='lat' dir='ltr'><strong>th.</strong></span> <span class='ocrx_word' id='word_1_27' title='bbox 1378 541 1448 594; x_wconf 84' lang='lat'><strong>6:</strong></span> <span class='ocrx_word' id='word_1_28' title='bbox 1497 532 1624 601; x_wconf 81' lang='lat' dir='ltr'><strong>,De</strong></span> <span class='ocrx_word' id='word_1_29' title='bbox 1654 549 1718 588; x_wconf 90' lang='lat' dir='ltr'><strong>re</strong></span> <span class='ocrx_word' id='word_1_30' title='bbox 1751 533 1813 588; x_wconf 85' lang='lat' dir='ltr'><strong>et</strong></span> <span class='ocrx_word' id='word_1_31' title='bbox 1843 533 2210 589; x_wconf 85' lang='lat' dir='ltr'><strong>sacramento</strong></span> <span class='ocrx_word' id='word_1_32' title='bbox 2244 549 2430 606; x_wconf 87' lang='lat' dir='ltr'><strong>pauca</strong></span> <span class='ocrx_word' id='word_1_33' title='bbox 2460 530 2780 590; x_wconf 79' lang='lat' dir='ltr'><strong>admodum</strong></span> <span class='ocrx_word' id='word_1_34' title='bbox 2815 532 3035 591; x_wconf 86' lang='lat' dir='ltr'><strong>habent</strong></span> <span class='ocrx_word' id='word_1_35' title='bbox 3065 550 3200 590; x_wconf 92' lang='lat' dir='ltr'><strong>mo-</strong></span> 
     </span>
     <span class='ocr_line' id='line_1_4' title="bbox 564 619 3200 696; baseline -0 -15"><span class='ocrx_word' id='word_1_36' title='bbox 564 622 750 683; x_wconf 91' lang='lat' dir='ltr'><strong>derni.</strong></span> <span class='ocrx_word' id='word_1_37' title='bbox 815 622 926 679; x_wconf 88' lang='lat' dir='ltr'><strong>Vix</strong></span> <span class='ocrx_word' id='word_1_38' title='bbox 969 625 1168 680; x_wconf 89' lang='lat' dir='ltr'><strong>tamen</strong></span> <span class='ocrx_word' id='word_1_39' title='bbox 1197 621 1262 680; x_wconf 92' lang='lat' dir='ltr'><strong>in</strong></span> <span class='ocrx_word' id='word_1_40' title='bbox 1309 621 1607 696; x_wconf 74' lang='lat' dir='ltr'>praesenti</span> <span class='ocrx_word' id='word_1_41' title='bbox 1651 620 1902 678; x_wconf 87' lang='lat' dir='ltr'><strong>materia</strong></span> <span class='ocrx_word' id='word_1_42' title='bbox 1939 619 2167 695; x_wconf 91' lang='lat' dir='ltr'><strong>aliquid</strong></span> <span class='ocrx_word' id='word_1_43' title='bbox 2199 621 2476 695; x_wconf 75' lang='lat' dir='ltr'><strong>reperieS,</strong></span> <span class='ocrx_word' id='word_1_44' title='bbox 2510 620 2671 695; x_wconf 92' lang='lat' dir='ltr'><strong>quod</strong></span> <span class='ocrx_word' id='word_1_45' title='bbox 2703 621 2897 695; x_wconf 88' lang='lat' dir='ltr'><strong>majus</strong></span> <span class='ocrx_word' id='word_1_46' title='bbox 2930 640 3200 680; x_wconf 86' lang='lat' dir='ltr'><strong>momen·</strong></span> 
     </span>
     <span class='ocr_line' id='line_1_5' title="bbox 565 709 3198 787; baseline -0 -19"><span class='ocrx_word' id='word_1_47' title='bbox 565 714 692 771; x_wconf 88' lang='lat' dir='ltr'><strong>tum</strong></span> <span class='ocrx_word' id='word_1_48' title='bbox 728 710 945 770; x_wconf 88' lang='lat' dir='ltr'><strong>habeat</strong></span> <span class='ocrx_word' id='word_1_49' title='bbox 976 713 1038 770; x_wconf 91' lang='lat' dir='ltr'><strong>et</strong></span> <span class='ocrx_word' id='word_1_50' title='bbox 1066 713 1256 787; x_wconf 82' lang='lat' dir='ltr'><strong>magis</strong></span> <span class='ocrx_word' id='word_1_51' title='bbox 1286 710 1673 769; x_wconf 87' lang='lat' dir='ltr'><strong>necessariam</strong></span> <span class='ocrx_word' id='word_1_52' title='bbox 1708 709 1901 767; x_wconf 88' lang='lat' dir='ltr'><strong>lucem</strong></span> <span class='ocrx_word' id='word_1_53' title='bbox 1934 709 2141 767; x_wconf 87' lang='lat' dir='ltr'><strong>afferat</strong></span> <span class='ocrx_word' id='word_1_54' title='bbox 2159 709 2461 785; x_wconf 89' lang='lat' dir='ltr'><strong>plerisque</strong></span> <span class='ocrx_word' id='word_1_55' title='bbox 2483 709 2951 769; x_wconf 77' lang='lat' dir='ltr'><strong>obscuritatibus</strong></span> <span class='ocrx_word' id='word_1_56' title='bbox 2971 710 3198 786; x_wconf 89' lang='lat' dir='ltr'><strong>passim</strong></span> 
     </span>
     <span class='ocr_line' id='line_1_6' title="bbox 566 798 3203 875; baseline -0.001 -17"><span class='ocrx_word' id='word_1_57' title='bbox 566 800 718 859; x_wconf 90' lang='lat' dir='ltr'><strong>inibi</strong></span> <span class='ocrx_word' id='word_1_58' title='bbox 749 800 1257 861; x_wconf 76' lang='lat' dir='ltr'><strong>occurrentibus.‘</strong></span> <span class='ocrx_word' id='word_1_59' title='bbox 1326 799 1406 863; x_wconf 80' lang='lat' dir='ltr'><strong>Cf.</strong></span> <span class='ocrx_word' id='word_1_60' title='bbox 1454 799 1661 875; x_wconf 86' lang='lat' dir='ltr'><strong>Lugo</strong></span> <span class='ocrx_word' id='word_1_61' title='bbox 1695 798 1848 874; x_wconf 86' lang='lat' dir='ltr'><strong>disp.</strong></span> <span class='ocrx_word' id='word_1_62' title='bbox 1884 807 1918 859; x_wconf 88' lang='lat'><strong>2</strong></span> <span class='ocrx_word' id='word_1_63' title='bbox 1957 800 2096 861; x_wconf 88' lang='lat' dir='ltr'><strong>sect.</strong></span> <span class='ocrx_word' id='word_1_64' title='bbox 2134 807 2202 867; x_wconf 89' lang='grc'><strong>8;</strong></span> <span class='ocrx_word' id='word_1_65' title='bbox 2253 798 2486 858; x_wconf 90' lang='lat' dir='ltr'><strong>Schee</strong></span> <span class='ocrx_word' id='word_1_66' title='bbox 2508 798 2678 867; x_wconf 90' lang='lat' dir='ltr'><strong>ben,</strong></span> <span class='ocrx_word' id='word_1_67' title='bbox 2727 799 3056 875; x_wconf 81' lang='lat' dir='ltr'><strong>Mysterien</strong></span> <span class='ocrx_word' id='word_1_68' title='bbox 3090 799 3203 858; x_wconf 87' lang='lat' dir='ltr'><strong>des</strong></span> 
     </span>
     <span class='ocr_line' id='line_1_7' title="bbox 569 889 1248 962; baseline -0.004 -13"><span class='ocrx_word' id='word_1_69' title='bbox 569 889 1048 949; x_wconf 86' lang='lat' dir='ltr'><strong>Christenthums</strong></span> <span class='ocrx_word' id='word_1_70' title='bbox 1081 893 1114 962; x_wconf 66' lang='lat' dir='ltr'><strong>g</strong></span> <span class='ocrx_word' id='word_1_71' title='bbox 1148 898 1248 952; x_wconf 88' lang='grc'><strong>83.</strong></span> 
     </span>
    </p>
   </div>
   <div class='ocr_carea' id='block_1_3' title="bbox 568 1007 3213 3848">
    <p class='ocr_par' dir='ltr' id='par_1_3' title="bbox 568 1007 3213 3848">
     <span class='ocr_line' id='line_1_8' title="bbox 750 1007 3205 1087; baseline -0.001 -13"><span class='ocrx_word' id='word_1_72' title='bbox 750 1022 895 1077; x_wconf 82' lang='grc'><strong>282.</strong></span> <span class='ocrx_word' id='word_1_73' title='bbox 928 1007 1286 1078; x_wconf 76' lang='lat' dir='ltr'><strong>Scholion</strong></span> <span class='ocrx_word' id='word_1_74' title='bbox 1321 1009 1421 1077; x_wconf 88' lang='lat' dir='ltr'><strong>II.</strong></span> <span class='ocrx_word' id='word_1_75' title='bbox 1486 1012 1790 1071; x_wconf 86' lang='lat' dir='ltr'><strong>Adversus</strong></span> <span class='ocrx_word' id='word_1_76' title='bbox 1821 1014 2370 1087; x_wconf 74' lang='lat' dir='ltr'><strong>protestantes</strong></span> <span class='ocrx_word' id='word_1_77' title='bbox 2401 1013 2730 1071; x_wconf 87' lang='lat' dir='ltr'><strong>tenendum</strong></span> <span class='ocrx_word' id='word_1_78' title='bbox 2762 1016 2871 1083; x_wconf 88' lang='lat' dir='ltr'><strong>est,</strong></span> <span class='ocrx_word' id='word_1_79' title='bbox 2909 1013 2970 1071; x_wconf 92' lang='lat' dir='ltr'><strong>in</strong></span> <span class='ocrx_word' id='word_1_80' title='bbox 3004 1030 3205 1071; x_wconf 88' lang='lat' dir='ltr'><strong>sacra-</strong></span> 
     </span>
     <span class='ocr_line' id='line_1_9' title="bbox 568 1101 3203 1178; baseline 0 -18"><span class='ocrx_word' id='word_1_81' title='bbox 568 1103 786 1162; x_wconf 82' lang='lat' dir='ltr'><strong>mentis</strong></span> <span class='ocrx_word' id='word_1_82' title='bbox 818 1102 1015 1175; x_wconf 88' lang='lat' dir='ltr'><strong>verba,</strong></span> <span class='ocrx_word' id='word_1_83' title='bbox 1050 1122 1203 1178; x_wconf 89' lang='lat' dir='ltr'><strong>quae</strong></span> <span class='ocrx_word' id='word_1_84' title='bbox 1234 1103 1525 1161; x_wconf 90' lang='lat' dir='ltr'><strong>rationem</strong></span> <span class='ocrx_word' id='word_1_85' title='bbox 1557 1101 1782 1160; x_wconf 90' lang='lat' dir='ltr'><strong>habent</strong></span> <span class='ocrx_word' id='word_1_86' title='bbox 1811 1101 2050 1172; x_wconf 84' lang='lat' dir='ltr'><strong>formae,</strong></span> <span class='ocrx_word' id='word_1_87' title='bbox 2084 1119 2204 1159; x_wconf 91' lang='lat' dir='ltr'><strong>non</strong></span> <span class='ocrx_word' id='word_1_88' title='bbox 2236 1119 2363 1159; x_wconf 88' lang='lat' dir='ltr'><strong>esse</strong></span> <span class='ocrx_word' id='word_1_89' title='bbox 2394 1103 2842 1171; x_wconf 75' lang='lat' dir='ltr'><strong>concionatoria,</strong></span> <span class='ocrx_word' id='word_1_90' title='bbox 2876 1102 2979 1161; x_wconf 85' lang='lat' dir='ltr'><strong>sed</strong></span> <span class='ocrx_word' id='word_1_91' title='bbox 3014 1120 3096 1160; x_wconf 87' lang='lat' dir='ltr'><strong>co</strong></span> <span class='ocrx_word' id='word_1_92' title='bbox 3114 1121 3158 1160; x_wconf 93' lang='lat' dir='ltr'><strong>n</strong></span> <span class='ocrx_word' id='word_1_93' title='bbox 3176 1133 3203 1144; x_wconf 93' lang='lat'>-</span> 
     </span>
     <span class='ocr_line' id='line_1_10' title="bbox 570 1190 3205 1268; baseline -0 -18"><span class='ocrx_word' id='word_1_94' title='bbox 570 1193 1021 1251; x_wconf 87' lang='lat' dir='ltr'><strong>secratoria.</strong></span> <span class='ocrx_word' id='word_1_95' title='bbox 1085 1192 1164 1250; x_wconf 88' lang='lat' dir='ltr'><strong>Et</strong></span> <span class='ocrx_word' id='word_1_96' title='bbox 1207 1210 1349 1250; x_wconf 88' lang='lat' dir='ltr'><strong>sane</strong></span> <span class='ocrx_word' id='word_1_97' title='bbox 1393 1191 1860 1268; x_wconf 80' lang='lat' dir='ltr'><strong>protestantium</strong></span> <span class='ocrx_word' id='word_1_98' title='bbox 1905 1190 2107 1266; x_wconf 91' lang='lat' dir='ltr'><strong>opinio</strong></span> <span class='ocrx_word' id='word_1_99' title='bbox 2154 1191 2302 1249; x_wconf 85' lang='lat' dir='ltr'><strong>falso</strong></span> <span class='ocrx_word' id='word_1_100' title='bbox 2340 1190 2627 1249; x_wconf 86' lang='lat' dir='ltr'><strong>innititur</strong></span> <span class='ocrx_word' id='word_1_101' title='bbox 2658 1193 2992 1267; x_wconf 90' lang='lat' dir='ltr'><strong>supposito.</strong></span> <span class='ocrx_word' id='word_1_102' title='bbox 3059 1191 3205 1249; x_wconf 83' lang='lat' dir='ltr'><strong>Ideo</strong></span> 
     </span>
     <span class='ocr_line' id='line_1_11' title="bbox 568 1279 3205 1358; baseline -0.001 -19"><span class='ocrx_word' id='word_1_103' title='bbox 568 1281 725 1339; x_wconf 91' lang='lat' dir='ltr'><strong>enim</strong></span> <span class='ocrx_word' id='word_1_104' title='bbox 759 1281 1102 1358; x_wconf 89' lang='lat' dir='ltr'><strong>opinantur,</strong></span> <span class='ocrx_word' id='word_1_105' title='bbox 1135 1280 1316 1339; x_wconf 89' lang='lat' dir='ltr'><strong>verba</strong></span> <span class='ocrx_word' id='word_1_106' title='bbox 1348 1280 1798 1339; x_wconf 85' lang='lat' dir='ltr'><strong>sacramentalia</strong></span> <span class='ocrx_word' id='word_1_107' title='bbox 1824 1298 1950 1338; x_wconf 88' lang='lat' dir='ltr'><strong>esse</strong></span> <span class='ocrx_word' id='word_1_108' title='bbox 1970 1279 2419 1350; x_wconf 81' lang='lat' dir='ltr'><strong>concionatoria,</strong></span> <span class='ocrx_word' id='word_1_109' title='bbox 2456 1279 2614 1355; x_wconf 89' lang='lat' dir='ltr'><strong>quod</strong></span> <span class='ocrx_word' id='word_1_110' title='bbox 2636 1287 3002 1339; x_wconf 82' lang='lat' dir='ltr'><strong>sacramenta</strong></span> <span class='ocrx_word' id='word_1_111' title='bbox 3020 1280 3205 1338; x_wconf 89' lang='lat' dir='ltr'><strong>unice</strong></span> 
     </span>
     <span class='ocr_line' id='line_1_12' title="bbox 569 1368 3204 1446; baseline 0 -19"><span class='ocrx_word' id='word_1_112' title='bbox 569 1370 905 1429; x_wconf 87' lang='lat' dir='ltr'><strong>referantur</strong></span> <span class='ocrx_word' id='word_1_113' title='bbox 952 1371 1024 1428; x_wconf 88' lang='lat' dir='ltr'><strong>ad</strong></span> <span class='ocrx_word' id='word_1_114' title='bbox 1075 1369 1444 1428; x_wconf 84' lang='lat' dir='ltr'><strong>excitandam</strong></span> <span class='ocrx_word' id='word_1_115' title='bbox 1493 1369 2002 1444; x_wconf 75' lang='lat' dir='ltr'><strong>roborandamque</strong></span> <span class='ocrx_word' id='word_1_116' title='bbox 2047 1369 2219 1428; x_wconf 89' lang='lat' dir='ltr'><strong>fidem</strong></span> <span class='ocrx_word' id='word_1_117' title='bbox 2267 1369 2505 1446; x_wconf 88' lang='lat' dir='ltr'><strong>sintque</strong></span> <span class='ocrx_word' id='word_1_118' title='bbox 2552 1369 2917 1429; x_wconf 87' lang='lat' dir='ltr'><strong>adminicula</strong></span> <span class='ocrx_word' id='word_1_119' title='bbox 2960 1368 3204 1445; x_wconf 88' lang='lat' dir='ltr'><strong>praedi-</strong></span> 
     </span>
     <span class='ocr_line' id='line_1_13' title="bbox 570 1457 3205 1533; baseline -0.001 -16"><span class='ocrx_word' id='word_1_120' title='bbox 570 1459 819 1518; x_wconf 77' lang='lat' dir='ltr'><strong>cationis</strong></span> <span class='ocrx_word' id='word_1_121' title='bbox 849 1458 1018 1517; x_wconf 87' lang='lat' dir='ltr'><strong>verbi</strong></span> <span class='ocrx_word' id='word_1_122' title='bbox 1049 1458 1270 1518; x_wconf 87' lang='lat' dir='ltr'><strong>divini:</strong></span> <span class='ocrx_word' id='word_1_123' title='bbox 1313 1458 1473 1533; x_wconf 89' lang='lat' dir='ltr'><strong>quod</strong></span> <span class='ocrx_word' id='word_1_124' title='bbox 1506 1457 1726 1515; x_wconf 89' lang='lat' dir='ltr'><strong>falsum</strong></span> <span class='ocrx_word' id='word_1_125' title='bbox 1756 1477 1884 1517; x_wconf 85' lang='lat' dir='ltr'><strong>esse</strong></span> <span class='ocrx_word' id='word_1_126' title='bbox 1915 1458 2450 1518; x_wconf 86' lang='lat' dir='ltr'><strong>demonstravimus</strong></span> <span class='ocrx_word' id='word_1_127' title='bbox 2482 1458 2566 1522; x_wconf 85' lang='lat' dir='ltr'><strong>th.</strong></span> <span class='ocrx_word' id='word_1_128' title='bbox 2603 1468 2747 1521; x_wconf 87' lang='grc'><strong>208.</strong></span> <span class='ocrx_word' id='word_1_129' title='bbox 2781 1477 2902 1533; x_wconf 89' lang='lat' dir='ltr'><strong>seq.</strong></span> <span class='ocrx_word' id='word_1_130' title='bbox 2973 1457 3205 1517; x_wconf 86' lang='lat' dir='ltr'><strong>Deinde</strong></span> 
     </span>
     <span class='ocr_line' id='line_1_14' title="bbox 571 1546 3206 1624; baseline -0 -19"><span class='ocrx_word' id='word_1_131' title='bbox 571 1548 799 1607; x_wconf 81' lang='lat' dir='ltr'><strong>falsitas</strong></span> <span class='ocrx_word' id='word_1_132' title='bbox 843 1548 1025 1624; x_wconf 89' lang='lat' dir='ltr'><strong>hujus</strong></span> <span class='ocrx_word' id='word_1_133' title='bbox 1069 1548 1283 1607; x_wconf 86' lang='lat' dir='ltr'><strong>asserti</strong></span> <span class='ocrx_word' id='word_1_134' title='bbox 1329 1547 1572 1607; x_wconf 89' lang='lat' dir='ltr'><strong>evidens</strong></span> <span class='ocrx_word' id='word_1_135' title='bbox 1618 1549 1708 1605; x_wconf 86' lang='lat' dir='ltr'><strong>est</strong></span> <span class='ocrx_word' id='word_1_136' title='bbox 1754 1566 1824 1605; x_wconf 87' lang='lat' dir='ltr'><strong>ex</strong></span> <span class='ocrx_word' id='word_1_137' title='bbox 1868 1547 2373 1623; x_wconf 84' lang='lat' dir='ltr'><strong>paedobaptismO,</strong></span> <span class='ocrx_word' id='word_1_138' title='bbox 2420 1567 2488 1607; x_wconf 87' lang='lat' dir='ltr'><strong>ex</strong></span> <span class='ocrx_word' id='word_1_139' title='bbox 2533 1548 2698 1623; x_wconf 84' lang='lat' dir='ltr'><strong>praxi</strong></span> <span class='ocrx_word' id='word_1_140' title='bbox 2741 1546 3206 1607; x_wconf 87' lang='lat' dir='ltr'><strong>administrandi</strong></span> 
     </span>
     <span class='ocr_line' id='line_1_15' title="bbox 572 1636 3206 1707; baseline 0 -12"><span class='ocrx_word' id='word_1_141' title='bbox 572 1639 938 1696; x_wconf 87' lang='lat' dir='ltr'><strong>sacramenta</strong></span> <span class='ocrx_word' id='word_1_142' title='bbox 969 1637 1152 1695; x_wconf 87' lang='lat' dir='ltr'><strong>etiam</strong></span> <span class='ocrx_word' id='word_1_143' title='bbox 1183 1637 1399 1707; x_wconf 75' lang='lat' dir='ltr'><strong>surdiS,</strong></span> <span class='ocrx_word' id='word_1_144' title='bbox 1431 1637 1636 1707; x_wconf 90' lang='lat' dir='ltr'><strong>coecis,</strong></span> <span class='ocrx_word' id='word_1_145' title='bbox 1671 1637 1945 1696; x_wconf 88' lang='lat' dir='ltr'><strong>sensibus</strong></span> <span class='ocrx_word' id='word_1_146' title='bbox 1978 1636 2316 1707; x_wconf 88' lang='lat' dir='ltr'><strong>destitutis;</strong></span> <span class='ocrx_word' id='word_1_147' title='bbox 2367 1656 2435 1695; x_wconf 86' lang='lat' dir='ltr'><strong>ex</strong></span> <span class='ocrx_word' id='word_1_148' title='bbox 2481 1640 2614 1696; x_wconf 91' lang='lat' dir='ltr'><strong>rata</strong></span> <span class='ocrx_word' id='word_1_149' title='bbox 2645 1637 2958 1707; x_wconf 89' lang='lat' dir='ltr'><strong>sententia,</strong></span> <span class='ocrx_word' id='word_1_150' title='bbox 2990 1637 3206 1695; x_wconf 88' lang='lat' dir='ltr'><strong>haere-</strong></span> 
     </span>
     <span class='ocr_line' id='line_1_16' title="bbox 570 1725 3207 1802; baseline -0 -18"><span class='ocrx_word' id='word_1_151' title='bbox 570 1726 825 1786; x_wconf 86' lang='lat' dir='ltr'><strong>ticorum</strong></span> <span class='ocrx_word' id='word_1_152' title='bbox 860 1745 1098 1802; x_wconf 91' lang='lat' dir='ltr'><strong>quoque</strong></span> <span class='ocrx_word' id='word_1_153' title='bbox 1133 1727 1328 1785; x_wconf 90' lang='lat' dir='ltr'><strong>valere</strong></span> <span class='ocrx_word' id='word_1_154' title='bbox 1359 1725 1722 1801; x_wconf 83' lang='lat' dir='ltr'><strong>baptismum</strong></span> <span class='ocrx_word' id='word_1_155' title='bbox 1755 1728 1864 1784; x_wconf 87' lang='lat' dir='ltr'><strong>etc.</strong></span> <span class='ocrx_word' id='word_1_156' title='bbox 1929 1725 2121 1785; x_wconf 89' lang='lat' dir='ltr'><strong>Verba</strong></span> <span class='ocrx_word' id='word_1_157' title='bbox 2164 1745 2304 1785; x_wconf 92' lang='lat' dir='ltr'><strong>vero</strong></span> <span class='ocrx_word' id='word_1_158' title='bbox 2350 1727 2798 1785; x_wconf 86' lang='lat' dir='ltr'><strong>sacramentalia</strong></span> <span class='ocrx_word' id='word_1_159' title='bbox 2838 1744 2964 1785; x_wconf 87' lang='lat' dir='ltr'><strong>esse</strong></span> <span class='ocrx_word' id='word_1_160' title='bbox 2995 1744 3207 1785; x_wconf 88' lang='lat' dir='ltr'><strong>conse-</strong></span> 
     </span>
     <span class='ocr_line' id='line_1_17' title="bbox 573 1814 3207 1892; baseline -0.001 -19"><span class='ocrx_word' id='word_1_161' title='bbox 573 1815 842 1886; x_wconf 83' lang='lat' dir='ltr'><strong>cratoria,</strong></span> <span class='ocrx_word' id='word_1_162' title='bbox 873 1816 1096 1891; x_wconf 87' lang='lat' dir='ltr'><strong>passim</strong></span> <span class='ocrx_word' id='word_1_163' title='bbox 1116 1818 1421 1873; x_wconf 80' lang='lat' dir='ltr'><strong>testantur</strong></span> <span class='ocrx_word' id='word_1_164' title='bbox 1452 1820 1667 1890; x_wconf 80' lang='lat' dir='ltr'><strong>patreS.</strong></span> <span class='ocrx_word' id='word_1_165' title='bbox 1718 1815 1918 1883; x_wconf 74' lang='lat' dir='ltr'><strong>³,Deus</strong></span> <span class='ocrx_word' id='word_1_166' title='bbox 1950 1815 2133 1884; x_wconf 91' lang='lat' dir='ltr'><strong>adest,</strong></span> <span class='ocrx_word' id='word_1_167' title='bbox 2167 1815 2370 1891; x_wconf 88' lang='lat' dir='ltr'><strong>inquit</strong></span> <span class='ocrx_word' id='word_1_168' title='bbox 2400 1816 2902 1892; x_wconf 83' lang='lat' dir='ltr'><strong>Augustinus</strong></span> <span class='ocrx_word' id='word_1_169' title='bbox 2932 1814 3005 1874; x_wconf 89' lang='lat' dir='ltr'><strong>de</strong></span> <span class='ocrx_word' id='word_1_170' title='bbox 3036 1815 3207 1891; x_wconf 82' lang='lat' dir='ltr'><strong>bapt.</strong></span> 
     </span>
     <span class='ocr_line' id='line_1_18' title="bbox 572 1904 3209 1982; baseline -0.001 -19"><span class='ocrx_word' id='word_1_171' title='bbox 572 1906 612 1963; x_wconf 88' lang='lat'><strong>1.</strong></span> <span class='ocrx_word' id='word_1_172' title='bbox 648 1915 682 1965; x_wconf 81' lang='grc'><strong>6</strong></span> <span class='ocrx_word' id='word_1_173' title='bbox 719 1922 766 1963; x_wconf 93' lang='lat' dir='ltr'><strong>c.</strong></span> <span class='ocrx_word' id='word_1_174' title='bbox 802 1913 904 1979; x_wconf 85' lang='lat'><strong>25,</strong></span> <span class='ocrx_word' id='word_1_175' title='bbox 953 1905 1311 1982; x_wconf 87' lang='lat' dir='ltr'><strong>evangelicis</strong></span> <span class='ocrx_word' id='word_1_176' title='bbox 1359 1904 1553 1962; x_wconf 89' lang='lat' dir='ltr'><strong>verbis</strong></span> <span class='ocrx_word' id='word_1_177' title='bbox 1602 1904 1749 1973; x_wconf 79' lang='lat' dir='ltr'><strong>suia,</strong></span> <span class='ocrx_word' id='word_1_178' title='bbox 1800 1904 1927 1962; x_wconf 91' lang='lat' dir='ltr'><strong>sine</strong></span> <span class='ocrx_word' id='word_1_179' title='bbox 1972 1904 2194 1980; x_wconf 88' lang='lat' dir='ltr'><strong>quibus</strong></span> <span class='ocrx_word' id='word_1_180' title='bbox 2241 1904 2578 1980; x_wconf 87' lang='lat' dir='ltr'><strong>baptismus</strong></span> <span class='ocrx_word' id='word_1_181' title='bbox 2610 1904 2830 1963; x_wconf 87' lang='lat' dir='ltr'><strong>Christi</strong></span> <span class='ocrx_word' id='word_1_182' title='bbox 2869 1904 3209 1963; x_wconf 87' lang='lat' dir='ltr'><strong>consecrari</strong></span> 
     </span>
     <span class='ocr_line' id='line_1_19' title="bbox 573 1992 3207 2069; baseline 0.001 -16"><span class='ocrx_word' id='word_1_183' title='bbox 573 2010 692 2053; x_wconf 92' lang='lat' dir='ltr'><strong>non</strong></span> <span class='ocrx_word' id='word_1_184' title='bbox 724 1997 949 2069; x_wconf 88' lang='lat' dir='ltr'><strong>potest:</strong></span> <span class='ocrx_word' id='word_1_185' title='bbox 987 1997 1049 2053; x_wconf 90' lang='lat' dir='ltr'><strong>et</strong></span> <span class='ocrx_word' id='word_1_186' title='bbox 1079 1993 1206 2069; x_wconf 89' lang='lat' dir='ltr'><strong>ipse</strong></span> <span class='ocrx_word' id='word_1_187' title='bbox 1239 1993 1567 2052; x_wconf 88' lang='lat' dir='ltr'><strong>sanctificat</strong></span> <span class='ocrx_word' id='word_1_188' title='bbox 1598 1996 2032 2052; x_wconf 86' lang='lat' dir='ltr'><strong>sacramentum</strong></span> <span class='ocrx_word' id='word_1_189' title='bbox 2067 2002 2306 2052; x_wconf 47' lang='lat' dir='ltr'><strong>suum!</strong></span> <span class='ocrx_word' id='word_1_190' title='bbox 2342 2027 2432 2038; x_wconf 88' lang='lat'>—</span> <span class='ocrx_word' id='word_1_191' title='bbox 2461 1992 2918 2052; x_wconf 89' lang='lat' dir='ltr'><strong>Ambrosius</strong></span> <span class='ocrx_word' id='word_1_192' title='bbox 2949 1994 3022 2052; x_wconf 90' lang='lat' dir='ltr'><strong>de</strong></span> <span class='ocrx_word' id='word_1_193' title='bbox 3058 2011 3207 2055; x_wconf 89' lang='lat' dir='ltr'><strong>sacr.</strong></span> 
     </span>
     <span class='ocr_line' id='line_1_20' title="bbox 574 2082 3209 2159; baseline -0.001 -17"><span class='ocrx_word' id='word_1_194' title='bbox 574 2085 614 2144; x_wconf 92' lang='lat'><strong>1.</strong></span> <span class='ocrx_word' id='word_1_195' title='bbox 649 2092 685 2144; x_wconf 86' lang='lat'>4</span> <span class='ocrx_word' id='word_1_196' title='bbox 720 2101 766 2145; x_wconf 90' lang='lat' dir='ltr'><strong>c.</strong></span> <span class='ocrx_word' id='word_1_197' title='bbox 791 2093 861 2145; x_wconf 87' lang='lat'><strong>4:</strong></span> <span class='ocrx_word' id='word_1_198' title='bbox 898 2082 1055 2153; x_wconf 83' lang='lat' dir='ltr'><strong>,Ubi</strong></span> <span class='ocrx_word' id='word_1_199' title='bbox 1088 2082 1337 2143; x_wconf 88' lang='lat' dir='ltr'><strong>accessit</strong></span> <span class='ocrx_word' id='word_1_200' title='bbox 1367 2082 1747 2151; x_wconf 86' lang='lat' dir='ltr'><strong>consecratio,</strong></span> <span class='ocrx_word' id='word_1_201' title='bbox 1783 2082 1855 2139; x_wconf 90' lang='lat' dir='ltr'><strong>de</strong></span> <span class='ocrx_word' id='word_1_202' title='bbox 1888 2101 2038 2159; x_wconf 90' lang='lat' dir='ltr'><strong>pane</strong></span> <span class='ocrx_word' id='word_1_203' title='bbox 2069 2082 2139 2140; x_wconf 90' lang='lat' dir='ltr'><strong>fit</strong></span> <span class='ocrx_word' id='word_1_204' title='bbox 2170 2101 2383 2158; x_wconf 90' lang='lat' dir='ltr'><strong>corpus</strong></span> <span class='ocrx_word' id='word_1_205' title='bbox 2414 2083 2693 2143; x_wconf 47' lang='lat' dir='ltr'><strong>Christi·</strong></span> <span class='ocrx_word' id='word_1_206' title='bbox 2733 2117 2814 2130; x_wconf 85' lang='lat'><strong>--</strong></span> <span class='ocrx_word' id='word_1_207' title='bbox 2847 2082 3209 2159; x_wconf 81' lang='lat' dir='ltr'><strong>cyrillus</strong></span> 
     </span>
     <span class='ocr_line' id='line_1_21' title="bbox 573 2171 3208 2248; baseline -0 -18"><span class='ocrx_word' id='word_1_208' title='bbox 573 2172 788 2233; x_wconf 64' lang='lat' dir='ltr'><strong>hieros</strong></span> <span class='ocrx_word' id='word_1_209' title='bbox 820 2175 929 2231; x_wconf 90' lang='lat' dir='ltr'><strong>cat.</strong></span> <span class='ocrx_word' id='word_1_210' title='bbox 966 2182 1000 2234; x_wconf 89' lang='lat'>3</span> <span class='ocrx_word' id='word_1_211' title='bbox 1035 2192 1093 2231; x_wconf 93' lang='lat' dir='ltr'><strong>n.</strong></span> <span class='ocrx_word' id='word_1_212' title='bbox 1130 2180 1200 2235; x_wconf 87' lang='lat'><strong>3:</strong></span> <span class='ocrx_word' id='word_1_213' title='bbox 1237 2174 1452 2248; x_wconf 79' lang='lat' dir='ltr'><strong>,Aqua</strong></span> <span class='ocrx_word' id='word_1_214' title='bbox 1482 2171 1728 2246; x_wconf 82' lang='lat' dir='ltr'><strong>simplex</strong></span> <span class='ocrx_word' id='word_1_215' title='bbox 1763 2172 1954 2230; x_wconf 89' lang='lat' dir='ltr'><strong>sancti</strong></span> <span class='ocrx_word' id='word_1_216' title='bbox 1987 2171 2265 2247; x_wconf 87' lang='lat' dir='ltr'><strong>Spiritus,</strong></span> <span class='ocrx_word' id='word_1_217' title='bbox 2300 2172 2520 2231; x_wconf 84' lang='lat' dir='ltr'><strong>Christi</strong></span> <span class='ocrx_word' id='word_1_218' title='bbox 2554 2176 2615 2230; x_wconf 89' lang='lat' dir='ltr'><strong>et</strong></span> <span class='ocrx_word' id='word_1_219' title='bbox 2646 2172 2840 2230; x_wconf 87' lang='lat' dir='ltr'><strong>Patris</strong></span> <span class='ocrx_word' id='word_1_220' title='bbox 2871 2171 3208 2230; x_wconf 88' lang='lat' dir='ltr'><strong>invocatio·</strong></span> 
     </span>
     <span class='ocr_line' id='line_1_22' title="bbox 573 2260 3207 2338; baseline -0 -19"><span class='ocrx_word' id='word_1_221' title='bbox 573 2279 711 2319; x_wconf 91' lang='lat' dir='ltr'><strong>nem</strong></span> <span class='ocrx_word' id='word_1_222' title='bbox 759 2261 1092 2338; x_wconf 87' lang='lat' dir='ltr'><strong>percipiens</strong></span> <span class='ocrx_word' id='word_1_223' title='bbox 1141 2261 1263 2320; x_wconf 90' lang='lat' dir='ltr'><strong>vim</strong></span> <span class='ocrx_word' id='word_1_224' title='bbox 1315 2260 1802 2321; x_wconf 88' lang='lat' dir='ltr'><strong>sanctificationis</strong></span> <span class='ocrx_word' id='word_1_225' title='bbox 1855 2261 2298 2336; x_wconf 74' lang='lat' dir='ltr'><strong>consequitur.‘</strong></span> <span class='ocrx_word' id='word_1_226' title='bbox 2380 2262 2449 2320; x_wconf 90' lang='lat' dir='ltr'><strong>In</strong></span> <span class='ocrx_word' id='word_1_227' title='bbox 2502 2261 2812 2337; x_wconf 84' lang='lat' dir='ltr'><strong>Scriptura</strong></span> <span class='ocrx_word' id='word_1_228' title='bbox 2859 2279 3014 2331; x_wconf 83' lang='lat' dir='ltr'><strong>vere,</strong></span> <span class='ocrx_word' id='word_1_229' title='bbox 3067 2279 3207 2318; x_wconf 92' lang='lat' dir='ltr'><strong>cum</strong></span> 
     </span>
     <span class='ocr_line' id='line_1_23' title="bbox 576 2350 3206 2425; baseline 0.001 -17"><span class='ocrx_word' id='word_1_230' title='bbox 576 2351 797 2409; x_wconf 90' lang='lat' dir='ltr'><strong>mentio</strong></span> <span class='ocrx_word' id='word_1_231' title='bbox 829 2350 896 2408; x_wconf 90' lang='lat' dir='ltr'><strong>fit</strong></span> <span class='ocrx_word' id='word_1_232' title='bbox 925 2351 1259 2423; x_wconf 89' lang='lat' dir='ltr'><strong>verborum,</strong></span> <span class='ocrx_word' id='word_1_233' title='bbox 1293 2350 1515 2425; x_wconf 87' lang='lat' dir='ltr'><strong>quibus</strong></span> <span class='ocrx_word' id='word_1_234' title='bbox 1549 2352 1913 2409; x_wconf 85' lang='lat' dir='ltr'><strong>sacramenta</strong></span> <span class='ocrx_word' id='word_1_235' title='bbox 1942 2350 2358 2419; x_wconf 85' lang='lat' dir='ltr'><strong>conficiuntur,</strong></span> <span class='ocrx_word' id='word_1_236' title='bbox 2413 2355 2485 2408; x_wconf 91' lang='lat' dir='ltr'><strong>ut</strong></span> <span class='ocrx_word' id='word_1_237' title='bbox 2524 2361 2575 2412; x_wconf 90' lang='lat' dir='ltr'><strong>l.</strong></span> <span class='ocrx_word' id='word_1_238' title='bbox 2609 2350 2734 2409; x_wconf 90' lang='lat' dir='ltr'><strong>Cor.</strong></span> <span class='ocrx_word' id='word_1_239' title='bbox 2774 2361 2871 2420; x_wconf 90' lang='lat'><strong>10,</strong></span> <span class='ocrx_word' id='word_1_240' title='bbox 2914 2359 3020 2418; x_wconf 87' lang='grc'><strong>16;</strong></span> <span class='ocrx_word' id='word_1_241' title='bbox 3076 2351 3206 2410; x_wconf 79' lang='lat' dir='ltr'><strong>Act.</strong></span> 
     </span>
     <span class='ocr_line' id='line_1_24' title="bbox 581 2438 3209 2515; baseline -0.002 -14"><span class='ocrx_word' id='word_1_242' title='bbox 581 2448 682 2515; x_wconf 86' lang='lat'><strong>22,</strong></span> <span class='ocrx_word' id='word_1_243' title='bbox 724 2449 837 2509; x_wconf 88' lang='grc'><strong>16;</strong></span> <span class='ocrx_word' id='word_1_244' title='bbox 883 2440 1090 2498; x_wconf 84' lang='lat' dir='ltr'><strong>Matth.</strong></span> <span class='ocrx_word' id='word_1_245' title='bbox 1128 2449 1227 2509; x_wconf 83' lang='lat'><strong>28,</strong></span> <span class='ocrx_word' id='word_1_246' title='bbox 1287 2450 1358 2502; x_wconf 87' lang='lat'><strong>19</strong></span> <span class='ocrx_word' id='word_1_247' title='bbox 1407 2442 1534 2509; x_wconf 63' lang='lat' dir='ltr'><strong>etc„</strong></span> <span class='ocrx_word' id='word_1_248' title='bbox 1580 2458 1647 2497; x_wconf 91' lang='lat' dir='ltr'><strong>ea</strong></span> <span class='ocrx_word' id='word_1_249' title='bbox 1694 2439 2052 2498; x_wconf 82' lang='lat' dir='ltr'><strong>exhibentur</strong></span> <span class='ocrx_word' id='word_1_250' title='bbox 2082 2459 2201 2515; x_wconf 90' lang='lat' dir='ltr'><strong>qua</strong></span> <span class='ocrx_word' id='word_1_251' title='bbox 2231 2438 2586 2508; x_wconf 87' lang='lat' dir='ltr'><strong>benedictio,</strong></span> <span class='ocrx_word' id='word_1_252' title='bbox 2635 2438 2946 2508; x_wconf 82' lang='lat' dir='ltr'><strong>invocatio,</strong></span> <span class='ocrx_word' id='word_1_253' title='bbox 2996 2439 3209 2496; x_wconf 89' lang='lat' dir='ltr'><strong>oratio.</strong></span> 
     </span>
     <span class='ocr_line' id='line_1_25' title="bbox 578 2527 3209 2604; baseline -0.001 -17"><span class='ocrx_word' id='word_1_254' title='bbox 578 2527 764 2604; x_wconf 89' lang='lat' dir='ltr'><strong>Atqui</strong></span> <span class='ocrx_word' id='word_1_255' title='bbox 793 2529 1242 2598; x_wconf 77' lang='lat' dir='ltr'><strong>benedictioniS‚</strong></span> <span class='ocrx_word' id='word_1_256' title='bbox 1291 2529 1598 2599; x_wconf 89' lang='lat' dir='ltr'><strong>orationis,</strong></span> <span class='ocrx_word' id='word_1_257' title='bbox 1644 2527 2038 2587; x_wconf 84' lang='lat' dir='ltr'><strong>invocationis</strong></span> <span class='ocrx_word' id='word_1_258' title='bbox 2071 2532 2163 2586; x_wconf 86' lang='lat' dir='ltr'><strong>est</strong></span> <span class='ocrx_word' id='word_1_259' title='bbox 2194 2546 2551 2590; x_wconf 88' lang='lat' dir='ltr'><strong>consecrare.</strong></span> <span class='ocrx_word' id='word_1_260' title='bbox 2614 2528 2886 2587; x_wconf 89' lang='lat' dir='ltr'><strong>Ceterum</strong></span> <span class='ocrx_word' id='word_1_261' title='bbox 2932 2527 2993 2585; x_wconf 94' lang='lat' dir='ltr'><strong>id</strong></span> <span class='ocrx_word' id='word_1_262' title='bbox 3039 2530 3209 2601; x_wconf 90' lang='lat' dir='ltr'><strong>patet</strong></span> 
     </span>
     <span class='ocr_line' id='line_1_26' title="bbox 580 2616 3206 2692; baseline -0.001 -16"><span class='ocrx_word' id='word_1_263' title='bbox 580 2617 674 2677; x_wconf 88' lang='lat' dir='ltr'><strong>vel</strong></span> <span class='ocrx_word' id='word_1_264' title='bbox 706 2636 775 2677; x_wconf 84' lang='lat' dir='ltr'><strong>ex</strong></span> <span class='ocrx_word' id='word_1_265' title='bbox 809 2621 1313 2677; x_wconf 86' lang='lat' dir='ltr'><strong>sacramentorum</strong></span> <span class='ocrx_word' id='word_1_266' title='bbox 1348 2617 1878 2676; x_wconf 86' lang='lat' dir='ltr'><strong>administratione.</strong></span> <span class='ocrx_word' id='word_1_267' title='bbox 1931 2617 1993 2675; x_wconf 87' lang='lat' dir='ltr'><strong>Si</strong></span> <span class='ocrx_word' id='word_1_268' title='bbox 2024 2617 2180 2676; x_wconf 91' lang='lat' dir='ltr'><strong>enim</strong></span> <span class='ocrx_word' id='word_1_269' title='bbox 2214 2617 2288 2675; x_wconf 92' lang='lat' dir='ltr'><strong>ad</strong></span> <span class='ocrx_word' id='word_1_270' title='bbox 2322 2617 2675 2676; x_wconf 82' lang='lat' dir='ltr'><strong>sacramenti</strong></span> <span class='ocrx_word' id='word_1_271' title='bbox 2708 2617 2968 2676; x_wconf 89' lang='lat' dir='ltr'><strong>valorem</strong></span> <span class='ocrx_word' id='word_1_272' title='bbox 3000 2616 3206 2692; x_wconf 91' lang='lat' dir='ltr'><strong>requi·</strong></span> 
     </span>
     <span class='ocr_line' id='line_1_27' title="bbox 577 2706 3207 2784; baseline -0.001 -19"><span class='ocrx_word' id='word_1_273' title='bbox 577 2707 734 2766; x_wconf 89' lang='lat' dir='ltr'><strong>ritur</strong></span> <span class='ocrx_word' id='word_1_274' title='bbox 767 2709 1033 2778; x_wconf 86' lang='lat' dir='ltr'><strong>verbum,</strong></span> <span class='ocrx_word' id='word_1_275' title='bbox 1066 2709 1247 2784; x_wconf 90' lang='lat' dir='ltr'><strong>idque</strong></span> <span class='ocrx_word' id='word_1_276' title='bbox 1279 2726 1399 2766; x_wconf 93' lang='lat' dir='ltr'><strong>non</strong></span> <span class='ocrx_word' id='word_1_277' title='bbox 1430 2710 1524 2765; x_wconf 91' lang='lat' dir='ltr'><strong>est</strong></span> <span class='ocrx_word' id='word_1_278' title='bbox 1554 2706 1890 2765; x_wconf 86' lang='lat' dir='ltr'><strong>concionale</strong></span> <span class='ocrx_word' id='word_1_279' title='bbox 1921 2708 2044 2766; x_wconf 90' lang='lat' dir='ltr'><strong>sive</strong></span> <span class='ocrx_word' id='word_1_280' title='bbox 2070 2707 2374 2766; x_wconf 87' lang='lat' dir='ltr'><strong>institutio</strong></span> <span class='ocrx_word' id='word_1_281' title='bbox 2393 2708 2623 2783; x_wconf 89' lang='lat' dir='ltr'><strong>aliqua:</strong></span> <span class='ocrx_word' id='word_1_282' title='bbox 2657 2707 2954 2782; x_wconf 87' lang='lat' dir='ltr'><strong>reliquum</strong></span> <span class='ocrx_word' id='word_1_283' title='bbox 2987 2709 3101 2780; x_wconf 88' lang='lat' dir='ltr'><strong>est,</strong></span> <span class='ocrx_word' id='word_1_284' title='bbox 3135 2709 3207 2764; x_wconf 88' lang='lat' dir='ltr'><strong>ut</strong></span> 
     </span>
     <span class='ocr_line' id='line_1_28' title="bbox 581 2794 3207 2856; baseline -0 -2"><span class='ocrx_word' id='word_1_285' title='bbox 581 2797 663 2855; x_wconf 91' lang='lat' dir='ltr'><strong>sit</strong></span> <span class='ocrx_word' id='word_1_286' title='bbox 692 2797 788 2856; x_wconf 90' lang='lat' dir='ltr'><strong>vel</strong></span> <span class='ocrx_word' id='word_1_287' title='bbox 820 2798 1069 2856; x_wconf 88' lang='lat' dir='ltr'><strong>verbum</strong></span> <span class='ocrx_word' id='word_1_288' title='bbox 1101 2796 1494 2856; x_wconf 86' lang='lat' dir='ltr'><strong>invocationis</strong></span> <span class='ocrx_word' id='word_1_289' title='bbox 1528 2797 1621 2854; x_wconf 92' lang='lat' dir='ltr'><strong>vel</strong></span> <span class='ocrx_word' id='word_1_290' title='bbox 1664 2794 1913 2854; x_wconf 91' lang='lat' dir='ltr'><strong>verbum</strong></span> <span class='ocrx_word' id='word_1_291' title='bbox 1947 2797 2349 2856; x_wconf 89' lang='lat' dir='ltr'><strong>determinans</strong></span> <span class='ocrx_word' id='word_1_292' title='bbox 2382 2797 2742 2856; x_wconf 88' lang='lat' dir='ltr'><strong>elementum</strong></span> <span class='ocrx_word' id='word_1_293' title='bbox 2774 2795 3083 2855; x_wconf 87' lang='lat' dir='ltr'><strong>materiale</strong></span> <span class='ocrx_word' id='word_1_294' title='bbox 3113 2795 3207 2853; x_wconf 89' lang='lat' dir='ltr'><strong>in-</strong></span> 
     </span>
     <span class='ocr_line' id='line_1_29' title="bbox 579 2884 3207 2957; baseline -0 -14"><span class='ocrx_word' id='word_1_295' title='bbox 579 2886 1040 2944; x_wconf 85' lang='lat' dir='ltr'><strong>determinatum</strong></span> <span class='ocrx_word' id='word_1_296' title='bbox 1087 2886 1159 2944; x_wconf 88' lang='lat' dir='ltr'><strong>ad</strong></span> <span class='ocrx_word' id='word_1_297' title='bbox 1211 2903 1333 2944; x_wconf 89' lang='lat' dir='ltr'><strong>esse</strong></span> <span class='ocrx_word' id='word_1_298' title='bbox 1386 2884 1822 2957; x_wconf 86' lang='lat' dir='ltr'><strong>sacramentale,</strong></span> <span class='ocrx_word' id='word_1_299' title='bbox 1874 2885 2011 2944; x_wconf 92' lang='lat' dir='ltr'><strong>hinc</strong></span> <span class='ocrx_word' id='word_1_300' title='bbox 2061 2904 2426 2957; x_wconf 83' lang='lat' dir='ltr'><strong>consecrans,</strong></span> <span class='ocrx_word' id='word_1_301' title='bbox 2479 2886 2806 2946; x_wconf 86' lang='lat' dir='ltr'><strong>secundum</strong></span> <span class='ocrx_word' id='word_1_302' title='bbox 2850 2884 3006 2945; x_wconf 90' lang='lat' dir='ltr'><strong>illud</strong></span> <span class='ocrx_word' id='word_1_303' title='bbox 3052 2887 3163 2943; x_wconf 89' lang='lat' dir='ltr'><strong>Au</strong></span> <span class='ocrx_word' id='word_1_304' title='bbox 3182 2917 3207 2928; x_wconf 92' lang='lat'>-</span> 
     </span>
     <span class='ocr_line' id='line_1_30' title="bbox 579 2972 3207 3051; baseline 0 -19"><span class='ocrx_word' id='word_1_305' title='bbox 579 2975 887 3051; x_wconf 85' lang='lat' dir='ltr'><strong>gustini</strong></span> <span class='ocrx_word' id='word_1_306' title='bbox 923 2976 986 3032; x_wconf 92' lang='lat' dir='ltr'><strong>in</strong></span> <span class='ocrx_word' id='word_1_307' title='bbox 1008 2975 1175 3033; x_wconf 88' lang='lat' dir='ltr'><strong>Joan.</strong></span> <span class='ocrx_word' id='word_1_308' title='bbox 1197 2976 1272 3032; x_wconf 88' lang='lat' dir='ltr'><strong>tr.</strong></span> <span class='ocrx_word' id='word_1_309' title='bbox 1299 2983 1377 3037; x_wconf 87' lang='grc'><strong>80</strong></span> <span class='ocrx_word' id='word_1_310' title='bbox 1401 2993 1458 3033; x_wconf 93' lang='lat' dir='ltr'><strong>n.</strong></span> <span class='ocrx_word' id='word_1_311' title='bbox 1484 2981 1556 3036; x_wconf 84' lang='lat'><strong>3:</strong></span> <span class='ocrx_word' id='word_1_312' title='bbox 1594 2972 1830 3042; x_wconf 72' lang='lat' dir='ltr'><strong>„Verbo</strong></span> <span class='ocrx_word' id='word_1_313' title='bbox 1864 2974 2198 3049; x_wconf 89' lang='lat' dir='ltr'><strong>baptismus</strong></span> <span class='ocrx_word' id='word_1_314' title='bbox 2230 2978 2625 3034; x_wconf 89' lang='lat' dir='ltr'><strong>consecratur.</strong></span> <span class='ocrx_word' id='word_1_315' title='bbox 2668 2974 2923 3033; x_wconf 86' lang='lat' dir='ltr'><strong>Detrahe</strong></span> <span class='ocrx_word' id='word_1_316' title='bbox 2955 2975 3207 3032; x_wconf 88' lang='lat' dir='ltr'><strong>verbum</strong></span> 
     </span>
     <span class='ocr_line' id='line_1_31' title="bbox 579 3062 3205 3138; baseline 0.001 -18"><span class='ocrx_word' id='word_1_317' title='bbox 579 3067 640 3120; x_wconf 90' lang='lat' dir='ltr'><strong>et</strong></span> <span class='ocrx_word' id='word_1_318' title='bbox 670 3063 814 3138; x_wconf 90' lang='lat' dir='ltr'><strong>quid</strong></span> <span class='ocrx_word' id='word_1_319' title='bbox 835 3066 929 3121; x_wconf 88' lang='lat' dir='ltr'><strong>est</strong></span> <span class='ocrx_word' id='word_1_320' title='bbox 947 3082 1116 3138; x_wconf 88' lang='lat' dir='ltr'><strong>aqua,</strong></span> <span class='ocrx_word' id='word_1_321' title='bbox 1148 3063 1265 3121; x_wconf 89' lang='lat' dir='ltr'><strong>nisi</strong></span> <span class='ocrx_word' id='word_1_322' title='bbox 1288 3065 1481 3138; x_wconf 77' lang='lat' dir='ltr'><strong>aqua?</strong></span> <span class='ocrx_word' id='word_1_323' title='bbox 1512 3062 1739 3122; x_wconf 89' lang='lat' dir='ltr'><strong>accedit</strong></span> <span class='ocrx_word' id='word_1_324' title='bbox 1756 3064 2005 3122; x_wconf 89' lang='lat' dir='ltr'><strong>verbum</strong></span> <span class='ocrx_word' id='word_1_325' title='bbox 2027 3064 2100 3122; x_wconf 90' lang='lat' dir='ltr'><strong>ad</strong></span> <span class='ocrx_word' id='word_1_326' title='bbox 2122 3064 2479 3122; x_wconf 90' lang='lat' dir='ltr'><strong>elementum</strong></span> <span class='ocrx_word' id='word_1_327' title='bbox 2515 3066 2578 3122; x_wconf 89' lang='lat' dir='ltr'><strong>et</strong></span> <span class='ocrx_word' id='word_1_328' title='bbox 2606 3064 2676 3122; x_wconf 85' lang='lat' dir='ltr'><strong>fit</strong></span> <span class='ocrx_word' id='word_1_329' title='bbox 2707 3066 3205 3125; x_wconf 77' lang='lat' dir='ltr'><strong>sacramentum.‘</strong></span> 
     </span>
     <span class='ocr_line' id='line_1_32' title="bbox 581 3147 3208 3235; baseline 0.001 -26"><span class='ocrx_word' id='word_1_330' title='bbox 581 3152 734 3209; x_wconf 88' lang='lat' dir='ltr'><strong>Hinc</strong></span> <span class='ocrx_word' id='word_1_331' title='bbox 765 3152 837 3210; x_wconf 88' lang='lat' dir='ltr'><strong>de</strong></span> <span class='ocrx_word' id='word_1_332' title='bbox 873 3151 1035 3227; x_wconf 83' lang='lat' dir='ltr'><strong>bapt.</strong></span> <span class='ocrx_word' id='word_1_333' title='bbox 1067 3151 1135 3223; x_wconf 89' lang='lat' dir='ltr'><strong>V,</strong></span> <span class='ocrx_word' id='word_1_334' title='bbox 1187 3161 1302 3215; x_wconf 86' lang='lat'><strong>20:</strong></span> <span class='ocrx_word' id='word_1_335' title='bbox 1356 3150 1718 3223; x_wconf 79' lang='lat' dir='ltr'><strong>,Quomodo,</strong></span> <span class='ocrx_word' id='word_1_336' title='bbox 1772 3152 1989 3228; x_wconf 85' lang='lat' dir='ltr'><strong>inquit,</strong></span> <span class='ocrx_word' id='word_1_337' title='bbox 2041 3152 2396 3212; x_wconf 88' lang='lat' dir='ltr'><strong>homicidam</strong></span> <span class='ocrx_word' id='word_1_338' title='bbox 2442 3153 2685 3212; x_wconf 87' lang='lat' dir='ltr'><strong>exaudit</strong></span> <span class='ocrx_word' id='word_1_339' title='bbox 2732 3147 2946 3235; x_wconf 87' lang='lat' dir='ltr'><strong>(Deus)</strong></span> <span class='ocrx_word' id='word_1_340' title='bbox 2996 3152 3208 3227; x_wconf 87' lang='lat' dir='ltr'><strong>depre-</strong></span> 
     </span>
     <span class='ocr_line' id='line_1_33' title="bbox 581 3240 3212 3318; baseline 0 -21"><span class='ocrx_word' id='word_1_341' title='bbox 581 3244 812 3300; x_wconf 89' lang='lat' dir='ltr'><strong>cantem</strong></span> <span class='ocrx_word' id='word_1_342' title='bbox 844 3242 938 3299; x_wconf 91' lang='lat' dir='ltr'><strong>vel</strong></span> <span class='ocrx_word' id='word_1_343' title='bbox 971 3261 1149 3317; x_wconf 91' lang='lat' dir='ltr'><strong>supra</strong></span> <span class='ocrx_word' id='word_1_344' title='bbox 1167 3260 1381 3317; x_wconf 89' lang='lat' dir='ltr'><strong>aquam</strong></span> <span class='ocrx_word' id='word_1_345' title='bbox 1400 3240 1702 3317; x_wconf 89' lang='lat' dir='ltr'><strong>baptismi,</strong></span> <span class='ocrx_word' id='word_1_346' title='bbox 1737 3242 1832 3300; x_wconf 87' lang='lat' dir='ltr'><strong>vel</strong></span> <span class='ocrx_word' id='word_1_347' title='bbox 1866 3261 2045 3318; x_wconf 90' lang='lat' dir='ltr'><strong>super</strong></span> <span class='ocrx_word' id='word_1_348' title='bbox 2075 3243 2290 3313; x_wconf 90' lang='lat' dir='ltr'><strong>oleum,</strong></span> <span class='ocrx_word' id='word_1_349' title='bbox 2324 3243 2420 3300; x_wconf 89' lang='lat' dir='ltr'><strong>vel</strong></span> <span class='ocrx_word' id='word_1_350' title='bbox 2453 3260 2636 3318; x_wconf 90' lang='lat' dir='ltr'><strong>super</strong></span> <span class='ocrx_word' id='word_1_351' title='bbox 2665 3242 3083 3301; x_wconf 85' lang='lat' dir='ltr'><strong>eucharistiam</strong></span> <span class='ocrx_word' id='word_1_352' title='bbox 3115 3240 3212 3300; x_wconf 89' lang='lat' dir='ltr'><strong>vel</strong></span> 
     </span>
     <span class='ocr_line' id='line_1_34' title="bbox 583 3330 3211 3407; baseline 0 -20"><span class='ocrx_word' id='word_1_353' title='bbox 583 3345 762 3404; x_wconf 90' lang='lat' dir='ltr'><strong>super</strong></span> <span class='ocrx_word' id='word_1_354' title='bbox 792 3331 988 3406; x_wconf 87' lang='lat' dir='ltr'><strong>capita</strong></span> <span class='ocrx_word' id='word_1_355' title='bbox 1018 3349 1241 3402; x_wconf 90' lang='lat' dir='ltr'><strong>eorum,</strong></span> <span class='ocrx_word' id='word_1_356' title='bbox 1277 3330 1499 3406; x_wconf 90' lang='lat' dir='ltr'><strong>quibus</strong></span> <span class='ocrx_word' id='word_1_357' title='bbox 1531 3349 1742 3389; x_wconf 89' lang='lat' dir='ltr'><strong>manus</strong></span> <span class='ocrx_word' id='word_1_358' title='bbox 1774 3331 2192 3407; x_wconf 73' lang='lat' dir='ltr'><strong>imponitur?‘</strong></span> <span class='ocrx_word' id='word_1_359' title='bbox 2227 3366 2316 3376; x_wconf 89' lang='lat'><strong>—-</strong></span> <span class='ocrx_word' id='word_1_360' title='bbox 2349 3330 2516 3401; x_wconf 87' lang='lat' dir='ltr'><strong>Quod</strong></span> <span class='ocrx_word' id='word_1_361' title='bbox 2564 3331 2649 3390; x_wconf 90' lang='lat' dir='ltr'><strong>ita</strong></span> <span class='ocrx_word' id='word_1_362' title='bbox 2693 3331 2874 3389; x_wconf 88' lang='lat' dir='ltr'><strong>etiam</strong></span> <span class='ocrx_word' id='word_1_363' title='bbox 2914 3330 3211 3406; x_wconf 83' lang='lat' dir='ltr'><strong>expressit</strong></span> 
     </span>
     <span class='ocr_line' id='line_1_35' title="bbox 584 3415 3213 3501; baseline 0.001 -26"><span class='ocrx_word' id='word_1_364' title='bbox 584 3418 798 3495; x_wconf 87' lang='lat' dir='ltr'><strong>Hugo</strong></span> <span class='ocrx_word' id='word_1_365' title='bbox 844 3439 878 3476; x_wconf 92' lang='lat' dir='ltr'><strong>a</strong></span> <span class='ocrx_word' id='word_1_366' title='bbox 925 3438 969 3478; x_wconf 84' lang='lat' dir='ltr'><strong>S.</strong></span> <span class='ocrx_word' id='word_1_367' title='bbox 1003 3419 1239 3479; x_wconf 90' lang='lat' dir='ltr'><strong>Victore</strong></span> <span class='ocrx_word' id='word_1_368' title='bbox 1285 3420 1355 3478; x_wconf 90' lang='lat' dir='ltr'><strong>de</strong></span> <span class='ocrx_word' id='word_1_369' title='bbox 1403 3438 1546 3481; x_wconf 86' lang='lat' dir='ltr'><strong>sacr.</strong></span> <span class='ocrx_word' id='word_1_370' title='bbox 1592 3421 1706 3496; x_wconf 83' lang='lat' dir='ltr'><strong>leg.</strong></span> <span class='ocrx_word' id='word_1_371' title='bbox 1752 3423 1873 3478; x_wconf 88' lang='lat' dir='ltr'><strong>nat.</strong></span> <span class='ocrx_word' id='word_1_372' title='bbox 1919 3423 1980 3478; x_wconf 90' lang='lat' dir='ltr'><strong>et</strong></span> <span class='ocrx_word' id='word_1_373' title='bbox 2025 3439 2131 3479; x_wconf 88' lang='lat' dir='ltr'><strong>scr.</strong></span> <span class='ocrx_word' id='word_1_374' title='bbox 2180 3415 2372 3501; x_wconf 86' lang='lat' dir='ltr'><strong>(Mig.</strong></span> <span class='ocrx_word' id='word_1_375' title='bbox 2415 3431 2553 3492; x_wconf 84' lang='lat'><strong>176,</strong></span> <span class='ocrx_word' id='word_1_376' title='bbox 2592 3415 2738 3501; x_wconf 88' lang='lat'>35):</span> <span class='ocrx_word' id='word_1_377' title='bbox 2789 3419 3213 3489; x_wconf 80' lang='lat' dir='ltr'><strong>,Sacramenta</strong></span> 
     </span>
     <span class='ocr_line' id='line_1_36' title="bbox 582 3508 3211 3585; baseline 0.001 -21"><span class='ocrx_word' id='word_1_378' title='bbox 582 3508 807 3584; x_wconf 86' lang='lat' dir='ltr'><strong>gratiae</strong></span> <span class='ocrx_word' id='word_1_379' title='bbox 838 3527 944 3583; x_wconf 90' lang='lat' dir='ltr'><strong>per</strong></span> <span class='ocrx_word' id='word_1_380' title='bbox 973 3509 1402 3568; x_wconf 89' lang='lat' dir='ltr'><strong>invocationem</strong></span> <span class='ocrx_word' id='word_1_381' title='bbox 1423 3509 1734 3567; x_wconf 83' lang='lat' dir='ltr'><strong>Trinitatis</strong></span> <span class='ocrx_word' id='word_1_382' title='bbox 1757 3509 2281 3569; x_wconf 87' lang='lat' dir='ltr'><strong>sanctificationem</strong></span> <span class='ocrx_word' id='word_1_383' title='bbox 2315 3510 2378 3567; x_wconf 93' lang='lat' dir='ltr'><strong>in</strong></span> <span class='ocrx_word' id='word_1_384' title='bbox 2411 3526 2475 3568; x_wconf 88' lang='lat' dir='ltr'><strong>se</strong></span> <span class='ocrx_word' id='word_1_385' title='bbox 2506 3510 2863 3585; x_wconf 87' lang='lat' dir='ltr'><strong>suscipiunt,</strong></span> <span class='ocrx_word' id='word_1_386' title='bbox 2897 3527 2964 3568; x_wconf 89' lang='lat' dir='ltr'><strong>ac</strong></span> <span class='ocrx_word' id='word_1_387' title='bbox 2995 3508 3211 3567; x_wconf 90' lang='lat' dir='ltr'><strong>deinde</strong></span> 
     </span>
     <span class='ocr_line' id='line_1_37' title="bbox 585 3597 3213 3669; baseline 0 -15"><span class='ocrx_word' id='word_1_388' title='bbox 585 3597 1105 3657; x_wconf 88' lang='lat' dir='ltr'><strong>sanctificationem</strong></span> <span class='ocrx_word' id='word_1_389' title='bbox 1138 3598 1467 3669; x_wconf 86' lang='lat' dir='ltr'><strong>conferunt,</strong></span> <span class='ocrx_word' id='word_1_390' title='bbox 1500 3602 1573 3656; x_wconf 91' lang='lat' dir='ltr'><strong>ut</strong></span> <span class='ocrx_word' id='word_1_391' title='bbox 1604 3599 1725 3657; x_wconf 90' lang='lat' dir='ltr'><strong>sint</strong></span> <span class='ocrx_word' id='word_1_392' title='bbox 1756 3617 1825 3657; x_wconf 84' lang='lat' dir='ltr'><strong>ex</strong></span> <span class='ocrx_word' id='word_1_393' title='bbox 1861 3598 2323 3658; x_wconf 88' lang='lat' dir='ltr'><strong>sanctificatione</strong></span> <span class='ocrx_word' id='word_1_394' title='bbox 2356 3599 2843 3662; x_wconf 61' lang='lat' dir='ltr'><strong>sanctificantia&lt;</strong></span> <span class='ocrx_word' id='word_1_395' title='bbox 2905 3597 3213 3656; x_wconf 86' lang='lat' dir='ltr'><strong>Accedunt</strong></span> 
     </span>
     <span class='ocr_line' id='line_1_38' title="bbox 583 3686 3212 3763; baseline 0 -20"><span class='ocrx_word' id='word_1_396' title='bbox 583 3690 970 3746; x_wconf 90' lang='lat' dir='ltr'><strong>monumenta</strong></span> <span class='ocrx_word' id='word_1_397' title='bbox 987 3688 1388 3763; x_wconf 89' lang='lat' dir='ltr'><strong>antiquitatis,</strong></span> <span class='ocrx_word' id='word_1_398' title='bbox 1416 3706 1567 3762; x_wconf 86' lang='lat' dir='ltr'><strong>quae</strong></span> <span class='ocrx_word' id='word_1_399' title='bbox 1587 3688 1651 3745; x_wconf 91' lang='lat' dir='ltr'><strong>in</strong></span> <span class='ocrx_word' id='word_1_400' title='bbox 1674 3691 2178 3747; x_wconf 88' lang='lat' dir='ltr'><strong>sacramentorum</strong></span> <span class='ocrx_word' id='word_1_401' title='bbox 2198 3687 2711 3747; x_wconf 88' lang='lat' dir='ltr'><strong>administratione</strong></span> <span class='ocrx_word' id='word_1_402' title='bbox 2731 3687 2909 3746; x_wconf 86' lang='lat' dir='ltr'><strong>verba</strong></span> <span class='ocrx_word' id='word_1_403' title='bbox 2928 3686 3212 3745; x_wconf 86' lang='lat' dir='ltr'><strong>exhibent</strong></span> 
     </span>
     <span class='ocr_line' id='line_1_39' title="bbox 582 3776 2321 3848; baseline 0.003 -13"><span class='ocrx_word' id='word_1_404' title='bbox 582 3776 1059 3847; x_wconf 79' lang='lat' dir='ltr'><strong>consecrationis,</strong></span> <span class='ocrx_word' id='word_1_405' title='bbox 1093 3777 1505 3846; x_wconf 90' lang='lat' dir='ltr'><strong>invocationis,</strong></span> <span class='ocrx_word' id='word_1_406' title='bbox 1537 3776 1988 3848; x_wconf 87' lang='lat' dir='ltr'><strong>benedictionis,</strong></span> <span class='ocrx_word' id='word_1_407' title='bbox 2021 3778 2321 3840; x_wconf 87' lang='lat' dir='ltr'><strong>orationis.</strong></span> 
     </span>
    </p>
   </div>
   <div class='ocr_carea' id='block_1_4' title="bbox 584 3901 3213 4779">
    <p class='ocr_par' dir='ltr' id='par_1_4' title="bbox 584 3901 3213 4779">
     <span class='ocr_line' id='line_1_40' title="bbox 764 3901 3210 3978; baseline -0 -19"><span class='ocrx_word' id='word_1_408' title='bbox 764 3911 910 3967; x_wconf 85' lang='lat'><strong>283.</strong></span> <span class='ocrx_word' id='word_1_409' title='bbox 943 3902 1187 3961; x_wconf 87' lang='lat' dir='ltr'><strong>Frustra</strong></span> <span class='ocrx_word' id='word_1_410' title='bbox 1217 3904 1620 3978; x_wconf 87' lang='lat' dir='ltr'><strong>protestantes</strong></span> <span class='ocrx_word' id='word_1_411' title='bbox 1652 3921 1761 3978; x_wconf 89' lang='lat' dir='ltr'><strong>pro</strong></span> <span class='ocrx_word' id='word_1_412' title='bbox 1796 3921 1904 3961; x_wconf 91' lang='lat' dir='ltr'><strong>suo</strong></span> <span class='ocrx_word' id='word_1_413' title='bbox 1937 3921 2134 3961; x_wconf 89' lang='lat' dir='ltr'><strong>errore</strong></span> <span class='ocrx_word' id='word_1_414' title='bbox 2165 3905 2490 3978; x_wconf 88' lang='lat' dir='ltr'><strong>provocant</strong></span> <span class='ocrx_word' id='word_1_415' title='bbox 2520 3901 2594 3961; x_wconf 89' lang='lat' dir='ltr'><strong>ad</strong></span> <span class='ocrx_word' id='word_1_416' title='bbox 2627 3920 2673 3960; x_wconf 90' lang='lat' dir='ltr'><strong>s.</strong></span> <span class='ocrx_word' id='word_1_417' title='bbox 2699 3901 3210 3978; x_wconf 86' lang='lat' dir='ltr'><strong>Augustinum,</strong></span> 
     </span>
     <span class='ocr_line' id='line_1_41' title="bbox 585 3990 3213 4067; baseline 0 -18"><span class='ocrx_word' id='word_1_418' title='bbox 585 3990 928 4066; x_wconf 89' lang='lat' dir='ltr'><strong>praesertim</strong></span> <span class='ocrx_word' id='word_1_419' title='bbox 978 3992 1053 4049; x_wconf 89' lang='lat' dir='ltr'><strong>ad</strong></span> <span class='ocrx_word' id='word_1_420' title='bbox 1097 3992 1226 4067; x_wconf 87' lang='lat' dir='ltr'><strong>ejus</strong></span> <span class='ocrx_word' id='word_1_421' title='bbox 1272 3992 1448 4056; x_wconf 87' lang='lat' dir='ltr'><strong>tract.</strong></span> <span class='ocrx_word' id='word_1_422' title='bbox 1485 4001 1563 4054; x_wconf 81' lang='lat'><strong>80</strong></span> <span class='ocrx_word' id='word_1_423' title='bbox 1600 3992 1663 4049; x_wconf 87' lang='lat' dir='ltr'><strong>in</strong></span> <span class='ocrx_word' id='word_1_424' title='bbox 1695 3991 1866 4051; x_wconf 89' lang='lat' dir='ltr'><strong>Joan.</strong></span> <span class='ocrx_word' id='word_1_425' title='bbox 1928 3993 2077 4051; x_wconf 87' lang='lat' dir='ltr'><strong>Nam</strong></span> <span class='ocrx_word' id='word_1_426' title='bbox 2125 4009 2189 4055; x_wconf 78' lang='lat' dir='ltr'><strong>a.</strong></span> <span class='ocrx_word' id='word_1_427' title='bbox 2238 4010 2283 4050; x_wconf 91' lang='lat' dir='ltr'><strong>s.</strong></span> <span class='ocrx_word' id='word_1_428' title='bbox 2330 3992 2540 4051; x_wconf 89' lang='lat' dir='ltr'><strong>doctor</strong></span> <span class='ocrx_word' id='word_1_429' title='bbox 2569 3991 2814 4050; x_wconf 89' lang='lat' dir='ltr'><strong>admisit</strong></span> <span class='ocrx_word' id='word_1_430' title='bbox 2843 3990 3213 4066; x_wconf 87' lang='lat' dir='ltr'><strong>baptismum</strong></span> 
     </span>
     <span class='ocr_line' id='line_1_42' title="bbox 584 4079 3212 4156; baseline -0 -19"><span class='ocrx_word' id='word_1_431' title='bbox 584 4079 923 4150; x_wconf 87' lang='lat' dir='ltr'><strong>infantium,</strong></span> <span class='ocrx_word' id='word_1_432' title='bbox 971 4079 1035 4138; x_wconf 91' lang='lat' dir='ltr'><strong>in</strong></span> <span class='ocrx_word' id='word_1_433' title='bbox 1080 4098 1200 4156; x_wconf 92' lang='lat' dir='ltr'><strong>quo</strong></span> <span class='ocrx_word' id='word_1_434' title='bbox 1248 4081 1447 4156; x_wconf 88' lang='lat' dir='ltr'><strong>inepte</strong></span> <span class='ocrx_word' id='word_1_435' title='bbox 1480 4082 1815 4140; x_wconf 86' lang='lat' dir='ltr'><strong>somniatur</strong></span> <span class='ocrx_word' id='word_1_436' title='bbox 1846 4081 1920 4140; x_wconf 90' lang='lat' dir='ltr'><strong>de</strong></span> <span class='ocrx_word' id='word_1_437' title='bbox 1951 4080 2131 4140; x_wconf 90' lang='lat' dir='ltr'><strong>verbo</strong></span> <span class='ocrx_word' id='word_1_438' title='bbox 2162 4079 2522 4151; x_wconf 90' lang='lat' dir='ltr'><strong>concionali;</strong></span> <span class='ocrx_word' id='word_1_439' title='bbox 2570 4080 2812 4139; x_wconf 88' lang='lat' dir='ltr'><strong>admisit</strong></span> <span class='ocrx_word' id='word_1_440' title='bbox 2840 4079 3212 4154; x_wconf 89' lang='lat' dir='ltr'><strong>baptismum</strong></span> 
     </span>
     <span class='ocr_line' id='line_1_43' title="bbox 584 4168 3213 4245; baseline 0 -20"><span class='ocrx_word' id='word_1_441' title='bbox 584 4168 657 4226; x_wconf 87' lang='lat' dir='ltr'><strong>ab</strong></span> <span class='ocrx_word' id='word_1_442' title='bbox 689 4169 1001 4227; x_wconf 88' lang='lat' dir='ltr'><strong>haereticis</strong></span> <span class='ocrx_word' id='word_1_443' title='bbox 1034 4170 1338 4240; x_wconf 89' lang='lat' dir='ltr'><strong>collatum,</strong></span> <span class='ocrx_word' id='word_1_444' title='bbox 1387 4169 1446 4227; x_wconf 93' lang='lat' dir='ltr'><strong>in</strong></span> <span class='ocrx_word' id='word_1_445' title='bbox 1495 4189 1613 4245; x_wconf 90' lang='lat' dir='ltr'><strong>quo</strong></span> <span class='ocrx_word' id='word_1_446' title='bbox 1657 4171 1907 4229; x_wconf 89' lang='lat' dir='ltr'><strong>verbum</strong></span> <span class='ocrx_word' id='word_1_447' title='bbox 1957 4170 2293 4229; x_wconf 86' lang='lat' dir='ltr'><strong>concionale</strong></span> <span class='ocrx_word' id='word_1_448' title='bbox 2324 4172 2478 4229; x_wconf 90' lang='lat' dir='ltr'><strong>esset</strong></span> <span class='ocrx_word' id='word_1_449' title='bbox 2508 4170 2682 4245; x_wconf 89' lang='lat' dir='ltr'><strong>plane</strong></span> <span class='ocrx_word' id='word_1_450' title='bbox 2713 4169 2987 4239; x_wconf 80' lang='lat' dir='ltr'><strong>noxium3</strong></span> <span class='ocrx_word' id='word_1_451' title='bbox 3034 4175 3213 4245; x_wconf 84' lang='lat' dir='ltr'><strong>urget</strong></span> 
     </span>
     <span class='ocr_line' id='line_1_44' title="bbox 585 4255 3213 4336; baseline -0 -20"><span class='ocrx_word' id='word_1_452' title='bbox 585 4257 1036 4317; x_wconf 88' lang='lat' dir='ltr'><strong>catechumenos</strong></span> <span class='ocrx_word' id='word_1_453' title='bbox 1070 4276 1211 4317; x_wconf 91' lang='lat' dir='ltr'><strong>sane</strong></span> <span class='ocrx_word' id='word_1_454' title='bbox 1233 4259 1360 4334; x_wconf 87' lang='lat' dir='ltr'><strong>jam</strong></span> <span class='ocrx_word' id='word_1_455' title='bbox 1395 4260 1699 4318; x_wconf 87' lang='lat' dir='ltr'><strong>credentes</strong></span> <span class='ocrx_word' id='word_1_456' title='bbox 1731 4260 1805 4317; x_wconf 86' lang='lat' dir='ltr'><strong>ad</strong></span> <span class='ocrx_word' id='word_1_457' title='bbox 1836 4259 2119 4336; x_wconf 87' lang='lat' dir='ltr'><strong>baptismi</strong></span> <span class='ocrx_word' id='word_1_458' title='bbox 2139 4259 2593 4334; x_wconf 89' lang='lat' dir='ltr'><strong>susceptionem.</strong></span> <span class='ocrx_word' id='word_1_459' title='bbox 2646 4255 2719 4321; x_wconf 83' lang='lat' dir='ltr'><strong>b.</strong></span> <span class='ocrx_word' id='word_1_460' title='bbox 2753 4259 2889 4334; x_wconf 90' lang='lat' dir='ltr'><strong>Ipse</strong></span> <span class='ocrx_word' id='word_1_461' title='bbox 2919 4258 2959 4316; x_wconf 96' lang='lat' dir='ltr'><strong>l.</strong></span> <span class='ocrx_word' id='word_1_462' title='bbox 2980 4276 3026 4316; x_wconf 89' lang='lat' dir='ltr'><strong>c.</strong></span> <span class='ocrx_word' id='word_1_463' title='bbox 3047 4261 3213 4317; x_wconf 86' lang='lat' dir='ltr'><strong>totus</strong></span> 
     </span>
     <span class='ocr_line' id='line_1_45' title="bbox 587 4346 3211 4422; baseline 0 -17"><span class='ocrx_word' id='word_1_464' title='bbox 587 4349 679 4405; x_wconf 88' lang='lat' dir='ltr'><strong>est</strong></span> <span class='ocrx_word' id='word_1_465' title='bbox 710 4346 773 4404; x_wconf 90' lang='lat' dir='ltr'><strong>in</strong></span> <span class='ocrx_word' id='word_1_466' title='bbox 804 4366 890 4415; x_wconf 91' lang='lat' dir='ltr'><strong>eo,</strong></span> <span class='ocrx_word' id='word_1_467' title='bbox 927 4349 996 4405; x_wconf 87' lang='lat' dir='ltr'><strong>ut</strong></span> <span class='ocrx_word' id='word_1_468' title='bbox 1027 4348 1300 4407; x_wconf 88' lang='lat' dir='ltr'><strong>ostendat</strong></span> <span class='ocrx_word' id='word_1_469' title='bbox 1327 4348 1631 4407; x_wconf 88' lang='lat' dir='ltr'><strong>occasione</strong></span> <span class='ocrx_word' id='word_1_470' title='bbox 1651 4348 1966 4408; x_wconf 87' lang='lat' dir='ltr'><strong>verborum</strong></span> <span class='ocrx_word' id='word_1_471' title='bbox 1988 4348 2238 4408; x_wconf 88' lang='lat' dir='ltr'><strong>Christi:</strong></span> <span class='ocrx_word' id='word_1_472' title='bbox 2272 4348 2411 4407; x_wconf 81' lang='lat' dir='ltr'><strong>Jam</strong></span> <span class='ocrx_word' id='word_1_473' title='bbox 2446 4367 2541 4407; x_wconf 83' lang='lat' dir='ltr'><strong>vos</strong></span> <span class='ocrx_word' id='word_1_474' title='bbox 2572 4349 2776 4406; x_wconf 59' lang='lat' dir='ltr'><strong>&#39;nundi</strong></span> <span class='ocrx_word' id='word_1_475' title='bbox 2806 4349 2941 4406; x_wconf 78' lang='lat' dir='ltr'><strong>estis</strong></span> <span class='ocrx_word' id='word_1_476' title='bbox 2961 4354 3211 4422; x_wconf 73' lang='lat' dir='ltr'><strong>propter</strong></span> 
     </span>
     <span class='ocr_line' id='line_1_46' title="bbox 589 4436 3211 4512; baseline 0 -20"><span class='ocrx_word' id='word_1_477' title='bbox 589 4436 838 4504; x_wconf 81' lang='lat' dir='ltr'><strong>verbum,</strong></span> <span class='ocrx_word' id='word_1_478' title='bbox 870 4437 1021 4512; x_wconf 80' lang='lat' dir='ltr'><strong>quod</strong></span> <span class='ocrx_word' id='word_1_479' title='bbox 1050 4438 1267 4496; x_wconf 76' lang='lat' dir='ltr'><strong>locutus</strong></span> <span class='ocrx_word' id='word_1_480' title='bbox 1296 4457 1428 4497; x_wconf 83' lang='lat' dir='ltr'><strong>sum</strong></span> <span class='ocrx_word' id='word_1_481' title='bbox 1457 4438 1611 4496; x_wconf 77' lang='lat' dir='ltr'><strong>vobis</strong></span> <span class='ocrx_word' id='word_1_482' title='bbox 1641 4436 1734 4500; x_wconf 88' lang='lat' dir='ltr'><strong>J0.</strong></span> <span class='ocrx_word' id='word_1_483' title='bbox 1763 4448 1859 4507; x_wconf 90' lang='lat'><strong>15,</strong></span> <span class='ocrx_word' id='word_1_484' title='bbox 1905 4448 1960 4508; x_wconf 89' lang='lat'><strong>3,</strong></span> <span class='ocrx_word' id='word_1_485' title='bbox 1994 4437 2443 4497; x_wconf 89' lang='lat' dir='ltr'><strong>mundationem</strong></span> <span class='ocrx_word' id='word_1_486' title='bbox 2474 4455 2711 4496; x_wconf 90' lang='lat' dir='ltr'><strong>omnem</strong></span> <span class='ocrx_word' id='word_1_487' title='bbox 2742 4436 3082 4496; x_wconf 85' lang='lat' dir='ltr'><strong>immediate</strong></span> <span class='ocrx_word' id='word_1_488' title='bbox 3115 4436 3211 4494; x_wconf 91' lang='lat' dir='ltr'><strong>vel</strong></span> 
     </span>
     <span class='ocr_line' id='line_1_47' title="bbox 588 4524 3210 4602; baseline 0 -20"><span class='ocrx_word' id='word_1_489' title='bbox 588 4524 842 4583; x_wconf 86' lang='lat' dir='ltr'><strong>mediate</strong></span> <span class='ocrx_word' id='word_1_490' title='bbox 872 4544 908 4582; x_wconf 81' lang='lat' dir='ltr'><strong>a</strong></span> <span class='ocrx_word' id='word_1_491' title='bbox 937 4525 1117 4584; x_wconf 89' lang='lat' dir='ltr'><strong>verbo</strong></span> <span class='ocrx_word' id='word_1_492' title='bbox 1148 4525 1322 4586; x_wconf 89' lang='lat' dir='ltr'><strong>oriri:</strong></span> <span class='ocrx_word' id='word_1_493' title='bbox 1354 4527 1495 4585; x_wconf 88' lang='lat' dir='ltr'><strong>hinc</strong></span> <span class='ocrx_word' id='word_1_494' title='bbox 1525 4527 1792 4602; x_wconf 89' lang='lat' dir='ltr'><strong>loquitur</strong></span> <span class='ocrx_word' id='word_1_495' title='bbox 1821 4527 1994 4585; x_wconf 89' lang='lat' dir='ltr'><strong>modo</strong></span> <span class='ocrx_word' id='word_1_496' title='bbox 2025 4526 2099 4585; x_wconf 91' lang='lat' dir='ltr'><strong>de</strong></span> <span class='ocrx_word' id='word_1_497' title='bbox 2132 4527 2312 4586; x_wconf 88' lang='lat' dir='ltr'><strong>verbo</strong></span> <span class='ocrx_word' id='word_1_498' title='bbox 2331 4526 2674 4594; x_wconf 88' lang='lat' dir='ltr'><strong>concionali,</strong></span> <span class='ocrx_word' id='word_1_499' title='bbox 2709 4526 2882 4584; x_wconf 90' lang='lat' dir='ltr'><strong>modo</strong></span> <span class='ocrx_word' id='word_1_500' title='bbox 2914 4524 2987 4584; x_wconf 92' lang='lat' dir='ltr'><strong>de</strong></span> <span class='ocrx_word' id='word_1_501' title='bbox 3019 4542 3210 4583; x_wconf 88' lang='lat' dir='ltr'><strong>sacra-</strong></span> 
     </span>
     <span class='ocr_line' id='line_1_48' title="bbox 589 4613 3211 4692; baseline 0 -21"><span class='ocrx_word' id='word_1_502' title='bbox 589 4614 852 4683; x_wconf 87' lang='lat' dir='ltr'><strong>mentali,</strong></span> <span class='ocrx_word' id='word_1_503' title='bbox 886 4615 1044 4690; x_wconf 90' lang='lat' dir='ltr'><strong>quod</strong></span> <span class='ocrx_word' id='word_1_504' title='bbox 1080 4618 1404 4692; x_wconf 89' lang='lat' dir='ltr'><strong>utrumque</strong></span> <span class='ocrx_word' id='word_1_505' title='bbox 1424 4616 1693 4687; x_wconf 89' lang='lat' dir='ltr'><strong>mundat,</strong></span> <span class='ocrx_word' id='word_1_506' title='bbox 1727 4617 1901 4674; x_wconf 89' lang='lat' dir='ltr'><strong>aliter</strong></span> <span class='ocrx_word' id='word_1_507' title='bbox 1933 4619 2132 4675; x_wconf 88' lang='lat' dir='ltr'><strong>tamen</strong></span> <span class='ocrx_word' id='word_1_508' title='bbox 2162 4618 2342 4691; x_wconf 90' lang='lat' dir='ltr'><strong>atque</strong></span> <span class='ocrx_word' id='word_1_509' title='bbox 2373 4615 2574 4674; x_wconf 87' lang='lat' dir='ltr'><strong>aliter:</strong></span> <span class='ocrx_word' id='word_1_510' title='bbox 2608 4613 2759 4673; x_wconf 90' lang='lat' dir='ltr'><strong>illud</strong></span> <span class='ocrx_word' id='word_1_511' title='bbox 2793 4613 3069 4684; x_wconf 87' lang='lat' dir='ltr'><strong>mediate,</strong></span> <span class='ocrx_word' id='word_1_512' title='bbox 3103 4613 3211 4672; x_wconf 86' lang='lat' dir='ltr'><strong>hoc</strong></span> 
     </span>
     <span class='ocr_line' id='line_1_49' title="bbox 589 4703 3211 4779; baseline 0 -18"><span class='ocrx_word' id='word_1_513' title='bbox 589 4703 941 4763; x_wconf 89' lang='lat' dir='ltr'><strong>immediate.</strong></span> <span class='ocrx_word' id='word_1_514' title='bbox 974 4704 1119 4763; x_wconf 90' lang='lat' dir='ltr'><strong>Cum</strong></span> <span class='ocrx_word' id='word_1_515' title='bbox 1154 4724 1289 4764; x_wconf 91' lang='lat' dir='ltr'><strong>vero</strong></span> <span class='ocrx_word' id='word_1_516' title='bbox 1323 4719 1387 4769; x_wconf 80' lang='lat' dir='ltr'><strong>c.</strong></span> <span class='ocrx_word' id='word_1_517' title='bbox 1423 4706 1659 4779; x_wconf 90' lang='lat' dir='ltr'><strong>quaerit</strong></span> <span class='ocrx_word' id='word_1_518' title='bbox 1689 4724 1746 4765; x_wconf 91' lang='lat' dir='ltr'><strong>n.</strong></span> <span class='ocrx_word' id='word_1_519' title='bbox 1772 4715 1841 4769; x_wconf 84' lang='lat'><strong>3:</strong></span> <span class='ocrx_word' id='word_1_520' title='bbox 1880 4704 2089 4774; x_wconf 81' lang='lat' dir='ltr'><strong>,Unde</strong></span> <span class='ocrx_word' id='word_1_521' title='bbox 2119 4705 2238 4763; x_wconf 88' lang='lat' dir='ltr'><strong>ista</strong></span> <span class='ocrx_word' id='word_1_522' title='bbox 2256 4707 2426 4763; x_wconf 88' lang='lat' dir='ltr'><strong>tanta</strong></span> <span class='ocrx_word' id='word_1_523' title='bbox 2447 4704 2639 4764; x_wconf 88' lang='lat' dir='ltr'><strong>virtus</strong></span> <span class='ocrx_word' id='word_1_524' title='bbox 2659 4722 2863 4779; x_wconf 89' lang='lat' dir='ltr'><strong>aquae,</strong></span> <span class='ocrx_word' id='word_1_525' title='bbox 2897 4706 2969 4762; x_wconf 89' lang='lat' dir='ltr'><strong>ut</strong></span> <span class='ocrx_word' id='word_1_526' title='bbox 2999 4720 3211 4779; x_wconf 86' lang='lat' dir='ltr'><strong>corpus</strong></span> 
     </span>
    </p>
   </div>
  </div>
 </body>
</html>
