3538 5364
1063 300 1260 356 'rhesis
1289 302 1589 357 CCLXXX.
1621 299 2073 372 Exceptionibus
2100 298 2306 354 satisfit
2855 308 2985 373 (375

364 489 682 565 specialem
723 487 967 559 cultum,
1015 507 1194 564 quem
1239 488 1417 547 alicui
1464 487 1773 563 speciatim
1805 485 2055 564 imagini
2089 486 2282 545 solent
2311 485 2510 544 fideles
2542 486 2881 563 impendere
2925 490 2988 546 et

363 579 441 638 acl
474 579 661 655 ipsam
693 578 897 655 potius
930 596 1106 652 quam
1138 577 1214 636 ad
1259 577 1432 636 aliam
1465 577 1844 654 confugere‚‘
1889 574 2184 634 declarata
2226 578 2320 634 est
2364 577 2740 646 ,temeraria,
2786 576 2984 652 perni-

364 668 544 738 ciosa,
581 667 675 743 pio
709 685 817 743 per
846 666 1163 725 Ecclesiam
1195 666 1567 742 frequentato
1600 665 1766 735 mori,
1815 667 1945 723 tum
1989 668 2052 724 et
2096 663 2186 723 illi
2231 664 2639 740 providentiae
2671 665 2862 724 ordini
2893 666 2986 724 in·

357 756 609 833 juriosa,
643 774 762 831 quo
795 756 901 827 ,ita
919 756 1077 814 Deus
1107 773 1215 814 nec
1245 756 1308 813 in
1340 755 1618 813 omnibus
1639 753 1939 814 memoiiis
1960 755 2298 812 sanctorum
2334 753 2449 812 ista
2478 753 2607 813 fieri
2634 754 2845 824 voluit,
2881 754 2986 830 qui

365 845 589 905 dividit-
619 845 857 921 propria
890 845 1214 920 unicuique
1245 849 1425 920 prout
1456 844 1607 903 vult‘
1641 839 1734 924 (ex
1769 861 1815 901 s,
1848 842 2282 920 Augustini
2315 861 2406 919 ep.
2440 843 2620 920 cit.).‹

552 970 697 1034 723.
734 965 990 1033 'rhesis
1035 962 1444 1034 CCLXXX.
1497 986 1878 1039 Doctrinae
1916 982 2297 1038 camelinae
2335 988 2420 1041 de
2445 990 2850 1040 sanctorum
2875 986 2988 1038 in-

368 1077 725 1130 vocatione
763 1079 829 1129 et
863 1077 1364 1130 intercessione
1404 1075 1819 1128 nullatenus
1854 1076 2334 1129 adversantur
2368 1076 2511 1129 sive
2536 1076 2597 1127 1.
2621 1077 2877 1141 ‹loama
2902 1078 2987 1131 de

361 1178 513 1219 uno
541 1164 933 1220 Mediator-e
963 1165 1095 1217 Dei
1120 1169 1185 1219 et
1208 1164 1580 1218 hominum
1607 1165 1892 1219 homine
1914 1164 2188 1219 Christo
2212 1164 2425 1230 Jecu5
2448 1166 2594 1219 sive
2613 1166 2679 1218 2.
2695 1168 2989 1230 patrum

365 1254 608 1318 effata,
631 1254 884 1321 quibus
901 1254 1195 1308 subinde
1212 1253 1590 1319 inculcant,
1607 1253 1837 1307 solum
1859 1254 2089 1307 Deum
2122 1267 2263 1308 esee
2297 1256 2769 1309 int-noandum
2785 1270 2810 1317 ‚-
2845 1255 2987 1307 sive

365 1344 439 1397 3.
477 1344 829 1409 ianm-atio
866 1344 1082 1407 modi,
1118 1358 1254 1411 quo
1290 1343 1773 1396 invocantium
1803 1356 2050 1410 preces
2086 1345 2318 1398 sancti
2355 1344 2679 1398 audiant.

550 1447 1100 1516 Demonstratio
1149 1466 1221 1532 p.
1274 1448 1338 1514 Ι.
1419 1445 1800 1511 Imbecillius
1865 1454 2329 1528 argumentum,
2393 1464 2522 1529 quo
2583 1448 2991 1529 impugnetur

363 1553 667 1616 doctrina
697 1552 1032 1628 catholica,
1066 1553 1419 1635 excogitari
1451 1553 1556 1616 vix
1588 1554 1798 1635 potuit
1832 1571 1872 1617 a
1904 1553 2408 1634 protestantibus
2428 1571 2525 1629 e0,
2561 1554 2732 1635 quod
2752 1553 2991 1635 petitur

364 1680 450 1725 ex
485 1658 853 1724 Mediatoris
885 1659 1227 1724 unitate.
1293 1657 1463 1725 Sane
1522 1664 1578 1730 l.
1629 1660 1728 1726 vel
1778 1660 1898 1741 ipsi
1950 1660 2304 1726 concedere
2355 1659 2609 1736 debent,
2649 1660 2861 1741 justos
2892 1662 2989 1724 vi-

371 1774 596 1832 ventes
629 1767 1027 1832 intercedere
1059 1785 1175 1848 pro
1209 1766 1384 1844 vivis,
1432 1774 1494 1831 et
1541 1773 1613 1830 ut
1645 1767 2048 1832 intercedant
2080 1766 2333 1832 exorari
2365 1785 2555 1849 posse
2588 1766 2688 1853 (cf.
2720 1787 2780 1831 n.
2817 1771 2990 1854 717),

365 1874 526 1955 quin
558 1880 901 1955 propterea
944 1879 1167 1955 pereat
1213 1873 1402 1937 unius
1434 1873 1808 1938 Mediatoris
1838 1874 1890 1939 J.
1925 1872 2158 1937 Christi
2204 1873 2495 1955 dignitas.
2557 1875 2721 1957 Ergo
2769 1893 2809 1938 a
2853 1876 2993 1957 pari

373 1997 505 2043 non
536 1979 783 2061 peribit,
817 1979 870 2042 si
919 1979 1126 2043 sancti
1171 1978 1551 2043 invocentur
1594 1979 1842 2062 ipsique
1874 1981 2156 2045 invocati
2198 1980 2617 2046 intercedant.
2678 1980 2992 2047 Mediator

366 2087 608 2168 quippe
661 2088 881 2172 (sensu
914 2085 1130 2172 pleno)
1180 2088 1245 2157 2.
1295 2104 1428 2151 non
1476 2088 1692 2151 statim
1745 2087 2173 2151 venditandus
2218 2094 2332 2164 est,
2384 2088 2669 2170 quisquis
2699 2107 2816 2171 pro
2850 2088 2990 2152 aliis

369 2177 536 2267 orat,
570 2193 684 2257 sed
716 2192 825 2275 qui
855 2212 971 2274 pro
1005 2193 1303 2258 omnibus
1351 2201 1511 2270 orat,
1559 2202 1624 2260 et
1668 2213 1785 2276 pro
1833 2213 1960 2277 quo
2005 2193 2215 2259 nullus
2248 2201 2410 2272 orat,
2457 2202 2522 2261 et
2553 2196 2659 2278 qui
2692 2197 2828 2278 ipse
2858 2214 2989 2261 non

371 2319 490 2381 per
521 2299 717 2364 alium
751 2306 895 2364 orat
947 2301 1382 2378 mediatorem,
1429 2302 1663 2385 quique
1708 2287 1901 2365 insita
1944 2320 2064 2366 sua
2114 2302 2418 2382 dignitate
2451 2309 2516 2367 et
2546 2303 2777 2366 merito
2809 2302 2989 2367 inde-

371 2406 733 2489 pendenter
765 2406 847 2471 ab
882 2406 1008 2470 alio
1045 2407 1317 2472 alterum
1348 2407 1557 2473 reddit
1587 2408 1936 2491 propitium
1969 2414 2162 2490 atque
2194 2407 2504 2474 beneficia
2550 2409 2632 2473 ab
2682 2426 2759 2473 eo
2791 2409 2993 2493 impe-

380 2519 526 2577 trat.
559 2512 643 2576 At
674 2531 792 2593 pro
825 2513 1166 2578 coelitibus
1197 2514 1347 2579 olim
1380 2514 1707 2591 orabatur,
1741 2514 1894 2579 dum
1926 2521 2312 2598 tempestate
2334 2522 2397 2581 et
2417 2515 2537 2597 ipsi
2549 2516 2996 2597 jactabantur,

372 2640 584 2704 neque
616 2621 811 2686 modo
845 2621 963 2704 ipsi
997 2628 1184 2687 orant
1216 2622 1340 2687 nisi
1384 2641 1500 2704 per
1529 2623 1580 2688 J.
1615 2621 1972 2688 Christum:
2019 2624 2229 2688 omnis
2276 2624 2446 2689 enim
2492 2640 2717 2689 eorum
2764 2621 2995 2688 fiducia

371 2729 550 2811 apud
583 2729 789 2792 Deum
820 2729 1109 2792 innititur
1140 2729 1381 2793 meritis
1414 2728 1650 2795 Christi
1697 2737 1892 2813 atque
1936 2731 2160 2812 gratia,
2206 2749 2336 2814 qua
2380 2749 2460 2795 ex
2505 2729 2707 2813 ipsius
2754 2731 2995 2795 meritis

371 2836 555 2916 apud
585 2834 788 2901 Deum
837 2835 1132 2900 fruuntur
1179 2836 1277 2920 (cf.
1311 2856 1372 2900 n.
1405 2839 1614 2923 502⁴).
1678 2836 1894 2916 Quare
1938 2836 2191 2901 illorum
2236 2837 2645 2902 invocatione
2688 2844 2753 2901 et
2797 2837 2994 2902 inter-

369 2943 670 3007 cessione
721 2942 807 3006 nil
858 2943 1205 3023 derogatur
1254 2940 1535 3006 illibatae
1586 2942 1824 3008 Christi
1873 2944 2247 3008 mediatoris
2296 2944 2636 3026 majestati.
2708 2944 2895 3024 Quod
2942 2944 2996 3007 si

378 3056 596 3114 tamen
627 3053 695 3120 3.
730 3051 871 3133 quis
905 3068 1017 3115 eos
1050 3050 1342 3132 exemplo
1378 3057 1632 3132 patrum
1669 3051 2061 3116 mediatores
2080 3052 2229 3116 velit
2250 3069 2503 3129 vocare,
2522 3070 2655 3115 non
2674 3069 2994 3134 repugna-

369 3156 607 3233 bimuS,
639 3176 849 3239 neque
886 3156 1115 3222 exinde
1135 3155 1368 3239 injuria
1388 3156 1654 3221 infertur
1676 3156 1929 3223 Christo
1951 3157 2303 3235 Mediatori,
2324 3159 2488 3223 sicut
2518 3177 2727 3241 neque
2757 3176 2995 3222 causae

377 3263 699 3329 secundae
732 3264 948 3329 virtuti
979 3281 1216 3328 causae
1236 3263 1559 3346 principiS,
1581 3264 1823 3328 domini
1842 3271 2192 3348 patresque
2227 3271 2560 3331 terrestres
2592 3267 2703 3330 uni
2725 3266 2994 3331 Domino

370 3378 444 3435 et
477 3370 650 3435 Patri
680 3379 902 3436 nostro
954 3372 1020 3435 in
1069 3369 1264 3437 coelis
1311 3370 1608 3452 injuriam
1661 3371 1976 3436 inserunt:
2026 3373 2342 3455 siquidem
2389 3382 2576 3438 erunt
2606 3373 2995 3438 mediatores

373 3479 881 3554 secundarii,
933 3478 1135 3558 gradu
1185 3478 1409 3556 altero,
1460 3479 1649 3560 longe
1701 3478 1999 3557 inferiori,
2045 3481 2551 3563 participatione.
2615 3479 2780 3559 Quid
2827 3480 2995 3543 enirn

377 3586 443 3655 4.
477 3584 848 3649 familiarius
868 3585 969 3649 vel
990 3584 1323 3649 tirunculis
1342 3585 1603 3650 scholae
1636 3585 2046 3662 christianae,
2084 3604 2278 3669 quam
2298 3604 2419 3650 sua
2439 3586 2656 3650 omnia
2677 3585 2997 3651 Christum

371 3693 511 3756 suis
543 3692 1064 3755 communicare?
1111 3688 1216 3754 Sic
1246 3708 1393 3755 cum
1428 3691 1620 3756 Filius
1649 3691 1763 3756 Dei
1795 3691 2022 3756 unicus
2053 3694 2152 3768 sit,
2186 3693 2415 3757 eodem
2446 3710 2566 3755 nos
2599 3693 3000 3757 consecravit

377 3798 671 3862 nomine:
720 3815 867 3861 cum
917 3796 1023 3862 lux
1068 3799 1167 3874 sit,
1217 3805 1400 3880 petra
1450 3804 1514 3862 et
1566 3799 2069 3875 fundamentum,
2103 3807 2167 3863 et
2197 3800 2318 3862 has
2349 3799 2832 3880 praerogativas
2863 3799 2997 3862 suis

371 3905 703 3986 discipulis
735 3904 988 3980 tribuit;
1039 3904 1258 3969 tribuit
1306 3911 1700 3987 potestatem
1749 3906 1871 3970 sibi
1918 3907 2244 3988 propriam
2298 3905 2665 3971 remittendi
2709 3912 2998 3988 peccata,

329 4003 332 4006 ’
370 4011 900 4075 communicandi
934 4009 1242 4093 Spiritum
1275 4032 1323 4075 s,
1356 4019 1475 4077 etc.
1538 4012 1767 4077 Mirum
1803 4032 1957 4095 ergo
1990 4032 2132 4079 esse
2162 4031 2296 4076 non
2327 4012 2534 4089 debet,
2569 4013 2622 4076 si
2654 4019 2719 4077 et
2751 4012 2830 4076 de
2862 4030 2997 4077 me-

369 4118 681 4183 diationis
730 4136 995 4182 munere
1046 4120 1253 4184 sancti
1303 4138 1433 4184 non
1464 4120 1620 4184 nihil
1652 4121 2070 4203 participent;
2117 4138 2325 4202 neque
2377 4119 2546 4184 enim
2579 4122 2645 4186 5.
2679 4120 2743 4182 in
2777 4118 2998 4183 ordine

381 4225 856 4307 supernaturali
887 4225 1132 4306 gratiae
1166 4233 1231 4290 et
1262 4225 1488 4290 salutis
1535 4227 1859 4308 abrogata
1903 4233 2001 4292 est
2032 4227 2134 4292 lex
2179 4243 2523 4291 causarum
2554 4225 2998 4302 secundarum,

381 4339 453 4396 ut
483 4333 877 4397 ostendimus
912 4339 952 4396 t.
986 4332 1009 4395 1
1041 4352 1100 4396 n.
1137 4337 1266 4402 252
1301 4334 1400 4420 (ci.
1435 4352 1634 4416 supra
1666 4354 1723 4397 n.
1759 4335 1935 4420 492).
1986 4334 2118 4398 Imo
2151 4337 2217 4401 6.
2253 4334 2317 4398 in
2349 4335 2734 4397 immensum
2766 4330 2999 4395 Christi

370 4439 581 4504 -decus
614 4440 932 4504 redundat
962 4440 1129 4504 istud
1163 4440 1418 4523 quidem
1453 4447 1518 4507 et
1549 4441 1615 4505 in
1646 4442 1914 4506 laudum
1962 4442 2097 4522 eius
2144 4440 2608 4506 inaestimabile
2639 4439 2998 4503 incremen-

382 4554 536 4623 tum,
570 4546 743 4629 quod
775 4546 858 4609 ab
893 4565 971 4612 eo
1004 4547 1334 4611 exundant
1364 4565 1484 4611 ceu
1517 4547 1599 4612 ab
1652 4547 2042 4612 inexhausta
2072 4548 2455 4629 scaturigine
2487 4550 2873 4611 ornamenta
2903 4545 2999 4608 di-

383 4654 697 4733 gnitatum
748 4660 813 4717 et
861 4654 1167 4718 virtutum
1218 4655 1282 4717 in
1331 4654 1508 4718 alios.
1574 4653 1931 4720 Universim
1984 4655 2151 4721 enim
2197 4655 2307 4719 illa
2352 4653 2861 4734 magnificentior
2905 4659 3003 4718 est

371 4759 726 4841 opulentia,
761 4778 926 4842 quae
958 4778 1077 4824 nec
1108 4759 1231 4824 sibi
1262 4761 1491 4837 deficit,
1543 4768 1606 4825 et
1653 4758 1794 4824 aliis
1845 4760 2095 4837 sufficit,
2148 4779 2314 4842 quae
2358 4759 2706 4842 locupletat
2751 4766 3001 4824 ceteros

2576 4865 2669 4920 43⁶
