3538 5364
529 325 660 389 310
1134 315 1318 369 'I'ract
1350 315 1438 367 [Χ.
1466 315 1534 368 de
1562 315 1927 368 eucharistia.
1956 313 2536 368 Sacmmentariorum

527 504 777 580 populos
810 521 1010 562 omnes
1042 521 1332 562 consensu
1363 503 1536 579 plane
1569 502 1868 560 communi
1902 501 2144 577 signum
2189 519 2293 559 seu
2337 501 2810 558 instrumentum
2842 501 2999 575 pacti
3048 502 3143 559 vel

525 584 870 651 testamenti
902 592 1088 651 soleat
1117 596 1360 668 pactum
1391 591 1484 650 vel
1515 592 1942 649 testamentum
1972 590 2279 666 appellari.
2342 590 2435 647 Ad
2475 589 2615 647 haec
2647 602 2705 651 (3.
2739 589 2919 648 verba
2951 590 3145 649 Lucae

525 684 588 740 et
632 681 802 740 Pauli
844 685 1003 740 certo
1048 680 1206 739 idem
1244 681 1599 758 significant,
1645 680 1807 754 quod
1837 678 2017 738 verba
2046 680 2221 737 Marc.
2262 690 2357 748 14,
2409 688 2488 740 24
2537 681 2597 736 et
2643 678 2850 738 Matth.
2888 688 2986 748 26,
3026 689 3143 742 28:

527 771 639 828 Hic
669 778 749 828 est
780 772 930 829 enim
960 772 1199 846 sanquis
1229 789 1384 828 meus
1415 771 1547 828 novi
1585 769 1944 838 Testamenti,
1977 771 2079 845 qui
2107 787 2218 842 pro
2250 769 2442 826 inultis
2471 767 2805 840 effundetur
2838 770 2900 825 in
2934 770 3139 826 remis-

524 862 738 917 sionem
773 866 1179 934 peccatorum:
1227 877 1378 934 quae
1429 858 1666 933 quidem
1711 858 1962 917 clariora
2010 862 2154 916 sunt
2200 857 2504 935 magisque
2535 857 2894 931 respondent
2928 858 3141 928 verbiS,

532 948 751 1023 quibus
785 948 1054 1008 Christus
1085 948 1454 1007 consecravit
1483 965 1714 1022 panem,
1763 966 2031 1022 quaeque
2076 947 2233 1023 apud
2280 964 2483 1005 omnes
2529 950 2788 1021 quatuor
2818 946 3148 1021 inspiratos

524 1039 795 1096 auctores
827 1037 948 1095 fere
980 1037 1183 1096 eadem
1216 1039 1375 1096 sunt.
1425 1035 1614 1105 Quare
1645 1036 1694 1094 si
1727 1037 1925 1095 verbis
1944 1037 2133 1095 Lucae
2165 1039 2226 1093 et
2256 1035 2427 1093 Pauli
2459 1035 2661 1109 aliqua
2692 1035 2899 1093 subest
2930 1037 3141 1094 obscu-

522 1126 687 1196 ritas»,
724 1145 793 1185 ex
827 1126 952 1185 illis
986 1126 1275 1184 illustrari
1306 1128 1520 1202 potest.
1571 1125 1763 1184 Facile
1798 1122 1866 1189 d.
1899 1145 1967 1185 ea
2013 1124 2341 1184 obscuritas
2386 1124 2732 1199 dissipatur,
2796 1126 2844 1182 si
2878 1128 3142 1194 notatur,

525 1216 721 1274 verbis
752 1218 991 1294 sanquis
1022 1235 1181 1274 meus
1212 1214 1510 1292 designari
1542 1215 2010 1273 instrumentum
2055 1218 2117 1273 et
2161 1232 2397 1273 causam
2443 1213 2803 1272 sancientem
2833 1214 2905 1272 N.
2938 1213 3143 1272 Testa-

524 1305 731 1377 menti,
782 1305 890 1363 hoc
932 1324 1072 1363 vero
1117 1323 1247 1364 esse
1293 1305 1565 1362 effectum
1612 1303 1910 1362 sancitum
1945 1301 2040 1384 (cf.
2074 1323 2129 1362 n.
2168 1303 2331 1366 3383
2363 1297 2481 1383 f.):
2530 1304 2591 1361 et
2639 1303 3141 1361 constructionem

522 1394 967 1470 grammaticam
1002 1413 1120 1452 non
1151 1393 1376 1469 ubique
1407 1412 1536 1451 esse
1582 1393 1844 1451 eandem.
1910 1393 2086 1469 Apud
2138 1393 2501 1450 Matthaeum
2551 1395 2612 1450 et
2657 1392 2914 1450 Marcum
2964 1410 3143 1450 causa

522 1483 768 1558 ponitur
799 1483 860 1541 in
892 1486 1070 1553 recto,
1119 1483 1362 1541 effectus
1408 1482 1472 1540 in
1517 1482 1792 1557 obliquo:
1839 1485 2045 1540 contra
2076 1481 2233 1557 apud
2266 1481 2483 1539 Lucam
2516 1487 2576 1539 et
2610 1481 2861 1539 Paulum
2895 1481 3141 1539 effectus

521 1572 767 1648 ponitur
797 1572 859 1630 in
892 1576 1068 1643 recte,
1103 1590 1279 1630 causa
1307 1572 1371 1629 in
1404 1571 1665 1647 obliquo,

703 1706 846 1761 342.
878 1693 1023 1760 III.
1056 1697 1191 1755 Alia
1222 1697 1484 1772 exceptio
1515 1696 1744 1771 petitur
1775 1715 1842 1754 ex
1874 1697 2089 1765 verbis,
2124 1715 2275 1771 quae
2296 1695 2564 1755 Christus
2584 1699 2725 1770 post
2744 1694 3142 1753 eucharistiae

521 1786 961 1844 institutionem
997 1786 1215 1844 dixisse
1247 1786 1485 1845 videtur
1503 1785 1711 1847 Matth.
1737 1794 1838 1855 26,
1864 1794 1975 1847 29:
2009 1786 2141 1843 Non
2174 1786 2362 1843 bibam
2393 1786 2599 1843 amodo
2628 1786 2698 1842 de
2727 1785 2830 1842 hoc
2859 1786 3145 1859 [lenimine

519 1876 649 1933 vitis
679 1894 857 1952 usque
887 1878 950 1933 in
981 1877 1132 1933 diem
1163 1876 1347 1949 illum,
1385 1893 1514 1933 cum
1544 1872 1693 1933 illud
1710 1875 1900 1934 bibam
1929 1876 2213 1934 vobiscum
2244 1893 2449 1932 novum
2479 1877 2542 1931 in
2575 1892 2747 1951 nequo
2783 1872 2979 1931 Patris
3014 1876 3139 1935 mei,

520 1965 799 2040 Appellat
817 1983 958 2042 ergo
978 1963 1149 2034 illud,
1167 1965 1325 2039 quod
1345 1983 1477 2023 mox
1496 1964 1729 2022 dixerat
1750 1965 2100 2040 sanguinem
2122 1982 2316 2035 suum,
2333 1965 2553 2022 iterum
2576 1966 2787 2020 vinum.
2812 1996 2899 2005 —-
2919 1962 3138 2020 Verum

524 2048 587 2115 l.
621 2053 930 2129 probabile
961 2057 1072 2129 est,
1107 2054 1286 2112 verba
1316 2053 1459 2111 haec
1486 2052 1695 2112 referri
1726 2054 1800 2111 ad
1832 2053 2088 2124 calicem,
2122 2072 2300 2130 quem
2322 2052 2648 2111 secundum
2679 2052 2864 2110 ritum
2897 2051 3138 2126 pascha-

520 2142 635 2200 lem
657 2160 727 2201 ex
758 2145 1017 2218 quatuor
1046 2142 1311 2201 adhiberi
1346 2142 1539 2200 solitis
1570 2146 1709 2201 ante
1741 2142 2135 2202 eucharistiae
2168 2142 2613 2201 institutionem
2643 2140 2970 2199 bibendum
3001 2159 3139 2215 por-

519 2233 767 2307 rexerat,
812 2234 886 2290 ut
915 2231 1110 2306 liquet
1140 2251 1208 2290 ex
1237 2232 1376 2292 Luc.
1415 2240 1513 2301 22,
1558 2242 1630 2294 17
1667 2250 1760 2300 ss„
1809 2233 1915 2308 qui
1947 2232 2259 2291 manifesto
2293 2251 2361 2290 ea
2391 2230 2570 2290 verba
2600 2230 2782 2289 refert
2814 2230 2970 2288 dicta
3000 2233 3140 2288 ante

520 2320 908 2380 eucharistiae
941 2321 1472 2390 consecrationem;
1505 2324 1567 2379 et
1597 2339 1667 2378 ex
1700 2321 2015 2380 collatione
2048 2339 2183 2380 cum
2201 2321 2456 2397 geminis
2476 2320 2694 2389 verbis,
2730 2338 2882 2395 quae
2913 2318 3142 2377 dixerat

520 2410 593 2467 de
623 2428 777 2486 agno
808 2410 1070 2485 paschali
1102 2410 1183 2468 ib.
1227 2421 1302 2472 15
1339 2429 1386 2473 s.
1451 2409 1619 2479 Quod
1664 2410 1712 2468 si
1755 2413 1956 2469 tamen
1987 2407 2055 2473 2.
2090 2411 2233 2468 haec
2261 2411 2442 2469 verba
2471 2410 2605 2486 quis
2637 2408 2854 2467 referre
2888 2408 3035 2466 velit
3065 2408 3137 2466 ad

520 2498 762 2557 calicem
793 2500 1270 2568 eucharisticum,
1319 2499 1658 2557 memineris
1703 2499 1866 2557 aliud
1911 2518 2039 2558 esse
2085 2500 2416 2575 simplicem
2449 2498 2926 2575 appellationem,
2975 2497 3139 2556 aliud

519 2587 925 2647 definitionem
967 2608 1073 2648 seu
1119 2589 1441 2647 solemnem
1474 2588 1948 2660 declarationem,
1997 2608 2114 2664 qua
2142 2589 2481 2648 authentice
2511 2587 2957 2663 pronunciatur,
2993 2587 3138 2662 quid

517 2677 746 2753 aliquid
793 2678 889 2748 sit,
937 2697 1124 2754 eoque
1168 2696 1346 2736 sensu
1392 2672 1454 2742 3.
1493 2677 1843 2754 sanguinem
1876 2677 2093 2737 Christi
2127 2678 2243 2737 dici
2274 2678 2550 2756 genimen
2582 2676 2727 2736 vitis
2760 2677 2796 2737 i.
2830 2696 2878 2739 e.
2911 2676 3137 2746 vinum,

518 2786 636 2842 quo
683 2785 864 2826 sensu
910 2769 1038 2844 ejus
1086 2785 1299 2842 corpus
1345 2767 1409 2825 in
1453 2767 1813 2825 eucharistia
1856 2786 2134 2843 praesens
2176 2768 2399 2826 dicitur
2428 2768 2601 2826 etiam
2636 2786 2670 2824 a
2702 2767 2886 2825 Paulo
2929 2777 2978 2827 1.
3013 2766 3138 2829 Cor.

526 2867 622 2926 10,
665 2866 738 2918 16
773 2857 1027 2932 panis:
1062 2856 1182 2918 scil.
1215 2871 1277 2917 a.
1310 2857 1541 2914 ratione
1572 2856 1980 2927 materiae,
2026 2876 2094 2915 ex
2129 2876 2247 2932 qua
2277 2856 2589 2916 conficitur
2620 2855 2995 2925 eucharistia,
3042 2856 3138 2913 vel

518 2945 844 3003 secundum
876 2965 1014 3004 eum
1048 2945 1329 3020 loquendi
1362 2963 1555 3014 usum,
1604 2964 1722 3020 quo
1769 2963 1985 3004 nomen
2030 2947 2382 3005 conveniens
2428 2946 2514 3004 rei
2559 2948 2697 3003 ante
2743 2945 3138 3004 mutationem

518 3034 874 3104 retinemus3
909 3034 994 3091 ita
1025 3034 1280 3110 legimus
1314 3034 1521 3096 Matth.
1564 3045 1659 3101 11,
1700 3045 1767 3097 5:
1824 3035 1986 3093 Coect'
2017 3036 2222 3111 vident,
2257 3036 2426 3093 surdi
2455 3036 2705 3093 audiunt
2720 3055 2748 3106 ;
2789 3034 2889 3091 Ex.
2929 3045 2983 3102 7,
3030 3043 3137 3100 ]2;

516 3122 608 3184 J0.
647 3131 701 3190 2,
741 3133 810 3191 93
861 3134 915 3193 9,
972 3133 1045 3184 17
1082 3126 1191 3181 etc.
1257 3119 1325 3187 b.
1370 3123 1599 3182 ratione
1646 3124 2164 3200 apparentiae
2209 3143 2312 3183 seu
2358 3123 2720 3199 specierum:
2770 3123 3137 3199 appellamus

516 3210 676 3268 enim
709 3229 883 3286 saepe
915 3229 1009 3270 res
1043 3229 1162 3269 non
1194 3211 1519 3270 secundum
1552 3212 1974 3284 substantiam,
2022 3214 2123 3271 sed
2157 3213 2484 3272 secundum
2514 3216 2817 3271 externam
2851 3212 3134 3287 speciem;

516 3313 581 3361 (3.
616 3300 846 3357 ratione
877 3301 1321 3378 analogiae,
1364 3301 1507 3375 quia
1536 3301 1619 3360 ita
1651 3319 1713 3360 se
1745 3302 1924 3360 habet
1954 3302 2314 3361 eucharistia
2346 3301 2419 3360 ad
2452 3302 2726 3371 animam,
2759 3304 2832 3359 ut
2861 3301 3031 3376 panis
3061 3300 3135 3358 ad

515 3405 757 3462 corpus:
806 3392 899 3447 est
942 3389 1103 3449 enim
1149 3409 1353 3448 revera
1391 3390 1560 3448 cibus
1593 3392 1871 3449 coelestis
1903 3395 2082 3466 atque
2113 3391 2288 3467 plane
2319 3391 2589 3461 eximius,
2637 3390 2871 3448 dicente
2903 3389 3134 3447 Christo

514 3476 682 3537 Joan.
718 3488 773 3548 6,
812 3487 925 3541 52:
962 3481 1161 3554 Panis,
1196 3498 1362 3556 quem
1393 3498 1490 3556 eqo
1520 3480 1683 3556 dabo,
1719 3500 1859 3538 caro
1891 3500 2016 3539 mea
2049 3489 2129 3538 est
2152 3498 2269 3553 pro
2300 3481 2504 3538 mundi
2536 3482 2665 3542 vita.
2728 3479 2808 3538 Cf.
2844 3478 3134 3537 Maldo-

512 3569 746 3625 natus
779 3567 841 3625 in
874 3568 1084 3629 Matth.
1122 3577 1220 3638 26,
1260 3577 1373 3638 293
1409 3569 1753 3644 Perpetuite
1786 3569 1947 3628 dela
1977 3569 2058 3628 foi
2090 3574 2134 3628 t.
2178 3581 2200 3631 1
2242 3569 2279 3629 l.
2317 3581 2348 3633 7
2387 3588 2432 3632 c.
2471 3579 2524 3630 7.

695 3701 839 3754 343.
865 3687 991 3755 IV.
1025 3693 1345 3768 Excipiunt
1364 3694 1824 3763 sacramentarii,
1844 3693 2142 3769 apostolos
2164 3693 2529 3751 intellexisse
2562 3711 2587 3750 s
2606 3712 2639 3750 a
2655 3709 2685 3749 c
2703 3711 2733 3749 r
2748 3711 2781 3749 a
2799 3711 2852 3749 m
2871 3709 2901 3748 e
2918 3710 2958 3748 n
2974 3695 3001 3748 t
3017 3710 3057 3748 u
3076 3712 3134 3749 m

513 3799 546 3837 a
568 3780 797 3840 Christo
830 3782 1083 3841 institui.
1131 3782 1317 3858 Atqui
1342 3783 1693 3841 sacramenti
1723 3783 1876 3841 ratio
1908 3782 2144 3858 propria
2174 3784 2282 3852 est,
2317 3785 2388 3841 ut
2417 3781 2502 3840 rei
2534 3799 2729 3839 sacrae
2763 3780 2842 3838 sit
2873 3781 3135 3857 signum.

513 3867 667 3945 Ergo
688 3887 819 3927 cum
841 3870 1160 3930 audierunt
1178 3871 1389 3930 verba:
1423 3873 1526 3929 hoc
1556 3879 1637 3930 est
1669 3890 1881 3946 corpus
1905 3890 2112 3943 meum,
2144 3871 2313 3930 facile
2333 3870 2569 3946 assequi
2591 3873 2883 3946 poterant,
2918 3888 3134 3946 panem

514 3957 945 4034 significatione
977 3978 1105 4019 esse
1137 3978 1352 4036 corpus
1386 3959 1625 4020 Christi.
1658 3995 1744 4003 —
1779 3961 1890 4021 Sed
1937 3961 1987 4019 si
2031 3960 2354 4018 adversarii
2386 3960 2496 4018 hoc
2538 3959 2654 4017 sibi
2688 3960 2917 4030 volunt,
2967 3959 3131 4018 Chri-

514 4049 675 4104 stum
709 4048 875 4122 prius
906 4049 1246 4108 instituisse
1277 4068 1491 4125 panem
1523 4050 1787 4125 corporis
1821 4050 1917 4108 sui
1949 4049 2304 4126 symbolum,
2351 4052 2699 4125 supponunt
2730 4047 2890 4124 quod
2937 4051 3029 4106 est
3069 4047 3131 4105 in

514 4136 872 4209 quaestione,
916 4157 1109 4213 neque
1141 4138 1202 4195 id
1236 4138 1487 4212 probare
1518 4142 1789 4213 possunt.
1857 4139 1917 4198 Si
1962 4157 2103 4197 vero
2150 4139 2256 4198 hoc
2302 4137 2416 4196 sibi
2463 4137 2671 4208 velint,
2721 4138 3017 4213 apostolos
3063 4155 3132 4194 ex

511 4224 703 4283 verbis
735 4226 954 4284 Christi
986 4227 1295 4303 collegisse
1341 4227 1691 4286 sacramenti
1738 4227 2200 4296 institutionem,
2250 4226 2311 4284 id
2359 4227 2468 4285 hoc
2511 4244 2691 4285 sensu
2736 4226 3132 4295 concedimus,

512 4313 670 4387 quod
701 4314 955 4389 apostoli
988 4315 1389 4374 intellexerint
1418 4316 1657 4392 quidem
1702 4317 1870 4392 prius
1917 4317 2245 4393 genuinum
2293 4316 2608 4374 verborum
2641 4315 2858 4373 Christi
2892 4332 3132 4374 sensum

510 4400 763 4477 ideoque
793 4403 965 4473 illud,
1012 4405 1172 4480 quod
1204 4405 1561 4481 porrigebat,
1608 4405 1800 4481 ipsius
1834 4424 1958 4464 esse
1991 4424 2234 4482 corpus;
2281 4423 2417 4463 cum
2450 4423 2589 4463 vero
2621 4407 2930 4462 manerent
2959 4404 3132 4480 panis

510 4489 932 4565 phaenomena,
966 4494 1144 4567 atque
1177 4493 1449 4552 Christus
1473 4495 1734 4569 juberet,
1768 4499 1840 4552 ut
1871 4495 1980 4553 hoc
2012 4495 2167 4553 idem
2199 4494 2460 4552 facerent
2490 4494 2553 4551 in
2585 4494 2680 4551 sui
2714 4511 3132 4552 commemora-

509 4579 750 4649 tionem,
797 4598 896 4638 eos
940 4582 1243 4659 collegisse
1287 4583 1732 4643 institutionem
1778 4583 2042 4658 corporis
2087 4586 2149 4641 et
2194 4583 2501 4660 sanguinis
2545 4583 2932 4641 invisibiliter
2963 4601 3130 4657 prae-

509 4668 694 4727 sentis
744 4670 857 4728 sub
909 4670 1100 4746 signis
1150 4672 1492 4730 visibilibus
1545 4673 1618 4731 ad
1670 4673 2001 4731 animarum
2052 4673 2418 4740 alimentum,
2471 4672 2721 4747 ideoque
2767 4671 3131 4730 intellexisse

509 4759 855 4817 sacramenti
888 4760 1350 4819 institutionem.
