<?xml version="1.0" encoding="UTF-8"?>
<!DOCTYPE html PUBLIC "-//W3C//DTD XHTML 1.0 Transitional//EN"
    "http://www.w3.org/TR/xhtml1/DTD/xhtml1-transitional.dtd">
<html xmlns="http://www.w3.org/1999/xhtml" xml:lang="en" lang="en">
 <head>
  <title>
</title>
<meta http-equiv="Content-Type" content="text/html;charset=utf-8" />
  <meta name='ocr-system' content='tesseract 3.04.00' />
  <meta name='ocr-capabilities' content='ocr_page ocr_carea ocr_par ocr_line ocrx_word'/>
</head>
<body>
  <div class='ocr_page' id='page_1' title='image "./theologiaedogma00hurtgoog_0579.png"; bbox 0 0 3538 5364; ppageno 0'>
   <div class='ocr_carea' id='block_1_1' title="bbox 985 295 3000 376">
    <p class='ocr_par' dir='ltr' id='par_1_1' title="bbox 985 295 3000 376">
     <span class='ocr_line' id='line_1_1' title="bbox 985 295 3000 376; baseline 0.006 -27"><span class='ocrx_word' id='word_1_1' title='bbox 985 296 1183 350; x_wconf 85' lang='lat' dir='ltr'>Thesis</span> <span class='ocrx_word' id='word_1_2' title='bbox 1212 295 1491 352; x_wconf 78' lang='lat' dir='ltr'>CCLXIV.</span> <span class='ocrx_word' id='word_1_3' title='bbox 1524 297 1879 351; x_wconf 80' lang='lat' dir='ltr'>Matrimonii</span> <span class='ocrx_word' id='word_1_4' title='bbox 1907 297 2406 356; x_wconf 77' lang='lat' dir='ltr'>indissolubilitaS.</span> <span class='ocrx_word' id='word_1_5' title='bbox 2870 309 3000 376; x_wconf 74' lang='lat'>569</span> 
     </span>
    </p>
   </div>
   <div class='ocr_carea' id='block_1_2' title="bbox 382 485 3000 663">
    <p class='ocr_par' dir='ltr' id='par_1_2' title="bbox 382 485 3000 663">
     <span class='ocr_line' id='line_1_2' title="bbox 559 485 3000 568; baseline 0.005 -13"><span class='ocrx_word' id='word_1_6' title='bbox 559 490 707 555; x_wconf 84' lang='lat'>609.</span> <span class='ocrx_word' id='word_1_7' title='bbox 742 485 999 553; x_wconf 73' lang='lat' dir='ltr'>Thesls</span> <span class='ocrx_word' id='word_1_8' title='bbox 1025 486 1388 553; x_wconf 81' lang='lat' dir='ltr'>CCLXIV-</span> <span class='ocrx_word' id='word_1_9' title='bbox 1464 507 1713 561; x_wconf 77' lang='lat' dir='ltr'>Altera</span> <span class='ocrx_word' id='word_1_10' title='bbox 1765 492 2216 564; x_wconf 59' lang='lat' dir='ltr'>mnatrimonu</span> <span class='ocrx_word' id='word_1_11' title='bbox 2268 511 2644 566; x_wconf 74' lang='lat' dir='ltr'>christiani</span> <span class='ocrx_word' id='word_1_12' title='bbox 2682 527 3000 568; x_wconf 78' lang='lat' dir='ltr'>consum-</span> 
     </span>
     <span class='ocr_line' id='line_1_3' title="bbox 382 596 2799 663; baseline 0.002 -13"><span class='ocrx_word' id='word_1_13' title='bbox 382 597 562 650; x_wconf 72' lang='lat' dir='ltr'>mati</span> <span class='ocrx_word' id='word_1_14' title='bbox 596 597 997 661; x_wconf 71' lang='lat' dir='ltr'><strong><em>proprietas</em></strong></span> <span class='ocrx_word' id='word_1_15' title='bbox 1032 600 1133 649; x_wconf 78' lang='lat' dir='ltr'>est</span> <span class='ocrx_word' id='word_1_16' title='bbox 1169 596 1477 663; x_wconf 64' lang='lat' dir='ltr'>eiusdem</span> <span class='ocrx_word' id='word_1_17' title='bbox 1516 598 2123 653; x_wconf 60' lang='lat' dir='ltr'>indissolubilium.</span> <span class='ocrx_word' id='word_1_18' title='bbox 2794 626 2799 631; x_wconf 95' lang='lat'><strong>·</strong></span> 
     </span>
    </p>
   </div>
   <div class='ocr_carea' id='block_1_3' title="bbox 384 697 3006 1638">
    <p class='ocr_par' dir='ltr' id='par_1_3' title="bbox 384 697 3000 1102">
     <span class='ocr_line' id='line_1_4' title="bbox 559 697 3000 769; baseline 0.001 -2"><span class='ocrx_word' id='word_1_19' title='bbox 559 698 1128 768; x_wconf 70' lang='lat' dir='ltr'>Demonstratm.</span> <span class='ocrx_word' id='word_1_20' title='bbox 1190 697 1282 761; x_wconf 92' lang='lat' dir='ltr'>De</span> <span class='ocrx_word' id='word_1_21' title='bbox 1343 697 1901 764; x_wconf 87' lang='lat' dir='ltr'>indissolubilitate</span> <span class='ocrx_word' id='word_1_22' title='bbox 1965 701 2355 765; x_wconf 84' lang='lat' dir='ltr'>matrimonii</span> <span class='ocrx_word' id='word_1_23' title='bbox 2414 703 2578 767; x_wconf 91' lang='lat' dir='ltr'>haec</span> <span class='ocrx_word' id='word_1_24' title='bbox 2630 710 3000 769; x_wconf 88' lang='lat' dir='ltr'>teneantur:</span> 
     </span>
     <span class='ocr_line' id='line_1_5' title="bbox 386 805 2998 893; baseline 0.002 -24"><span class='ocrx_word' id='word_1_25' title='bbox 386 807 442 876; x_wconf 89' lang='grc' dir='ltr'>Ι.</span> <span class='ocrx_word' id='word_1_26' title='bbox 490 805 969 871; x_wconf 75' lang='lat' dir='ltr'>Matrimonium</span> <span class='ocrx_word' id='word_1_27' title='bbox 1015 817 1508 869; x_wconf 80' lang='lat' dir='ltr'>consummatum</span> <span class='ocrx_word' id='word_1_28' title='bbox 1551 807 1621 868; x_wconf 84' lang='lat' dir='ltr'>in</span> <span class='ocrx_word' id='word_1_29' title='bbox 1665 805 1792 890; x_wconf 74' lang='lat' dir='ltr'>leqe</span> <span class='ocrx_word' id='word_1_30' title='bbox 1839 809 2192 891; x_wconf 64' lang='lat' dir='ltr'>evanqel‘ica</span> <span class='ocrx_word' id='word_1_31' title='bbox 2214 812 2414 893; x_wconf 78' lang='lat' dir='ltr'>plane</span> <span class='ocrx_word' id='word_1_32' title='bbox 2439 819 2530 889; x_wconf 69' lang='lat' dir='ltr'>est</span> <span class='ocrx_word' id='word_1_33' title='bbox 2565 811 2998 876; x_wconf 65' lang='lat' dir='ltr'>indissolubile.</span> 
     </span>
     <span class='ocr_line' id='line_1_6' title="bbox 384 910 2997 1014; baseline 0.002 -37"><span class='ocrx_word' id='word_1_34' title='bbox 384 911 768 1014; x_wconf 62' lang='lat' dir='ltr'>Sep-enimus</span> <span class='ocrx_word' id='word_1_35' title='bbox 798 912 1049 978; x_wconf 82' lang='lat' dir='ltr'>interim</span> <span class='ocrx_word' id='word_1_36' title='bbox 1081 928 1303 975; x_wconf 88' lang='lat' dir='ltr'>casum</span> <span class='ocrx_word' id='word_1_37' title='bbox 1338 910 1630 976; x_wconf 90' lang='lat' dir='ltr'>adulterii</span> <span class='ocrx_word' id='word_1_38' title='bbox 1664 920 1729 977; x_wconf 93' lang='lat' dir='ltr'>et</span> <span class='ocrx_word' id='word_1_39' title='bbox 1759 912 1973 989; x_wconf 88' lang='lat' dir='ltr'>alium,</span> <span class='ocrx_word' id='word_1_40' title='bbox 2006 932 2154 978; x_wconf 88' lang='lat' dir='ltr'>cum</span> <span class='ocrx_word' id='word_1_41' title='bbox 2173 934 2339 979; x_wconf 87' lang='lat' dir='ltr'>unus</span> <span class='ocrx_word' id='word_1_42' title='bbox 2359 916 2701 997; x_wconf 81' lang='lat' dir='ltr'>conjugum</span> <span class='ocrx_word' id='word_1_43' title='bbox 2722 934 2997 983; x_wconf 89' lang='lat' dir='ltr'>conver-</span> 
     </span>
     <span class='ocr_line' id='line_1_7' title="bbox 384 1004 2500 1102; baseline 0.001 -18"><span class='ocrx_word' id='word_1_44' title='bbox 384 1022 536 1084; x_wconf 85' lang='lat' dir='ltr'>titur</span> <span class='ocrx_word' id='word_1_45' title='bbox 565 1021 648 1083; x_wconf 89' lang='lat' dir='ltr'>ad</span> <span class='ocrx_word' id='word_1_46' title='bbox 679 1004 888 1095; x_wconf 72' lang='lat' dir='ltr'>iidem,</span> <span class='ocrx_word' id='word_1_47' title='bbox 923 1006 1126 1083; x_wconf 79' lang='lat' dir='ltr'>altero</span> <span class='ocrx_word' id='word_1_48' title='bbox 1160 1019 1421 1084; x_wconf 89' lang='lat' dir='ltr'>nolente</span> <span class='ocrx_word' id='word_1_49' title='bbox 1452 1019 1717 1100; x_wconf 88' lang='lat' dir='ltr'>pacifice</span> <span class='ocrx_word' id='word_1_50' title='bbox 1750 1038 1898 1084; x_wconf 92' lang='lat' dir='ltr'>cum</span> <span class='ocrx_word' id='word_1_51' title='bbox 1930 1019 2072 1102; x_wconf 90' lang='lat' dir='ltr'>ipso</span> <span class='ocrx_word' id='word_1_52' title='bbox 2105 1022 2500 1087; x_wconf 82' lang='lat' dir='ltr'>cohabitare.</span> 
     </span>
    </p>

    <p class='ocr_par' dir='ltr' id='par_1_4' title="bbox 384 1124 3006 1638">
     <span class='ocr_line' id='line_1_8' title="bbox 595 1124 3000 1213; baseline -0.001 -18"><span class='ocrx_word' id='word_1_53' title='bbox 595 1130 658 1195; x_wconf 85' lang='lat' dir='ltr'>l.</span> <span class='ocrx_word' id='word_1_54' title='bbox 707 1127 907 1191; x_wconf 80' lang='lat' dir='ltr'>Docet</span> <span class='ocrx_word' id='word_1_55' title='bbox 950 1127 1077 1190; x_wconf 84' lang='lat' dir='ltr'>hoc</span> <span class='ocrx_word' id='word_1_56' title='bbox 1109 1124 1401 1191; x_wconf 82' lang='lat' dir='ltr'>Christus</span> <span class='ocrx_word' id='word_1_57' title='bbox 1435 1126 1671 1191; x_wconf 86' lang='lat' dir='ltr'>diserte</span> <span class='ocrx_word' id='word_1_58' title='bbox 1704 1133 2027 1194; x_wconf 84' lang='lat' dir='ltr'>statuens:</span> <span class='ocrx_word' id='word_1_59' title='bbox 2075 1128 2295 1192; x_wconf 82' lang='lat' dir='ltr'>Omnis</span> <span class='ocrx_word' id='word_1_60' title='bbox 2325 1132 2432 1213; x_wconf 78' lang='lat' dir='ltr'>qui</span> <span class='ocrx_word' id='word_1_61' title='bbox 2463 1131 2717 1193; x_wconf 74' lang='lat' dir='ltr'>dimittit</span> <span class='ocrx_word' id='word_1_62' title='bbox 2748 1153 3000 1195; x_wconf 76' lang='lat' dir='ltr'>uxorem</span> 
     </span>
     <span class='ocr_line' id='line_1_9' title="bbox 384 1233 3006 1318; baseline 0.001 -21"><span class='ocrx_word' id='word_1_63' title='bbox 384 1254 565 1297; x_wconf 82' lang='lat' dir='ltr'>suam</span> <span class='ocrx_word' id='word_1_64' title='bbox 597 1241 654 1297; x_wconf 86' lang='lat' dir='ltr'>et</span> <span class='ocrx_word' id='word_1_65' title='bbox 687 1234 953 1297; x_wconf 86' lang='lat' dir='ltr'>alteram</span> <span class='ocrx_word' id='word_1_66' title='bbox 984 1233 1178 1306; x_wconf 81' lang='lat' dir='ltr'>ducit,</span> <span class='ocrx_word' id='word_1_67' title='bbox 1210 1234 1570 1297; x_wconf 78' lang='lat' dir='ltr'>moechatur</span> <span class='ocrx_word' id='word_1_68' title='bbox 1584 1260 1613 1310; x_wconf 79' lang='lat'>,·</span> <span class='ocrx_word' id='word_1_69' title='bbox 1643 1241 1699 1297; x_wconf 84' lang='lat' dir='ltr'>et</span> <span class='ocrx_word' id='word_1_70' title='bbox 1730 1236 1839 1318; x_wconf 82' lang='lat' dir='ltr'>qui</span> <span class='ocrx_word' id='word_1_71' title='bbox 1870 1235 2190 1299; x_wconf 76' lang='lat' dir='ltr'>dimissam</span> <span class='ocrx_word' id='word_1_72' title='bbox 2213 1258 2255 1300; x_wconf 86' lang='lat' dir='ltr'>a</span> <span class='ocrx_word' id='word_1_73' title='bbox 2275 1238 2407 1298; x_wconf 72' lang='lat' dir='ltr'>viro</span> <span class='ocrx_word' id='word_1_74' title='bbox 2426 1238 2618 1315; x_wconf 85' lang='lat' dir='ltr'>ducit,</span> <span class='ocrx_word' id='word_1_75' title='bbox 2653 1241 3006 1303; x_wconf 73' lang='lat' dir='ltr'>moechatur</span> 
     </span>
     <span class='ocr_line' id='line_1_10' title="bbox 388 1339 3002 1422; baseline 0.002 -18"><span class='ocrx_word' id='word_1_76' title='bbox 388 1341 532 1404; x_wconf 88' lang='lat' dir='ltr'>Luc.</span> <span class='ocrx_word' id='word_1_77' title='bbox 571 1347 670 1417; x_wconf 86' lang='lat'>16,</span> <span class='ocrx_word' id='word_1_78' title='bbox 708 1345 789 1409; x_wconf 84' lang='lat'>18</span> <span class='ocrx_word' id='word_1_79' title='bbox 823 1340 940 1404; x_wconf 92' lang='lat' dir='ltr'>col.</span> <span class='ocrx_word' id='word_1_80' title='bbox 973 1339 1164 1403; x_wconf 86' lang='lat' dir='ltr'>Marc.</span> <span class='ocrx_word' id='word_1_81' title='bbox 1207 1346 1306 1415; x_wconf 84' lang='lat'>10,</span> <span class='ocrx_word' id='word_1_82' title='bbox 1345 1346 1457 1416; x_wconf 78' lang='lat'>113</span> <span class='ocrx_word' id='word_1_83' title='bbox 1514 1340 1683 1404; x_wconf 90' lang='lat' dir='ltr'>unde</span> <span class='ocrx_word' id='word_1_84' title='bbox 1715 1342 2001 1422; x_wconf 89' lang='lat' dir='ltr'>sequitur</span> <span class='ocrx_word' id='word_1_85' title='bbox 2033 1341 2224 1406; x_wconf 87' lang='lat' dir='ltr'>toties</span> <span class='ocrx_word' id='word_1_86' title='bbox 2256 1344 2570 1407; x_wconf 84' lang='lat' dir='ltr'>committi</span> <span class='ocrx_word' id='word_1_87' title='bbox 2603 1344 3002 1422; x_wconf 78' lang='lat' dir='ltr'>adulterium,</span> 
     </span>
     <span class='ocr_line' id='line_1_11' title="bbox 393 1446 3005 1530; baseline 0.002 -19"><span class='ocrx_word' id='word_1_88' title='bbox 393 1448 643 1530; x_wconf 89' lang='lat' dir='ltr'>quoties</span> <span class='ocrx_word' id='word_1_89' title='bbox 690 1446 954 1510; x_wconf 88' lang='lat' dir='ltr'>dimissa</span> <span class='ocrx_word' id='word_1_90' title='bbox 984 1464 1186 1512; x_wconf 82' lang='lat' dir='ltr'>uxore</span> <span class='ocrx_word' id='word_1_91' title='bbox 1219 1447 1349 1510; x_wconf 88' lang='lat' dir='ltr'>alia</span> <span class='ocrx_word' id='word_1_92' title='bbox 1379 1447 1649 1512; x_wconf 85' lang='lat' dir='ltr'>ducitur.</span> <span class='ocrx_word' id='word_1_93' title='bbox 1712 1447 1902 1510; x_wconf 92' lang='lat' dir='ltr'>Nulla</span> <span class='ocrx_word' id='word_1_94' title='bbox 1934 1466 2086 1528; x_wconf 88' lang='lat' dir='ltr'>ergo</span> <span class='ocrx_word' id='word_1_95' title='bbox 2120 1450 2336 1512; x_wconf 80' lang='lat' dir='ltr'>uxoris</span> <span class='ocrx_word' id='word_1_96' title='bbox 2370 1450 2738 1516; x_wconf 83' lang='lat' dir='ltr'>dimissione</span> <span class='ocrx_word' id='word_1_97' title='bbox 2769 1453 2869 1516; x_wconf 91' lang='lat' dir='ltr'>vel</span> <span class='ocrx_word' id='word_1_98' title='bbox 2901 1471 3005 1517; x_wconf 90' lang='lat' dir='ltr'>se-</span> 
     </span>
     <span class='ocr_line' id='line_1_12' title="bbox 384 1555 1926 1638; baseline -0.001 -19"><span class='ocrx_word' id='word_1_99' title='bbox 384 1556 722 1638; x_wconf 84' lang='lat' dir='ltr'>paratione</span> <span class='ocrx_word' id='word_1_100' title='bbox 754 1555 837 1619; x_wconf 89' lang='lat' dir='ltr'>ab</span> <span class='ocrx_word' id='word_1_101' title='bbox 870 1555 1098 1620; x_wconf 88' lang='lat' dir='ltr'>eadem</span> <span class='ocrx_word' id='word_1_102' title='bbox 1132 1556 1610 1619; x_wconf 87' lang='lat' dir='ltr'>matrimonium</span> <span class='ocrx_word' id='word_1_103' title='bbox 1644 1555 1926 1619; x_wconf 84' lang='lat' dir='ltr'>solvitur.</span> 
     </span>
    </p>
   </div>
   <div class='ocr_carea' id='block_1_4' title="bbox 383 1661 3011 2691">
    <p class='ocr_par' dir='ltr' id='par_1_5' title="bbox 383 1661 3011 2691">
     <span class='ocr_line' id='line_1_13' title="bbox 561 1661 3005 1744; baseline 0.001 -16"><span class='ocrx_word' id='word_1_104' title='bbox 561 1664 624 1733; x_wconf 76' lang='lat'>2.</span> <span class='ocrx_word' id='word_1_105' title='bbox 656 1662 829 1726; x_wconf 88' lang='lat' dir='ltr'>Idem</span> <span class='ocrx_word' id='word_1_106' title='bbox 861 1662 1142 1726; x_wconf 87' lang='lat' dir='ltr'>inculcat</span> <span class='ocrx_word' id='word_1_107' title='bbox 1175 1682 1224 1726; x_wconf 90' lang='lat' dir='ltr'>s.</span> <span class='ocrx_word' id='word_1_108' title='bbox 1250 1661 1505 1739; x_wconf 80' lang='lat' dir='ltr'>PauluS,</span> <span class='ocrx_word' id='word_1_109' title='bbox 1540 1661 1896 1727; x_wconf 88' lang='lat' dir='ltr'>secundum</span> <span class='ocrx_word' id='word_1_110' title='bbox 1929 1680 2119 1744; x_wconf 90' lang='lat' dir='ltr'>quern</span> <span class='ocrx_word' id='word_1_111' title='bbox 2139 1663 2620 1727; x_wconf 89' lang='lat' dir='ltr'>matrimonium</span> <span class='ocrx_word' id='word_1_112' title='bbox 2639 1663 2781 1728; x_wconf 91' lang='lat' dir='ltr'>sola</span> <span class='ocrx_word' id='word_1_113' title='bbox 2801 1672 3005 1730; x_wconf 86' lang='lat' dir='ltr'>morte</span> 
     </span>
     <span class='ocr_line' id='line_1_14' title="bbox 384 1769 3004 1854; baseline -0 -20"><span class='ocrx_word' id='word_1_114' title='bbox 384 1770 680 1834; x_wconf 85' lang='lat' dir='ltr'>solvitur:</span> <span class='ocrx_word' id='word_1_115' title='bbox 731 1769 907 1847; x_wconf 78' lang='lat' dir='ltr'>Quae</span> <span class='ocrx_word' id='word_1_116' title='bbox 932 1772 1044 1834; x_wconf 82' lang='lat' dir='ltr'>sub</span> <span class='ocrx_word' id='word_1_117' title='bbox 1075 1773 1207 1833; x_wconf 83' lang='lat' dir='ltr'>viro</span> <span class='ocrx_word' id='word_1_118' title='bbox 1239 1778 1327 1833; x_wconf 84' lang='lat' dir='ltr'>est</span> <span class='ocrx_word' id='word_1_119' title='bbox 1358 1771 1605 1852; x_wconf 81' lang='lat' dir='ltr'>mulier,</span> <span class='ocrx_word' id='word_1_120' title='bbox 1636 1773 1872 1834; x_wconf 70' lang='lat' dir='ltr'>virente</span> <span class='ocrx_word' id='word_1_121' title='bbox 1903 1773 2056 1854; x_wconf 80' lang='lat' dir='ltr'>vire,</span> <span class='ocrx_word' id='word_1_122' title='bbox 2090 1770 2354 1853; x_wconf 73' lang='lat' dir='ltr'>alliyata</span> <span class='ocrx_word' id='word_1_123' title='bbox 2386 1779 2473 1834; x_wconf 84' lang='lat' dir='ltr'>est</span> <span class='ocrx_word' id='word_1_124' title='bbox 2504 1772 2618 1851; x_wconf 70' lang='lat' dir='ltr'>leyi</span> <span class='ocrx_word' id='word_1_125' title='bbox 2636 1794 2660 1846; x_wconf 89' lang='lat'>,·</span> <span class='ocrx_word' id='word_1_126' title='bbox 2708 1773 2763 1834; x_wconf 84' lang='lat' dir='ltr'>si</span> <span class='ocrx_word' id='word_1_127' title='bbox 2797 1780 3004 1836; x_wconf 82' lang='lat' dir='ltr'>autem</span> 
     </span>
     <span class='ocr_line' id='line_1_15' title="bbox 386 1866 3009 1960; baseline 0.001 -22"><span class='ocrx_word' id='word_1_128' title='bbox 386 1866 669 1941; x_wconf 66' lang='lat' dir='ltr'>mor-tuus</span> <span class='ocrx_word' id='word_1_129' title='bbox 696 1876 896 1959; x_wconf 82' lang='lat' dir='ltr'>fuerit</span> <span class='ocrx_word' id='word_1_130' title='bbox 926 1879 1024 1939; x_wconf 81' lang='lat' dir='ltr'>vir</span> <span class='ocrx_word' id='word_1_131' title='bbox 1055 1879 1208 1959; x_wconf 57' lang='grc' dir='ltr'><strong><em>εἰπε,</em></strong></span> <span class='ocrx_word' id='word_1_132' title='bbox 1241 1876 1446 1940; x_wconf 79' lang='lat' dir='ltr'>soluta</span> <span class='ocrx_word' id='word_1_133' title='bbox 1480 1884 1568 1940; x_wconf 83' lang='lat' dir='ltr'>est</span> <span class='ocrx_word' id='word_1_134' title='bbox 1601 1899 1642 1941; x_wconf 88' lang='grc' dir='ltr'><em>α</em></span> <span class='ocrx_word' id='word_1_135' title='bbox 1674 1878 1802 1960; x_wconf 69' lang='lat' dir='ltr'>leye</span> <span class='ocrx_word' id='word_1_136' title='bbox 1831 1879 1970 1943; x_wconf 76' lang='lat' dir='ltr'>viri.</span> <span class='ocrx_word' id='word_1_137' title='bbox 2019 1877 2229 1959; x_wconf 73' lang='lat' dir='ltr'>lqitur</span> <span class='ocrx_word' id='word_1_138' title='bbox 2260 1878 2495 1939; x_wconf 77' lang='lat' dir='ltr'>vivente</span> <span class='ocrx_word' id='word_1_139' title='bbox 2525 1878 2659 1940; x_wconf 83' lang='lat' dir='ltr'>viro</span> <span class='ocrx_word' id='word_1_140' title='bbox 2691 1878 3009 1941; x_wconf 83' lang='lat' dir='ltr'>vocabitur</span> 
     </span>
     <span class='ocr_line' id='line_1_16' title="bbox 384 1983 3006 2069; baseline 0.001 -22"><span class='ocrx_word' id='word_1_141' title='bbox 384 1984 696 2069; x_wconf 79' lang='lat' dir='ltr'>adultera,</span> <span class='ocrx_word' id='word_1_142' title='bbox 728 1986 783 2047; x_wconf 77' lang='lat' dir='ltr'>si</span> <span class='ocrx_word' id='word_1_143' title='bbox 812 1985 1006 2068; x_wconf 81' lang='lat' dir='ltr'>fuerit</span> <span class='ocrx_word' id='word_1_144' title='bbox 1042 2004 1181 2046; x_wconf 85' lang='lat' dir='ltr'>cum</span> <span class='ocrx_word' id='word_1_145' title='bbox 1215 1986 1342 2047; x_wconf 85' lang='lat' dir='ltr'>alio</span> <span class='ocrx_word' id='word_1_146' title='bbox 1373 1986 1509 2047; x_wconf 77' lang='lat' dir='ltr'>viro</span> <span class='ocrx_word' id='word_1_147' title='bbox 1529 2008 1550 2050; x_wconf 92' lang='lat'>.·</span> <span class='ocrx_word' id='word_1_148' title='bbox 1582 1986 1637 2046; x_wconf 82' lang='lat' dir='ltr'>si</span> <span class='ocrx_word' id='word_1_149' title='bbox 1670 1990 1879 2047; x_wconf 85' lang='lat' dir='ltr'>autem</span> <span class='ocrx_word' id='word_1_150' title='bbox 1910 1992 2192 2046; x_wconf 77' lang='lat' dir='ltr'>mortuus</span> <span class='ocrx_word' id='word_1_151' title='bbox 2222 1983 2420 2064; x_wconf 80' lang='lat' dir='ltr'>fuerit</span> <span class='ocrx_word' id='word_1_152' title='bbox 2453 1984 2548 2045; x_wconf 72' lang='lat' dir='ltr'>vir</span> <span class='ocrx_word' id='word_1_153' title='bbox 2568 1985 2722 2068; x_wconf 80' lang='lat' dir='ltr'>ejus,</span> <span class='ocrx_word' id='word_1_154' title='bbox 2741 1984 3006 2049; x_wconf 82' lang='lat' dir='ltr'>liberata</span> 
     </span>
     <span class='ocr_line' id='line_1_17' title="bbox 386 2089 3005 2173; baseline 0 -20"><span class='ocrx_word' id='word_1_155' title='bbox 386 2097 471 2153; x_wconf 82' lang='lat' dir='ltr'>est</span> <span class='ocrx_word' id='word_1_156' title='bbox 521 2113 562 2154; x_wconf 85' lang='lat' dir='ltr'>a</span> <span class='ocrx_word' id='word_1_157' title='bbox 607 2089 733 2173; x_wconf 74' lang='lat' dir='ltr'>leqe</span> <span class='ocrx_word' id='word_1_158' title='bbox 776 2092 917 2172; x_wconf 79' lang='lat' dir='ltr'>viri,</span> <span class='ocrx_word' id='word_1_159' title='bbox 964 2101 1033 2153; x_wconf 82' lang='lat' dir='ltr'>ut</span> <span class='ocrx_word' id='word_1_160' title='bbox 1076 2110 1198 2154; x_wconf 82' lang='lat' dir='ltr'>non</span> <span class='ocrx_word' id='word_1_161' title='bbox 1245 2092 1323 2152; x_wconf 83' lang='lat' dir='ltr'>sit</span> <span class='ocrx_word' id='word_1_162' title='bbox 1372 2090 1686 2161; x_wconf 84' lang='lat' dir='ltr'>adultera,</span> <span class='ocrx_word' id='word_1_163' title='bbox 1732 2092 1788 2153; x_wconf 82' lang='lat' dir='ltr'>si</span> <span class='ocrx_word' id='word_1_164' title='bbox 1817 2091 2014 2171; x_wconf 81' lang='lat' dir='ltr'>fuerit</span> <span class='ocrx_word' id='word_1_165' title='bbox 2044 2109 2184 2152; x_wconf 82' lang='lat' dir='ltr'>cum</span> <span class='ocrx_word' id='word_1_166' title='bbox 2214 2089 2343 2153; x_wconf 77' lang='lat' dir='ltr'>ulio</span> <span class='ocrx_word' id='word_1_167' title='bbox 2373 2091 2508 2152; x_wconf 85' lang='lat' dir='ltr'>viro</span> <span class='ocrx_word' id='word_1_168' title='bbox 2539 2089 2725 2155; x_wconf 87' lang='lat' dir='ltr'>Rom.</span> <span class='ocrx_word' id='word_1_169' title='bbox 2762 2097 2817 2167; x_wconf 75' lang='grc' dir='ltr'>ἶ,</span> <span class='ocrx_word' id='word_1_170' title='bbox 2851 2098 2892 2159; x_wconf 81' lang='grc'><strong><em>2</em></strong></span> <span class='ocrx_word' id='word_1_171' title='bbox 2923 2111 3005 2165; x_wconf 84' lang='lat' dir='ltr'>S.;</span> 
     </span>
     <span class='ocr_line' id='line_1_18' title="bbox 392 2195 3005 2279; baseline -0 -16"><span class='ocrx_word' id='word_1_172' title='bbox 392 2202 445 2263; x_wconf 91' lang='lat'>1.</span> <span class='ocrx_word' id='word_1_173' title='bbox 467 2195 609 2261; x_wconf 91' lang='lat' dir='ltr'>Cor.</span> <span class='ocrx_word' id='word_1_174' title='bbox 636 2201 690 2275; x_wconf 86' lang='lat'>7,</span> <span class='ocrx_word' id='word_1_175' title='bbox 729 2203 843 2273; x_wconf 82' lang='lat'>103</span> <span class='ocrx_word' id='word_1_176' title='bbox 876 2198 1217 2279; x_wconf 89' lang='lat' dir='ltr'>ipsumque</span> <span class='ocrx_word' id='word_1_177' title='bbox 1251 2196 1487 2261; x_wconf 86' lang='lat' dir='ltr'>referre</span> <span class='ocrx_word' id='word_1_178' title='bbox 1521 2196 1713 2262; x_wconf 90' lang='lat' dir='ltr'>debet</span> <span class='ocrx_word' id='word_1_179' title='bbox 1745 2197 2089 2276; x_wconf 84' lang='lat' dir='ltr'>imaginem</span> <span class='ocrx_word' id='word_1_180' title='bbox 2122 2196 2587 2277; x_wconf 89' lang='lat' dir='ltr'>conjunctionis</span> <span class='ocrx_word' id='word_1_181' title='bbox 2608 2196 2841 2261; x_wconf 90' lang='lat' dir='ltr'>Christi</span> <span class='ocrx_word' id='word_1_182' title='bbox 2860 2215 3005 2261; x_wconf 89' lang='lat' dir='ltr'>cum</span> 
     </span>
     <span class='ocr_line' id='line_1_19' title="bbox 383 2302 3006 2391; baseline 0 -25"><span class='ocrx_word' id='word_1_183' title='bbox 383 2303 667 2367; x_wconf 85' lang='lat' dir='ltr'>Ecclesia</span> <span class='ocrx_word' id='word_1_184' title='bbox 699 2304 785 2390; x_wconf 91' lang='lat' dir='ltr'>(n.</span> <span class='ocrx_word' id='word_1_185' title='bbox 819 2305 994 2391; x_wconf 75' lang='lat'>592),</span> <span class='ocrx_word' id='word_1_186' title='bbox 1043 2322 1211 2385; x_wconf 88' lang='lat' dir='ltr'>quae</span> <span class='ocrx_word' id='word_1_187' title='bbox 1246 2311 1345 2368; x_wconf 88' lang='lat' dir='ltr'>est</span> <span class='ocrx_word' id='word_1_188' title='bbox 1376 2303 1846 2367; x_wconf 86' lang='lat' dir='ltr'>indissolubilis.</span> <span class='ocrx_word' id='word_1_189' title='bbox 1911 2303 2124 2382; x_wconf 84' lang='lat' dir='ltr'>Quare</span> <span class='ocrx_word' id='word_1_190' title='bbox 2155 2302 2261 2367; x_wconf 87' lang='lat' dir='ltr'>Eu</span> <span class='ocrx_word' id='word_1_191' title='bbox 2279 2304 2569 2384; x_wconf 88' lang='lat' dir='ltr'>genius</span> <span class='ocrx_word' id='word_1_192' title='bbox 2601 2304 2700 2368; x_wconf 90' lang='lat' dir='ltr'>IV.</span> <span class='ocrx_word' id='word_1_193' title='bbox 2733 2305 2797 2368; x_wconf 91' lang='lat' dir='ltr'>in</span> <span class='ocrx_word' id='word_1_194' title='bbox 2828 2306 3006 2370; x_wconf 87' lang='lat' dir='ltr'>instr.</span> 
     </span>
     <span class='ocr_line' id='line_1_20' title="bbox 387 2410 3008 2492; baseline -0 -18"><span class='ocrx_word' id='word_1_195' title='bbox 387 2429 504 2492; x_wconf 88' lang='lat' dir='ltr'>pro</span> <span class='ocrx_word' id='word_1_196' title='bbox 537 2411 819 2475; x_wconf 89' lang='lat' dir='ltr'>armenis</span> <span class='ocrx_word' id='word_1_197' title='bbox 851 2411 1244 2476; x_wconf 87' lang='lat' dir='ltr'>matrimonii</span> <span class='ocrx_word' id='word_1_198' title='bbox 1274 2410 1450 2474; x_wconf 88' lang='lat' dir='ltr'>bona</span> <span class='ocrx_word' id='word_1_199' title='bbox 1480 2428 1826 2474; x_wconf 85' lang='lat' dir='ltr'>recensens</span> <span class='ocrx_word' id='word_1_200' title='bbox 1858 2410 2114 2473; x_wconf 84' lang='lat' dir='ltr'>statuit:</span> <span class='ocrx_word' id='word_1_201' title='bbox 2174 2410 2493 2483; x_wconf 72' lang='lat' dir='ltr'>„Tertium</span> <span class='ocrx_word' id='word_1_202' title='bbox 2527 2417 2625 2476; x_wconf 87' lang='lat' dir='ltr'>est</span> <span class='ocrx_word' id='word_1_203' title='bbox 2655 2410 3008 2475; x_wconf 88' lang='lat' dir='ltr'>indivisibi-</span> 
     </span>
     <span class='ocr_line' id='line_1_21' title="bbox 388 2516 3011 2599; baseline 0 -20"><span class='ocrx_word' id='word_1_204' title='bbox 388 2517 533 2582; x_wconf 87' lang='lat' dir='ltr'>litas</span> <span class='ocrx_word' id='word_1_205' title='bbox 564 2518 953 2583; x_wconf 86' lang='lat' dir='ltr'>matrimonii</span> <span class='ocrx_word' id='word_1_206' title='bbox 986 2524 1253 2599; x_wconf 90' lang='lat' dir='ltr'>propter</span> <span class='ocrx_word' id='word_1_207' title='bbox 1285 2517 1428 2594; x_wconf 86' lang='lat' dir='ltr'>hoc,</span> <span class='ocrx_word' id='word_1_208' title='bbox 1463 2517 1636 2599; x_wconf 89' lang='lat' dir='ltr'>quod</span> <span class='ocrx_word' id='word_1_209' title='bbox 1670 2516 1985 2598; x_wconf 84' lang='lat' dir='ltr'>significat</span> <span class='ocrx_word' id='word_1_210' title='bbox 2015 2516 2462 2582; x_wconf 87' lang='lat' dir='ltr'>indivisibilem</span> <span class='ocrx_word' id='word_1_211' title='bbox 2492 2517 3011 2599; x_wconf 88' lang='lat' dir='ltr'>conjunctionem</span> 
     </span>
     <span class='ocr_line' id='line_1_22' title="bbox 388 2622 1166 2691; baseline 0 -3"><span class='ocrx_word' id='word_1_212' title='bbox 388 2622 619 2690; x_wconf 87' lang='lat' dir='ltr'>Christi</span> <span class='ocrx_word' id='word_1_213' title='bbox 651 2644 798 2690; x_wconf 89' lang='lat' dir='ltr'>cum</span> <span class='ocrx_word' id='word_1_214' title='bbox 830 2625 1166 2691; x_wconf 71' lang='lat' dir='ltr'>Ecclesia«</span> 
     </span>
    </p>
   </div>
   <div class='ocr_carea' id='block_1_5' title="bbox 389 2765 3016 4186">
    <p class='ocr_par' dir='ltr' id='par_1_6' title="bbox 389 2765 3016 4186">
     <span class='ocr_line' id='line_1_23' title="bbox 566 2765 3010 2848; baseline -0.002 -13"><span class='ocrx_word' id='word_1_215' title='bbox 566 2769 631 2835; x_wconf 80' lang='lat'>3.</span> <span class='ocrx_word' id='word_1_216' title='bbox 667 2765 1236 2833; x_wconf 83' lang='lat' dir='ltr'>Acceditluculenta</span> <span class='ocrx_word' id='word_1_217' title='bbox 1267 2773 1510 2832; x_wconf 87' lang='lat' dir='ltr'>traditio</span> <span class='ocrx_word' id='word_1_218' title='bbox 1542 2773 1984 2832; x_wconf 88' lang='lat' dir='ltr'>theoretica</span> <span class='ocrx_word' id='word_1_219' title='bbox 2015 2778 2077 2832; x_wconf 93' lang='lat' dir='ltr'>et</span> <span class='ocrx_word' id='word_1_220' title='bbox 2109 2773 2474 2848; x_wconf 87' lang='lat' dir='ltr'>practica.</span> <span class='ocrx_word' id='word_1_221' title='bbox 2508 2773 2750 2831; x_wconf 80' lang='lat' dir='ltr'>Petrum</span> <span class='ocrx_word' id='word_1_222' title='bbox 2774 2774 3010 2832; x_wconf 88' lang='lat' dir='ltr'>nomine</span> 
     </span>
     <span class='ocr_line' id='line_1_24' title="bbox 389 2862 3010 2939; baseline 0 -19"><span class='ocrx_word' id='word_1_223' title='bbox 389 2862 668 2921; x_wconf 81' lang='lat' dir='ltr'>audiatur</span> <span class='ocrx_word' id='word_1_224' title='bbox 698 2864 913 2939; x_wconf 88' lang='lat' dir='ltr'>Augu</span> <span class='ocrx_word' id='word_1_225' title='bbox 934 2864 1197 2922; x_wconf 87' lang='lat' dir='ltr'>stinus</span> <span class='ocrx_word' id='word_1_226' title='bbox 1229 2862 1302 2922; x_wconf 93' lang='lat' dir='ltr'>de</span> <span class='ocrx_word' id='word_1_227' title='bbox 1334 2866 1503 2939; x_wconf 85' lang='lat' dir='ltr'>nupt.</span> <span class='ocrx_word' id='word_1_228' title='bbox 1539 2867 1600 2922; x_wconf 86' lang='lat' dir='ltr'>et</span> <span class='ocrx_word' id='word_1_229' title='bbox 1630 2881 1871 2939; x_wconf 88' lang='lat' dir='ltr'>concup.</span> <span class='ocrx_word' id='word_1_230' title='bbox 1907 2864 1943 2921; x_wconf 92' lang='lat' dir='ltr'>l.</span> <span class='ocrx_word' id='word_1_231' title='bbox 1988 2875 2009 2926; x_wconf 93' lang='lat' dir='ltr'>l</span> <span class='ocrx_word' id='word_1_232' title='bbox 2051 2881 2096 2922; x_wconf 90' lang='lat' dir='ltr'>c.</span> <span class='ocrx_word' id='word_1_233' title='bbox 2139 2873 2247 2925; x_wconf 90' lang='lat'>10:</span> <span class='ocrx_word' id='word_1_234' title='bbox 2299 2862 2538 2937; x_wconf 87' lang='lat' dir='ltr'>,Hujus</span> <span class='ocrx_word' id='word_1_235' title='bbox 2584 2863 2795 2937; x_wconf 90' lang='lat' dir='ltr'>procul</span> <span class='ocrx_word' id='word_1_236' title='bbox 2826 2863 3010 2921; x_wconf 88' lang='lat' dir='ltr'>dubio</span> 
     </span>
     <span class='ocr_line' id='line_1_25' title="bbox 390 2947 3010 3032; baseline 0 -23"><span class='ocrx_word' id='word_1_237' title='bbox 390 2951 741 3010; x_wconf 81' lang='lat' dir='ltr'>sacramenti</span> <span class='ocrx_word' id='word_1_238' title='bbox 774 2947 1175 3032; x_wconf 78' lang='lat' dir='ltr'>(nuptiarum)</span> <span class='ocrx_word' id='word_1_239' title='bbox 1208 2970 1304 3011; x_wconf 86' lang='lat' dir='ltr'>res</span> <span class='ocrx_word' id='word_1_240' title='bbox 1337 2955 1446 3022; x_wconf 86' lang='lat' dir='ltr'>est,</span> <span class='ocrx_word' id='word_1_241' title='bbox 1483 2955 1553 3010; x_wconf 90' lang='lat' dir='ltr'>ut</span> <span class='ocrx_word' id='word_1_242' title='bbox 1582 2971 1707 3010; x_wconf 89' lang='lat' dir='ltr'>mas</span> <span class='ocrx_word' id='word_1_243' title='bbox 1738 2956 1802 3010; x_wconf 86' lang='lat' dir='ltr'>et</span> <span class='ocrx_word' id='word_1_244' title='bbox 1833 2951 2054 3010; x_wconf 87' lang='lat' dir='ltr'>femina</span> <span class='ocrx_word' id='word_1_245' title='bbox 2084 2951 2379 3010; x_wconf 90' lang='lat' dir='ltr'>connubio</span> <span class='ocrx_word' id='word_1_246' title='bbox 2412 2951 2689 3027; x_wconf 90' lang='lat' dir='ltr'>copulati,</span> <span class='ocrx_word' id='word_1_247' title='bbox 2723 2953 3010 3026; x_wconf 88' lang='lat' dir='ltr'>quamdiu</span> 
     </span>
     <span class='ocr_line' id='line_1_26' title="bbox 389 3040 3013 3117; baseline -0 -18"><span class='ocrx_word' id='word_1_248' title='bbox 389 3041 621 3110; x_wconf 86' lang='lat' dir='ltr'>vivunt,</span> <span class='ocrx_word' id='word_1_249' title='bbox 655 3040 1132 3116; x_wconf 79' lang='lat' dir='ltr'>inseparabiliter</span> <span class='ocrx_word' id='word_1_250' title='bbox 1164 3045 1558 3117; x_wconf 82' lang='lat' dir='ltr'>perseverent,</span> <span class='ocrx_word' id='word_1_251' title='bbox 1605 3058 1714 3099; x_wconf 91' lang='lat' dir='ltr'>nec</span> <span class='ocrx_word' id='word_1_252' title='bbox 1762 3041 1956 3111; x_wconf 87' lang='lat' dir='ltr'>liceat,</span> <span class='ocrx_word' id='word_1_253' title='bbox 2002 3044 2245 3117; x_wconf 86' lang='lat' dir='ltr'>excepta</span> <span class='ocrx_word' id='word_1_254' title='bbox 2291 3058 2467 3099; x_wconf 86' lang='lat' dir='ltr'>causa</span> <span class='ocrx_word' id='word_1_255' title='bbox 2504 3040 2930 3111; x_wconf 81' lang='lat' dir='ltr'>fornicatiouis,</span> <span class='ocrx_word' id='word_1_256' title='bbox 2980 3061 3013 3098; x_wconf 89' lang='lat' dir='ltr'>a</span> 
     </span>
     <span class='ocr_line' id='line_1_27' title="bbox 391 3125 3014 3211; baseline 0 -24"><span class='ocrx_word' id='word_1_257' title='bbox 391 3131 642 3207; x_wconf 83' lang='lat' dir='ltr'>conjuge</span> <span class='ocrx_word' id='word_1_258' title='bbox 675 3131 987 3208; x_wconf 83' lang='lat' dir='ltr'>conjugem</span> <span class='ocrx_word' id='word_1_259' title='bbox 1016 3130 1220 3188; x_wconf 90' lang='lat' dir='ltr'>dirimi</span> <span class='ocrx_word' id='word_1_260' title='bbox 1252 3125 1486 3211; x_wconf 82' lang='lat' dir='ltr'>(Matth.</span> <span class='ocrx_word' id='word_1_261' title='bbox 1522 3141 1578 3201; x_wconf 83' lang='lat'>5,</span> <span class='ocrx_word' id='word_1_262' title='bbox 1616 3125 1745 3211; x_wconf 85' lang='lat'>32).</span> <span class='ocrx_word' id='word_1_263' title='bbox 1809 3131 1935 3188; x_wconf 87' lang='lat' dir='ltr'>Hoc</span> <span class='ocrx_word' id='word_1_264' title='bbox 1980 3129 2139 3188; x_wconf 88' lang='lat' dir='ltr'>enim</span> <span class='ocrx_word' id='word_1_265' title='bbox 2186 3129 2525 3189; x_wconf 83' lang='lat' dir='ltr'>custoditur</span> <span class='ocrx_word' id='word_1_266' title='bbox 2570 3129 2634 3187; x_wconf 89' lang='lat' dir='ltr'>in</span> <span class='ocrx_word' id='word_1_267' title='bbox 2676 3129 2908 3188; x_wconf 85' lang='lat' dir='ltr'>Christo</span> <span class='ocrx_word' id='word_1_268' title='bbox 2953 3134 3014 3188; x_wconf 85' lang='lat' dir='ltr'>et</span> 
     </span>
     <span class='ocr_line' id='line_1_28' title="bbox 391 3218 3012 3296; baseline 0.001 -21"><span class='ocrx_word' id='word_1_269' title='bbox 391 3218 666 3288; x_wconf 84' lang='lat' dir='ltr'>Ecclesia,</span> <span class='ocrx_word' id='word_1_270' title='bbox 710 3222 779 3277; x_wconf 90' lang='lat' dir='ltr'>ut</span> <span class='ocrx_word' id='word_1_271' title='bbox 809 3221 1016 3278; x_wconf 85' lang='lat' dir='ltr'>vivens</span> <span class='ocrx_word' id='word_1_272' title='bbox 1050 3237 1182 3278; x_wconf 91' lang='lat' dir='ltr'>cum</span> <span class='ocrx_word' id='word_1_273' title='bbox 1216 3220 1455 3277; x_wconf 89' lang='lat' dir='ltr'>vivente</span> <span class='ocrx_word' id='word_1_274' title='bbox 1502 3219 1564 3277; x_wconf 89' lang='lat' dir='ltr'>in</span> <span class='ocrx_word' id='word_1_275' title='bbox 1611 3224 1919 3277; x_wconf 82' lang='lat' dir='ltr'>aeternum</span> <span class='ocrx_word' id='word_1_276' title='bbox 1953 3219 2122 3277; x_wconf 91' lang='lat' dir='ltr'>nullo</span> <span class='ocrx_word' id='word_1_277' title='bbox 2155 3218 2408 3277; x_wconf 86' lang='lat' dir='ltr'>divortio</span> <span class='ocrx_word' id='word_1_278' title='bbox 2441 3222 2763 3295; x_wconf 82' lang='lat' dir='ltr'>separetur.</span> <span class='ocrx_word' id='word_1_279' title='bbox 2830 3219 3012 3296; x_wconf 88' lang='lat' dir='ltr'>Cujus</span> 
     </span>
     <span class='ocr_line' id='line_1_29' title="bbox 396 3307 3012 3384; baseline 0.001 -20"><span class='ocrx_word' id='word_1_280' title='bbox 396 3307 747 3366; x_wconf 83' lang='lat' dir='ltr'>sacramenti</span> <span class='ocrx_word' id='word_1_281' title='bbox 778 3312 945 3366; x_wconf 86' lang='lat' dir='ltr'>tanta</span> <span class='ocrx_word' id='word_1_282' title='bbox 989 3309 1326 3366; x_wconf 86' lang='lat' dir='ltr'>observatio</span> <span class='ocrx_word' id='word_1_283' title='bbox 1374 3313 1469 3367; x_wconf 88' lang='lat' dir='ltr'>est</span> <span class='ocrx_word' id='word_1_284' title='bbox 1512 3309 1575 3366; x_wconf 90' lang='lat' dir='ltr'>in</span> <span class='ocrx_word' id='word_1_285' title='bbox 1621 3307 1864 3367; x_wconf 83' lang='lat' dir='ltr'>civitate</span> <span class='ocrx_word' id='word_1_286' title='bbox 1898 3308 2002 3366; x_wconf 89' lang='lat' dir='ltr'>Dei</span> <span class='ocrx_word' id='word_1_287' title='bbox 2048 3307 2257 3378; x_wconf 88' lang='lat' dir='ltr'>nostri,</span> <span class='ocrx_word' id='word_1_288' title='bbox 2304 3308 2368 3365; x_wconf 90' lang='lat' dir='ltr'>in</span> <span class='ocrx_word' id='word_1_289' title='bbox 2413 3313 2614 3365; x_wconf 90' lang='lat' dir='ltr'>monte</span> <span class='ocrx_word' id='word_1_290' title='bbox 2647 3310 2849 3366; x_wconf 88' lang='lat' dir='ltr'>sancto</span> <span class='ocrx_word' id='word_1_291' title='bbox 2882 3311 3012 3384; x_wconf 87' lang='lat' dir='ltr'>ejus</span> 
     </span>
     <span class='ocr_line' id='line_1_30' title="bbox 396 3392 3012 3479; baseline 0.002 -27"><span class='ocrx_word' id='word_1_292' title='bbox 396 3392 519 3478; x_wconf 68' lang='grc' dir='ltr'><strong>(ΡΒ.</strong></span> <span class='ocrx_word' id='word_1_293' title='bbox 554 3407 654 3468; x_wconf 89' lang='lat'>47,</span> <span class='ocrx_word' id='word_1_294' title='bbox 692 3392 754 3479; x_wconf 84' lang='lat'>2)</span> <span class='ocrx_word' id='word_1_295' title='bbox 787 3397 851 3457; x_wconf 84' lang='lat' dir='ltr'>h:</span> <span class='ocrx_word' id='word_1_296' title='bbox 875 3416 923 3455; x_wconf 89' lang='lat' dir='ltr'>e.</span> <span class='ocrx_word' id='word_1_297' title='bbox 958 3399 1021 3455; x_wconf 90' lang='lat' dir='ltr'>in</span> <span class='ocrx_word' id='word_1_298' title='bbox 1051 3397 1311 3456; x_wconf 89' lang='lat' dir='ltr'>Ecclesia</span> <span class='ocrx_word' id='word_1_299' title='bbox 1344 3396 1580 3466; x_wconf 82' lang='lat' dir='ltr'>Christi,</span> <span class='ocrx_word' id='word_1_300' title='bbox 1616 3397 1960 3473; x_wconf 87' lang='lat' dir='ltr'>quibusque</span> <span class='ocrx_word' id='word_1_301' title='bbox 1995 3395 2269 3455; x_wconf 87' lang='lat' dir='ltr'>fidelibus</span> <span class='ocrx_word' id='word_1_302' title='bbox 2302 3397 2638 3472; x_wconf 84' lang='lat' dir='ltr'>conjugatis</span> <span class='ocrx_word' id='word_1_303' title='bbox 2660 3440 2673 3454; x_wconf 91' lang='lat'>.</span> <span class='ocrx_word' id='word_1_304' title='bbox 2695 3440 2708 3454; x_wconf 93' lang='lat'>.</span> <span class='ocrx_word' id='word_1_305' title='bbox 2731 3442 2743 3455; x_wconf 92' lang='lat'>.</span> <span class='ocrx_word' id='word_1_306' title='bbox 2777 3402 2848 3455; x_wconf 87' lang='lat' dir='ltr'>ut</span> <span class='ocrx_word' id='word_1_307' title='bbox 2878 3416 3012 3456; x_wconf 89' lang='lat' dir='ltr'>cum</span> 
     </span>
     <span class='ocr_line' id='line_1_31' title="bbox 393 3485 3014 3562; baseline 0.001 -19"><span class='ocrx_word' id='word_1_308' title='bbox 393 3485 651 3544; x_wconf 86' lang='lat' dir='ltr'>filiorum</span> <span class='ocrx_word' id='word_1_309' title='bbox 681 3486 1179 3562; x_wconf 87' lang='lat' dir='ltr'>procreandorum</span> <span class='ocrx_word' id='word_1_310' title='bbox 1212 3503 1389 3545; x_wconf 85' lang='lat' dir='ltr'>causa</span> <span class='ocrx_word' id='word_1_311' title='bbox 1432 3487 1528 3545; x_wconf 81' lang='lat' dir='ltr'>vel</span> <span class='ocrx_word' id='word_1_312' title='bbox 1574 3486 1807 3545; x_wconf 88' lang='lat' dir='ltr'>nubant</span> <span class='ocrx_word' id='word_1_313' title='bbox 1838 3487 2089 3544; x_wconf 90' lang='lat' dir='ltr'>feminae</span> <span class='ocrx_word' id='word_1_314' title='bbox 2139 3487 2234 3544; x_wconf 86' lang='lat' dir='ltr'>vel</span> <span class='ocrx_word' id='word_1_315' title='bbox 2284 3485 2579 3543; x_wconf 87' lang='lat' dir='ltr'>ducantur</span> <span class='ocrx_word' id='word_1_316' title='bbox 2622 3504 2853 3557; x_wconf 81' lang='lat' dir='ltr'>uxorea,</span> <span class='ocrx_word' id='word_1_317' title='bbox 2905 3506 3014 3546; x_wconf 91' lang='lat' dir='ltr'>nec</span> 
     </span>
     <span class='ocr_line' id='line_1_32' title="bbox 394 3574 3015 3652; baseline 0.001 -20"><span class='ocrx_word' id='word_1_318' title='bbox 394 3575 657 3634; x_wconf 82' lang='lat' dir='ltr'>sterilem</span> <span class='ocrx_word' id='word_1_319' title='bbox 689 3576 1002 3652; x_wconf 81' lang='lat' dir='ltr'>conjugem</span> <span class='ocrx_word' id='word_1_320' title='bbox 1035 3575 1122 3634; x_wconf 86' lang='lat' dir='ltr'>fas</span> <span class='ocrx_word' id='word_1_321' title='bbox 1155 3575 1237 3633; x_wconf 87' lang='lat' dir='ltr'>sit</span> <span class='ocrx_word' id='word_1_322' title='bbox 1268 3576 1625 3649; x_wconf 88' lang='lat' dir='ltr'>relinquere,</span> <span class='ocrx_word' id='word_1_323' title='bbox 1673 3582 1743 3633; x_wconf 90' lang='lat' dir='ltr'>ut</span> <span class='ocrx_word' id='word_1_324' title='bbox 1775 3575 1892 3632; x_wconf 88' lang='lat' dir='ltr'>alia</span> <span class='ocrx_word' id='word_1_325' title='bbox 1924 3574 2176 3633; x_wconf 85' lang='lat' dir='ltr'>fecunda</span> <span class='ocrx_word' id='word_1_326' title='bbox 2206 3575 2479 3637; x_wconf 87' lang='lat' dir='ltr'>ducatur.</span> <span class='ocrx_word' id='word_1_327' title='bbox 2540 3574 2708 3644; x_wconf 85' lang='lat' dir='ltr'>Quod</span> <span class='ocrx_word' id='word_1_328' title='bbox 2754 3576 2803 3634; x_wconf 90' lang='lat' dir='ltr'>si</span> <span class='ocrx_word' id='word_1_329' title='bbox 2850 3576 3015 3651; x_wconf 87' lang='lat' dir='ltr'>quis-</span> 
     </span>
     <span class='ocr_line' id='line_1_33' title="bbox 392 3662 3013 3741; baseline 0 -19"><span class='ocrx_word' id='word_1_330' title='bbox 392 3683 572 3740; x_wconf 90' lang='lat' dir='ltr'>quam</span> <span class='ocrx_word' id='word_1_331' title='bbox 605 3664 824 3734; x_wconf 82' lang='lat' dir='ltr'>t&#39;ecerit‚</span> <span class='ocrx_word' id='word_1_332' title='bbox 868 3682 988 3723; x_wconf 90' lang='lat' dir='ltr'>non</span> <span class='ocrx_word' id='word_1_333' title='bbox 1018 3665 1150 3741; x_wconf 85' lang='lat' dir='ltr'>lege</span> <span class='ocrx_word' id='word_1_334' title='bbox 1182 3665 1362 3740; x_wconf 89' lang='lat' dir='ltr'>hujus</span> <span class='ocrx_word' id='word_1_335' title='bbox 1394 3664 1578 3722; x_wconf 87' lang='lat' dir='ltr'>seculi</span> <span class='ocrx_word' id='word_1_336' title='bbox 1611 3708 1627 3722; x_wconf 92' lang='lat'>.</span> <span class='ocrx_word' id='word_1_337' title='bbox 1660 3707 1673 3721; x_wconf 92' lang='lat'>.</span> <span class='ocrx_word' id='word_1_338' title='bbox 1708 3707 1721 3721; x_wconf 92' lang='lat'>.</span> <span class='ocrx_word' id='word_1_339' title='bbox 1771 3662 1873 3722; x_wconf 88' lang='lat' dir='ltr'>sed</span> <span class='ocrx_word' id='word_1_340' title='bbox 1905 3664 2036 3740; x_wconf 87' lang='lat' dir='ltr'>lege</span> <span class='ocrx_word' id='word_1_341' title='bbox 2067 3663 2375 3741; x_wconf 88' lang='lat' dir='ltr'>Evangelii</span> <span class='ocrx_word' id='word_1_342' title='bbox 2408 3682 2545 3721; x_wconf 89' lang='lat' dir='ltr'>reus</span> <span class='ocrx_word' id='word_1_343' title='bbox 2574 3665 2668 3721; x_wconf 86' lang='lat' dir='ltr'>est</span> <span class='ocrx_word' id='word_1_344' title='bbox 2699 3664 3013 3723; x_wconf 85' lang='lat' dir='ltr'>adulterii:</span> 
     </span>
     <span class='ocr_line' id='line_1_34' title="bbox 395 3752 3014 3829; baseline -0.001 -17"><span class='ocrx_word' id='word_1_345' title='bbox 395 3754 552 3812; x_wconf 88' lang='lat' dir='ltr'>sicut</span> <span class='ocrx_word' id='word_1_346' title='bbox 596 3753 775 3812; x_wconf 88' lang='lat' dir='ltr'>etiam</span> <span class='ocrx_word' id='word_1_347' title='bbox 820 3753 941 3825; x_wconf 92' lang='lat' dir='ltr'>illa,</span> <span class='ocrx_word' id='word_1_348' title='bbox 992 3754 1043 3811; x_wconf 89' lang='lat' dir='ltr'>si</span> <span class='ocrx_word' id='word_1_349' title='bbox 1088 3752 1261 3812; x_wconf 87' lang='lat' dir='ltr'>alteri</span> <span class='ocrx_word' id='word_1_350' title='bbox 1307 3753 1599 3829; x_wconf 88' lang='lat' dir='ltr'>nupserit.</span> <span class='ocrx_word' id='word_1_351' title='bbox 1664 3752 1865 3826; x_wconf 89' lang='lat' dir='ltr'>Usque</span> <span class='ocrx_word' id='word_1_352' title='bbox 1897 3753 2039 3811; x_wconf 90' lang='lat' dir='ltr'>adeo</span> <span class='ocrx_word' id='word_1_353' title='bbox 2073 3757 2315 3812; x_wconf 88' lang='lat' dir='ltr'>manent</span> <span class='ocrx_word' id='word_1_354' title='bbox 2347 3752 2504 3810; x_wconf 87' lang='lat' dir='ltr'>inter</span> <span class='ocrx_word' id='word_1_355' title='bbox 2534 3752 2800 3811; x_wconf 85' lang='lat' dir='ltr'>viventes</span> <span class='ocrx_word' id='word_1_356' title='bbox 2832 3754 3014 3812; x_wconf 89' lang='lat' dir='ltr'>semel</span> 
     </span>
     <span class='ocr_line' id='line_1_35' title="bbox 393 3841 3013 3918; baseline 0 -18"><span class='ocrx_word' id='word_1_357' title='bbox 393 3843 543 3900; x_wconf 87' lang='lat' dir='ltr'>inita</span> <span class='ocrx_word' id='word_1_358' title='bbox 550 3842 689 3918; x_wconf 87' lang='lat' dir='ltr'>jura</span> <span class='ocrx_word' id='word_1_359' title='bbox 703 3843 1068 3917; x_wconf 86' lang='lat' dir='ltr'>nuptiarum,</span> <span class='ocrx_word' id='word_1_360' title='bbox 1106 3848 1176 3901; x_wconf 84' lang='lat' dir='ltr'>ut</span> <span class='ocrx_word' id='word_1_361' title='bbox 1207 3843 1409 3917; x_wconf 81' lang='lat' dir='ltr'>potius</span> <span class='ocrx_word' id='word_1_362' title='bbox 1442 3842 1565 3900; x_wconf 89' lang='lat' dir='ltr'>siut</span> <span class='ocrx_word' id='word_1_363' title='bbox 1596 3842 1758 3899; x_wconf 87' lang='lat' dir='ltr'>inter</span> <span class='ocrx_word' id='word_1_364' title='bbox 1789 3859 1851 3899; x_wconf 88' lang='lat' dir='ltr'>se</span> <span class='ocrx_word' id='word_1_365' title='bbox 1884 3842 2185 3918; x_wconf 63' lang='lat' dir='ltr'>conjugae,</span> <span class='ocrx_word' id='word_1_366' title='bbox 2221 3841 2325 3917; x_wconf 91' lang='lat' dir='ltr'>qui</span> <span class='ocrx_word' id='word_1_367' title='bbox 2355 3841 2427 3898; x_wconf 89' lang='lat' dir='ltr'>ab</span> <span class='ocrx_word' id='word_1_368' title='bbox 2448 3842 2736 3900; x_wconf 87' lang='lat' dir='ltr'>alterutro</span> <span class='ocrx_word' id='word_1_369' title='bbox 2758 3844 3013 3918; x_wconf 82' lang='lat' dir='ltr'>separati</span> 
     </span>
     <span class='ocr_line' id='line_1_36' title="bbox 397 3931 3014 4007; baseline -0 -17"><span class='ocrx_word' id='word_1_370' title='bbox 397 3934 555 4002; x_wconf 90' lang='lat' dir='ltr'>sunt,</span> <span class='ocrx_word' id='word_1_371' title='bbox 587 3951 764 4007; x_wconf 89' lang='lat' dir='ltr'>quam</span> <span class='ocrx_word' id='word_1_372' title='bbox 798 3950 929 3990; x_wconf 88' lang='lat' dir='ltr'>cum</span> <span class='ocrx_word' id='word_1_373' title='bbox 966 3932 1074 4002; x_wconf 89' lang='lat' dir='ltr'>his,</span> <span class='ocrx_word' id='word_1_374' title='bbox 1107 3933 1329 4007; x_wconf 85' lang='lat' dir='ltr'>quibus</span> <span class='ocrx_word' id='word_1_375' title='bbox 1361 3931 1496 3990; x_wconf 89' lang='lat' dir='ltr'>aliis</span> <span class='ocrx_word' id='word_1_376' title='bbox 1529 3931 1942 3989; x_wconf 85' lang='lat' dir='ltr'>adhaeserunt.</span> <span class='ocrx_word' id='word_1_377' title='bbox 2010 3931 2156 3989; x_wconf 86' lang='lat' dir='ltr'>Cum</span> <span class='ocrx_word' id='word_1_378' title='bbox 2187 3931 2323 3988; x_wconf 87' lang='lat' dir='ltr'>aliis</span> <span class='ocrx_word' id='word_1_379' title='bbox 2352 3931 2574 4005; x_wconf 90' lang='lat' dir='ltr'>quippe</span> <span class='ocrx_word' id='word_1_380' title='bbox 2606 3931 2863 3989; x_wconf 87' lang='lat' dir='ltr'>adulteri</span> <span class='ocrx_word' id='word_1_381' title='bbox 2896 3950 3014 3990; x_wconf 89' lang='lat' dir='ltr'>non</span> 
     </span>
     <span class='ocr_line' id='line_1_37' title="bbox 394 4018 3014 4097; baseline 0 -19"><span class='ocrx_word' id='word_1_382' title='bbox 394 4025 608 4091; x_wconf 87' lang='lat' dir='ltr'>essent,</span> <span class='ocrx_word' id='word_1_383' title='bbox 642 4021 758 4078; x_wconf 91' lang='lat' dir='ltr'>nisi</span> <span class='ocrx_word' id='word_1_384' title='bbox 790 4020 864 4078; x_wconf 91' lang='lat' dir='ltr'>ad</span> <span class='ocrx_word' id='word_1_385' title='bbox 896 4021 1246 4080; x_wconf 84' lang='lat' dir='ltr'>alterutrum</span> <span class='ocrx_word' id='word_1_386' title='bbox 1280 4022 1562 4097; x_wconf 85' lang='lat' dir='ltr'>conjuges</span> <span class='ocrx_word' id='word_1_387' title='bbox 1594 4023 1964 4078; x_wconf 80' lang='lat' dir='ltr'>manerent.‘</span> <span class='ocrx_word' id='word_1_388' title='bbox 2029 4019 2110 4082; x_wconf 88' lang='lat' dir='ltr'>cf.</span> <span class='ocrx_word' id='word_1_389' title='bbox 2159 4021 2196 4082; x_wconf 90' lang='lat' dir='ltr'>l.</span> <span class='ocrx_word' id='word_1_390' title='bbox 2251 4031 2274 4082; x_wconf 90' lang='lat'>1</span> <span class='ocrx_word' id='word_1_391' title='bbox 2330 4020 2403 4076; x_wconf 89' lang='lat' dir='ltr'>ad</span> <span class='ocrx_word' id='word_1_392' title='bbox 2434 4018 2797 4077; x_wconf 88' lang='lat' dir='ltr'>Pollentium</span> <span class='ocrx_word' id='word_1_393' title='bbox 2832 4039 2878 4078; x_wconf 91' lang='lat' dir='ltr'>c.</span> <span class='ocrx_word' id='word_1_394' title='bbox 2915 4029 3014 4082; x_wconf 86' lang='lat'>25.</span> 
     </span>
     <span class='ocr_line' id='line_1_38' title="bbox 396 4108 3016 4186; baseline 0 -20"><span class='ocrx_word' id='word_1_395' title='bbox 396 4109 549 4169; x_wconf 88' lang='lat' dir='ltr'>Hinc</span> <span class='ocrx_word' id='word_1_396' title='bbox 580 4109 809 4168; x_wconf 86' lang='lat' dir='ltr'>romani</span> <span class='ocrx_word' id='word_1_397' title='bbox 839 4109 1148 4186; x_wconf 84' lang='lat' dir='ltr'>pontifices</span> <span class='ocrx_word' id='word_1_398' title='bbox 1182 4110 1500 4168; x_wconf 86' lang='lat' dir='ltr'>durissima</span> <span class='ocrx_word' id='word_1_399' title='bbox 1530 4110 1732 4186; x_wconf 86' lang='lat' dir='ltr'>potius</span> <span class='ocrx_word' id='word_1_400' title='bbox 1773 4109 2030 4167; x_wconf 86' lang='lat' dir='ltr'>tolerare</span> <span class='ocrx_word' id='word_1_401' title='bbox 2078 4108 2270 4184; x_wconf 85' lang='lat' dir='ltr'>parati</span> <span class='ocrx_word' id='word_1_402' title='bbox 2314 4112 2501 4177; x_wconf 86' lang='lat' dir='ltr'>erant,</span> <span class='ocrx_word' id='word_1_403' title='bbox 2549 4126 2725 4182; x_wconf 90' lang='lat' dir='ltr'>quam</span> <span class='ocrx_word' id='word_1_404' title='bbox 2774 4128 3016 4168; x_wconf 88' lang='lat' dir='ltr'>consen-</span> 
     </span>
    </p>
   </div>
   <div class='ocr_carea' id='block_1_6' title="bbox 397 4196 3017 4363">
    <p class='ocr_par' dir='ltr' id='par_1_7' title="bbox 397 4196 3017 4363">
     <span class='ocr_line' id='line_1_39' title="bbox 397 4196 3017 4274; baseline 0 -18"><span class='ocrx_word' id='word_1_405' title='bbox 397 4199 509 4256; x_wconf 89' lang='lat' dir='ltr'>tire</span> <span class='ocrx_word' id='word_1_406' title='bbox 541 4199 604 4256; x_wconf 91' lang='lat' dir='ltr'>in</span> <span class='ocrx_word' id='word_1_407' title='bbox 637 4199 1089 4258; x_wconf 88' lang='lat' dir='ltr'>dissolutionem</span> <span class='ocrx_word' id='word_1_408' title='bbox 1124 4199 1484 4257; x_wconf 86' lang='lat' dir='ltr'>matrimonii</span> <span class='ocrx_word' id='word_1_409' title='bbox 1520 4198 1861 4274; x_wconf 90' lang='lat' dir='ltr'>principum</span> <span class='ocrx_word' id='word_1_410' title='bbox 1893 4196 2086 4256; x_wconf 88' lang='lat' dir='ltr'>valide</span> <span class='ocrx_word' id='word_1_411' title='bbox 2120 4197 2423 4256; x_wconf 86' lang='lat' dir='ltr'>contracti.</span> <span class='ocrx_word' id='word_1_412' title='bbox 2488 4197 2566 4254; x_wconf 85' lang='lat' dir='ltr'>Cf.</span> <span class='ocrx_word' id='word_1_413' title='bbox 2611 4197 2862 4274; x_wconf 85' lang='lat' dir='ltr'>Oigoi,</span> <span class='ocrx_word' id='word_1_414' title='bbox 2911 4199 3017 4257; x_wconf 91' lang='lat' dir='ltr'>Die</span> 
     </span>
     <span class='ocr_line' id='line_1_40' title="bbox 398 4285 2866 4363; baseline 0.002 -19"><span class='ocrx_word' id='word_1_415' title='bbox 398 4286 923 4346; x_wconf 70' lang='lat' dir='ltr'>Unaufldslichkeit</span> <span class='ocrx_word' id='word_1_416' title='bbox 952 4289 1058 4347; x_wconf 89' lang='lat' dir='ltr'>der</span> <span class='ocrx_word' id='word_1_417' title='bbox 1091 4287 1317 4351; x_wconf 82' lang='lat' dir='ltr'>christl.</span> <span class='ocrx_word' id='word_1_418' title='bbox 1352 4288 1476 4346; x_wconf 87' lang='lat' dir='ltr'>Ehe</span> <span class='ocrx_word' id='word_1_419' title='bbox 1508 4287 1633 4346; x_wconf 91' lang='lat' dir='ltr'>und</span> <span class='ocrx_word' id='word_1_420' title='bbox 1666 4287 1763 4345; x_wconf 87' lang='lat' dir='ltr'>die</span> <span class='ocrx_word' id='word_1_421' title='bbox 1796 4286 2265 4363; x_wconf 85' lang='lat' dir='ltr'>Eheecheidung,</span> <span class='ocrx_word' id='word_1_422' title='bbox 2299 4285 2640 4344; x_wconf 89' lang='lat' dir='ltr'>Paderborn</span> <span class='ocrx_word' id='word_1_423' title='bbox 2679 4297 2866 4350; x_wconf 78' lang='lat'>1895.</span> 
     </span>
    </p>
   </div>
   <div class='ocr_carea' id='block_1_7' title="bbox 397 4425 3023 4835">
    <p class='ocr_par' dir='ltr' id='par_1_8' title="bbox 397 4425 3023 4835">
     <span class='ocr_line' id='line_1_41' title="bbox 572 4425 3016 4507; baseline -0.003 -12"><span class='ocrx_word' id='word_1_424' title='bbox 572 4431 719 4495; x_wconf 85' lang='lat'>610.</span> <span class='ocrx_word' id='word_1_425' title='bbox 772 4426 878 4494; x_wconf 89' lang='grc' dir='ltr'>Π.</span> <span class='ocrx_word' id='word_1_426' title='bbox 925 4427 1411 4490; x_wconf 79' lang='lat' dir='ltr'>Matrimonium</span> <span class='ocrx_word' id='word_1_427' title='bbox 1447 4427 1681 4489; x_wconf 80' lang='lat' dir='ltr'>censeri</span> <span class='ocrx_word' id='word_1_428' title='bbox 1714 4425 1884 4489; x_wconf 80' lang='lat' dir='ltr'>(lebet</span> <span class='ocrx_word' id='word_1_429' title='bbox 1917 4425 2337 4490; x_wconf 75' lang='lat' dir='ltr'>indissolubile</span> <span class='ocrx_word' id='word_1_430' title='bbox 2368 4427 2555 4488; x_wconf 84' lang='lat' dir='ltr'>etiam</span> <span class='ocrx_word' id='word_1_431' title='bbox 2587 4447 2662 4488; x_wconf 75' lang='lat' dir='ltr'>ex</span> <span class='ocrx_word' id='word_1_432' title='bbox 2685 4426 3016 4507; x_wconf 77' lang='lat' dir='ltr'>primitiva</span> 
     </span>
     <span class='ocr_line' id='line_1_42' title="bbox 397 4530 3017 4615; baseline 0 -20"><span class='ocrx_word' id='word_1_433' title='bbox 397 4539 451 4595; x_wconf 85' lang='lat' dir='ltr'>et</span> <span class='ocrx_word' id='word_1_434' title='bbox 484 4532 782 4615; x_wconf 74' lang='lat' dir='ltr'>oriyinali</span> <span class='ocrx_word' id='word_1_435' title='bbox 816 4535 1213 4601; x_wconf 79' lang='lat' dir='ltr'>institutione.</span> <span class='ocrx_word' id='word_1_436' title='bbox 1264 4530 1434 4597; x_wconf 91' lang='lat' dir='ltr'>Sane</span> <span class='ocrx_word' id='word_1_437' title='bbox 1466 4533 1592 4596; x_wconf 91' lang='lat' dir='ltr'>hoc</span> <span class='ocrx_word' id='word_1_438' title='bbox 1626 4530 1816 4596; x_wconf 88' lang='lat' dir='ltr'>infert</span> <span class='ocrx_word' id='word_1_439' title='bbox 1848 4531 2136 4596; x_wconf 88' lang='lat' dir='ltr'>Christus</span> <span class='ocrx_word' id='word_1_440' title='bbox 2170 4550 2249 4596; x_wconf 86' lang='lat' dir='ltr'>ex</span> <span class='ocrx_word' id='word_1_441' title='bbox 2280 4531 2493 4595; x_wconf 87' lang='lat' dir='ltr'>verbis</span> <span class='ocrx_word' id='word_1_442' title='bbox 2525 4530 2723 4611; x_wconf 89' lang='lat' dir='ltr'>ipsius</span> <span class='ocrx_word' id='word_1_443' title='bbox 2755 4531 3017 4595; x_wconf 91' lang='lat' dir='ltr'>Adami:</span> 
     </span>
     <span class='ocr_line' id='line_1_43' title="bbox 399 4637 3023 4724; baseline 0 -22"><span class='ocrx_word' id='word_1_444' title='bbox 399 4638 541 4703; x_wconf 86' lang='lat' dir='ltr'>Non</span> <span class='ocrx_word' id='word_1_445' title='bbox 575 4639 825 4724; x_wconf 69' lang='lat' dir='ltr'>leqistiS,</span> <span class='ocrx_word' id='word_1_446' title='bbox 871 4643 1019 4724; x_wconf 80' lang='lat' dir='ltr'>quia</span> <span class='ocrx_word' id='word_1_447' title='bbox 1053 4642 1158 4724; x_wconf 80' lang='lat' dir='ltr'>qui</span> <span class='ocrx_word' id='word_1_448' title='bbox 1201 4640 1348 4721; x_wconf 83' lang='lat' dir='ltr'>fecit</span> <span class='ocrx_word' id='word_1_449' title='bbox 1378 4640 1684 4702; x_wconf 78' lang='lat' dir='ltr'>hominem</span> <span class='ocrx_word' id='word_1_450' title='bbox 1720 4638 1798 4703; x_wconf 83' lang='lat' dir='ltr'>ab</span> <span class='ocrx_word' id='word_1_451' title='bbox 1836 4639 2030 4722; x_wconf 73' lang='lat' dir='ltr'>initio,</span> <span class='ocrx_word' id='word_1_452' title='bbox 2077 4638 2423 4702; x_wconf 82' lang='lat' dir='ltr'>masculum·</span> <span class='ocrx_word' id='word_1_453' title='bbox 2456 4644 2510 4702; x_wconf 84' lang='lat' dir='ltr'>et</span> <span class='ocrx_word' id='word_1_454' title='bbox 2537 4640 2840 4722; x_wconf 78' lang='lat' dir='ltr'>feminam</span> <span class='ocrx_word' id='word_1_455' title='bbox 2875 4637 3023 4721; x_wconf 82' lang='lat' dir='ltr'>fecit</span> 
     </span>
     <span class='ocr_line' id='line_1_44' title="bbox 398 4747 3022 4835; baseline 0 -23"><span class='ocrx_word' id='word_1_456' title='bbox 398 4748 538 4812; x_wconf 72' lang='lat' dir='ltr'>eos?</span> <span class='ocrx_word' id='word_1_457' title='bbox 568 4755 623 4812; x_wconf 86' lang='lat' dir='ltr'>et</span> <span class='ocrx_word' id='word_1_458' title='bbox 653 4750 815 4813; x_wconf 76' lang='lat' dir='ltr'>dixit</span> <span class='ocrx_word' id='word_1_459' title='bbox 847 4747 1029 4835; x_wconf 89' lang='lat' dir='ltr'>(Gen.</span> <span class='ocrx_word' id='word_1_460' title='bbox 1052 4754 1111 4825; x_wconf 82' lang='grc'>2,</span> <span class='ocrx_word' id='word_1_461' title='bbox 1145 4751 1295 4835; x_wconf 83' lang='lat'>24):</span> <span class='ocrx_word' id='word_1_462' title='bbox 1332 4754 1608 4833; x_wconf 80' lang='lat' dir='ltr'>Propter</span> <span class='ocrx_word' id='word_1_463' title='bbox 1638 4749 1750 4811; x_wconf 85' lang='lat' dir='ltr'>hoc</span> <span class='ocrx_word' id='word_1_464' title='bbox 1782 4749 2047 4813; x_wconf 80' lang='lat' dir='ltr'>dimittet</span> <span class='ocrx_word' id='word_1_465' title='bbox 2081 4749 2259 4812; x_wconf 81' lang='lat' dir='ltr'>homo</span> <span class='ocrx_word' id='word_1_466' title='bbox 2284 4759 2532 4834; x_wconf 80' lang='lat' dir='ltr'>patrem</span> <span class='ocrx_word' id='word_1_467' title='bbox 2563 4754 2619 4810; x_wconf 90' lang='lat' dir='ltr'>et</span> <span class='ocrx_word' id='word_1_468' title='bbox 2650 4757 2933 4829; x_wconf 80' lang='lat' dir='ltr'>matrem,</span> <span class='ocrx_word' id='word_1_469' title='bbox 2966 4759 3022 4812; x_wconf 86' lang='lat' dir='ltr'>et</span> 
     </span>
    </p>
   </div>
  </div>
 </body>
</html>
