3538 5364
1299 259 1734 331 exceptionibus
1761 259 1981 313 satisfit.
2817 269 2938 333 137

318 444 633 526 ejusmodi
668 442 1093 523 dispositioni,
1128 442 1247 507 etsi
1279 440 1619 523 perfectae,
1654 441 1736 503 ad
1768 459 2089 504 summum
2139 441 2307 506 inest
2350 442 2514 505 ratio
2547 442 2753 505 meriti
2785 459 2942 505 con-

316 550 472 631 grui,
504 550 680 632 quod
711 548 1043 612 conciliari
1073 554 1286 630 potest
1305 566 1454 612 cum
1476 549 1819 629 gratuitate
1839 548 1950 624 rei,
1985 565 2154 630 quae
2188 547 2560 612 conceditur
2582 547 2680 632 (cf.
2699 549 2940 636 n.67⁶).

502 688 646 740 157.
686 673 1239 740 Demonstratlo
1287 693 1358 758 p.
1405 672 1550 741 III.
1621 677 1837 736 verum
1874 680 1981 744 est,
2028 677 2351 735 nonnullos
2385 680 2580 752 patres
2612 677 2760 735 soli
2809 677 2942 736 fidei

318 762 652 825 adscribere
683 766 972 836 salutem;
1005 765 1109 824 sed
1142 767 1247 824 hac
1278 766 1560 842 loquendi
1594 766 1822 825 ratione
1841 765 2186 824 nullatenus
2208 766 2518 825 excludere
2550 767 2763 825 volunt
2794 766 2942 825 alios

319 862 487 915 aetus
521 860 826 931 tamquam
862 855 1239 925 necessarios,
1288 856 1393 931 qui
1440 854 1650 931 sponte
1682 874 1793 913 sua
1824 854 1997 914 fidem
2031 858 2496 929 consequuntur,
2544 874 2677 913 cum
2725 859 2786 913 et
2832 854 2943 930 ipsi

318 945 456 1003 illos
488 945 637 1002 alibi
672 948 984 1020 tantopere
1017 943 1317 1004 inculcent
1347 949 1408 1003 et
1439 945 1762 1021 postulent.
1828 944 2018 1013 Quare
2065 945 2156 1002 vel
2208 939 2265 1009 l.
2313 950 2646 1019 prementes
2693 944 2946 1021 vestigia

320 1034 490 1092 Pauli
524 1033 855 1092 excludunt
885 1053 1057 1109 opera
1092 1033 1238 1110 legis
1271 1033 1694 1102 naturalia,
1727 1032 1901 1091 fidem
1922 1032 2361 1109 praecedentia;
2394 1034 2488 1092 vel
2519 1030 2583 1096 2.
2617 1034 2947 1108 loquuntur

320 1123 391 1181 de
424 1123 542 1180 fide
577 1123 785 1189 viva,
820 1122 892 1181 de
926 1123 1037 1181 fide
1071 1122 1348 1198 practica,
1381 1141 1532 1198 quae
1563 1126 1789 1182 ceteras
1823 1121 2190 1181 conditiones
2223 1121 2296 1180 ad
2320 1122 2781 1198 justificationes
2813 1142 2945 1197 gra-

320 1211 463 1270 tiam
498 1210 976 1286 consequendam
1008 1211 1327 1288 adimplet3
1375 1211 1468 1270 vel
1507 1208 1573 1274 3.
1609 1213 1945 1286 loquuntur
1975 1211 2045 1269 de
2077 1229 2218 1270 casu
2250 1212 2623 1270 necessitatis
2655 1215 2717 1269 et
2747 1212 2945 1269 exclu-

322 1301 474 1359 dunt
507 1305 747 1360 tantum
779 1319 961 1375 opera
991 1303 1250 1373 externa,
1285 1305 1355 1358 ut
1386 1300 1470 1361 e'x.
1501 1321 1589 1375 gr.
1623 1319 1668 1359 s,
1700 1300 2105 1359 Bernardu
2125 1320 2151 1358 s
2185 1319 2277 1375 op.
2307 1310 2382 1363 10
2416 1300 2487 1358 de
2521 1301 2815 1376 baptismo
2837 1319 2883 1364 c.
2908 1310 2940 1361 2

321 1410 377 1453 n.
417 1400 486 1457 8;
522 1389 618 1448 vel
653 1389 890 1448 tandem
923 1386 991 1454 4.
1025 1391 1262 1448 nomine
1297 1389 1431 1449 fidei
1460 1389 1814 1467 intelligunt
1832 1388 2181 1465 religionem
2204 1388 2603 1455 christianam,
2637 1395 2742 1447 aut
2774 1388 2945 1448 fidem

321 1478 672 1537 catholicam
705 1478 931 1537 haeresi
964 1479 1315 1555 oppositam,
1364 1480 1660 1538 inculcare
1707 1479 1935 1545 volunt,
1981 1478 2154 1536 fidem
2192 1478 2621 1553 justificantem
2668 1497 2783 1537 non
2817 1497 2946 1537 esse

328 1567 502 1626 fidem
539 1566 994 1634 haereticorum,
1030 1569 1131 1626 sed
1166 1568 1338 1627 fidem
1374 1568 1559 1626 solius
1594 1586 1765 1625 verae
1800 1567 2092 1625 Ecclesiae
2124 1566 2161 1624 i.
2195 1587 2242 1627 e.
2275 1567 2612 1626 catholicae.

509 1702 652 1755 158.
685 1693 745 1751 Si
778 1697 976 1751 autem
1009 1693 1337 1767 quaeritur,
1368 1711 1486 1767 quo
1520 1710 1700 1750 sensu
1723 1710 1900 1767 opera
1919 1692 2306 1766 requirant-ur
2337 1691 2410 1749 ad
2435 1692 2946 1767 justificationem,

320 1801 454 1840 enm
486 1781 699 1857 plures
734 1782 1051 1840 videantur
1082 1781 1385 1855 iustificari
1420 1780 1645 1855 absque
1677 1781 1972 1856 operibus,
2021 1781 2271 1839 dicimus
2319 1775 2381 1844 l.
2416 1778 2474 1839 si'
2498 1780 2735 1838 nomine
2768 1798 2945 1854 ope·

320 1890 481 1929 rum
514 1871 951 1945 intelliguntur
981 1875 1169 1940 actus,
1215 1874 1287 1928 ut
1319 1870 1465 1945 spei,
1507 1870 1904 1945 poenitentiae
1938 1872 2067 1940 etc„
2116 1870 2496 1929 manifestum
2530 1874 2619 1927 est
2649 1889 2718 1928 ex
2750 1869 2946 1939 dictis,

321 1972 387 2017 ea
419 1960 654 2035 requiri
687 1960 760 2017 ad
795 1959 1200 2035 complendam
1235 1959 1691 2034 dispositionem
1725 1978 1831 2034 per
1861 1959 2051 2016 fidem.
2119 1960 2179 2018 Si
2227 1978 2366 2018 vero
2411 1953 2475 2024 2.
2523 1958 2950 2035 intelliguntur

319 2068 496 2125 opera
515 2053 782 2117 externa,
816 2068 885 2108 ea
915 2049 1306 2124 requiruntur
1335 2048 1397 2106 in
1418 2047 1740 2124 preposite,
1777 2048 2049 2106 servandi
2084 2048 2206 2106 scil.
2228 2051 2544 2124 praecepta
2563 2047 2684 2117 Dei,
2718 2054 2779 2105 et
2811 2051 2949 2105 actu

323 2142 578 2215 urgente
611 2144 931 2213 praecepto
963 2142 1100 2196 ante
1133 2138 1421 2196 actualem
1447 2137 1956 2212 justificat-ionem.
2025 2137 2434 2211 Requiruntur
2474 2133 2540 2198 3.
2575 2142 2712 2195 actu
2741 2137 2811 2194 ad
2846 2155 2949 2193 au-

322 2227 578 2304 gendam
604 2226 1117 2302 justificationem,
1150 2226 1222 2285 ad
1257 2247 1381 2284 eam
1417 2225 1762 2284 servandam
1798 2230 1860 2285 et
1890 2225 2200 2284 fovendam
2233 2229 2483 2302 urgente
2519 2231 2854 2301 praecepto:
2890 2231 2951 2281 et

321 2317 597 2392 quamvis
629 2316 808 2391 plura
843 2316 995 2374 bona
1026 2335 1201 2397 opera
1233 2316 1505 2374 absolute
1539 2334 1658 2373 non
1691 2315 1813 2373 sint
1850 2315 2192 2383 necessaria,
2241 2315 2545 2372 moraliter
2576 2318 2773 2371 tamen
2807 2317 2950 2371 sunt

321 2405 658 2463 necessaria
687 2404 760 2463 ad
795 2404 1050 2480 gratiam
1083 2404 1558 2480 perseverantiae
1590 2404 2041 2481 impetrandam.

1462 2613 1835 2697 eanutut

787 2755 893 2822 De
940 2765 1235 2821 natura
1283 2763 1363 2821 et
1411 2758 1790 2821 essentia
1830 2755 2507 2838 justificationis.

508 2885 652 2949 159.
687 2878 875 2944 Circa
906 2881 1111 2962 ipsam
1153 2880 1676 2961 justificationem
1723 2881 1946 2944 sedulo
1995 2879 2381 2960 distinguere
2426 2879 2752 2956 debemuS,
2784 2898 2950 2961 quae

325 2987 607 3052 Ecclesia
659 2993 994 3068 tamquam
1047 2987 1434 3067 dogmata
1482 2987 1626 3051 fidei
1671 2993 1900 3051 contra
1945 2992 2376 3068 protestantes
2409 2985 2709 3062 definivit,
2742 2985 2950 3060 abiis,

326 3113 490 3176 quae
521 3100 827 3175 spectant
858 3096 1070 3175 potius
1115 3095 1199 3159 ad
1250 3094 1611 3159 uberiorem
1664 3094 1991 3176 quandam
2038 3094 2412 3173 dogmatum
2462 3093 2951 3174 explicatio-

328 3219 518 3274 nem.
571 3199 791 3278 Quare
825 3200 999 3280 prius
1030 3201 1341 3281 dogmata
1373 3200 1519 3264 fidei
1551 3200 1910 3264 catholicae
1943 3199 2251 3264 adversus
2285 3206 2717 3282 protestantes
2748 3200 2951 3262 vindi-

325 3306 636 3382 cabimuS,
687 3306 919 3372 deinde
953 3307 1247 3371 subtilius
1281 3308 1344 3370 in
1370 3306 1850 3389 justificationis
1883 3313 2182 3371 naturam
2215 3307 2623 3389 inquiremuS,
2657 3306 2954 3370 conside·

326 3421 545 3478 rantes
580 3413 723 3495 ejus
754 3413 1019 3479 effectus
1052 3413 1351 3480 formales
1395 3422 1457 3480 et
1502 3421 1720 3496 partes
1753 3415 2178 3494 integrantes:
2225 3414 2396 3496 quod
2443 3419 2513 3477 ut
2563 3414 2787 3477 melius
2821 3413 2954 3477 fieri

328 3521 547 3601 possit,
588 3518 904 3584 nonnulla
935 3520 1015 3586 de
1048 3519 1375 3584 habitibus
1407 3527 1472 3585 et
1505 3519 1845 3584 virtutibus
1878 3519 2219 3584 inserenda
2250 3526 2467 3594 erunt;
2501 3537 2696 3601 quam
2735 3518 2954 3600 dispu-

329 3627 641 3692 tationem
674 3624 998 3707 excipient
1020 3626 1499 3708 justificationis
1518 3643 1759 3691 causae
1793 3633 1988 3707 atque
2020 3628 2458 3706 proprietates,
2493 3625 2707 3704 Quare
2738 3626 2955 3688 omnia

331 3734 407 3802 ad
439 3735 807 3816 quinque
839 3734 1293 3800 revocabimus
1326 3735 1645 3798 articulos

1330 3927 1853 3995 Articulus
1901 3926 1964 3993 Ι.

394 4054 493 4119 De
543 4061 860 4118 natura
904 4058 983 4117 et
1029 4050 1405 4116 essentia
1443 4051 2111 4132 justificationis
2159 4049 2604 4114 secundum
2655 4047 2899 4111 fidem

1389 4155 1905 4220 catholicam.

518 4308 661 4370 160.
710 4300 967 4368 Thosls
997 4298 1314 4369 CXCIX.
1362 4321 1452 4373 In
1480 4320 1986 4386 ,iustificatione
2013 4319 2404 4384 peccatoris
2435 4321 2722 4383 peccata
2742 4329 2788 4368 a
2815 4317 2956 4368 Deo

335 4429 493 4469 vere
527 4414 1000 4467 remittuntur
1035 4415 1103 4466 et
1138 4412 1483 4467 delentur.

515 4535 961 4603 Declaratio.
1015 4537 1223 4596 Thesis
1255 4539 1344 4595 est
1374 4536 1447 4594 de
1482 4536 1611 4606 fide,
1646 4540 1715 4594 ut
1746 4539 1913 4611 patet
1932 4553 2001 4592 ex
2021 4533 2255 4593 concilii
2284 4531 2442 4591 trid
2461 4530 2625 4590 enti
2645 4531 2718 4588 ni
2750 4546 2890 4587 sese.
2916 4539 2948 4590 5

336 4647 385 4690 c.
422 4639 489 4691 5:
522 4629 631 4698 ,Si
663 4628 797 4703 quis
828 4648 935 4704 per
964 4628 1115 4686 Jesu
1145 4627 1366 4686 Christi
1395 4626 1666 4702 gratiam,
1701 4643 1854 4700 quae
1885 4624 1948 4681 in
1981 4623 2337 4698 baptismate
2370 4620 2688 4687 confertur,
2722 4623 2953 4676 reatum

339 4717 647 4794 originalis
678 4718 905 4793 peccati
936 4717 1161 4776 remitti
1194 4719 1392 4793 negat,
1437 4717 1544 4773 aut
1587 4714 1763 4773 etiam
1811 4713 2039 4782 asserit,
2089 4729 2207 4769 non
2251 4710 2385 4769 tolli
2429 4713 2626 4767 totum
2671 4707 2750 4777 id,
2798 4707 2957 4781 quod
