3538 5364
561 272 649 337 30
1067 264 1253 318 Tract.
1284 263 1429 317 vm.
1458 264 1527 317 de
1555 263 1758 335 gratia.
1787 264 1868 318 De
1895 264 2441 335 supernaturalitate
2466 264 2687 335 gratiae

560 446 920 521 naturalis;
955 464 1106 527 ergo
1141 445 1282 526 ejus
1315 445 1592 509 influxus
1626 445 1708 508 ad
1741 460 1943 526 opera
1972 445 2286 509 salutaria
2306 463 2423 509 seu
2444 445 2650 526 gratia
2670 438 2770 510 est
2790 454 3180 528 supernatu-

563 550 739 615 ralis,
773 551 1124 616 Praeterea
1157 553 1229 621 d.
1264 552 1470 633 gratia
1499 551 1916 633 proportione
1946 551 2337 634 respondere
2370 551 2564 616 dehet
2581 551 2709 629 fini,
2730 552 2813 616 ad
2834 570 3027 634 quem
3047 553 3180 616 dis-

564 660 748 740 ponit
780 665 844 723 et
877 659 1197 723 conducit.
1230 658 1429 741 Atqui
1461 659 1563 722 hic
1597 664 1696 722 est
1729 657 2265 740 supernaturalis.
2325 658 2493 739 Ergo
2539 665 2605 723 et
2648 659 2856 740 gratia
2888 659 2971 722 ad
3002 659 3180 722 illum

558 766 941 831 necessaria
974 767 1058 851 (n.
1092 766 1258 851 31⁶).
1291 785 1355 832 e.
1389 765 1656 829 Accedit
1688 764 1941 829 subtilis
1975 785 2023 828 s.
2057 766 2503 846 Augustini
2547 766 2627 830 de
2661 763 2828 830 Gen..
2849 766 2933 829 ad
2961 764 3048 831 lit.
3079 766 3183 842 IX,

573 878 646 941 17
682 872 1053 953 disputatio,
1090 888 1223 955 qua
1254 880 1443 937 actus
1478 871 1798 936 salutares
1833 871 2136 953 operibus
2168 872 2573 936 miraculosis
2605 871 2872 948 confert,
2905 891 3182 955 quorum

572 979 859 1042 rationes
895 977 1241 1043 seminales
1275 979 1467 1043 rebus
1517 978 1753 1042 creatis
1805 978 2045 1043 inditae
2091 984 2156 1042 et
2205 985 2590 1042 concreatae
2639 997 2771 1042 non
2815 986 2982 1053 sunt,
3016 980 3185 1042 sicut

572 1084 916 1149 effectuum
949 1084 1356 1162 naturalium,
1391 1085 1500 1168 qui
1520 1086 1876 1151 secundum
1896 1085 2385 1150 usitatissimum
2424 1104 2684 1149 cursum
2717 1104 2931 1150 rerum
2951 1093 3183 1166 sponte

578 1190 780 1257 veluti
812 1210 932 1255 sua
963 1211 1200 1257 causas
1235 1197 1494 1256 creatas
1527 1199 2042 1275 consequuntur:
2073 1192 2186 1256 sed
2208 1191 2402 1256 tribui
2421 1191 2658 1257 dehent
2677 1191 2970 1257 Creatori
2988 1211 3183 1273 super

560 1301 737 1363 hunc
771 1316 1032 1363 cursum
1085 1318 1301 1363 rerum
1353 1299 1742 1363 naturalium
1791 1318 1910 1381 pro
1961 1318 2080 1363 sua
2130 1298 2597 1381 omnipotentia
2646 1299 2954 1379 operanti.
3019 1298 3182 1362 Nam

571 1407 805 1479 „habet
838 1405 1011 1470 Deus
1044 1407 1110 1469 in
1143 1408 1357 1486 seipso
1391 1406 1812 1470 absconditas
1846 1406 2250 1489 quorundam
2268 1405 2586 1470 factorum
2605 1424 2862 1483 causaS,
2895 1424 3058 1487 quas
3077 1424 3183 1469 re·

563 1512 683 1576 bus
716 1512 991 1576 conditis
1027 1530 1160 1575 non
1194 1511 1479 1588 inseruit,
1515 1530 1754 1595 easque
1786 1512 2009 1595 implet
2039 1531 2171 1576 non
2201 1511 2308 1576 illo
2343 1531 2540 1593 opere
2570 1511 3032 1592 providentiae,
3052 1529 3182 1593 quo

565 1620 819 1683 naturis
855 1619 1209 1695 substituit,
1240 1624 1314 1682 ut
1347 1619 1509 1682 sint:
1541 1619 1654 1683 sed
1688 1619 1814 1696 illo,
1849 1638 1977 1701 quo
2010 1638 2123 1683 eas
2157 1618 2581 1695 administrat,
2616 1624 2687 1682 ut
2705 1617 2996 1695 voluerit,
3019 1636 3183 1700 quas

563 1733 635 1790 ut
656 1727 873 1799 voluit,
896 1726 1197 1790 condidit.
1232 1724 1323 1789 Ibi
1342 1732 1443 1791 est
1464 1732 1528 1790 et
1548 1725 1775 1807 gratia,
1798 1745 1913 1809 per
1932 1746 2128 1809 quam
2146 1725 2308 1790 salvi
2329 1726 2489 1790 fiunt
2506 1731 2882 1807 peccatores
2904 1726 2988 1811 (n.
3007 1727 3175 1811 33).«

744 1885 844 1939 35.
881 1870 1255 1940 Scholion.
1289 1875 1375 1933 De
1406 1876 1958 1950 supernatur-alitam
1986 1878 2212 1953 qratiae
2241 1883 2292 1934 et
2323 1883 2554 1934 actuum
2572 1875 2942 1932 salutarium.
2964 1904 3051 1913 —
3069 1872 3180 1930 Ec-

560 1966 746 2025 clesia
775 1965 1041 2025 nondum
1072 1964 1360 2034 definivit,
1407 1964 1661 2039 gratiam
1702 1965 2095 2024 necessariam
2140 1966 2211 2023 ad
2258 1969 2426 2024 actus
2471 1965 2758 2022 salutares
2805 1979 3182 2038 superna-

561 2056 899 2113 turalem
929 2074 1087 2114 esse:
1121 2053 1230 2111 hoc
1260 2058 1461 2111 tamen
1493 2053 1729 2113 eruitur
1759 2073 1829 2112 ex
1860 2054 1989 2129 ipsa
2019 2055 2246 2131 gratiae
2274 2054 2534 2124 notione,
2568 2052 2713 2111 adeo
2743 2056 2815 2110 ut
2845 2051 2962 2109 dici
2994 2050 3184 2126 possit

560 2144 699 2202 fidei
731 2143 1067 2220 proximum
1097 2144 1191 2201 vel
1224 2143 1434 2202 saltem
1455 2142 1724 2201 doctrina
1743 2143 2042 2201 catholica.
2074 2143 2335 2203 Ecclesia
2355 2142 2624 2201 definivit
2640 2145 2893 2207 tantum,
2927 2139 3183 2215 gratiam

558 2251 689 2291 esse
720 2232 1047 2310 gratuitam
1080 2251 1187 2291 seu
1218 2231 1565 2290 indebitam.
1611 2232 1694 2290 Ex
1728 2250 1798 2290 eo
1827 2235 2044 2303 autem,
2080 2232 2238 2306 quod
2271 2230 2500 2308 aliquid
2534 2231 2615 2288 sit
2644 2230 2997 2299 indebitum,
3030 2247 3180 2287 non·

561 2323 704 2380 dum
750 2322 1044 2397 sequitur,
1095 2320 1248 2379 illud
1295 2337 1422 2379 esse
1471 2320 1834 2380 intrinsecus
1885 2322 2352 2397 supernaturale.
2422 2320 2744 2379 Veritatem
2788 2322 2988 2376 tamen
3033 2318 3182 2375 hanc

564 2410 775 2469 saltem
807 2410 1097 2470 indirecte
1131 2409 1375 2467 definire
1410 2410 1698 2485 cogitavit
1728 2428 1890 2471 conc.
1921 2410 2376 2471 vaticanum.
2442 2410 2690 2467 Paratus
2724 2407 3017 2484 siquidem
3049 2407 3182 2465 erat

562 2518 685 2562 can.
720 2496 813 2580 (1)
846 2499 920 2557 de
951 2500 1143 2576 gratia
1176 2498 1584 2573 Redemptoris
1614 2493 1749 2581 (V):
1787 2498 1890 2567 ,Si
1923 2499 2059 2574 quis
2091 2499 2401 2576 negaverit
2429 2517 2537 2575 per
2568 2496 2870 2556 Christum
2888 2495 3181 2570 Redemp-

559 2592 753 2647 torem
785 2589 1187 2647 instauratum
1220 2605 1347 2646 esse
1379 2587 1645 2645 ordinem
1680 2588 2156 2664 supernaturalis
2187 2588 2430 2665 gratiae,
2465 2589 2531 2649 A.
2567 2590 2697 2657 ἃς(
2745 2591 2807 2646 et
2852 2585 2996 2644 satis
3026 2585 3180 2643 clare

563 2678 852 2753 expressit
896 2677 1095 2737 verbis
1140 2676 1297 2736 infra
1339 2675 1592 2735 citandis
1637 2696 1694 2739 n.
1744 2676 1881 2740 39⁵.
1945 2677 2375 2754 Propositionis
2409 2675 2831 2737 certitudinem
2861 2674 3042 2735 nimis
3080 2693 3177 2732 ex-

558 2769 771 2825 tenuat
801 2767 1159 2843 Ripalda,
1194 2767 1300 2841 qui
1331 2765 1487 2824 inter
1520 2766 1637 2824 alia
1668 2766 1879 2824 scribit
1908 2767 2059 2844 disp.
2103 2779 2173 2830 10
2211 2787 2267 2826 n.
2305 2777 2376 2831 81
2403 2788 2417 2824 :
2456 2766 2618 2836 ,Nos
2650 2785 2771 2825 non
2802 2765 2874 2824 de
2905 2763 3038 2833 fide,
3074 2763 3175 2822 sed

554 2856 1059 2931 probabilius
1091 2856 1400 2914 dumtaxat
1429 2873 1497 2912 ea
1527 2856 1748 2914 auxilia
1779 2857 2100 2915 asserimus
2131 2856 2338 2915 vitalia
2355 2856 2798 2929 intrinseceque
2820 2855 3179 2930 supernatu-

558 2945 707 3004 ralia
736 2963 884 3007 esse.
947 2946 1168 3018 Aliqua
1198 2943 1418 3002 auxilia
1448 2946 1512 3002 et
1541 2963 1720 3020 opera
1749 2945 2070 3005 intrinsece
2104 2944 2582 3023 supernaturalia
2611 2946 2786 3021 longe
2810 2945 2934 3019 jam
2965 2942 3180 3018 proba·

559 3033 759 3092 biliori
777 3035 1191 3112 theologorum
1209 3051 1506 3092 consensu
1535 3033 1599 3092 in
1630 3034 1847 3093 scholis
1866 3035 2287 3094 admittuntur.
2304 3043 2332 3072 ‘¹
2382 3034 2509 3103 Qua
2527 3034 2828 3093 occasione
2846 3030 3175 3108 quaeritur,

561 3127 766 3182 utrum
798 3127 966 3182 actus
999 3122 1288 3182 salutares
1324 3122 1447 3180 sint
1476 3126 1960 3198 supernaturales
1992 3125 2318 3183 secundum
2349 3143 2457 3182 mo
2474 3125 2570 3183 du
2587 3144 2643 3182 m
2675 3126 2929 3188 tantum,
2979 3138 3056 3179 an
3085 3138 3177 3178 se·

557 3212 824 3270 cundum
871 3211 1423 3272 substantiam.
1488 3210 1614 3270 Hoc
1658 3215 1958 3289 posterius
2002 3214 2400 3272 communiter
2436 3214 2561 3287 jam
2605 3216 2858 3272 tuentur
2902 3210 3176 3287 theologi,

557 3301 702 3358 adeo
734 3305 805 3358 ut
853 3301 1233 3377 ,oppositam
1263 3300 1621 3375 opinionem,
1670 3304 1824 3361 teste
1857 3303 1938 3360 Ri
1959 3303 2184 3379 palda
2214 3303 2270 3366 d.
2304 3312 2386 3365 44
2417 3322 2475 3364 n.
2511 3312 2565 3373 4,
2616 3301 2901 3379 gravibus
2933 3302 3179 3376 carpant

558 3390 855 3459 censuris;
890 3391 1138 3448 Canus
1170 3390 1274 3460 ait,
1309 3407 1427 3447 non
1461 3391 1653 3449 solum
1687 3409 1813 3449 esse
1844 3392 2052 3450 falsam
2083 3394 2144 3450 et
2170 3392 2578 3470 periculosam,
2613 3391 2714 3449 sed
2745 3408 3069 3460 erroneam,
3103 3407 3179 3447 ne

559 3478 724 3553 quid,
760 3479 943 3550 addit,
978 3478 1247 3537 acerbius
1278 3478 1499 3549 dicam;
1549 3479 1585 3537 S
1604 3483 1781 3538 otus
1827 3500 1949 3539 non
1980 3500 2105 3540 esse
2135 3484 2327 3540 tutam
2359 3484 2422 3539 et
2452 3500 2487 3538 a
2518 3480 2572 3538 d.
2604 3480 2825 3538 Thoma
2847 3478 3177 3554 judicatam

559 3567 932 3644 pelagianam
949 3591 963 3638 ;
999 3569 1037 3626 Z
1054 3588 1095 3626 u
1111 3588 1171 3625 m
1188 3568 1257 3625 el
1288 3585 1414 3626 esse
1439 3568 1887 3643 improbabilem
1910 3588 1976 3628 ac
1995 3589 2172 3629 sanae
2190 3570 2495 3629 doctrinae
2514 3569 2814 3628 dissonam
2830 3592 2843 3640 ;
2877 3569 2934 3627 M
2950 3587 2982 3626 e
2997 3568 3128 3625 din
3144 3587 3178 3625 a

555 3674 713 3724 vero,
748 3658 1084 3734 oppositum
1125 3652 1279 3738 (scil.
1313 3657 1672 3716 sententiam
1706 3654 2103 3743 communem)
2149 3677 2278 3718 esse
2323 3659 2395 3717 de
2441 3659 2555 3718 fide
2601 3658 2904 3717 catholica.
2968 3656 3176 3715 Mitius

558 3745 749 3803 nostri
783 3746 1049 3806 doctores
1082 3745 1266 3804 locuti
1301 3750 1502 3804 sunt<
1570 3747 1777 3823 Lugo
1823 3748 1895 3807 de
1940 3748 2052 3806 fide
2098 3748 2153 3809 d.
2189 3758 2222 3810 9
2261 3766 2305 3808 s,
2343 3758 2376 3810 2
2410 3767 2468 3808 n.
2505 3758 2585 3811 29
2620 3768 2749 3807 eam
2780 3747 2928 3805 dicit
2959 3764 3174 3817 ,veram

556 3837 620 3891 et
650 3852 1021 3894 communem
1045 3836 1168 3910 jam
1202 3835 1479 3893 omnibus
1512 3836 1918 3908 scholasticis,‘
1949 3837 2314 3913 eandemque
2347 3837 2601 3908 ,divinae
2621 3836 2950 3913 theologiae
2982 3834 3175 3911 magis

559 3930 1035 3983 consentaneam‘
1070 3927 1272 3983 censet
1303 3924 1604 3988 Suarez.
1653 3925 1730 3983 Et
1760 3943 1964 3985 revera
1994 3930 2160 3985 actus
2194 3927 2483 3985 salutares
2516 3945 2639 3985 esse
2671 3924 2996 3984 secundum
3029 3923 3175 3983 sub-

560 4013 837 4078 stantiam
871 4014 1355 4090 supernaturales
1388 4030 1453 4076 a.
1487 4014 1794 4091 colligitur
1838 4034 1907 4073 ex
1952 4015 2424 4091 impotentia
2466 4016 2741 4074 absoluta
2787 4018 3034 4072 naturae
3080 4012 3175 4071 vel

560 4102 861 4180 angelicae
910 4107 971 4162 et
1020 4122 1089 4162 ex
1140 4103 1346 4161 oborta
1390 4103 1528 4161 inde
1564 4102 1840 4162 absoluta
1868 4099 2227 4163 necessitate*
2249 4104 2475 4181 gratiae
2519 4104 2593 4162 ad
2637 4107 2806 4162 actus
2853 4103 3174 4171 salutares;

559 4187 634 4254 b.
680 4210 748 4250 ex
796 4193 1274 4251 connexione
1320 4195 1563 4250 actuum
1609 4192 1962 4252 salutarium
2006 4211 2141 4251 cum
2172 4194 2363 4270 gratia
2393 4193 2797 4252 sanctificante
2841 4195 2902 4251 et
2945 4191 3176 4250 visione

558 4280 845 4351 beatifica,
893 4299 1044 4356 quae
1090 4285 1344 4357 utraque
1377 4282 1704 4341 secuudum
1738 4281 2136 4340 substantiam
2180 4283 2274 4341 est
2318 4282 2817 4358 supernaturalis;
2870 4296 2935 4344 c.
2986 4299 3055 4339 ex
3105 4299 3174 4339 eo

558 4370 721 4444 quod
753 4370 1045 4447 assignari
1075 4371 1288 4445 nequit
1324 4370 1536 4430 modus
1581 4371 1701 4440 ille,
1748 4371 1855 4446 qui
1897 4375 2095 4429 actum
2141 4372 2465 4430 secundum
2500 4371 2898 4430 substantiam
2930 4373 3175 4429 natura-

558 4459 678 4522 lem
709 4459 919 4517 reddat
949 4459 1033 4516 ita
1064 4460 1595 4558 supernaturalem,
1646 4463 1717 4519 ut
1760 4461 1833 4518 ad
1880 4479 2015 4519 eum
2053 4459 2410 4519 eliciendum
2440 4461 2613 4520 nulla
2642 4460 2898 4520 sufficiat
2926 4461 3176 4518 naturae

560 4546 771 4606 virtus.
838 4548 1045 4622 Neque
1077 4546 1238 4605 enim
1270 4548 1373 4605 ille
1404 4548 1616 4607 modus
1649 4552 1742 4608 est
1772 4551 1960 4625 major
1991 4550 2114 4607 sive
2145 4548 2363 4608 inten
2381 4550 2526 4620 sic,
2575 4569 2726 4625 quae
2767 4567 2889 4608 non
2920 4547 3174 4623 requiri-

560 4636 708 4694 tur
693 4656 759 4694 1n
789 4636 1021 4695 actibus
1054 4636 1431 4705 salutaribus,
1465 4638 1590 4696 sive
1623 4637 2016 4697 facilitas·
2052 4638 2161 4696 hoc
2190 4638 2350 4696 enim
2381 4656 2639 4698 asserere
2670 4642 2762 4698 est
2793 4638 3173 4715 pelagianum

556 4721 644 4805 (n.
681 4720 821 4808 39),
866 4744 1059 4800 neque
1091 4725 1358 4802 specialis
1389 4725 1773 4803 dignitas,
1823 4746 1973 4802 quae
2018 4727 2236 4804 pendet
2267 4727 2469 4802 potius
2504 4748 2538 4787 a
2568 4727 2833 4804 subjecto
2866 4725 3170 4796 eliciente3
