3538 5364
641 308 771 374 468
878 301 1061 354 Tract.
1089 300 1179 355 IX.
1209 300 1278 353 de
1305 298 1678 369 poenitentia.
1707 298 1903 353 Thesis
1921 297 2255 355 CCXLVIII.
2296 298 2679 353 Confessionis
2699 299 3013 356 necessitas

641 489 952 556 occultare,
987 504 1162 561 quem
1187 485 1338 543 nihil
1361 484 1544 554 fallat,
1579 487 1639 543 et
1671 485 1799 543 sine
1818 485 2083 560 periculo
2102 485 2335 561 prodas,
2370 484 2527 561 quod
2564 485 2712 543 scias
2736 486 2861 561 jam
2893 502 3026 543 esse
3056 484 3268 561 cogni·

638 580 800 635 tum:
847 576 1123 634 confitere
1168 574 1372 651 magis,
1421 577 1491 633 ut
1534 574 1893 633 interveniat
1922 593 2030 649 pro
2062 577 2123 632 te
2155 575 2441 645 Christus,
2489 593 2668 649 quem
2700 574 3052 632 advocatum
3083 573 3261 632 habe·

638 684 772 724 mus
806 665 963 741 apud
995 664 1248 735 Patrem,
1280 667 1455 739 roget
1482 681 1590 738 pro
1621 665 1680 721 te
1711 663 1974 722 Ecclesia
2004 667 2065 722 et
2095 663 2411 722 illacrimet
2441 663 2717 740 populus,
2735 671 2762 700 ‘
2783 697 2872 706 —
2900 663 2979 720 Et
3009 663 3056 720 P
3074 663 3271 720 acia·

637 773 778 813 nus
817 773 1051 829 pat-aen.
1085 753 1157 810 ad
1189 753 1407 829 poenit.
1440 772 1498 811 n.
1533 761 1588 814 6.
1625 761 1692 816 8:
1755 753 1950 828 ,Rogo
1997 770 2138 829 ergo
2183 771 2306 823 VOS,
2357 753 2587 822 fratrae,
2634 752 2813 811 etiam
2859 770 2967 827 pro
2999 751 3265 826 periculo

637 862 784 913 mec,
818 863 923 919 per
951 843 1124 901 illum
1157 842 1494 910 Dominum,
1529 859 1708 915 quem
1741 841 1971 900 occulta
2001 860 2119 899 non
2155 842 2392 912 fallunt,
2428 841 2685 901 desinite
2717 841 3093 899 vulneratam
3126 859 3269 899 con-

637 937 837 1008 tegere
868 931 1303 991 conscientiam.
1367 930 1695 989 Prudentes
1741 930 1904 1007 aegri
1948 930 2207 989 medicos
2254 947 2374 989 non
2419 933 2719 999 verentur,
2772 948 2846 987 ne
2897 930 2962 987 in
3011 930 3265 987 occultis

637 1021 875 1097 quidem
897 1038 1210 1095 corporum
1232 1020 1501 1096 partibus
1521 1019 1701 1078 etiam
1722 1023 2040 1089 secaturOS,
2062 1020 2240 1078 etiam
2257 1023 2627 1096 perusturos
2663 1020 2939 1077 Peccator
2951 1019 3269 1076 erubescet

637 1111 984 1185 perpetuam
1015 1109 1199 1167 vitam
1232 1109 1527 1186 praesenti
1562 1109 1786 1183 pudore
1817 1109 2061 1167 mercari
2096 1153 2107 1165 .
2143 1154 2156 1167 .
2189 1154 2202 1167 .
2251 1129 2327 1168 an
2372 1110 2456 1168 sic
2486 1109 2577 1168 illi
2612 1107 2822 1166 melius
2855 1111 2950 1166 est
2978 1107 3271 1182 perire?‘

815 1194 885 1262 d.
931 1198 1236 1256 Accedunt
1280 1198 1499 1257 diserta
1542 1197 1889 1256 testimonia
1933 1201 1993 1256 et
2037 1197 2191 1256 facta
2235 1198 2556 1257 luculenta.
2621 1199 2715 1256 Ita
2762 1196 2974 1254 scribit
3024 1214 3069 1253 s,
3123 1195 3274 1254 Leo

637 1307 727 1362 ep.
783 1295 900 1350 148
947 1286 1022 1344 ad
1066 1288 1371 1362 episcopos
1418 1286 1795 1363 Campaniae:
1850 1287 2062 1354 „Illam
2113 1288 2290 1345 etiam
2337 1291 2540 1345 contra
2583 1285 2959 1363 apostolicam
2993 1285 3270 1361 regulam

638 1376 1198 1452 praesumptionem,
1245 1395 1422 1451 quam
1469 1394 1661 1451 nuper
1704 1375 1921 1453 agnovi
1966 1395 2001 1434 a
2044 1376 2404 1451 quibusdam
2435 1376 2648 1434 illicita
2680 1373 3075 1450 usurpatione
3106 1391 3271 1432 com-

636 1465 814 1535 mitti,
848 1464 1039 1522 modis
1072 1465 1345 1523 omnibus
1379 1466 1680 1524 constituo
1713 1464 2086 1523 submoveri:
2133 1465 2204 1523 de
2236 1466 2606 1540 poenitentia
2636 1463 2930 1533 videlicet,
2982 1482 3139 1538 quae
3186 1464 3271 1520 ita

636 1573 671 1611 a
715 1553 992 1612 fidelibus
1037 1554 1395 1628 postulatur,
1447 1557 1517 1612 ut
1566 1554 1635 1612 de
1683 1546 2063 1630 singulorum
2107 1556 2484 1630 peccatorum
2530 1572 2746 1631 genere
2779 1551 3004 1610 libellis
3041 1552 3277 1627 scripta

635 1643 924 1719 professio
956 1641 1195 1717 publice
1227 1643 1523 1715 recitetur,
1571 1662 1704 1701 cum
1750 1646 1951 1702 reatus
1987 1643 2482 1702 conscientiarum
2521 1643 2781 1702 sufficiat
2812 1641 2955 1699 solis
2990 1641 3271 1699 sacerdo-

636 1732 802 1790 tibus
846 1731 1105 1790 indicare
1150 1731 1517 1790 confessione
1563 1735 1850 1812 secreta«
1884 1765 1972 1776 —
2004 1731 2442 1808 Cyprianus
2493 1732 2694 1808 lapsos
2742 1750 2803 1789 n.
2855 1738 2934 1791 29
2987 1730 3075 1787 ita
3127 1731 3268 1788 hor-

636 1824 831 1880 tatur:
877 1819 1321 1889 ,Confiteantur
1352 1821 1592 1898 singuli,
1641 1839 1861 1896 quaeso
1894 1839 2014 1891 voa,
2063 1821 2277 1880 fratres
2309 1821 2695 1892 dilectissimi,
2742 1819 3025 1878 delictum
3059 1837 3268 1888 suum,

638 1910 779 1968 dum
813 1910 1003 1968 adhuc
1034 1909 1137 1984 qui
1170 1910 1426 1983 deliquit
1456 1910 1520 1967 in
1553 1911 1750 1969 seculo
1784 1913 1893 1981 est,
1926 1909 2068 1967 dum
2102 1910 2339 1968 admitti
2372 1910 2662 1969 confessio
2693 1912 2823 1984 ejus
2854 1911 3072 1982 potest,
3119 1908 3266 1966 dum

636 1998 957 2058 satisfactio
989 2001 1051 2056 et
1078 1998 1347 2058 remissio
1378 1998 1532 2057 facta
1560 2018 1667 2075 per
1698 2000 2031 2058 sacerdotes
2063 1999 2224 2073 apud
2248 1999 2562 2058 Dominum
2585 2003 2755 2076 grata
2786 2002 2937 2055 est.‘
2962 2029 3049 2038 —
3071 1996 3271 2066 Quare

634 2087 1171 2147 Theodoretus
1204 2087 1394 2163 carpit
1426 2088 1581 2146 haer.
1613 2089 1727 2150 fab.
1759 2088 1859 2161 IV,
1912 2099 1985 2150 10
2020 2087 2438 2165 audianos,
2490 2088 2692 2164 ,quod
2724 2105 2863 2145 vera
2892 2097 3137 2160 peccatu
3174 2082 3269 2167 (in

633 2176 1023 2254 poenitentia)
1072 2178 1350 2247 celarent,
1398 2195 1531 2236 cum
1565 2197 1753 2253 parva
1783 2180 2027 2252 peccata
2058 2180 2119 2234 et
2149 2177 2352 2253 gravia
2385 2177 2676 2236 sacerdoti
2707 2176 3027 2252 aperienda
3060 2175 3264 2245 sint3‘

633 2285 789 2337 nam,
821 2269 891 2324 ut
921 2266 1123 2341 inquit
1154 2267 1190 2324 S
1210 2285 1618 2325 ozomenus
1649 2266 1721 2330 H.
1755 2267 1819 2324 E.
1852 2266 1980 2335 VII,
2022 2276 2117 2334 16,
2172 2266 2278 2334 „in
2324 2267 2580 2341 petenda
2611 2266 2784 2324 venia
2814 2267 3129 2339 peccatum
3163 2284 3265 2323 ne·

636 2355 888 2414 cessario
919 2355 1186 2414 confiteri
1219 2356 1513 2430 oportet.‘
1583 2354 1663 2414 Cf.
1696 2355 1854 2413 infra
1883 2373 1943 2412 n.
1979 2364 2105 2416 492
2144 2373 2188 2412 S.

811 2443 979 2513 Quod
1010 2445 1164 2502 facta
1194 2463 1332 2503 vero
1364 2444 1599 2513 attinet,
1646 2444 1829 2502 refert
1859 2444 2232 2502 Irenaeus
2263 2444 2308 2514 I,
2347 2454 2380 2506 6
2417 2447 2479 2503 et
2518 2454 2593 2506 13
2627 2463 2685 2502 n.
2722 2453 2779 2505 6.
2815 2453 2847 2503 7
2886 2442 2959 2500 de
2992 2441 3242 2500 mulieri-

633 2533 748 2591 bus
780 2553 816 2591 a
846 2534 1036 2592 Marco
1068 2533 1476 2592 haeresiarcha
1507 2534 1836 2608 corruptis:
1889 2532 2054 2601 ,Hae
2087 2533 2428 2608 saepissime
2460 2551 2778 2591 conversae
2825 2531 2896 2588 ad
2939 2530 3251 2589 Ecclesiam

636 2622 742 2680 Dei
774 2621 1074 2680 confessae
1106 2625 1249 2680 sunt
1279 2625 1338 2679 et
1370 2622 1695 2680 secundum
1729 2639 1942 2699 corpus
1986 2622 2409 2680 exterminatas
2456 2641 2518 2681 se
2564 2624 2638 2680 ab
2680 2641 2747 2681 eo
2779 2620 2951 2679 velut
2982 2619 3263 2696 cupidine

633 2715 695 2770 et
725 2712 1118 2771 inflammatas
1165 2711 1334 2770 valde
1367 2712 1538 2770 illum
1572 2732 1633 2770 se
1666 2712 2021 2781 dilexisse3‘
2070 2714 2131 2769 et
2175 2711 2247 2770 de
2293 2712 2422 2787 ejus
2471 2712 2810 2788 discipulis:
2861 2711 3129 2778 ,Multas
3177 2728 3260 2767 se-

633 2802 931 2859 duxerunt
961 2800 1258 2870 mulieres,
1307 2819 1456 2875 quae
1501 2801 1886 2859 cauterizatas
1920 2800 2309 2859 conscientias
2341 2801 2644 2874 habentes,
2693 2799 2986 2876 quaedam
3021 2798 3263 2874 quidem

634 2891 811 2949 etiam
845 2889 1165 2947 manifesto
1197 2890 1632 2965 exomologesin
1673 2889 1929 2948 faciunt:
1978 2889 2267 2964 quaedam
2298 2894 2497 2949 autem
2530 2892 2867 2949 reverentes
2900 2889 3009 2946 hoc
3041 2888 3257 2962 ipsum,

634 2981 696 3037 in
731 2979 970 3037 silentio
1004 2978 1226 3035 sensim
1259 2977 1606 3054 semetipsas
1637 2979 1968 3049 retrahunt,
2003 2978 2390 3053 desperantes
2425 3000 2457 3037 a
2486 2980 2612 3038 vita
2635 2980 2769 3041 Dei:
2804 2977 3097 3053 quaedam
3132 2976 3266 3050 qui-

636 3068 766 3125 dem
799 3067 862 3125 in
893 3070 1090 3125 totum
1122 3066 1549 3137 abscesserunt,
1587 3067 1875 3141 quaedam
1909 3070 2107 3126 autem
2141 3068 2301 3126 inter
2332 3072 2654 3143 utrumque
2685 3067 2969 3126 dubitant
3000 3068 3157 3124 etc.‘
3179 3099 3267 3107 —

635 3157 717 3213 De
765 3174 809 3217 s,
856 3155 1261 3215 Ambrosio
1308 3160 1507 3214 narrat
1538 3157 1825 3215 Paulinus
1856 3158 1986 3233 ejus
2018 3158 2286 3215 notarius
2336 3158 2396 3214 in
2440 3157 2629 3233 ipsius
2662 3158 2788 3216 vita
2816 3175 2873 3213 n.
2912 3163 3026 3217 39:
3081 3154 3266 3223 ,Erat

636 3246 812 3303 etiam
844 3245 1107 3321 gaudens
1139 3263 1271 3303 cum
1303 3245 1704 3321 gaudentibus
1736 3253 1797 3303 et
1827 3246 1974 3305 fiens
2009 3264 2141 3304 cum
2174 3246 2474 3316 flentibus,
2510 3246 2822 3321 siquidem,
2874 3244 3262 3319 quotiescun-

636 3352 752 3409 que
782 3333 874 3391 illi
906 3333 1122 3408 aliquis
1157 3334 1231 3392 ob
1264 3335 1701 3409 percipiendam
1733 3335 2163 3410 poenitentiam
2196 3335 2396 3411 lapsus
2430 3354 2569 3394 suos
2604 3335 2905 3394 confessus
2952 3337 3130 3402 esset,
3181 3333 3271 3389 ita

635 3422 830 3492 flebat,
879 3425 949 3481 ut
993 3425 1055 3480 et
1097 3422 1273 3481 illum
1304 3424 1441 3483 flere
1475 3424 1886 3500 compelleret:
1936 3425 2253 3483 videbatur
2284 3425 2440 3482 enim
2475 3424 2592 3483 sibi
2625 3444 2757 3484 cum
2782 3424 3021 3499 jacente
3050 3422 3263 3496 jacere.

637 3512 849 3570 Causas
882 3514 1077 3570 autem
1113 3512 1443 3585 criminum,
1492 3533 1642 3588 quae
1688 3513 1791 3571 ille
1840 3513 2250 3586 confitebatur,
2298 3514 2451 3572 nulli
2494 3514 2609 3572 nisi
2641 3514 2890 3571 Domino
2922 3511 3051 3579 soli,
3103 3508 3266 3585 apud

635 3619 814 3676 quem
845 3600 1261 3669 intercedebat,
1310 3602 1722 3677 loquebatur.‘
1758 3635 1843 3644 —
1878 3601 2107 3671 Quibus
2142 3602 2357 3660 similia
2386 3603 2640 3679 legimus
2685 3603 2749 3661 in
2794 3602 2918 3661 vita
2965 3618 3011 3657 S.
3044 3599 3273 3657 Hilarii

635 3689 836 3748 arelat.
869 3690 941 3747 ab
974 3690 1238 3765 ejusdem
1271 3692 1601 3766 conscripta
1633 3692 1929 3766 discipulo
1962 3710 2005 3749 c.
2048 3699 2120 3753 13
2158 3686 2350 3772 (Mig.
2389 3702 2490 3762 50,
2547 3686 2772 3774 1233):
2825 3688 3276 3760 ‚Quotiescun-

635 3797 751 3854 que
783 3779 1211 3853 poenitentiam
1242 3779 1424 3848 dedit,
1473 3798 1647 3855 saepe
1693 3780 1788 3837 die
1836 3780 2131 3839 dominico
2178 3780 2249 3837 ad
2298 3800 2432 3838 eum
2480 3781 2659 3839 turba
2701 3781 2864 3839 varia
2895 3777 3271 3846 confluebat;

634 3868 874 3926 volabat
904 3868 977 3925 ad
1010 3870 1139 3942 ejus
1173 3868 1622 3945 castigationem
1654 3870 1999 3946 quicunque
2019 3869 2220 3928 adesse
2241 3869 2494 3940 volebat,
2529 3870 2925 3946 lacrymarum
2958 3885 3021 3924 se
3051 3866 3281 3925 imbri-

635 3958 748 4014 bus
782 3956 1038 4026 eluebat,
1077 3958 1432 4016 coelestibus
1458 3959 1701 4032 judiciis
1722 3958 1971 4018 territus
1995 3958 2419 4033 promissisque
2439 3977 2755 4017 succensus
2789 3958 2943 4016 tanti
2976 3956 3279 4032 gemituS,

635 4046 788 4103 tanti
822 4046 995 4104 fletus
1030 4045 1366 4104 astantibus
1399 4047 1811 4116 nascebantur,
1846 4050 1916 4105 ut
1947 4048 2106 4105 vitae
2138 4048 2469 4123 praesentis
2503 4049 2770 4106 horreret
2789 4045 3275 4105 habitaculum.‘

639 4167 722 4178 —-·
753 4135 1027 4193 Notanda
1057 4135 1196 4192 item
1245 4137 1404 4205 sunt,
1452 4155 1601 4211 quae
1634 4137 2006 4194 Maximus
2040 4142 2193 4196 taur.
2227 4137 2382 4196 hom.
2428 4146 2547 4199 104
2579 4136 2763 4194 refert
2795 4136 2866 4194 de
2899 4132 3277 4211 quibusdam

636 4224 979 4282 haereticis:
1033 4223 1396 4299 ,Praepositi
1444 4243 1647 4282 eorum
1679 4242 1827 4300 quos
1862 4226 2238 4301 presbyteros
2274 4228 2502 4295 vocant,
2553 4225 2835 4284 dicuntur
2878 4223 2999 4282 tale
3041 4222 3273 4281 habere

636 4313 998 4382 mandatum,
1045 4315 1117 4370 ut
1148 4313 1199 4371 si
1232 4314 1366 4388 quis
1399 4314 1682 4372 laicorum
1715 4314 1909 4372 fassus
1942 4314 2125 4373 fuerit
2157 4314 2378 4372 crimen
2411 4314 2754 4384 admissum,
2789 4332 2907 4371 non
2941 4313 3104 4371 dicat
3137 4312 3266 4369 illi:

637 4401 762 4477 Age
792 4402 1234 4476 poenitentiam,
1269 4403 1510 4477 deplora
1540 4403 1692 4461 facta
1720 4407 1842 4472 tua,
1878 4404 2024 4461 defle
2061 4406 2325 4478 peccata3
2361 4404 2462 4462 sed
2496 4404 2686 4462 dicat:
2720 4404 2806 4461 Da
2837 4405 3076 4460 tantum
3114 4400 3267 4458 mihi

637 4497 698 4547 et
743 4490 1130 4566 indulgentur
1173 4491 1346 4549 tibi.‘
1381 4526 1467 4534 —
1498 4491 1569 4549 In
1615 4493 2209 4593 conciliosserman
2232 4494 2344 4551 ico
2377 4492 2422 4555 I.
2454 4512 2504 4550 a.
2542 4502 2665 4555 742
2702 4492 3025 4551 statuitur:
3060 4489 3268 4547 Unus-

637 4578 892 4654 quisque
924 4580 1256 4654 praefectus
1291 4577 1600 4661 (militum)
1635 4601 1825 4669 unum
1855 4581 2274 4656 presbyterum
2309 4578 2534 4654 (secum
2567 4577 2826 4661 habeat),
2862 4580 2969 4656 qui
3002 4578 3269 4637 homini·
3355 4650 3363 4657 ·

636 4668 750 4726 bus
771 4671 1009 4742 peccata
1027 4669 1448 4727 confitentibus
1470 4670 1731 4745 judicare
1762 4678 1824 4728 et
1855 4670 2282 4745 poenitentiam
2303 4670 2565 4730 indicare
2587 4670 2775 4745 possit
2795 4692 2806 4729 :
2824 4677 2851 4706 ‘
2888 4687 3039 4744 quae
3060 4668 3276 4726 denuo

637 4758 1014 4816 inculcantur
1045 4758 1107 4813 in
1140 4759 1386 4816 concilio
1417 4761 1878 4835 moguntino
1910 4779 1959 4817 a.
1996 4770 2120 4823 813
2158 4778 2283 4821 can.
2321 4768 2374 4822 2.
