3538 5364
1273 214 1355 268 De
1374 213 1599 284 ¹iudicio
1627 213 1968 284 particulari
2786 226 2928 293 595ss

480 397 542 465 1.
574 416 667 462 ext
686 394 1027 477 Scripturis
1058 394 1244 460 Eccli.
1282 401 1380 473 11,
1414 400 1532 465 28:
1580 395 1793 459 Facile
1822 402 1909 460 est
1940 416 2151 461 coram
2181 396 2317 461 Deo
2360 399 2430 461 in
2461 399 2559 463 die
2591 400 2789 464 obitus
2819 420 2928 465 νε-Ι

297 505 573 569 tribuere
601 504 934 588 unicuique
962 503 1299 571 secundum
1328 504 1462 568 vias
1490 523 1640 567 suas
1654 526 1682 584 ;
1711 502 1900 569 Hebr.
1935 508 1995 582 9,
2030 510 2149 573 272
2185 504 2498 570 Staeutum
2530 512 2619 570 est
2646 508 2913 571 homini-

297 612 415 675 bus
443 612 622 675 semel
650 611 833 693 mori,
858 615 1001 694 post
1031 608 1139 673 hoc
1171 615 1376 674 autem
1391 609 1737 694 judicium,
1773 628 1942 692 quae
1974 611 2082 674 vix
2102 611 2404 676 concilies
2425 629 2573 677 cum
2593 612 2914 694 figmento,

297 718 466 783 inter
495 722 770 782 mortem
803 721 869 780 et
893 715 1204 798 judicium
1235 717 1455 781 nescio
1487 717 1661 799 quod
1691 716 2060 782 seculorum
2077 718 2476 785 intercedere
2497 738 2796 785 somnum
2816 720 2917 787 vel

298 830 544 889 statum
571 822 1065 889 indifferentiae:
1108 821 1358 905 illisque
1402 822 1581 899 locis„
1630 841 1711 887 ex
1755 823 1988 906 quibus
2032 824 2231 907 liquet
2281 844 2434 890 mox
2464 834 2614 910 post
2642 835 2920 895 mortem

298 930 645 996 discrimen
675 928 906 994 saltem
938 928 1198 1011 aliquod
1230 947 1373 994 esse
1405 929 1571 994 inter
1599 928 1809 994 bonos
1841 936 1908 995 et
1938 930 2163 1008 maloS,
2204 938 2276 997 ut
2307 951 2387 998 ex
2417 934 2729 1015 parabola
2760 953 2919 1018 epu-

296 1035 465 1101 lonis
494 1035 642 1100 Luc.
681 1041 780 1114 16,
812 1038 899 1107 22
929 1055 1045 1111 ss.;
1096 1055 1177 1102 ex
1206 1035 1420 1102 verbis
1452 1036 1689 1101 Christi
1720 1036 1805 1102 ad
1835 1035 2155 1103 latronem
2185 1040 2621 1121 poenitentem
2653 1047 2757 1121 23,
2791 1047 2911 1120 43ς

299 1162 380 1209 ex
410 1143 506 1221 iis,
537 1160 706 1226 quae
751 1143 831 1209 de
860 1143 1026 1209 Juda
1070 1148 1343 1208 testatur
1371 1142 1600 1209 Petrus
1632 1143 1772 1208 Act.
1812 1149 1866 1222 1,
1897 1149 2016 1221 253
2068 1164 2147 1210 ex
2178 1146 2532 1211 visionibus
2563 1168 2611 1213 s.
2643 1149 2912 1215 Joannis

297 1251 366 1314 in
395 1248 783 1332 Apocalypsi
818 1255 873 1327 7,
906 1254 980 1327 9;
1013 1256 1073 1328 6,
1107 1255 1148 1319 9
1180 1270 1295 1325 ss.;
1329 1254 1432 1328 ⁴20,
1463 1256 1507 1319 4
1539 1256 1691 1327 etc.;
1723 1251 2040 1333 ejusmodi
2073 1270 2225 1317 vero
2248 1251 2593 1318 discrimen
2610 1256 2916 1346 supponit

292 1358 430 1440 jam
460 1356 891 1438 praecessisse
916 1356 1240 1438 jndicium.

477 1482 543 1548 2.
579 1479 905 1561 Colligitur
924 1498 1005 1545 ex
1025 1481 1320 1546 doctrina
1347 1488 1619 1562 patrum.
1653 1481 1746 1545 Ita
1778 1481 2291 1563 Augustinus
2323 1484 2403 1549 de
2436 1484 2652 1547 anima
2684 1492 2748 1549 et
2779 1486 2921 1568 eJus

300 1588 453 1668 orig.
485 1584 521 1650 l.
556 1593 599 1657 2
645 1607 704 1651 n.
739 1594 812 1657 8:
882 1586 1084 1660 ⁷,Nam
1132 1587 1302 1664 illud,
1350 1587 1524 1670 quod
1571 1589 1926 1654 rectissime
1977 1597 2040 1655 et
2086 1590 2273 1655 valde
2322 1589 2668 1656 salubriter
2716 1592 2918 1658 credit

301 1692 592 1780 (Victor),
617 1693 891 1775 judicari
921 1694 1191 1771 animas,
1235 1711 1384 1758 cum
1415 1695 1496 1760 de
1528 1695 1905 1777 corporibus
1937 1694 2227 1772 exierint,
2272 1702 2620 1780 antequam
2651 1699 2916 1764 veniant

301 1800 384 1864 ad
414 1800 567 1865 illud
591 1800 917 1882 judicium,
950 1819 1079 1883 quo
1111 1818 1223 1865 eas
1255 1806 1511 1882 oportet
1535 1800 1668 1883 jam
1701 1801 1964 1866 redditis
2004 1801 2380 1885 corporibus
2390 1803 2686 1886 Judicari,
2721 1811 2916 1888 atque

294 1907 366 1970 in
395 1907 552 1989 ipsa,
584 1906 651 1972 in
682 1925 811 1990 qua
842 1907 946 1970 hic
976 1907 1272 1972 vixerunt
1302 1925 1514 1986 carne,
1549 1908 1832 1991 torqueri
1862 1908 1997 1973 sive
2029 1907 2392 1990 glorificari,
2424 1909 2551 1974 hoc
2569 1911 2745 1978 itane
2764 1919 2919 1977 tan-

296 2014 445 2078 dem
478 2015 614 2096 ipse
645 2014 983 2079 nesciebas
998 2017 1028 2077 ?
1061 2014 1216 2094 Quis
1236 2015 1545 2079 adversus
1563 2014 1979 2095 Evangelium
2010 2021 2195 2080 tanta
2216 2018 2458 2082 mentis
2481 2016 2920 2085 obstinatione

296 2120 652 2196 obsurduit,
683 2127 754 2186 ut
784 2120 850 2184 in
882 2118 989 2185 illo
1018 2139 1321 2204 paupere,
1356 2122 1461 2203 qui
1495 2128 1645 2203 post
1661 2127 1934 2185 mortem
1955 2120 2220 2187 ablatus
2255 2130 2355 2189 est
2391 2124 2456 2187 in
2475 2126 2689 2189 sinum
2708 2124 2920 2189 Abra-

298 2228 424 2293 hae
456 2233 519 2292 et
550 2228 618 2291 in
648 2228 753 2291 illo
786 2227 999 2304 divite,
1050 2229 1231 2309 cujus
1282 2229 1346 2291 in
1395 2227 1641 2294 inferno
1693 2229 2014 2293 cruciatus
2065 2230 2406 2312 exponitur
2438 2229 2610 2316 (Luc.
2650 2236 2751 2308 16,
2782 2232 2915 2319 22),

297 2334 428 2399 ista
456 2354 587 2400 non
620 2335 842 2399 audiat
870 2333 974 2399 vel
1006 2334 1229 2399 audita
1261 2353 1393 2400 non
1423 2336 1645 2400 credat
1666 2338 1732 2399 P«

480 2459 544 2525 3.
581 2458 848 2525 Accedit
878 2458 1024 2523 fidei
1054 2458 1368 2541 analogia.
1402 2459 1809 2526 Credendum
1838 2460 2009 2524 enim
2042 2468 2156 2539 est,
2208 2469 2279 2526 ut
2307 2462 2682 2541 videbimus,
2707 2463 2922 2545 justos

301 2570 450 2647 post
480 2571 757 2630 mortem
787 2566 1066 2648 purgari,
1096 2566 1199 2632 vel
1229 2567 1283 2630 si
1315 2567 1733 2633 mundatione
1765 2585 1898 2631 non
1916 2566 2218 2650 indigent,
2252 2588 2403 2633 mox
2438 2570 2636 2652 recipi
2666 2570 2733 2635 in
2764 2589 2920 2635 coe-

300 2669 454 2749 lum,
487 2673 806 2738 malorum
839 2692 990 2738 vero
1025 2674 1274 2739 animas
1306 2681 1457 2756 post
1486 2679 1764 2740 mortem
1796 2674 2047 2740 detrudi
2079 2674 2146 2739 in
2174 2674 2525 2741 infernum:
2557 2676 2730 2759 quod
2760 2697 2918 2760 sup-

300 2779 481 2860 ponit
510 2779 709 2844 latam
740 2780 1144 2857 sententiam,
1177 2780 1503 2847 sententia
1536 2799 1688 2848 vero
1712 2780 2023 2861 judicium
2038 2783 2103 2868 ¹).

480 2909 626 2974 641.
660 2907 983 2971 Sententia
1014 2912 1146 2970 lata
1177 2927 1322 2969 moa:
1351 2907 1720 2970 exsecutioni
1750 2906 2111 2970 mandatur.
2175 2905 2268 2971 De
2292 2907 2504 2988 justis,
2539 2909 2650 2992 qui
2680 2928 2916 2991 purga-

300 3010 476 3075 tione
508 3011 805 3093 indigent,
838 3010 1013 3076 nulla
1044 3017 1142 3076 est
1172 3009 1527 3089 difficultaS,
1548 3030 1696 3076 cum
1715 3012 2007 3093 practica
2025 3011 2350 3078 Ecclesiae
2384 3012 2563 3090 fides,
2597 3033 2765 3098 quae
2784 3021 2922 3079 sta-

303 3117 418 3180 tim
448 3134 489 3180 a
518 3125 725 3184 morte
754 3137 875 3201 pro
908 3117 1258 3183 eorundem
1290 3137 1326 3183 e
1359 3120 1727 3201 purgatorio
1758 3118 2140 3184 liberatione
2159 3119 2367 3185 Deum
2402 3128 2564 3199 orat,
2597 3129 2923 3204 supponat

301 3222 554 3288 illorum
586 3225 837 3290 animas
857 3225 997 3291 sine
1028 3225 1335 3290 dilatione
1365 3232 1514 3308 post
1545 3231 1819 3289 mortem
1851 3225 2049 3307 recipi
2082 3225 2149 3289 in
2179 3227 2638 3308 purgatorium.
2672 3227 2763 3292 De
2795 3228 2930 3296 im-.

302 3330 521 3412 probis
569 3332 634 3396 id
684 3333 1002 3418 saepius2)
1054 3332 1138 3397 ab
1188 3331 1475 3397 Ecclesia
1523 3337 1623 3396 est
1669 3330 2000 3396 definitum
2032 3337 2103 3395 ut
2136 3349 2177 3395 a
2206 3332 2662 3397 Benedicto
2694 3333 2822 3398 XII.
2853 3334 2921 3399 in

303 3439 765 3505 constitutione
796 3440 1200 3515 ,Benedictus
1231 3438 1418 3503 Deus‘
1452 3457 1493 3503 a
1531 3442 1717 3515 1336,
1750 3438 1818 3501 in
1850 3455 1981 3520 qua
2009 3437 2313 3517 legimus:
2401 3438 2786 3512 ,Definimus
2816 3440 2919 3504 in-

303 3565 513 3627 super,
545 3546 717 3628 quod
749 3547 1105 3612 secundum
1137 3545 1252 3610 Dei
1284 3545 1757 3610 ordinationem
1804 3544 2058 3609 animae
2104 3545 2551 3610 decedentium
2581 3545 2647 3608 in
2681 3546 2931 3610 actuali=

301 3657 571 3733 peccato
604 3653 859 3718 mortali
892 3674 1040 3720 mox
1070 3660 1219 3738 post
1247 3661 1520 3719 mortem
1554 3671 1739 3717 suam
1772 3652 1855 3716 ad
1885 3651 2135 3717 inferna
2166 3653 2582 3730 descendunt,
2613 3653 2725 3716 ubi
2757 3671 2915 3734 poe-

302 3759 402 3822 nis
450 3759 866 3825 infernalibus
917 3762 1337 3826 cruciamus«
1405 3760 1471 3824 Id
1519 3778 1717 3843 porro
1766 3758 2117 3823 tenendum
2168 3766 2266 3824 est
2315 3759 2624 3824 adversus
2670 3757 2928 3842 aliquot

526 3966 563 4034 ¹)
590 3963 656 4018 In
682 3964 967 4019 schemate
986 3967 1164 4018 const.
1184 3963 1543 4035 dogmaticae
1563 3963 1633 4016 de
1654 3961 1832 4016 doctr.
1851 3962 2000 4015 cath.
2021 3976 2175 4015 conc.
2201 3979 2237 4014 v
2253 3977 2286 4014 a
2303 3960 2358 4015 t
2343 3978 2363 4014 1
2377 3977 2409 4014 c
2422 3977 2457 4014 a
2474 3979 2511 4016 n
2528 3978 2560 4014 o
2588 3961 2915 4032 propositae

303 4059 428 4114 cap.
456 4053 488 4100 5
512 4042 664 4098 inter
687 4042 804 4098 alia
830 4043 1137 4099 statuitur.
1190 4043 1359 4106 „Post
1391 4044 1647 4120 mortem,
1681 4057 1831 4111 quae
1856 4043 1943 4095 est
1967 4039 2094 4095 viae
2121 4042 2346 4094 nostrae
2371 4039 2668 4104 terminus,
2695 4057 2822 4095 mox
2847 4042 2924 4096 ad

304 4121 410 4177 Dei
437 4122 693 4178 tribunal
718 4122 990 4189 sistimur,
1031 4127 1097 4177 ut
1132 4124 1342 4177 referat
1380 4112 1779 4191 unusquisque
1819 4120 2054 4191 propria
2092 4119 2342 4191 eorporis
2389 4123 2562 4191 prout
2584 4120 2777 4192 gessit,
2803 4120 2924 4177 sive

305 4203 519 4258 bonum
545 4201 664 4257 sive
688 4203 901 4259 malum
928 4206 997 4274 (2.
1025 4202 1150 4258 Cor.
1176 4213 1225 4267 5,
1259 4205 1358 4274 10),
1386 4218 1569 4271 neque
1595 4201 1752 4256 ullus
1776 4201 1908 4270 post
1932 4200 2081 4254 banc
2107 4201 2406 4256 mortalem
2436 4199 2616 4254 vitam
2643 4200 2919 4269 relinqui·
2927 4269 2932 4278 ,

304 4286 403 4338 tur
426 4284 584 4337 locus
610 4282 997 4354 poenitentiae
1022 4284 1094 4337 ad
1114 4282 1637 4353 justificationem.“
1694 4280 1776 4336 Cf.
1803 4280 1847 4335 P
1863 4296 1893 4334 e
1911 4284 1933 4334 s
1951 4297 1980 4334 c
1996 4281 2034 4334 h
2061 4279 2137 4335 IX
2178 4299 2233 4337 n.
2262 4283 2365 4336 577
2393 4297 2463 4335 ss.
2489 4283 2548 4332 et
2573 4298 2629 4334 n.
2658 4285 2778 4347 586,
2819 4281 2928 4347 ubi,

307 4363 637 4436 opinionem
664 4365 1009 4419 malesanam
1037 4365 1110 4418 ab
1135 4362 1265 4416 Hir
1281 4380 1306 4416 s
1322 4381 1350 4416 c
1366 4363 1404 4416 h
1421 4379 1450 4416 e
1465 4380 1494 4416 r
1520 4361 1874 4434 propositam
1901 4361 2103 4417 merito
2129 4360 2416 4430 reprobat.

522 4447 565 4515 ¹)
592 4442 675 4498 cf.
700 4442 978 4498 confessio
1014 4444 1145 4498 fidei
1173 4442 1343 4499 Mioh.
1372 4441 1702 4512 palaeologi
1740 4441 1804 4496 in
1831 4457 1990 4497 conc.
2013 4441 2173 4512 lugd.
2203 4438 2427 4499 oblata,
2415 4461 2427 4471 ·
2469 4441 2744 4511 professio
2785 4442 2919 4496 fidei

306 4524 527 4593 graecis
563 4540 598 4577 a
635 4520 1003 4593 Gregorio
1042 4523 1191 4576 XIII.
1230 4525 1289 4576 et
1326 4521 1602 4590 professio
1642 4520 1777 4575 fidei
1817 4519 2195 4575 orientalibus
2233 4521 2309 4574 ab
2353 4519 2646 4575 Urbano
2689 4519 2838 4580 VIII.
2865 4521 2925 4576 et

307 4603 353 4656 B
369 4620 455 4657 en
470 4621 500 4659 e
515 4603 584 4658 d
568 4623 590 4658 ι
605 4620 636 4658 e
651 4605 723 4658 to
764 4603 908 4660 XIV.
948 4604 1313 4675 praescripta.
1366 4603 1448 4657 Cf.
1490 4603 1547 4656 M
1563 4620 1597 4657 a
1612 4621 1669 4656 m
1684 4618 1764 4656 ac
1782 4603 1854 4657 hi
1894 4600 1955 4655 in
1996 4618 2087 4672 op.
2126 4599 2197 4654 de
2222 4600 2523 4656 animabus
2542 4601 2877 4671 justorum
2860 4614 2930 4658 ιιι

306 4684 441 4738 sinu
469 4684 799 4750 Abrahae1‚
826 4690 885 4740 91
918 4702 989 4738 ss.
1015 4686 1241 4745 annot&
1269 4682 1781 4749 Knolls7565s.
2925 4697 2933 4705 “

2528 4743 2622 4827 {38⁸
