3538 5364
816 239 1012 294 Thesis
1040 240 1354 297 CCXXVlI.
1381 240 1568 295 Realis
1597 242 1925 312 praesentia
1952 243 2141 296 verbis
2168 257 2371 311 evang.
2398 240 2663 296 efficitur.
2914 248 3048 314 349

608 427 754 491 369.
786 421 1041 489 'rhesis
1083 420 1499 493 CCXXVII.
1563 445 1831 510 Corpus
1866 448 1930 498 et
1967 445 2265 510 sanquis
2306 444 2570 497 Christi
2605 446 2783 510 ipsis
2818 446 3049 499 verbis

427 533 868 599 marmanda,
891 533 1144 599 quibus
1167 532 1497 586 Salvator
1523 536 1600 587 in
1620 534 1879 587 ultima
1912 546 2123 587 coena
2154 537 2682 587 sacramentum
2710 536 3049 599 instituit,

426 622 722 676 realiter
759 634 843 674 ac
878 621 1439 676 substantialiter
1472 634 1814 687 praesens
1842 623 1948 687 fit.

607 724 1048 793 Declaratlo.
1117 728 1322 787 Thesis
1369 730 1660 789 statuitur
1704 732 1910 789 contra
1953 747 2194 806 graecos
2234 730 2637 789 schismaticos
2670 730 3041 799 recentioreS,

428 820 686 896 quicum
717 817 1110 876 Theodoro
1143 818 1517 893 ep.Andidae
1543 816 1678 900 (sec.
1697 819 1850 900 XII),
1895 819 2261 879 Theodoro
2293 818 2661 878 melitinensi
2695 815 2829 900 (sec.
2862 817 3045 900 xlv),

427 908 671 967 Nicolao
721 906 1080 965 Cabasila
1132 901 1195 988 (†
1234 904 1429 990 1371)
1480 909 1545 966 in
1596 927 1795 984 expos.
1849 908 1937 967 lit.
1972 927 2021 973 c.
2058 918 2136 971 29
2185 913 2247 967 et
2291 910 2538 968 Marco
2584 907 2865 983 ephesino
2909 909 3042 967 inl.

427 998 500 1056 de
521 996 718 1055 verbis
737 1013 995 1059 consecr.
1015 995 1249 1066 docent,
1282 996 1644 1055 invocationi
1666 997 1927 1074 Spiritus
1953 1015 1999 1059 s.
2033 1016 2215 1073 super
2236 998 2388 1056 dona
2406 997 2710 1073 proposita
2728 992 3047 1081 ἐπίκλησις

428 1086 638 1157 dictae,
682 1103 834 1160 quae
878 1085 941 1143 in
968 1085 1230 1162 liturgiis
1262 1085 1522 1145 Orientis
1554 1091 1617 1145 et
1648 1086 1711 1144 in
1743 1087 2049 1146 nonnullis
2082 1086 2417 1146 Occidentis
2450 1085 2725 1150 occurrit.
2760 1105 2879 1144 una
2909 1104 3042 1146 cum

426 1175 626 1234 verbis
671 1174 984 1233 dominicis
1029 1173 1406 1233 tribuendam
1451 1193 1580 1234 esse
1625 1175 1748 1235 vim
1793 1175 2086 1235 efficiendi
2128 1176 2846 1235 transubstantiationem.
2921 1176 3047 1234 Imo

427 1284 515 1323 ru
530 1283 559 1322 s
575 1264 640 1322 si
671 1263 889 1339 spiritu
909 1262 1301 1338 oppositionis
1322 1263 1482 1323 hunc
1499 1282 1758 1324 errorem
1773 1265 1835 1323 in
1852 1265 2274 1341 professionem
2298 1266 2449 1332 fidei.
2482 1283 2633 1341 quae
2665 1264 2737 1322 ab
2770 1264 3047 1340 episcopo

428 1352 824 1412 consecrando
844 1352 1040 1410 emitti
1060 1352 1250 1422 debet,
1284 1358 1632 1429 receperunt
1646 1350 1725 1433 ¹);
1759 1355 2075 1413 recentiori
2096 1373 2235 1414 vero
2266 1357 2458 1412 aetate
2491 1353 2823 1430 patriarcha
2855 1353 3043 1411 schis-

425 1443 682 1501 maticus
713 1441 820 1504 CP.
850 1442 1055 1499 latinis
1087 1442 1466 1517 exprobravit
1497 1461 1596 1501 eos
1628 1443 1701 1501 ab
1747 1443 1909 1501 avita
1954 1443 2059 1501 hac
2103 1443 2166 1501 in
2213 1462 2277 1501 re
2323 1444 2608 1502 defecisse
2646 1442 3043 1518 persuasione.

427 1531 699 1590 Assertio
729 1532 948 1600 nostra,
982 1530 1032 1588 si
1061 1549 1181 1589 non
1213 1530 1285 1589 de
1317 1531 1450 1602 fide,
1484 1532 1622 1591 fidei
1653 1533 1920 1607 proxima
1950 1533 2067 1591 dici
2100 1532 2293 1591 debet.
2341 1533 2492 1591 Nam
2524 1532 2924 1609 Eugenius
2948 1530 3045 1589 IV.

427 1622 492 1679 in
524 1619 919 1679 instructione
950 1636 1056 1694 pro
1088 1620 1345 1679 armenis
1391 1621 1591 1679 docet:
1643 1621 1896 1689 ,Forma
1926 1622 2106 1695 hujus
2140 1622 2491 1681 sacramenti
2527 1626 2673 1680 sunt
2704 1621 2884 1679 verba
2916 1620 3045 1678 Sal-

427 1709 670 1778 vatoris,
706 1708 927 1785 quibus
958 1708 1068 1766 hoc
1099 1709 1336 1767 conficit
1367 1715 1875 1780 sacramentum3‘
1922 1714 1984 1769 et
2027 1711 2092 1769 in
2137 1712 2372 1770 decreto
2418 1730 2525 1787 pro
2565 1710 2838 1784 jacobitis
2872 1710 2944 1767 de
2974 1729 3044 1767 ea

427 1802 686 1857 testatur
719 1798 1082 1866 ,Romanam
1116 1798 1433 1857 Ecclesiam
1480 1800 1886 1874 apostolorum
1934 1800 2201 1858 doctrina
2247 1804 2308 1858 et
2353 1801 2709 1858 auctoritate
2752 1800 3047 1856 firmatam

429 1883 553 1970 (ea)
587 1905 817 1965 semper
849 1887 941 1945 uti
972 1888 1408 1947 consuevisse·
1474 1888 1799 1947 Concilium
1846 1888 2024 1951 trid.
2072 1908 2210 1948 vero
2256 1908 2398 1948 sess.
2440 1898 2514 1951 13
2550 1907 2677 1964 cap.
2720 1899 2768 1949 1.
2805 1898 2839 1949 3
2875 1888 3051 1945 docet

427 1978 490 2035 vi
508 1976 829 2035 verborum
847 1976 1052 2034 adesse
1072 1994 1285 2052 corpus
1306 1982 1368 2035 et
1387 1977 1733 2055 sanguinem
1758 1977 1975 2037 Christi
1998 1984 2079 2055 (n.
2105 1974 2276 2060 372).
2309 1978 2684 2055 Quapropter
2715 1977 2856 2035 Piu
2872 1994 2899 2034 s
2924 1975 3047 2038 VII.

431 2066 495 2124 in
540 2062 768 2147 brevi2)
820 2065 892 2124 ad
941 2065 1336 2141 patriarcham
1379 2067 1789 2126 melchitarum
1843 2076 1898 2129 8.
1946 2068 2083 2144 Maji
2136 2077 2299 2131 1822
2346 2067 2625 2144 prohibet
2670 2065 3047 2136 sententiam,

431 2156 615 2213 verba
643 2154 1097 2217 consecrationis
1126 2173 1248 2213 non
1278 2154 1563 2226 sufficere,
1611 2156 1714 2214 sed
1761 2156 1836 2214 ad
1867 2156 2185 2231 perfectam
2220 2160 2807 2230 consummatamque
2840 2172 3043 2214 conse-

438 2244 753 2303 crationem
784 2243 924 2302 addi
956 2246 1223 2319 oportere
1268 2264 1394 2303 eam
1441 2263 1685 2321 precum
1715 2245 2050 2315 formulam,
2100 2264 2250 2321 quae
2296 2246 2475 2304 verba
2519 2248 2842 2304 memorata
2885 2243 3045 2320 apud

439 2332 823 2392 occidentales
854 2333 1200 2408 praecurrit,
1232 2334 1296 2392 in
1327 2334 1597 2393 orientali
1628 2334 1880 2411 liturgia
1910 2335 2317 2411 subsequitur.
2378 2335 2455 2393 Et
2491 2336 2616 2411 jam
2661 2338 2835 2392 antea
2880 2333 3046 2391 Cle-

433 2440 641 2480 mens
673 2421 768 2480 VI.
800 2421 865 2480 in
896 2421 1293 2481 instructione
1325 2423 1398 2481 ad
1430 2424 1826 2499 patriarcham
1845 2443 2153 2483 armenum
2171 2421 2479 2504 statuit³)2
2514 2424 2628 2492 ,In
2661 2432 2757 2485 42.
2781 2422 3046 2498 capitulo

432 2511 598 2581 dicia,
645 2513 706 2569 te
753 2511 988 2570 credere
1033 2514 1094 2570 et
1139 2515 1357 2582 tenere,
1405 2513 1564 2588 quod
1612 2531 1830 2588 corpus
1863 2513 2080 2571 Christi
2114 2518 2319 2572 natum
2355 2514 2425 2571 de
2462 2511 2524 2577 V.
2557 2515 2619 2571 et
2649 2515 2952 2569 mortuum
2984 2510 3046 2568 in

430 2618 621 2672 cruce,
668 2600 829 2675 quod
859 2618 1019 2658 nunc
1064 2604 1158 2659 est
1200 2601 1266 2659 in
1312 2601 1472 2660 coelo
1517 2602 1741 2672 vivum,
1789 2607 1927 2678 post
1958 2603 2137 2661 verba
2168 2601 2623 2661 consecrationis
2655 2601 2844 2676 paniS,
2892 2617 3046 2675 quae

428 2694 602 2749 sunt:
637 2691 762 2749 Hoc
792 2698 874 2749 est
903 2709 1115 2764 corpus
1144 2710 1350 2766 meum,
1387 2696 1479 2750 est
1497 2692 1561 2749 in
1582 2697 1949 2751 sacramento
1970 2693 2083 2750 sub
2104 2692 2299 2768 specie
2317 2695 2379 2751 et
2399 2690 2792 2750 similitudine
2812 2690 3001 2766 panis,
3015 2697 3043 2727 ‘

429 2780 685 2839 Admitti
716 2798 858 2856 ergo
889 2781 1100 2854 nequit
1131 2781 1430 2839 sententia
1461 2782 1662 2843 Ambr.
1695 2781 2107 2840 Catharini
2151 2785 2212 2840 et
2244 2781 2644 2856 Christophori
2678 2779 2867 2837 Chef
2879 2779 2905 2837 f
2913 2798 3048 2838 on-

431 2870 725 2941 taines,
772 2869 876 2945 qui
922 2870 1289 2928 contendunt
1329 2869 1509 2928 verba
1539 2870 1756 2928 Christi
1788 2871 1890 2929 hoc
1921 2879 2000 2930 est
2029 2889 2240 2946 corpus
2272 2889 2458 2929 meum
2490 2887 2620 2929 esse
2651 2872 2887 2927 tantum
2920 2868 3049 2926 de·

436 2958 848 3028 clarativa‚
896 2977 1018 3017 uon
1047 2958 1314 3017 effectiva
1345 2960 1820 3029 consecrationi&
1865 2979 1999 3018 cum
2032 2960 2173 3019 haec
2204 2961 2306 3018 fiat
2335 2978 2442 3036 per
2472 2958 2772 3034 epiclesin.
2838 2957 3049 3033 Neque

430 3047 737 3122 probanda
768 3050 860 3105 est
892 3047 1112 3123 opini0‚
1146 3066 1326 3123 quam
1355 3047 1804 3123 amplectuntur
1834 3048 1928 3107 Le
1958 3049 2196 3120 Brun,
2245 3048 2679 3117 Renandot,
2713 3047 3052 3105 Touttee

432 3140 564 3207 etc„
596 3136 781 3195 libere
812 3136 1047 3195 defendi
1079 3154 1253 3212 posse
1287 3137 1659 3208 sententiam,
1701 3139 2201 3197 consecrationem
2233 3137 2360 3196 fieri
2395 3155 2513 3196 non
2544 3136 2686 3195 solis
2720 3136 2915 3195 verbis
2946 3135 3050 3193 do-

434 3225 686 3296 minicis,
719 3225 820 3284 sed
852 3225 1032 3284 simul
1062 3225 1286 3284 adnexa
1305 3225 1565 3301 Spiritus
1599 3244 1645 3284 s.
1678 3226 2067 3297 invocatione,
2104 3229 2401 3302 quatenus
2434 3226 2556 3286 scil.
2590 3227 2697 3284 hac
2728 3224 3053 3284 sacerdotis

437 3314 833 3373 consecrantis
864 3314 1120 3373 intentio
1165 3315 1237 3372 ad
1283 3314 1576 3373 actionem
1618 3315 2067 3374 eucharisticam
2101 3317 2276 3392 plane
2307 3315 2634 3375 necessaria
2666 3315 3050 3392 significetur.

613 3439 758 3502 370.
793 3434 1367 3502 Demonstratio.
1417 3434 1477 3504 1.
1530 3433 1767 3499 Nostra
1799 3436 2071 3500 assertio
2106 3442 2210 3500 sat
2243 3433 2586 3499 efficaciter
2618 3452 2697 3498 ex
2742 3433 3051 3497 divinis

431 3540 630 3605 literis
660 3539 986 3621 probatur.
1050 3540 1340 3605 Dubitari
1371 3541 1541 3607 enim
1573 3543 1809 3624 nequit,
1852 3543 2202 3623 scriptores
2248 3559 2472 3605 sacros
2504 3541 2782 3605 voluisse
2815 3540 3050 3604 eucha-

431 3647 651 3711 ristiae
683 3646 1145 3713 institutionem
1177 3665 1256 3713 ea
1286 3648 1522 3713 referre
1552 3649 1967 3729 plenitudine,
2002 3655 2073 3713 ut
2104 3649 2193 3713 nil
2226 3667 2451 3713 eorum
2472 3648 2860 3722 omitterent,
2882 3664 3048 3729 quae

433 3752 742 3817 Dominus
774 3755 857 3819 ad
887 3754 1128 3821 realem
1158 3757 1591 3837 praesentiam
1635 3756 2124 3837 significandam
2174 3763 2239 3821 et
2287 3754 2683 3820 efficiendam
2731 3755 2889 3819 dixit
2937 3761 3052 3818 aut

433 3862 654 3949 egit⁴):
685 3863 1061 3942 praesertim
1082 3881 1227 3926 cum
1247 3865 1672 3945 praeceperit:
1709 3862 1846 3926 Hoc
1872 3865 2068 3946 facite
2102 3867 2164 3929 in
2192 3883 2391 3927 meam
2415 3863 3047 3925 commemorationem

656 4077 691 4144 ¹)
720 4073 803 4127 Cf.
829 4073 1074 4130 Nilles
1101 4073 1366 4130 Zeitschr.
1395 4075 1485 4127 fur
1512 4074 2065 4132 kath.'rheol.1ssi
2096 4096 2151 4146 p.
2181 4083 2284 4130 288
2317 4092 2383 4130 ss

651 4160 691 4224 ²)
719 4154 890 4225 Apud
917 4154 1052 4207 Lae
1071 4174 1124 4208 m
1142 4173 1194 4206 m
1212 4170 1241 4206 e
1260 4171 1301 4218 r,
1330 4154 1388 4206 in
1416 4154 1640 4208 decreta
1667 4172 1824 4210 conc.
1848 4155 2075 4211 ruthen
2098 4155 2186 4207 Za
2181 4172 2349 4209 mose.
2370 4152 2911 4214 animadversiones
2934 4127 3053 4204 ⁸Fri·

436 4232 605 4303 burgi
636 4239 772 4291 1865
798 4254 910 4305 ρ.5
884 4242 966 4291 56

650 4318 691 4384 ⁸)
720 4314 892 4385 Apud
918 4314 1389 4382 Raynaldum
1415 4314 1487 4367 ad
1514 4331 1564 4370 a.
1599 4319 1728 4370 1351
1761 4333 1816 4367 n.
1849 4323 1929 4370 11.

649 4399 692 4466 ⁴)
719 4395 873 4449 lnter
896 4395 1193 4465 theologos
1232 4394 1458 4448 scholae
1500 4394 1690 4448 variae
1732 4399 1868 4448 sunt
1911 4395 2227 4449 sententiae
2266 4395 2334 4446 de
2378 4394 2563 4447 verbis
2594 4393 2681 4447 vel
2708 4392 3051 4457 actionibus,

437 4474 648 4542 quibus
674 4473 934 4530 Christus
961 4474 1211 4527 effecerit
1230 4474 1918 4528 transubstantiationem.
1947 4475 2154 4529 Contra
2182 4490 2402 4528 omnem
2432 4490 2657 4527 sensum
2683 4471 3052 4540 antiquitatis

435 4558 495 4606 et
517 4553 701 4625 ipsius
728 4553 1011 4608 Ecclesiae
1038 4554 1351 4624 opinantur
1389 4553 1672 4617 nonnulli,
1714 4554 1865 4608 inter
1907 4572 2049 4622 quos
2094 4555 2171 4606 In
2189 4571 2225 4606 n
2242 4571 2274 4608 o
2292 4570 2320 4606 c
2337 4570 2366 4606 e
2382 4553 2496 4608 nti
2516 4571 2553 4606 u
2570 4570 2595 4605 s
2638 4553 2727 4605 Ill.
2772 4552 2943 4623 (nond
2953 4569 3047 4604 um

434 4635 717 4706 pontifex)
744 4638 803 4688 et
827 4633 1129 4688 recentiori
1154 4635 1340 4686 aetate
1367 4633 1418 4686 H
1435 4649 1467 4686 o
1485 4651 1520 4701 p
1540 4650 1575 4701 p
1593 4651 1622 4687 e
1648 4633 1742 4688 die
1769 4634 2044 4706 Epiclesis
2070 4653 2126 4705 p.
2149 4640 2269 4698 298,
2302 4633 2374 4685 W
2392 4651 2424 4686 a
2442 4637 2465 4686 t
2481 4636 2549 4686 te
2567 4650 2593 4685 r
2609 4632 2627 4685 i
2645 4648 2674 4685 c
2692 4632 2728 4684 h
2758 4631 3049 4700 quondam

435 4715 752 4770 catholicus
776 4715 838 4769 in
865 4733 957 4785 op.
1007 4715 1117 4768 Der
1145 4714 1832 4769 Consecrationsmoment
1871 4718 1949 4768 im
1977 4716 2054 4773 hl.
2084 4715 2446 4769 Abendmahl
2475 4713 2595 4767 und
2623 4731 2665 4767 s.
2693 4712 3050 4774 Geschichte,
