3538 5364
550 254 688 318 412
1175 244 1360 300 Tract.
1390 245 1484 298 IX.
1511 245 1581 298 de
1607 244 1883 299 sacrificio
1911 244 2132 298 missae.
2161 242 2240 299 De
2268 244 2553 300 fructibus

551 427 990 509 independens
1023 432 1121 492 est
1151 444 1192 490 a
1224 426 1532 509 qualitate
1564 425 1796 490 morali
1826 425 2114 513 ministri,
2152 425 2269 490 sub
2303 427 2429 490 hoc
2460 432 2758 508 respectu
2787 426 2915 490 dici
2945 426 3198 509 poterit

552 533 1030 615 quadamtenus
1062 551 1142 597 ex
1174 551 1372 614 opere
1406 539 1705 614 operat03
1757 533 1824 596 in
1872 541 2183 614 quantum
2215 551 2370 597 vero
2400 531 2672 597 refertur
2701 533 2786 597 ad
2818 532 3029 614 ipsam
3058 532 3191 596 Ec-

548 639 817 707 clesiam
844 646 919 703 ut
950 639 1342 715 offerentem,
1375 640 1667 720 quamvis
1698 639 2045 720 specialem
2091 641 2223 703 vim
2273 640 2493 703 trahat
2542 657 2621 704 ex
2652 638 2965 720 dignitate
2998 639 3193 702 victi-

552 763 700 809 mae
733 763 862 827 qua
893 745 1131 822 nititur,
1164 746 1290 809 dici
1321 744 1514 810 debet
1550 763 1630 809 ex
1664 763 1860 827 opere
1892 746 2235 826 operantis,

733 871 799 937 ὅ.
835 867 1232 933 Sacrificium
1265 871 1503 933 missae
1538 875 1674 933 tam
1708 887 1788 933 ex
1820 876 2002 951 parte
2034 869 2390 934 sacerdotis
2443 888 2638 952 quam
2676 870 2873 935 etiam
2914 870 3191 933 adstan-

552 976 714 1039 tium
747 981 812 1039 et
842 975 1326 1057 cooperantium
1359 980 1458 1040 est
1488 974 1889 1039 meritorium
1921 980 1986 1039 et
2016 973 2515 1039 satisfactorium
2547 993 2627 1039 ex
2667 994 2862 1058 opere
2903 994 3190 1058 operan-

555 1083 636 1147 tis
688 1082 769 1169 (si
812 1082 1068 1147 debitae
1117 1082 1332 1145 adsint
1380 1081 1826 1167 conditiones).
1888 1080 1967 1145 Et
2015 1099 2173 1146 sane
2218 1081 2374 1162 justi
2425 1082 2713 1164 quolibet
2760 1082 2936 1147 bono
2983 1101 3190 1165 opere

554 1206 805 1253 merere
836 1195 901 1253 et
933 1186 1304 1252 satisfacere
1335 1194 1624 1268 possunt,
1660 1186 1854 1269 idque
1887 1205 1965 1250 eo
1999 1185 2322 1251 efficacius
2348 1192 2668 1269 poterunt,
2690 1206 2818 1270 quo
2839 1195 3188 1270 praestan-

555 1296 681 1358 tius
714 1302 813 1360 est
844 1313 1024 1375 opus,
1071 1294 1174 1357 cui
1220 1292 1615 1357 incumbunt.
1677 1293 1874 1375 Atqui
1905 1293 2526 1375 praestantissimum
2577 1313 2738 1376 opus
2788 1300 2887 1360 est
2937 1294 3185 1359 oblatio

553 1400 852 1465 sacrificii
884 1408 948 1466 et
979 1399 1222 1464 oblatio
1257 1400 1401 1463 talis
1432 1399 1744 1463 sacrificii.
2613 1382 2616 1387 ’

731 1529 801 1594 6.
834 1525 970 1589 Ηο3
1016 1524 1399 1588 sacrificium
1446 1542 1527 1588 ex
1572 1531 1758 1606 parte
1804 1524 2158 1591 sacerdotis
2210 1531 2275 1590 et
2323 1525 2720 1591 adstantium
2771 1532 2870 1591 est
2917 1528 3190 1609 speciali

555 1633 751 1697 modo
784 1632 1311 1713 impetratorium,
1362 1638 1433 1695 ut
1462 1637 1642 1712 patet
1674 1650 1753 1696 ex
1786 1632 1973 1695 dictis
2004 1651 2065 1695 n.
2099 1637 2229 1701 426
2264 1638 2329 1698 et
2360 1651 2440 1698 ex
2471 1634 2564 1698 rei
2595 1638 2844 1698 natura.
2908 1632 2978 1698 Si
3010 1634 3189 1699 enim

545 1741 686 1821 jam
720 1739 927 1803 oratio
960 1738 1241 1803 fidelium
1275 1745 1374 1803 est
1404 1738 1877 1819 impetratoria:
1929 1745 2172 1821 quanto
2217 1740 2422 1821 magis
2472 1740 2527 1804 si
2579 1740 2951 1823 adjunctam
2983 1741 3188 1806 habet

555 1847 881 1910 victimam
916 1844 1050 1910 Deo
1083 1845 1249 1910 adeo
1283 1852 1531 1925 gratam
1579 1844 1764 1927 eique
1810 1846 2112 1910 innititur.
2177 1846 2363 1926 Quod
2412 1866 2567 1913 vero
2617 1848 2747 1913 vim
2796 1848 3184 1930 impetrandi

552 1954 803 2029 attinet,
836 1970 993 2035 prae
1027 1951 1229 2016 oculis
1260 1951 1624 2018 habeantur
1644 1970 1810 2035 quae
1831 1953 2151 2033 sagaciter
2169 1955 2394 2019 statuit
2425 1951 2524 2018 Su
2541 1972 2727 2019 arez
2758 1953 2919 2035 disp.
2945 1960 2980 2023 7
2988 1958 3030 2022 9
3051 1974 3098 2017 s,
3121 1959 3179 2021 2.

557 2061 784 2124 Modus
817 2060 989 2125 enim
1019 2058 1345 2125 efficaciae
1377 2078 1493 2124 seu
1525 2060 1991 2141 impetrationis
2025 2067 2091 2125 et
2121 2060 2385 2125 effectus
2416 2061 2565 2126 inde
2596 2061 2983 2143 proveniens
3015 2060 3182 2124 mul-

552 2168 635 2231 tis
667 2166 878 2230 modis
909 2166 1120 2231 differt
1151 2185 1191 2230 a
1221 2167 1600 2231 causalitate
1634 2172 1698 2230 et
1731 2167 1964 2230 effectu
1982 2173 2543 2231 sacramentorum
2562 2185 2643 2231 ex
2664 2184 2859 2248 opere
2881 2173 3182 2248 operato:

557 2293 712 2338 nam
741 2296 804 2343 3.
836 2275 999 2339 haec
1032 2274 1234 2338 oritur
1266 2292 1346 2338 ex
1377 2273 1641 2355 speciali
1671 2273 2098 2355 promissione
2132 2279 2198 2338 et
2214 2273 2610 2339 institutione
2630 2272 2895 2349 Christi;
2928 2274 3181 2356 specia-

554 2383 631 2447 lis
663 2401 817 2448 vero
851 2382 960 2446 illa
989 2380 1374 2464 impetrandi
1404 2380 1502 2443 vis
1535 2379 1730 2445 veluti
1763 2399 1842 2445 ex
1874 2380 1968 2444 rei
1999 2388 2253 2456 natura,
2287 2399 2366 2445 ex
2387 2380 2732 2446 sanctitate
2751 2380 2882 2444 scil.
2903 2386 2969 2445 et
2988 2398 3180 2462 prae-

550 2490 795 2554 stantia
826 2489 1154 2565 sacrificii;
1188 2490 1257 2557 b.
1290 2488 1398 2550 illa
1429 2494 1529 2552 est
1560 2487 1991 2552 determinata
2021 2487 2107 2551 ad
2137 2494 2384 2555 certum
2418 2486 2731 2565 effectum,
2751 2488 2916 2552 haec
2933 2487 3181 2552 infinite

553 2602 733 2678 patet
765 2602 830 2662 et
862 2595 945 2659 ab
979 2596 1286 2660 offerente
1317 2594 1573 2675 pendet,
1603 2593 1691 2657 ad
1723 2611 1915 2675 quem
1941 2594 2240 2659 effectum
2282 2594 2759 2675 impetrandum
2789 2594 3180 2659 sacrificium

550 2703 786 2769 offerre
816 2701 998 2777 velit3
1031 2703 1139 2767 illa
1172 2722 1232 2770 c.
1267 2707 1365 2766 est
1397 2698 1769 2764 infallibilis:
1812 2701 2176 2784 impetratio
2224 2720 2377 2766 vero
2425 2702 2546 2768 etsi
2590 2701 2906 2766 sacrificio
2939 2702 3180 2766 missae

557 2810 815 2874 suffulta
844 2828 975 2873 non
1009 2807 1418 2872 infallibiliter
1449 2826 1703 2889 semper
1737 2807 1986 2874 obtinet
2017 2808 2099 2886 id,
2131 2810 2303 2891 quod
2323 2810 2520 2873 homo
2541 2809 2887 2890 impetrare
2920 2808 3177 2890 nititur3

552 2919 626 2985 (1.
662 2916 1010 2980 causalitas
1043 2920 1600 2978 sacramentorum
1633 2920 1731 2979 est
1763 2914 2202 2996 independens
2236 2915 2318 2980 ab
2351 2915 2705 2980 intentione
2725 2915 3025 2978 ministri:
3059 2916 3177 2978 im-

556 3023 834 3103 petratio
867 3039 1044 3096 vero,
1076 3021 1130 3083 si
1162 3019 1359 3084 homo
1392 3020 1546 3083 nihil
1580 3021 2055 3102 impetrandum
2087 3021 2208 3085 sibi
2238 3028 2575 3104 proponat,
2609 3027 2708 3087 est
2737 3021 2928 3085 nulla.

736 3159 881 3213 428.
935 3147 1254 3216 Quaeritur
1302 3167 1448 3208 num
1494 3149 1779 3209 sacrificio
1824 3150 2040 3209 missae
2085 3153 2318 3225 praeter
2348 3151 2580 3210 fructus
2629 3153 2750 3210 tam
2801 3151 3068 3228 insignes
3118 3154 3179 3209 et

557 3239 790 3309 uberes,
824 3253 973 3312 quos
996 3238 1118 3312 jam
1151 3238 1575 3309 recensuimuS,
1625 3241 1923 3314 competat
1967 3239 2211 3297 effectus
2258 3257 2364 3297 seu
2409 3240 2640 3298 fructus
2687 3240 2841 3299 alius
2888 3260 2957 3299 ex
3003 3258 3176 3317 opere

552 3329 894 3401 operate.
955 3325 1082 3395 Qua
1111 3326 1174 3384 in
1206 3329 1552 3402 quaestione
1585 3328 1916 3387 cavendum
1947 3329 2055 3397 est,
2089 3346 2164 3385 ne
2197 3327 2549 3387 sacrificium
2583 3329 2693 3388 hoc
2723 3329 3177 3405 aequiparemus

554 3415 951 3486 sacramentiS,
998 3433 1194 3490 neque
1225 3415 1384 3473 enim
1417 3416 1605 3491 ipsius
1638 3416 1884 3475 effectus
1915 3420 2008 3475 est
2039 3416 2379 3475 immediate
2411 3419 2472 3474 et
2503 3435 2571 3475 ex
2604 3436 2778 3493 opere
2810 3421 3054 3494 operato
3087 3436 3177 3476 re·

555 3504 795 3563 mittere
826 3508 1062 3579 peccata
1091 3505 1360 3580 gravia
1391 3505 1642 3580 ideoque
1674 3505 1990 3564 infundere
2021 3505 2273 3581 gratiam
2305 3506 2624 3580 primam
2643 3549 2657 3576 ,
2690 3510 2763 3565 ut
2785 3507 2913 3582 jam
2942 3506 3178 3566 notavi-

556 3611 690 3652 mus
723 3612 780 3657 11.
815 3602 962 3656 424.
1011 3592 1175 3652 Circa
1209 3593 1413 3669 culpas
1447 3594 1795 3653 veniales
1826 3594 1982 3653 idem
2015 3594 2255 3653 videtur
2286 3594 2629 3665 tenendum,
2664 3594 3019 3664 sacrificium
3052 3595 3179 3656 scil.

554 3683 770 3741 missae
802 3701 869 3740 ex
902 3700 1075 3757 opere
1108 3684 1348 3757 operato
1380 3683 1450 3741 ad
1486 3701 1689 3741 eorum
1722 3683 2130 3741 remissionem
2163 3701 2282 3741 non
2313 3683 2671 3753 immediate,
2706 3684 2810 3742 sed
2841 3684 3179 3743 mediate

559 3790 666 3846 per
697 3771 1092 3847 placationem
1123 3769 1359 3829 divinae
1381 3771 1662 3847 justitiae
1695 3772 1976 3842 conferre,
2011 3790 2084 3830 ne
2119 3773 2242 3830 scil.
2275 3772 2338 3830 in
2369 3789 2574 3831 earum
2605 3790 2851 3848 poenam
2872 3773 3179 3832 uberiores

553 3861 781 3936 gratias
814 3863 1011 3936 neget,
1047 3859 1147 3918 sed
1182 3860 1462 3918 concedat
1491 3879 1607 3931 eas,
1643 3860 1999 3936 quibuscum
2032 3861 2207 3919 homo
2242 3879 2560 3936 cooperans
2582 3861 3011 3937 poenitentiam
3043 3864 3181 3938 agat

551 3957 736 4022 atque
776 3950 863 4008 ita
894 3968 1095 4007 earum
1127 3949 1539 4007 remissionem
1574 3953 1987 4025 consequatur.
2052 3950 2183 4009 Etsi
2225 3968 2365 4009 vero
2410 3968 2479 4008 ex
2526 3968 2655 4009 sese
2700 3968 2896 4026 neque
2940 3954 3181 4027 peccata

554 4038 718 4097 delet
747 4056 943 4114 neque
974 4037 1229 4114 gratiam
1262 4037 1726 4096 sanctificantem
1758 4038 2042 4114 infundit,
2074 4039 2400 4097 tenendum
2429 4041 2630 4097 tamen
2662 4041 2768 4109 est,
2821 4039 2925 4098 illo
2957 4057 3177 4115 poenas

553 4147 662 4202 pro
694 4127 947 4204 peccatis
971 4127 1097 4201 jam
1118 4126 1379 4184 remissis
1398 4125 1591 4184 adhuc
1608 4126 1876 4199 luendae,
1911 4127 2221 4203 supposito
2242 4130 2405 4186 statu
2424 4128 2653 4205 gratiae
2685 4131 2747 4187 et
2778 4128 2829 4186 si
2861 4146 2983 4187 11011
3013 4129 3181 4187 obest

552 4216 722 4285 obex,
770 4215 1111 4274 immediate
1155 4210 1251 4294 (ex
1283 4233 1458 4290 opere
1491 4210 1760 4295 operato)
1799 4216 2026 4274 remitti
2057 4217 2319 4275 exhibita
2355 4217 2476 4275 Deo
2511 4217 2909 4275 satisfactione
2941 4216 3178 4276 Christi.

554 4305 686 4372 Quo
720 4303 912 4380 gradu
942 4305 1140 4362 autem
1175 4321 1271 4361 eas
1303 4303 1588 4374 remittat,
1623 4303 1867 4364 definire
1898 4324 2018 4364 non
2049 4323 2382 4380 possumus,

739 4436 884 4490 429.
916 4422 1016 4490 ῙῙ.
1054 4426 1372 4496 Quaeritur
1401 4448 1542 4486 num
1575 4430 1811 4501 effectus
1841 4431 2117 4502 sacrificii
2146 4431 2373 4504 missae,
2416 4429 2539 4505 qui,
2575 4433 2870 4506 quatenus
2902 4430 3056 4489 illud
3089 4433 3179 4489 est

557 4517 1038 4591 impetratorium
1070 4519 1129 4574 et
1175 4516 1598 4576 satisfactionis
1630 4518 1969 4593 applicatiO,
2021 4520 2158 4576 actu
2208 4520 2268 4576 et
2318 4519 2380 4576 in
2434 4537 2496 4577 se
2546 4522 2640 4577 est
2689 4519 2911 4590 finitus,
2966 4520 3177 4579 saltem

555 4605 836 4663 extensive
863 4607 945 4663 sit
970 4606 1252 4679 infinitus,
1299 4606 1384 4667 ita
1429 4605 1552 4664 scil.
1584 4610 1655 4664 ut
1686 4607 1926 4664 effectus
1957 4625 2075 4665 non
2107 4606 2428 4679 dividatur,
2476 4608 2576 4666 sed
2608 4608 3044 4684 multiplicetur
3074 4626 3177 4683 pro

558 4712 806 4753 numero
854 4713 1077 4764 eorum,
1129 4713 1236 4770 pro
1286 4696 1509 4770 quibus
1555 4695 1816 4764 offertur,
1868 4695 2010 4753 adeo
2061 4699 2132 4754 ut
2180 4695 2402 4772 singuli
2451 4697 2704 4756 eundem
2739 4700 3179 4773 consequantur
