3538 5364
1525 1554 2057 1666 Tractatus
2107 1555 2220 1665 X.

810 1741 946 1817 De
1003 1740 1203 1817 Deo
1262 1739 1698 1817 omnium
1756 1758 2081 1818 rerum
2142 1743 2959 1820 consummatore.

749 1953 896 2017 635.
928 1947 1281 2029 Postquam
1314 1949 1861 2013 consideravimus
1897 1967 2097 2030 opera
2117 1949 2247 2025 Dei,
2284 1950 2350 2012 in
2369 1948 2591 2031 primis
2610 1949 2913 2026 hominiS,
2935 1957 3186 2032 propter

571 2074 763 2138 quem
794 2056 1039 2138 reliqua
1070 2054 1199 2121 fere
1220 2056 1438 2119 omnia
1469 2062 1639 2131 sunt,
1672 2056 1996 2121 creatio
2016 2074 2208 2133 nem,
2243 2056 2816 2132 elevationem,
2855 2057 2989 2138 lap
3011 2076 3182 2133 sum,

570 2179 685 2242 per
735 2160 1055 2225 Christum
1106 2163 1732 2243 reparationem
1787 2169 1851 2228 et
1900 2161 2300 2227 sanctific
2322 2163 2552 2227 ation
2574 2181 2722 2226 em:
2772 2164 3180 2230 consideran-

571 2268 725 2332 dum
757 2269 1016 2332 demum
1050 2277 1146 2333 est
1168 2287 1434 2349 operum
1456 2269 1817 2333 divinorum
1837 2268 2160 2350 fastigium
2180 2275 2246 2334 et
2267 2269 2829 2351 complementum,
2854 2290 2972 2335 seu
2993 2270 3181 2334 finalis

572 2375 857 2439 omnium
891 2392 927 2438 c
943 2394 981 2439 o
999 2395 1041 2438 n
1057 2395 1088 2439 s
1109 2396 1151 2439 u
1168 2395 1231 2438 m
1247 2394 1310 2438 m
1328 2376 1515 2440 atio.
1582 2375 1909 2457 Duplicem
1942 2377 2573 2440 consummationem
2604 2376 3008 2442 distinxeris:
3039 2393 3177 2440 con-

570 2483 1066 2546 summationem
1100 2501 1132 2544 s
1147 2482 1167 2544 i
1183 2500 1226 2544 n
1242 2501 1278 2562 g
1295 2482 1428 2546 ulo
1449 2501 1538 2545 ru
1552 2501 1618 2544 m
1649 2481 2000 2557 hominum,
2035 2489 2355 2564 quatenus
2389 2488 2538 2546 sunt
2569 2482 2922 2559 individua,
2956 2489 3021 2547 et
3041 2499 3171 2545 con-

571 2587 1065 2652 summationem
1099 2590 1385 2653 omnium
1416 2589 1746 2653 hominum
1784 2607 1900 2654 seu
1932 2610 1970 2670 g
1990 2608 2025 2653 e
2041 2609 2084 2653 n
2101 2608 2179 2655 er
2195 2590 2215 2653 i
2233 2610 2263 2654 s
2296 2590 2645 2673 mundique
2677 2591 2981 2656 universi.
3029 2590 3175 2655 Con-

572 2695 839 2760 siderari
870 2702 1208 2777 praeterea
1237 2704 1451 2778 potest
1494 2717 1768 2773 nexuS,
1820 2699 1928 2780 qui
1979 2698 2314 2763 intercedit
2345 2698 2512 2763 inter
2543 2696 2705 2773 illos,
2739 2699 2853 2781 qui
2878 2700 3018 2780 jam
3048 2702 3178 2761 sunt

569 2803 1016 2878 consummati,
1063 2810 1127 2867 et
1169 2822 1298 2880 eOS,
1347 2804 1453 2885 qui
1500 2803 1709 2867 adhuc
1741 2804 1806 2866 in
1839 2805 1942 2867 via
1974 2811 2123 2867 sunt
2156 2804 2240 2868 ad
2274 2806 2921 2870 consummationem.
2985 2804 3179 2885 Quare

571 2915 699 2973 tres
731 2915 881 2971 sunt
910 2909 1098 2990 hujus
1131 2909 1582 2990 disputationis
1614 2911 1951 2974 sectiones

1686 3126 1999 3207 Sectio
2061 3133 2116 3206 Ι.

1040 3273 1142 3329 De
1190 3275 1792 3330 consummatione
1843 3276 2287 3342 singulorum
2335 3276 2717 3332 hominum.

747 3414 896 3478 636.
928 3409 1429 3490 Ingredientibus
1459 3414 1631 3475 viam
1664 3413 2067 3477 aeternitatis
2097 3432 2210 3493 per
2247 3414 2515 3477 mortis
2543 3412 2815 3494 januam
2846 3432 2966 3496 pro
2998 3409 3179 3474 meri-

570 3524 780 3580 torum
800 3516 1167 3582 diversitate
1205 3518 1365 3582 alius
1387 3526 1579 3602 atque
1602 3520 1761 3583 alius
1784 3526 1881 3584 est
1903 3526 2172 3602 paratus
2193 3520 2391 3597 locuS,
2426 3521 2607 3584 locus
2627 3519 2757 3583 scil.
2779 3515 3180 3584 beatitudinis

570 3630 634 3687 et
664 3623 1028 3704 praemii,
1061 3624 1160 3687 vel
1181 3625 1613 3690 damnationis
1646 3632 1710 3689 et
1741 3645 1838 3707 po
1858 3645 2088 3702 enae;
2121 3609 2286 3690 illius
2320 3628 2597 3690 atrium
2629 3632 2730 3690 est
2747 3624 3174 3707 purgatorium

568 3731 660 3806 iis,
693 3730 802 3813 qui
834 3731 1120 3795 nondum
1170 3730 1448 3812 perfecte
1500 3732 1791 3798 mundati
1840 3733 1963 3796 hac
2010 3733 2142 3797 vita
2188 3733 2523 3810 excedunt,
2556 3731 2967 3808 destinatum,
2999 3730 3180 3810 hujus

570 3857 772 3920 appe
794 3858 837 3902 n
857 3839 988 3903 dix
1041 3846 1137 3903 est
1167 3839 1400 3904 limbus
1432 3858 1549 3922 pro
1583 3839 1722 3918 illis,
1757 3842 1865 3924 qui
1896 3842 1962 3904 in
1995 3839 2135 3905 solo
2169 3846 2445 3922 peccato
2480 3840 2770 3920 originali
2815 3838 3178 3902 moriuntur.

570 3947 661 4010 De
692 3947 816 4009 hoc
849 3945 1376 4027 quadruplici
1408 3953 1582 4010 statu
1613 3946 1711 4033 (cf.
1744 3947 2090 4012 Thomas
2122 3947 2325 4028 suppl.
2349 3966 2405 4028 q.
2430 3953 2511 4016 67
2538 3964 2591 4010 a.
2618 3948 2681 4033 7)
2704 3946 2910 4028 deque
2931 3948 3177 4015 morte,

570 4071 736 4134 quae
762 4054 963 4134 janua
995 4061 1095 4117 est
1128 4052 1209 4116 ad
1243 4051 1437 4130 illum,
1471 4054 1749 4135 quinque
1784 4053 2101 4135 capitibus
2134 4054 2539 4118 disseremus,

1713 4249 2042 4335 caputt

845 4376 949 4439 De
997 4382 1254 4439 morte
1302 4381 1379 4438 et
1420 4375 1758 4455 judicio,
1809 4375 2023 4456 quod
2071 4375 2307 4438 illam
2355 4374 2915 4456 consequitur.

750 4522 895 4585 637.
927 4517 1098 4581 Mors
1130 4518 1406 4598 spectari
1450 4523 1661 4598 potest
1696 4518 1758 4585 1.
1796 4518 1858 4580 in
1905 4536 1975 4581 se
2008 4523 2078 4580 ut
2109 4517 2277 4580 vitae
2325 4516 2545 4591 finis;
2595 4516 2661 4584 2.
2698 4521 2767 4580 ut
2799 4519 2896 4579 est
2930 4513 3173 4593 janua

570 4623 965 4688 aeternitatis
995 4631 1258 4705 propter
1282 4624 1607 4705 judicium,
1654 4624 1828 4706 quod
1877 4642 2023 4689 eam
2055 4623 2497 4705 consequitur3
2550 4629 2621 4687 ut
2652 4623 2715 4692 3.
2761 4623 3169 4702 ingressus

570 4731 635 4793 in
669 4731 1115 4794 aeternitatem
1146 4751 1261 4814 per
1284 4731 1505 4812 judicii
1538 4732 2036 4809 exsecutionem,
2059 4748 2227 4813 quae
2249 4737 2522 4795 mortem
2547 4729 2911 4794 immediate
2930 4721 3163 4802 excipit
