3538 5364
1493 278 1846 332 necessitate.
2844 288 2973 353 375

355 470 497 525 voto
527 465 852 540 adspirant,
887 463 1416 528 consummabitur.
1481 465 1641 535 Quae
1673 465 1985 540 explicatio
2016 466 2399 525 confirmatur
2428 466 2839 543 Fulgentii
2885 486 2977 525 re·

357 574 572 630 sponso
622 555 759 613 dato
808 554 1105 613 Ferrando
1155 554 1398 614 diacono
1448 554 1859 631 interroganti,
1910 555 2055 630 quid
2105 555 2482 615 sentiendum
2533 554 2613 614 sit
2661 554 2734 613 de
2784 556 2978 614 salute

358 644 671 720 cujusdam
706 643 1015 720 aethiopis,
1062 643 1167 719 qui
1212 650 1347 719 post
1390 643 1758 720 baptismum
1797 647 1934 703 ante
1967 648 2298 720 perceptam
2331 643 2748 703 eucharistiam
2780 645 2979 703 deces-

356 736 531 796 serat.
592 731 930 808 Respondet
962 733 1242 791 nimirum
1276 751 1322 791 s.
1354 732 1667 809 episcopus
1699 751 1789 809 ep.
1831 742 1904 795 12
1940 752 1996 791 n.
2036 743 2149 795 26:
2199 733 2501 803 ‚Arbitor,
2546 736 2746 791 sancte
2778 732 2975 804 frater,

358 823 823 898 disputationem
855 824 1118 880 nostram
1151 822 1435 896 praeclari
1467 821 1722 881 doctoris
1754 823 2190 899 Augustini
2225 840 2492 881 sermone
2523 821 2831 893 firmatam,
2871 841 2978 881 nec

358 912 633 987 cuiquam
669 929 797 969 esse
829 910 1206 985 aliquatenus
1240 910 1677 988 ambigendum,
1720 915 1868 970 tunc
1898 930 2388 987 unumquemque
2419 910 2685 970 fidelium
2717 911 2979 986 corporis

357 1000 788 1077 sanguinisque
821 999 1101 1058 dominici
1130 1001 1486 1075 participem
1516 1000 1664 1069 fieri,
1710 999 1947 1075 quando
1992 1000 2056 1059 in
2096 1000 2454 1076 baptismate
2485 1001 2818 1059 membrum
2851 1018 2977 1059 cor-

359 1088 524 1165 poris
556 1088 769 1148 Christi
800 1088 1087 1148 efficitur:
1133 1107 1242 1148 nec
1286 1089 1534 1148 alienari
1580 1090 1653 1147 ab
1698 1108 1767 1148 eo
1814 1090 1985 1164 panis
2031 1089 2350 1162 calicisque
2381 1090 2697 1158 consorti0,
2746 1089 2979 1148 etiamsi

359 1181 678 1253 antequam
698 1196 913 1252 panem
934 1178 1107 1236 illum
1142 1179 1410 1237 comedat
1438 1180 1499 1237 et
1529 1179 1764 1237 calicem
1798 1179 1984 1249 bibat,
2017 1179 2090 1237 de
2123 1180 2230 1238 hoc
2262 1180 2461 1237 seculo
2494 1179 2555 1236 in
2589 1178 2820 1237 unitate
2853 1197 2978 1237 cor-

357 1268 516 1343 poris
549 1267 767 1325 Christi
800 1267 1165 1326 constitutus
1197 1266 1527 1326 abscedat.‘
1596 1268 1879 1326 Provocat
1912 1272 2111 1327 autem
2147 1287 2192 1327 s.
2224 1267 2700 1343 Fulgentius
2732 1286 2837 1343 pro
2873 1269 2979 1326 hac

358 1355 750 1433 explicatione
801 1356 874 1413 ad
926 1374 972 1415 s.
1018 1356 1277 1415 doctoris
1324 1375 1652 1416 sermonem
1699 1356 1773 1415 ad
1820 1356 2094 1426 infantes,
2147 1377 2323 1432 quem
2369 1375 2508 1415 suae
2539 1376 2628 1432 ep.
2661 1357 2978 1434 subjungit

362 1442 589 1526 (opusc.
620 1448 665 1504 t.
698 1443 898 1516 XLVI,
935 1455 1015 1507 40
1052 1443 1171 1522 ss).
1205 1446 1526 1505 Provocare
1558 1464 1663 1522 pro
1695 1446 1899 1504 eadem
1931 1464 2250 1522 possumus
2283 1445 2459 1504 etiam
2495 1446 2569 1503 ad
2601 1451 2676 1507 tr.
2700 1454 2778 1507 26
2801 1446 2865 1504 in
2885 1446 2924 1503 J
2928 1465 2976 1507 0.

359 1555 417 1594 n.
456 1545 566 1597 17:
599 1534 769 1603 ,Hoc
799 1539 892 1592 est
919 1553 1061 1611 ergo
1093 1535 1447 1594 manducare
1479 1534 1644 1593 illam
1674 1553 1864 1593 escam
1897 1539 1959 1593 et
1988 1535 2159 1594 illum
2180 1536 2383 1594 bibere
2402 1539 2630 1611 potum,
2663 1535 2727 1592 iu
2748 1535 2978 1594 Christo

360 1642 594 1683 manere
626 1626 686 1681 et
716 1622 885 1681 illum
919 1628 1255 1682 manentem
1301 1624 1364 1682 in
1410 1642 1473 1682 se
1518 1624 1775 1682 habere‘
1825 1628 1934 1683 etc.
2001 1624 2345 1683 Necessaria
2375 1624 2502 1683 scil.
2535 1627 2629 1683 est
2658 1641 2753 1681 res
2786 1642 2974 1683 sacra-

358 1713 566 1782 menti,
613 1731 732 1771 non
777 1712 974 1787 ipsum
1008 1716 1458 1773 sacramentum.
1523 1712 1604 1772 Cf.
1652 1731 1696 1776 s,
1743 1714 2062 1772 Thomas
2111 1724 2145 1775 3
2182 1732 2237 1789 q.
2275 1724 2352 1776 73
2388 1733 2440 1777 a.
2477 1722 2530 1775 3.
2564 1746 2650 1758 -
2682 1712 2803 1771 Alii
2835 1732 2976 1771 vero

360 1805 605 1861 censent
642 1820 777 1860 cum
823 1801 976 1863 card.
1024 1802 1341 1861 Norisio
1385 1802 1449 1860 in
1495 1802 1656 1860 vind.
1688 1821 1735 1860 c.
1773 1811 1810 1863 4
1845 1799 1876 1869 ἓ
1914 1812 1969 1872 4,
2018 1803 2421 1879 Augustinum
2454 1802 2857 1879 argumentari
2904 1803 2977 1859 ad

359 1891 654 1950 hominem
688 1891 970 1949 adversus
1000 1890 1365 1968 pelagian08‚
1413 1892 1517 1966 qui
1564 1890 1949 1949 distinctione
1997 1890 2152 1949 facta
2197 1891 2354 1950 inter
2397 1910 2713 1968 regnum
2764 1891 2866 1949 Dei
2916 1900 2976 1949 et

359 1980 597 2039 vitam
640 1983 955 2049 aeternam,
1008 1980 1172 2052 hanc,
1223 1998 1344 2038 non
1388 1979 1559 2049 illud,
1611 1979 1995 2038 vindicabant
2040 1980 2371 2039 infantibus
2417 1980 2640 2056 absque
2679 1979 2976 2056 baptismo

360 2068 631 2128 mortuis.
695 2070 907 2128 Contra
956 2068 1065 2127 hoc
1106 2088 1319 2145 urgere
1365 2072 1601 2145 poterat
1642 2069 1822 2127 verba
1862 2068 2075 2128 Christi
2108 2070 2279 2128 Joan.
2316 2080 2372 2138 6,
2427 2080 2527 2138 54,
2581 2069 2802 2144 quibus
2853 2070 2978 2127 vita

359 2168 598 2217 aeterna
614 2157 1075 2233 suscipientibus
1095 2158 1527 2228 eucharistiam,
1546 2177 1697 2233 quae
1716 2158 2080 2233 baptismum
2098 2158 2544 2234 praesupponit,
2570 2157 2974 2233 promittitur:

360 2246 520 2306 unde
551 2247 845 2322 sequitur,
881 2247 1175 2306 neminem
1208 2266 1328 2306 non
1362 2247 1723 2323 baptizatum
1757 2247 1941 2305 vitam
1973 2265 2143 2324 posse
2167 2247 2428 2322 adipisci.
2477 2247 2636 2316 Quae
2667 2247 2977 2322 responsio

360 2336 693 2395 confirmari
726 2338 923 2412 potest
950 2355 1021 2394 ex
1054 2335 1282 2396 Isidoro
1316 2337 1466 2412 hisp.
1500 2337 1651 2395 hom.
1689 2348 1722 2399 5
1758 2336 1830 2395 de
1863 2337 2078 2411 pasch.,
2126 2336 2244 2395 imo
2290 2356 2358 2394 ex
2405 2336 2841 2412 Augustini
2886 2355 2975 2411 ep.

369 2435 487 2489 186
522 2444 579 2483 n.
615 2434 695 2486 29
728 2425 801 2483 ad
833 2425 1181 2484 Paulinum:
1240 2426 1342 2494 ,Si
1395 2429 1594 2484 autem
1640 2424 1860 2483 cedunt
1909 2420 2255 2507 (pelagiani)
2304 2425 2430 2483 sedi
2475 2424 2835 2500 apostolicae
2882 2426 2977 2482 vel

360 2514 564 2589 potius
595 2513 715 2589 ipsi
747 2514 1033 2587 Magistro
1075 2519 1136 2573 et
1170 2515 1420 2573 Domino
1453 2515 1869 2591 apostolorum,
1918 2515 2021 2590 qui
2067 2514 2228 2579 dicit.
2275 2532 2394 2571 non
2439 2512 2747 2572 habituros
2792 2513 2976 2571 vitam

361 2606 661 2662 aeternam
707 2603 771 2661 in
816 2603 1167 2679 semetipsis,
1213 2604 1332 2662 nisi
1377 2604 1866 2662 manducaverint
1896 2621 2133 2662 carnem
2166 2603 2300 2661 Filii
2335 2602 2590 2661 hominis
2624 2606 2684 2660 et
2716 2601 2979 2662 biberint

361 2694 726 2770 sangninem,
775 2692 934 2768 quod
981 2694 1097 2751 nisi
1128 2695 1408 2768 baptizati
1438 2695 1650 2769 utique
1695 2712 1816 2752 non
1860 2698 2142 2770 possunt:
2204 2712 2415 2768 nempe
2463 2691 2782 2768 aliquando
2828 2691 2977 2749 fate-

360 2783 589 2841 buntur
647 2783 926 2858 parvulos
988 2801 1107 2841 non
1167 2783 1491 2858 baptizatos
1541 2782 1724 2841 vitam
1777 2783 1989 2841 habere
2041 2801 2160 2842 non
2210 2790 2442 2858 posse.‘
2529 2783 2605 2846 Cf,
2671 2781 2716 2838 O
2737 2799 2763 2839 s
2783 2781 2976 2839 wald

361 2867 393 2935 ἓ
435 2883 507 2933 17
544 2892 602 2934 n.
648 2883 697 2932 1.
1513 2864 1516 2867 ’

526 3013 671 3078 395.
724 3010 979 3076 Thesls
1023 3007 1447 3079 CCXXXII.
1480 3032 1800 3098 sumptio
1816 3029 2977 3116 eucharistiacsubutraqueopect'e

358 3134 504 3175 non
539 3124 637 3174 cst
670 3120 999 3184 fidelibus
1036 3122 1131 3175 ad
1166 3121 1467 3174 sulutem
1506 3121 1930 3174 necessaria.

540 3242 1105 3311 Demonstratio.
1169 3241 1392 3306 Thesis
1440 3247 1538 3306 est
1583 3242 1662 3305 de
1714 3240 1866 3314 fide;
1915 3240 2143 3304 statuit
2191 3239 2360 3303 enim
2407 3238 2745 3303 concilium
2796 3236 2976 3300 trid.

363 3366 522 3412 sess.
557 3353 637 3416 21
673 3365 815 3411 can.
857 3354 922 3416 1:
964 3346 1066 3422 ,Si
1102 3349 1246 3430 quis
1280 3348 1525 3423 dixerit,
1560 3367 1640 3412 ex
1660 3347 1775 3411 Dei
1803 3353 2154 3428 praecepto
2188 3346 2288 3409 vel
2319 3345 2702 3409 necessitate
2735 3343 2978 3418 salutiS,

359 3473 587 3519 omnes
621 3462 688 3519 et
721 3455 1005 3535 singulos
1036 3454 1270 3518 Christi
1302 3454 1517 3518 fideles
1570 3461 1908 3536 utramque
1953 3455 2230 3534 speciem
2277 3473 2359 3515 ss.
2411 3450 2836 3515 eucharistiae
2869 3467 2978 3512 sa-

357 3560 675 3625 cramenti
709 3580 964 3626 sumere
996 3561 1250 3638 debere,
1270 3561 1343 3625 A.
1366 3558 1465 3624 S.‹<
1505 3560 1643 3625 Huc
1678 3567 1975 3641 spectant
2008 3560 2200 3625 etiam
2224 3577 2363 3623 can.
2386 3563 2426 3625 2
2448 3565 2511 3623 et
2533 3562 2573 3627 3
2595 3564 2658 3620 et
2677 3573 2813 3637 cap.
2844 3562 2874 3624 1
2894 3575 2976 3618 ss,

358 3666 664 3731 Tenenda
696 3684 776 3730 ea
807 3675 903 3731 est
936 3667 1244 3732 adversus
1276 3667 1366 3730 sic
1399 3667 1605 3732 dictos
1651 3665 2111 3731 calixtinos
2157 3665 2319 3729 duce
2351 3663 2573 3738 HuSS,
2626 3679 2789 3742 quos
2821 3677 2977 3723 con-

359 3773 573 3837 cilium
623 3775 1267 3837 constantiense
1317 3792 1471 3837 sess.
1510 3779 1591 3842 13
1624 3773 1970 3837 damnavit.
2033 3770 2246 3850 Quare
2298 3788 2376 3834 ex
2438 3767 2743 3832 mandato
2807 3765 2976 3828 Mar-

358 3880 477 3943 tini
495 3879 568 3944 V.
603 3879 1087 3960 interrogandus
1121 3879 1315 3944 etiam
1337 3887 1475 3944 erat
1496 3885 1831 3960 suspectus
1852 3896 2144 3942 errorum
2163 3875 2422 3939 Wiclell'
2448 3881 2513 3939 et
2533 3873 2698 3937 Huss
2720 3873 2804 3958 (n.
2834 3877 2937 3956 18)
2962 3893 2979 3933 :

366 3985 630 4060 ,Utrum
678 3986 916 4063 credat,
968 3987 1137 4068 quod
1192 3987 1591 4052 consuetudo
1643 3984 2163 4049 communicandi
2208 4000 2519 4064 personas
2562 3979 2824 4044 laicales
2856 3978 2978 4042 sub

357 4094 571 4175 specie
602 4094 786 4175 panis
817 4099 1072 4157 tantum
1104 4092 1187 4156 ab
1219 4093 1506 4157 Ecclesia
1537 4093 1884 4157 universali
1916 4093 2278 4165 observata,
2301 4095 2367 4154 et
2384 4107 2500 4170 per
2517 4105 2776 4151 sacrum
2795 4104 2976 4149 conc.

359 4198 775 4265 Constantiae
808 4199 1185 4282 approbata,
1220 4201 1301 4264 sit
1333 4201 1652 4265 servanda
1684 4202 1793 4276 sic,
1842 4199 2015 4282 quod
2064 4217 2195 4261 non
2225 4197 2416 4260 liceat
2447 4213 2593 4260 earn
2625 4193 2980 4275 reprobare

358 4314 473 4370 aut
501 4307 639 4371 sine
671 4305 995 4371 Ecclesiae
1028 4307 1419 4373 auctoritate
1450 4326 1566 4389 pro
1587 4307 1768 4372 libito
1802 4309 2178 4380 immutare;
2212 4312 2275 4369 et
2308 4303 2481 4385 quod
2514 4303 2797 4367 dicentes
2830 4318 2980 4381 per-

361 4413 654 4477 tinaciter
684 4415 1051 4496 oppositum
1083 4415 1587 4496 praemissorum
1620 4422 1950 4495 tamquam
1993 4411 2299 4476 haeretici
2331 4410 2432 4473 vel
2463 4410 2786 4490 sapientes
2817 4408 2980 4471 hae·

357 4519 551 4582 resim
584 4520 711 4583 sint
744 4521 1005 4585 arcendi
1039 4528 1103 4585 et
1123 4521 1481 4603 puniendi}
1524 4522 1938 4586 Recoxerunt
1956 4520 2186 4583 horum
2205 4535 2454 4581 errores
2473 4515 2520 4578 L
2537 4536 2579 4578 u
2599 4516 2678 4578 th
2696 4533 2730 4579 e
2746 4534 2834 4576 ru
2850 4533 2880 4576 s
2914 4519 2982 4577 et

358 4624 769 4690 Calvinus.
833 4626 915 4691 Ut
948 4646 1062 4691 eos
1094 4626 1460 4693 refellamus
