3538 5364
1639 184 1825 238 Iudex..

1565 449 1661 515 Ca
1703 458 1777 516 ut
1808 446 1943 516 111.-

958 559 1043 613 De
1069 554 1232 615 sorte
1258 558 1506 614 aeterna
1529 471 1851 614 ίιιῐιιιξιιίιιιιι
1876 556 1996 616 ιιοιι
2022 540 2565 630 baptizatorum?

782 662 1033 718 Infantes
1055 680 1165 718 non
1185 663 1469 734 'baptizati
1494 665 1674 720 salute
1700 665 2009 720 excidunt

777 752 1026 807 Infantes
1052 769 1166 806 non
1188 753 1463 824 baptizati
1486 769 1668 833 poena
1693 770 1885 809 sensus
1910 771 2029 859 non
2048 755 2358 823 puniuntur
2421 795 2433 807 .

778 842 971 908 Qualis
997 841 1071 896 sit
1095 858 1284 896 eorum
1310 842 1554 897 conditio
1616 890 1630 902 .
1748 826 1756 855 ‘
1810 856 1813 859 ’

1504 1002 1777 1087 .Caput
1808 1003 1955 1073 IV.

1483 1122 1569 1186 De
1591 1110 1982 1211 purgatorio

413 1219 614 1312 Tiresia
642 1259 760 1312 273.
791 1256 1014 1309 Praeter
1040 1212 1254 1309 coelum
1280 1256 1339 1309 et
1360 1215 1639 1309 infernum
1667 1238 1932 1335 exsistere
1959 1219 2348 1327 purgatorium
2375 1255 2481 1318 fide
2501 1224 2778 1325 tenemus
2800 1303 2803 1308 ,

737 1344 773 1398 S
788 1361 816 1397 c
833 1345 868 1398 h
890 1358 922 1395 o
940 1342 990 1397 l
974 1361 992 1396 1
1015 1361 1046 1419 o
1064 1361 1118 1398 ιι.
1146 1343 1420 1397 Animae
1404 1361 1464 1397 ιιι
1483 1343 1823 1425 purgatorio
1838 1345 2020 1425 certae
2047 1345 2180 1427 sunt·
2202 1343 2271 1398 de
2288 1360 2397 1403 sua
2418 1345 2601 1423 salute
2650 1388 2655 1407 s
2714 1384 2751 1401 „

1137 1432 1189 1485 N
1191 1448 1262 1486 on
1287 1416 1523 1501 possunt
1547 1432 1790 1511 amplius
1810 1447 2043 1513 peccare
2096 1474 2109 1489 .
2692 1416 2702 1430 ’

1132 1521 1474 1593 Affliguntur
1499 1536 1677 1593 poena
1702 1520 1946 1599 damni.

1031 1677 1036 1683 ⁵
1134 1610 1432 1664 Patiuntnr
1457 1625 1694 1686 poenam
1704 1593 1908 1689 sensus
2256 1652 2269 1665 .
2328 1663 2333 1677 ἶ

1131 1699 1320 1769 Ignem
1348 1714 1465 1753 esse
1491 1700 1551 1752 in
1575 1698 1901 1769 purgatorio
1926 1698 2217 1768 probabile
2259 1740 2270 1752 .
2417 1743 2430 1756 .

1132 1788 1465 1859 Magnitudo
1490 1804 1827 1858 poenarum
1932 1829 1945 1841 .
2254 1772 2266 1842 ζ
2303 1774 2331 1783 ’Δ
2414 1830 2427 1842 .

1130 1878 1179 1931 N
1185 1894 1256 1931 on
1283 1877 1449 1931 durat
1472 1878 1859 1947 purgatorium
1882 1863 2039 1931 ultra
2063 1878 2211 1933 diem
2228 1868 2429 1947 judicii

1129 1966 1388 2022 Mensura
1410 1982 1715 2035 poenarum
1773 2007 1787 2019 .

1127 2055 1301 2110 Locus
1326 2056 1640 2127 purgatorii

1130 2146 1345 2200 Fideles
1363 2146 1561 2215 juvare
1586 2147 1825 2215 possunt
1849 2145 2065 2199 animas
2092 2145 2148 2200 in
2174 2147 2501 2217 purgatorio
2577 2188 2589 2200 .

1578 2325 1787 2408 Caput
1816 2325 1890 2389 V.

1193 2452 1278 2505 De
1305 2450 1552 2506 aeterna
1575 2453 1916 2508 sanctorum
1947 2453 2262 2508 felicitate.

776 2574 1154 2630 Beatitudinis
1178 2574 1335 2628 notio

409 2665 607 2720 ‘rhesis
636 2668 755 2720 274.
789 2665 941 2720 Visio
967 2664 1223 2719 beatifica
1250 2665 1337 2719 est
1362 2664 1799 2733 supernaturalis

846 2754 925 2807 De
951 2751 1163 2807 lumine
1188 2751 1400 2823 gloriae
1454 2793 1467 2805 .

776 2844 833 2897 S.
861 2842 1107 2896 Thomas
1132 2840 1445 2911 explicatur
1935 2889 1946 2900 ,

776 2931 985 2986 Variae
1009 2930 1080 2984 de'
1101 2930 1454 2986 beatitudine
1479 2931 1834 2998 quaestiones
1933 2971 1945 2984 .

410 3022 610 3076 ‘rhesis
638 3025 757 3075 275.
786 3019 949 3075 Beati
975 3036 1203 3090 peccare
1230 3036 1338 3074 non
1367 3020 1602 3089 possunt

408 3111 663 3165 ‘rhesis2
671 3114 753 3165 76.
782 3110 939 3164 Licet
964 3108 1241 3178 objectiva
1263 3108 1534 3176 justorum
1561 3108 1855 3162 beatitudo
1883 3108 1957 3162 sit
1982 3108 2195 3174 eadem,
2221 3108 2532 3178 inaequalis
2557 3111 2747 3164 tamen

841 3199 927 3251 est
952 3198 1260 3267 subjectiva
1284 3199 1341 3251 et
1364 3196 1614 3251 formalis
1639 3212 1741 3266 pro
1767 3196 2091 3251 diversitate
2118 3197 2441 3251 meritorum

768 3286 804 3342 S
824 3287 1024 3341 choli
1044 3302 1075 3338 o
1093 3304 1130 3338 n
1161 3286 1200 3339 Ι.
1227 3285 1535 3339 Difficultas
1576 3287 1771 3340 contra
1808 3286 1954 3339 hanc
1992 3286 2455 3354 inaequalitatem
2496 3302 2560 3340 cx
2587 3304 2744 3357 para·

837 3376 970 3430 bola
997 3376 1373 3445 operariorum
1401 3375 1459 3428 in
1487 3375 1652 3427 vinea
1762 3415 1777 3429 .
1923 3421 1935 3432 .

767 3467 802 3519 S
821 3482 851 3519 c
866 3465 903 3519 h
921 3465 1073 3519 olio
1087 3484 1124 3519 n
1152 3465 1215 3518 11.
1244 3464 1323 3518 De
1348 3464 1576 3518 dotibus
1602 3465 1660 3517 et
1685 3464 1925 3518 aureolis
1951 3463 2244 3518 beatorum

768 3553 1129 3608 Scholion
1154 3554 1583 3622 practicum.
1614 3554 1953 3608 concionum
1981 3556 2313 3623 argumenta
2407 3595 2419 3607 .

1369 3739 1649 3806 Sectio
1700 3742 2083 3806 secunda.

1111 3867 1216 3934 Dc
1249 3868 1876 3936 consummatione
1909 3868 2341 3935 universali.

768 4008 850 4062 De
879 4007 1255 4077 praeambulis
1282 4009 1780 4062 consummationis
1806 4007 2134 4061 universalis
2245 4047 2258 4060 .

767 4097 845 4151 De
874 4096 1204 4151 antichristo
1280 4138 1291 4150 .
1602 4143 1612 4153 .

404 4188 603 4241 ‘rhesis
632 4191 751 4240 277.
780 4185 985 4240 Omnes
1013 4187 1218 4240 mortui
1246 4187 1438 4240 eodem
1464 4190 1714 4257 tempore
1750 4203 1874 4239 cum
1912 4185 2023 4239 suis
2049 4185 2289 4256 propriis
2315 4185 2636 4254 corporibus
2661 4201 2742 4238 re-

766 4278 997 4345 surgent
1127 4316 1140 4328 .

767 4364 801 4417 S
819 4382 848 4418 c
864 4365 900 4417 h
917 4379 948 4416 o
970 4362 1024 4416 li
1041 4380 1072 4416 o
1091 4383 1126 4417 n
1202 4364 1241 4417 1.
1269 4363 1594 4433 Exceptioni
1617 4363 1824 4418 satisfit
1921 4404 1935 4416 .

766 4453 802 4506 S
820 4454 901 4506 ch
922 4453 1023 4505 oli
1041 4470 1126 4507 on
1175 4453 1242 4506 11.
1268 4454 1348 4507 De
1375 4453 1600 4507 dotibus
1626 4454 1870 4523 corporis
1896 4453 2125 4523 gloriosi

766 4544 799 4594 S
818 4559 846 4596 c
863 4543 900 4595 h
917 4543 1023 4596 oli
1040 4557 1071 4595 o
1087 4561 1122 4596 n
1157 4542 1248 4596 ΙΙΙ.
1275 4543 1349 4597 U
1332 4559 1475 4595 ιιιιιι
1509 4543 1839 4597 resurrectio
1875 4543 2112 4596 naturae
2148 4543 2422 4597 humanae
2448 4543 2522 4596 sit
2548 4497 2739 4596 debita

768 4630 1127 4686 Scholion
1153 4632 1584 4702 practicum
1613 4632 1952 4686 Concionum
1982 4634 2312 4701 argumenta
2399 4673 2411 4684 .
2720 4672 2732 4684 .

2592 4721 2683 4774 45·

2874 1234 2899 1250 ⁰
2933 1230 3034 1319 θεὲ

2932 1390 3037 1494 630

2931 1529 3036 1581 630

2931 1618 3038 1670 630

2930 1708 3037 1758 630

2930 1797 3035 1849 630

2929 1885 3036 1936 630

2931 1974 3031 2025 631

2930 2063 3028 2114 631

2931 2151 3028 2201 631

2930 2582 3032 2631 631

2929 2668 3034 2721 634

2928 2758 3034 2809 638

2929 2847 3033 2897 639

2928 2938 3033 2986 640

2924 3026 3023 3076 641

2923 3382 3028 3432 643

2925 3470 3032 3521 644

2925 3560 3029 3610 645

2924 4012 3027 4063 647

2920 4101 3027 4152 649

2922 4280 3017 4330 651

2921 4368 3024 4419 656

2922 4457 3026 4508 657

2920 4547 3025 4597 658

2920 4636 3022 4686 659
