3538 5364
1055 261 1139 312 est
1163 257 1495 313 immediata
1524 258 1844 313 voluntatis
1869 258 2191 328 inspiratio,
2846 266 2922 329 17

282 463 483 502 unum
518 445 752 514 minua,
787 446 1045 504 alterum
1077 445 1295 519 majus:
1345 463 1466 504 non
1513 445 1597 505 sic
1634 444 1932 521 justitiam
1978 448 2244 504 nostram
2277 463 2458 520 super
2487 445 2723 503 laudem
2747 445 2928 519 justi-

288 532 561 592 ficatoris
591 536 793 592 nostri
824 534 1093 602 extollat,
1126 539 1198 593 ut
1228 534 1440 593 horum
1472 534 1728 593 duorum
1759 536 1918 610 quod
1949 534 2151 593 minus
2184 537 2294 603 est,
2329 533 2531 592 divino
2562 534 2790 592 tribuat
2821 534 2926 591 ad·

288 623 561 698 jutorio:
596 623 758 698 quod
791 626 993 681 autem
1022 625 1215 698 majus
1246 627 1356 691 est,
1390 622 1647 681 humano
1682 626 1933 697 usurpet
1964 623 2211 682 arbitrio
2225 620 2334 705 ¹).‘

492 742 563 810 2.
597 741 890 807 Patres
935 742 1177 824 passim
1220 743 1493 823 gratiam
1540 742 1880 824 designant
1922 742 2312 819 nominibuS,
2358 759 2526 824 quae
2560 720 2930 829 immediate

316 849 400 912 ad
434 849 834 914 voluntatem
880 848 1274 913 referuntur:
1320 867 1465 913 earn
1499 849 1669 913 enim
1702 855 1943 912 vocant
1975 850 2386 922 suavitatem,
2419 848 2932 937 delectati-nem,

310 955 740 1032 dilectionem,
804 956 1042 1019 bonam
1105 954 1507 1021 voluntatem
1568 961 1686 1021 etc.
1749 954 1964 1035 Quare
2011 955 2351 1037 inspiratio
2403 955 2751 1030 voluntatis
2802 972 2930 1049 non

308 1069 444 1126 tam
478 1062 727 1126 fructus
762 1064 1010 1144 gratiae
1046 1061 1334 1138 actualis,
1376 1080 1571 1144 quam
1609 1062 1830 1143 potius
1870 1061 2219 1128 formaliter
2251 1062 2463 1144 gratia
2493 1061 2766 1125 actualis
2787 1079 2933 1125 esse

318 1156 586 1233 videtur.

497 1294 762 1359 Accedit
792 1296 856 1365 3.
886 1294 1035 1359 fidei
1066 1313 1163 1357 an
1182 1294 1471 1375 alogia.
1524 1293 1605 1359 Ut
1638 1295 1807 1358 enim
1841 1301 2023 1358 actus
2057 1295 2407 1360 voluntatis
2439 1296 2567 1358 sint
2597 1296 2933 1365 salutares,

313 1401 475 1463 hinc
527 1401 1068 1481 supernaturaleS,
1121 1400 1264 1466 elici
1313 1400 1553 1466 debent
1604 1420 1645 1465 a
1692 1400 2024 1467 voluntate
2075 1403 2158 1466 ad
2207 1403 2582 1483 dignitatem
2644 1401 2936 1484 principii

318 1506 825 1589 supernaturalis
858 1508 1125 1574 elevata.
1188 1508 1509 1573 Voluntas
1559 1527 1712 1575 vero
1762 1528 1894 1574 non
1944 1508 2232 1573 redditur
2278 1509 2660 1591 principium
2709 1527 2933 1590 super-

320 1614 631 1690 naturale,
663 1615 719 1677 si
752 1621 1005 1679 tantum
1036 1622 1373 1682 moveatur
1408 1615 1881 1698 supernaturali
1914 1616 2276 1680 intellectus
2310 1615 2816 1702 illustratione2).

503 1751 602 1804 20.
636 1737 999 1807 Scholion.
1067 1745 1156 1803 De
1198 1764 1348 1803 nexu
1389 1747 1617 1822 yratiae
1646 1749 1906 1803 internae
1936 1765 2064 1803 cum
2097 1754 2353 1805 externa.
2391 1780 2466 1790 —
2516 1746 2587 1804 In
2632 1744 2933 1821 praesenti

314 1850 522 1890 rerum
554 1833 797 1907 ordine,
819 1835 922 1909 qui
956 1838 1050 1892 est
1079 1834 1225 1892 ordo
1255 1835 1647 1910 reparationis
1680 1837 1742 1893 et
1774 1834 2262 1911 supernaturaliS‚
2309 1835 2440 1912 lege
2472 1834 2672 1893 divina
2704 1852 2936 1909 semper

311 1920 563 1995 quidem
597 1923 820 1996 gratiae
852 1929 1146 1994 externae,
1192 1928 1254 1982 et
1286 1924 1338 1981 si
1369 1941 1489 1981 non
1522 1942 1769 1999 semper,
1806 1924 2017 1982 saltem
2049 1942 2329 2000 persaepe
2361 1922 2750 2000 propositioni
2782 1923 2931 1981 alte-

313 2009 448 2068 rius
480 2027 717 2085 quoque
747 2011 964 2087 objecti
995 2012 1239 2081 externi,
1286 2012 1445 2088 quod
1486 2013 1844 2071 naturaliter
1874 2018 2083 2088 aptum
2112 2016 2202 2071 est
2233 2013 2484 2071 excitare
2517 2012 2935 2089 cogitationem

316 2098 763 2174 motionemque
796 2101 1126 2159 voluntatis
1156 2101 1347 2159 ethice
1377 2101 1701 2170 honestam,
1748 2102 1971 2160 adnexa
2017 2105 2109 2160 est
2153 2101 2445 2176 ejusmodi
2480 2102 2674 2178 gratia
2702 2100 2940 2159 interna

322 2189 662 2246 intellectus
706 2192 766 2247 et
811 2190 1157 2257 voluntatiS,
1202 2196 1274 2247 ut
1317 2190 1600 2267 cogitatio
1639 2191 1939 2265 motioque
1973 2190 2279 2249 excitanda
2325 2191 2408 2249 sit
2452 2190 2938 2266 supernaturalis.

330 2277 513 2344 ,Cum
547 2277 735 2355 igitur
768 2277 1014 2337 verbum
1048 2279 1171 2349 Dei,
1207 2279 1416 2337 scribit
1447 2279 1518 2337 ad
1551 2299 1675 2338 rem
1707 2283 1982 2337 airctor
2012 2279 2084 2337 de
2117 2284 2303 2342 vocat.
2338 2280 2603 2337 omnium
2624 2282 2785 2356 gent.
2807 2278 2851 2348 I,
2878 2287 2933 2347 8,

321 2384 428 2442 per
456 2366 859 2425 ministerium
891 2367 1362 2443 praedicantium
1394 2367 1644 2427 auribus
1676 2367 1870 2426 carnis
1903 2368 2176 2437 infertur,
2224 2368 2508 2426 miscetur
2539 2368 2801 2443 operatio
2835 2385 2938 2444 po-

321 2455 550 2513 tentiae
572 2455 810 2514 divinae
827 2475 956 2514 cum
981 2475 1123 2516 sono
1144 2457 1301 2516 voela
1322 2457 1641 2515 humanae:
1675 2457 1862 2532 etqui
1882 2457 2157 2514 incitavit
2176 2456 2640 2534 evangelizantis
2661 2456 2937 2525 officium,

325 2543 625 2603 audientis
657 2564 898 2621 quoque
928 2546 1188 2605 firmavit
1219 2546 1511 2605 affectum.
1576 2546 1872 2604 Dulcescit
1904 2546 2132 2604 animae
2164 2544 2332 2603 cibus
2366 2544 2546 2613 verbi,
2593 2548 2821 2603 veteres
2852 2548 2941 2603 te-

327 2632 542 2692 nebrae
573 2653 723 2694 nova
754 2635 888 2694 luce
918 2636 1232 2712 pelluntur
1261 2639 1323 2694 et
1354 2636 1605 2694 obtutus
1627 2634 1876 2694 interior
1894 2635 2148 2713 caligine
2169 2635 2402 2711 antiqui
2424 2634 2637 2693 erroris
2670 2633 2941 2703 exuitur;

325 2724 550 2782 transit
578 2725 810 2784 animus
846 2725 917 2784 de
950 2725 1259 2784 voluntate
1303 2725 1367 2783 in
1412 2727 1802 2793 voluntatem,
1855 2729 1916 2782 et
1962 2725 2012 2783 si
2060 2724 2180 2791 illa,
2233 2743 2382 2799 quae
2429 2722 2692 2798 pellitur,
2743 2722 2944 2796 aliqua

325 2814 707 2872 cunctatione
741 2818 1090 2886 remoratur,
1132 2834 1199 2873 ea
1230 2818 1445 2885 tamen,
1480 2832 1635 2890 quae
1666 2814 1957 2891 gignitur,
1992 2813 2266 2872 electiora
2300 2831 2567 2889 quaeque
2601 2811 2715 2870 sibi
2747 2810 2942 2869 vindi-

331 2909 465 2960 cat‘
499 2906 611 2962 etc.
678 2902 802 2961 Hoc
833 2906 1034 2961 autem
1066 2903 1239 2962 modo
1272 2905 1472 2961 omnia
1502 2905 1900 2978 cooperantur
1945 2902 2009 2959 in
2056 2901 2308 2960 salutem
2340 2902 2531 2984 (Rom.
2569 2912 2622 2971 Β,
2662 2894 2804 2982 28);
2853 2899 2945 2958 vel

332 2991 687 3050 universitas
716 3010 917 3050 rerum
946 2992 1012 3051 in
1044 2992 1280 3050 odorem
1315 2993 1473 3050 cedit
1503 2993 1679 3062 vitae,
1726 2994 1798 3050 ut
1829 2992 2112 3066 ,loquitur
2143 2991 2299 3050 idem
2345 2994 2620 3049 auctor
2649 2989 2724 3057 ΙΙ,
2777 3001 2834 3056 4,
2883 2993 2946 3047 et

331 3099 611 3156 ‚semper
642 3079 1040 3139 misericordia
1071 3081 1305 3139 Domini
1340 3081 1516 3156 plena
1546 3085 1636 3140 est
1665 3085 1843 3150 terra,
1891 3088 1952 3139 et
1989 3080 2313 3154 unicuique
2345 3080 2609 3138 fidelium
2642 3078 2716 3137 ad
2748 3079 2944 3136 colen-

332 3171 475 3227 dum
496 3171 683 3228 Deum
705 3169 830 3245 ipsa
860 3187 1059 3230 rerum
1091 3177 1303 3228 natura
1334 3170 1603 3229 doctrina
1634 3172 1786 3239 est‘,
1820 3172 1974 3227 teste
2006 3170 2202 3227 Leon
2222 3189 2254 3227 e
2287 3170 2361 3227 M.
2392 3187 2559 3229 serm.
2586 3179 2619 3229 6
2653 3168 2720 3226 in
2737 3167 2945 3242 quadr.

331 3259 625 3328 c.1;hoc
657 3258 828 3316 modo
862 3259 1018 3317 Deus
1049 3259 1375 3318 secundum
1408 3259 1938 3336 Augustinum
1972 3257 2032 3316 in
2068 3258 2317 3321 Ps.102
2357 3260 2569 3326 ,vocat
2599 3257 2947 3330 undique

329 3347 404 3405 ad
424 3346 863 3418 correctionem,
896 3351 1067 3407 vocat
1085 3348 1349 3423 undique
1372 3349 1444 3406 ad
1464 3347 1924 3424 poenitentiam;
1959 3349 2129 3405 vocat
2147 3346 2449 3405 beneficiis
2471 3349 2771 3405 creaturae
2787 3354 2813 3383 ¹¹
2836 3350 2948 3403 etc.

330 3436 524 3505 Quare
555 3454 692 3494 vere
723 3435 840 3495 dici
873 3441 1086 3511 potest,
1119 3437 1443 3496 humanum
1465 3455 1654 3513 genus
1674 3437 1767 3494 vel
1789 3437 1997 3495 saltem
2021 3435 2224 3494 fideles
2246 3437 2445 3494 vivere
2466 3436 2527 3493 in
2543 3436 2948 3510 atmosphaera

330 3524 574 3602 gratiae,
606 3526 801 3602 gratia
829 3525 1100 3600 undique
1131 3544 1260 3585 esse
1291 3526 1699 3588 circumdatos.
1749 3525 1910 3595 Quae
1939 3525 2329 3583 consideratio
2355 3526 2473 3583 Deo
2505 3528 2564 3582 et
2597 3524 2828 3583 Christo
2860 3528 2950 3582 est

330 3614 514 3690 digna
545 3618 604 3670 et
635 3614 935 3691 analogiae
966 3615 1311 3692 dogmatum
1345 3633 1613 3685 consona,
1649 3614 1920 3689 illudque
1951 3614 2254 3672 theorema
2284 3613 2607 3685 confirmat,
2642 3614 2795 3688 quod
2828 3617 2948 3671 sta-

330 3705 562 3761 tuimus
594 3721 775 3776 supra
805 3707 850 3760 t.
883 3703 954 3760 11.
986 3722 1047 3761 n.
1084 3706 1263 3771 2652,
1298 3704 1586 3762 mundum
1618 3703 1973 3761 institutum
2005 3720 2136 3761 esse
2169 3703 2349 3761 etiam
2381 3703 2455 3760 ad
2486 3702 2805 3760 utilitatem
2840 3702 2946 3759 ho-

330 3792 514 3850 minis
548 3793 1137 3873 supernaturalem).
1205 3794 1453 3869 Propter
1496 3792 1656 3851 hunc
1700 3811 1917 3851 nexum
1964 3792 2189 3868 gratiae
2223 3791 2492 3851 internae
2523 3809 2658 3848 cum
2707 3797 2949 3848 externa

333 3879 739 3955 consequitur,
786 3899 921 3940 cum
965 3881 1146 3940 unius
1192 3884 1427 3940 tantum
1473 3881 1541 3940 fit
1585 3882 1826 3951 mentm,
1873 3882 2120 3939 alteram
2176 3881 2356 3939 etiam
2417 3879 2790 3956 subintelligi
2855 3879 2947 3936 vel

338 3969 745 4045 praesupponi,
779 3973 842 4028 et
873 3988 1003 4028 cum
1035 3971 1143 4029 uni
1163 3970 1458 4030 tribuitur
1477 3974 1646 4030 actus
1667 3971 1962 4041 salutaris,
1997 3971 2243 4029 alterius
2263 3987 2614 4028 concursum
2635 3969 2951 4042 propterea

338 4077 454 4117 non
485 4059 709 4136 negari,
758 4058 951 4128 Quare
983 4077 1118 4118 cum
1148 4063 1348 4135 patres
1379 4061 1764 4138 distinguunt
1792 4059 2087 4134 triplicem
2108 4062 2347 4120 statum.
2382 4061 2604 4116 statum
2638 4055 2759 4116 scil.
2793 4056 2946 4132 legis

332 4156 599 4214 naturae,
635 4148 783 4225 legis
815 4148 1105 4207 mosaicae
1135 4153 1198 4208 et
1226 4150 1376 4228 legis
1408 4149 1797 4225 evangelicae,
1843 4148 2151 4206 distinctio
2185 4165 2305 4204 non
2337 4149 2429 4204 est
2459 4146 2690 4203 ratione
2722 4146 2947 4221 gratiae

333 4237 737 4308 internae,
768 4239 867 4297 sed
900 4238 1131 4297 ratione
1161 4241 1383 4315 gratiae
1415 4242 1478 4297 et
1507 4237 1874 4298 oeconomiae
1907 4239 2292 4297 externae.

521 4360 624 4422 21.
664 4356 927 4420 Gratiae
959 4358 1231 4421 actualis
1258 4361 1642 4442 partitiones,
1676 4396 1761 4403 —
1798 4354 2019 4418 Gratia
2051 4355 2321 4420 actualis
2353 4353 2650 4417 dividitur

563 4575 599 4638 ¹)
626 4567 709 4623 Cf.
737 4567 1151 4639 Dechamps
1177 4568 1247 4621 de
1272 4567 1424 4620 haer.
1444 4569 1591 4634 jans.
1620 4569 1656 4620 l.
1683 4573 1715 4621 3
1743 4565 1890 4636 disp.
1918 4573 1950 4622 3
1975 4583 2022 4621 c.
2055 4573 2149 4625 16:
2178 4566 2558 4620 Scheeben
2586 4573 2613 4631 5
2638 4565 2760 4620 287.

558 4654 598 4718 ²)
628 4647 712 4702 cf.
737 4647 1060 4719 Ripalda
1084 4647 1231 4718 disp.
1262 4653 1379 4710 101,
1411 4652 1506 4702 102
1534 4650 1591 4699 et
1620 4653 1752 4704 103:
1782 4645 2148 4700 Mazzella
2174 4645 2317 4715 disp.
2351 4651 2374 4699 1
2406 4661 2457 4697 a.
2484 4653 2535 4700 4.

558 4732 601 4800 ⁸)
628 4727 713 4781 Of.
738 4731 967 4798 patrum
993 4727 1163 4781 effata
1191 4744 1385 4798 opusc.
1409 4726 1505 4788 Ill,
1534 4733 1635 4782 100
1661 4744 1731 4783 ss.
1758 4743 1811 4779 a.
1839 4728 1896 4780 et
1920 4725 2078 4798 apud
2105 4725 2245 4794 Rip
2262 4742 2295 4778 a.
2312 4724 2429 4780 Ida
2456 4724 2601 4793 disp.
2631 4730 2716 4778 20.

556 4825 825 4886 Hortor,
863 4825 1116 4883 compend.
1155 4826 1421 4880 theologiae
1460 4825 1544 4883 111,
1590 4828 1666 4873 11.
1707 4826 1782 4874 ed.
2565 4819 2594 4865 2
