3538 5364
593 278 726 347 -120
1084 273 1269 327 Tract.
1288 271 1451 326 'Vmss
1470 273 1541 327 de
1557 270 1997 342 justificatione.
2019 271 2442 344 Disputationis
2467 271 2721 345 partitio.

592 480 701 538 quo
745 462 808 518 et
834 458 1002 518 illud
1040 462 1167 518 sine
1193 478 1304 536 quo
1336 478 1449 518 non
1482 457 1829 519 discrimina
1859 461 1980 519 duo*
2010 461 2279 537 assignat
2311 455 2830 537 Augustinus.
2897 458 3074 518 Prius
3106 464 3210 529 est,

591 549 754 626 quod
785 550 848 607 in
879 549 1061 623 priori
1095 550 1446 614 oeconomia,
1481 548 1694 624 inqua
1712 549 1998 608 collatum
2028 554 2122 610 est
2154 548 2521 625 adjutorium
2551 552 2674 609 sine
2703 569 2815 627 quo
2844 568 2977 626 non,
3014 554 3210 608 osten-

592 654 725 697 sum
756 638 890 709 fuit,
923 637 1069 713 quid
1100 641 1301 714 posset
1329 637 1586 697 liberum
1617 639 1962 698 arbitrium:
1994 640 2060 698 in
2091 639 2279 697 altera
2307 656 2447 697 vero
2478 641 2833 709 oeconomia,
2865 639 2927 697 in
2961 658 3083 715 qua
3111 638 3211 697 ad·

590 728 884 803 jutorium
929 746 1038 803 quo
1081 726 1402 797 confertur,
1450 727 1716 785 ostendit
1747 728 1923 796 Deus,
1971 728 2119 804 quid
2169 728 2359 804 possit
2403 727 2597 805 gratia
2639 748 2763 788 sua.
2810 761 2893 771 -—
2942 729 3213 786 Alterum

591 816 909 876 discrimen
940 821 1051 885 est,
1085 815 1244 891 quod
1277 816 1646 892 adjutorium
1675 819 1799 875 sine
1830 835 1941 892 quo
1972 836 2087 876 non
2120 816 2184 876 in
2216 816 2405 875 libero
2437 817 2683 876 arbitrio
2705 817 2916 875 Adami
2940 817 3214 875 relictum

592 906 726 975 fuit,
771 905 859 963 ita
902 909 974 964 ut
1011 904 1277 964 Adamas
1310 909 1466 964 stare
1497 906 1768 981 potuerit
1801 906 1988 965 libero
2021 906 2284 977 arbitri0,
2318 904 2480 965 sicut
2510 909 2813 966 steterunt
2845 906 3075 983 angeli;
3122 906 3214 964 vel

593 1014 727 1053 cum
758 1013 828 1053 eo
859 1014 980 1053 non
1009 995 1332 1070 cooperari,
1368 998 1441 1053 ut
1470 1013 1675 1054 revera
1704 995 1929 1054 factum
1962 998 2083 1054 est:
2116 994 2483 1070 adjutorium
2512 1013 2652 1054 vero
2685 1014 2796 1073 quo
2827 1015 2988 1055 nunc
3012 1014 3218 1071 opera-

591 1075 695 1142 tur
726 1084 831 1154 ita,
867 1087 938 1142 ut
962 1102 1193 1159 semper
1213 1085 1336 1142 sint
1355 1084 1560 1155 sancti,
1594 1084 1699 1158 qui
1731 1084 2251 1159 indeclinabiliter,
2287 1083 2790 1161 insuperabiliter,
2822 1084 3216 1144 invictissime

592 1162 801 1243 velint,
832 1177 903 1231 ιιι
930 1173 1205 1248 ,loquitur
1236 1191 1281 1236 s.
1314 1173 1517 1232 doctor
1548 1173 1626 1236 ib.
1658 1192 1721 1232 n.
1756 1182 1856 1237 38.

769 1292 833 1360 4.
868 1297 1158 1357 Omnibus
1188 1316 1330 1374 ergo
1362 1296 1633 1373 expensis
1666 1298 1753 1356 ita
1784 1297 2026 1357 videtur
2058 1316 2189 1357 cum
2227 1297 2593 1357 Palmieri
2640 1298 2715 1358 de
2760 1299 2909 1375 grat.
2956 1297 3077 1361 div.
3107 1302 3215 1355 act.

590 1387 676 1448 th.
714 1397 791 1448 46
832 1380 1135 1469 (Galopiae
1176 1383 1370 1467 1885)
1403 1386 1749 1463 explicanda
1779 1389 1828 1446 A
1848 1387 2213 1463 agustini
2245 1387 2509 1446 theoria:
2543 1389 2704 1457 Deus
2736 1388 3064 1446 instituens
3097 1389 3216 1445 sta-

592 1480 720 1533 tum
746 1477 1024 1550 justitiae
1056 1476 1368 1553 originalis
1401 1476 1802 1535 etconferens
1834 1476 2106 1553 gratiam,
2138 1494 2247 1552 per
2277 1495 2456 1550 quam
2489 1479 2692 1552 posset
2722 1476 3065 1552 perdurare,
3099 1494 3217 1534 non

593 1565 806 1623 habuit
836 1564 1205 1624 voluntatem
1239 1566 1577 1623 absolutam
1610 1566 2073 1635 antecedentem,
2122 1572 2195 1624 ut
2238 1566 2340 1624 ille
2388 1564 2586 1625 status
2632 1568 3068 1641 perseveraret:
3115 1565 3216 1623 sed

594 1654 787 1711 solum
822 1653 1301 1722 conditionatam‚
1352 1656 1404 1713 si
1448 1673 1660 1730 nempe
1692 1654 1882 1713 Adam
1930 1672 2064 1713 cum
2109 1655 2305 1731 gratia
2349 1663 2765 1730 cooperaretur
2807 1658 2871 1713 et
2914 1655 2978 1712 in
3025 1654 3219 1730 gratia

593 1744 829 1818 accepta
861 1747 1284 1817 perseveraret.
1348 1744 1502 1802 Hinc
1532 1744 1973 1819 perseverentia
2002 1742 2170 1802 illius
2202 1742 2398 1802 status
2430 1744 2641 1803 relicta
2684 1746 2841 1803 erat
2857 1744 2922 1802 in
2966 1743 3217 1801 arbitrio

593 1830 836 1901 Adami3
871 1833 1049 1914 hujus
1082 1852 1220 1892 vero
1242 1837 1478 1909 peccato
1500 1837 1810 1893 ostensum
1843 1836 1952 1903 est,
1987 1832 2128 1907 quil
2164 1833 2418 1891 liberum
2453 1833 2771 1902 arbitrium
2804 1832 3024 1908 possit3
3059 1831 3217 1908 quod

590 1910 791 1978 tamen
835 1925 1140 1981 ostensum
1186 1941 1423 1998 quoque
1470 1921 1698 1991 fuisset,
1747 1921 1800 1979 si
1843 1922 2108 1980 Adamus
2152 1926 2602 1997 perseverasset.
2668 1923 2749 1980 At
2791 1922 2958 1997 lapsa
3003 1925 3218 1980 natura

592 2004 752 2067 Deus
784 2010 1005 2069 Filium
1037 2030 1213 2070 suum
1245 2008 1489 2070 humani
1521 2011 1757 2087 generis
1790 2010 2108 2069 constituit
2138 2010 2609 2111 Redemptorem‚
2656 2011 2969 2085 voluitque
3006 2008 3225 2069 volun-'

592 2100 715 2156 tate
747 2099 1020 2159 absoluta
1050 2104 1113 2159 et
1143 2100 1515 2159 antecedenti
1547 2101 1826 2158 effectum
1855 2099 2287 2174 redemptionis
2334 2100 2396 2157 in
2442 2094 2722 2176 pluribus
2768 2101 2978 2159 saltem
3011 2110 3220 2175 reapse'

593 2187 852 2246 obtineri
867 2185 954 2270 ¹):
985 2190 1181 2248 voluit
1213 2208 1346 2248 cum
1380 2190 1613 2248 Christo
1645 2189 1838 2265 capite
1868 2188 2030 2257 alios,
2066 2188 2169 2263 qui
2203 2190 2331 2262 eius
2362 2207 2576 2266 corpus
2608 2189 3075 2254 constituerentz
3110 2206 3214 2247 no·

591 2276 711 2363 luit
741 2277 1106 2352 permittere,
1152 2282 1223 2337 ut
1268 2278 1539 2338 Christus
1574 2282 1874 2354 potestate
1906 2280 2161 2347 tantum,
2197 2296 2330 2337 non
2362 2282 2501 2337 actu
2532 2283 2689 2337 esset
2718 2281 2901 2379 caput
2932 2279 3218 2352 solusque

591 2365 721 2423 sine
766 2367 1053 2426 fratribus
1099 2368 1163 2428 in
1208 2371 1533 2428 aeternum.
1600 2367 1808 2427 Voluit
1837 2367 2028 2444 igitur
2058 2368 2234 2425 Deus
2252 2367 2514 2437 humano
2546 2367 2750 2445 generi
2781 2372 3057 2443 reparato
3089 2385 3213 2425 eam

590 2454 845 2531 gratiam
878 2475 984 2515 seu
1017 2457 1242 2534 gratiae
1264 2456 1661 2525 oeconomiam
1684 2456 2162 2524 subministrare,
2197 2461 2268 2514 ιιι
2298 2456 2500 2532 plures
2532 2476 2601 2515 ex
2633 2476 2700 2515 eo
2734 2456 3066 2515 certissime
3099 2456 3215 2514 sal·
3219 2443 3233 2453 ⁹

592 2546 893 2615 verentur,
929 2548 991 2604 et
1023 2544 1110 2605 ita
1140 2546 1467 2617 ostendere,
1503 2545 1647 2622 quid
1681 2545 1877 2619 gratia
1909 2563 2018 2603 sua
2046 2545 2258 2620 possit,
2293 2544 2349 2603 h.
2384 2565 2431 2604 e.
2466 2542 2625 2621 quod
2656 2536 2867 2622 potens
2901 2546 3000 2611 sit,
3035 2546 3089 2602 si
3118 2564 3217 2604 ve·

591 2628 682 2704 lit,
715 2633 908 2711 gratia
939 2653 1049 2694 sua
1081 2636 1309 2695 salvare
1343 2634 1628 2694 homines.
1694 2635 1856 2704 Quae
1888 2632 2292 2694 manifestatio
2323 2653 2393 2694 eo
2426 2640 2520 2695 est
2550 2635 2927 2707 luculentior,
2963 2653 3083 2709 quo
3114 2653 3218 2693 na-

588 2727 729 2782 tura
760 2725 925 2801 lapsa
956 2725 1245 2801 fragilior,
1292 2743 1470 2799 quam
1514 2725 1765 2825 integra.
1831 2724 2281 2783 Perseverantia
2324 2744 2464 2802 ergo
2511 2727 2777 2784 status
2823 2723 3216 2800 reparationis

589 2831 697 2888 per
728 2814 1030 2873 Christum
1061 2833 1178 2872 non
1212 2818 1303 2873 est
1332 2813 1583 2872 relicta
1570 2832 1632 2871 ιιι
1665 2812 1912 2871 arbitrio
1946 2813 2216 2883 hominis,
2268 2814 2373 2872 sed
2403 2814 2825 2873 antecedenter
2855 2813 3131 2872 ordinata
3159 2815 3219 2872 et

591 2905 819 2961 statuta
848 2922 883 2961 a
916 2903 1069 2960 Dec.
1119 2903 1226 2978 qui
1258 2921 1324 2960 ea
1357 2901 1621 2961 decrevit
1651 2902 1992 2961 oeconomia
2021 2901 2135 2971 uti,
2184 2903 2247 2961 in
2296 2922 2416 2978 qua
2452 2904 2512 2962 id
2546 2902 2955 2991 infallibiliter
2985 2903 3217 3003 obtine-

590 2995 773 3060 retur,
810 2991 1113 3066 ideoque
1100 3011 1162 3049 m
1194 3010 1313 3066 qua
1343 2992 1546 3066 plures
1578 2990 1847 3050 homines
1882 2990 2283 3050 infallibiliter
2312 2995 2770 3068 perseverarent

1711 3169 1938 3248 Pars
1980 3171 2076 3246 II.

742 3307 864 3373 DE
912 3307 1260 3374 GRATIA
1316 3307 1833 3392 HABITUALI
1883 3279 2231 3377 SEU'DE
2280 3303 3065 3376 JUSTIFICA'I'IONE.

774 3436 915 3500 134.
966 3433 1444 3516 Disputationes
1479 3433 1768 3518 partitio.
1801 3468 1888 3479 -
1924 3427 2146 3495 Omnis
2192 3431 2398 3511 gratia
2429 3428 2663 3496 christi
2694 3409 2944 3512 gratum
2979 3429 3221 3495 faciens

591 3545 689 3601 est
718 3539 821 3603 vel
852 3539 1225 3602 actualis
1254 3539 1354 3602 vel
1387 3537 1857 3603 habitualis
1892 3538 1976 3624 (n.
2016 3542 2141 3625 11).
2176 3538 2267 3602 De
2299 3537 2495 3619 priori
2527 3537 2803 3618 egimus}
2846 3537 2979 3618 jam
3009 3537 3091 3602 de
3123 3538 3223 3601 al-

591 3651 732 3708 tera
763 3643 1215 3729 disserendum
1251 3652 1381 3710 est:
1417 3662 1583 3727 quae
1617 3663 1765 3708 cum
1799 3646 1862 3708 in
1894 3646 2036 3726 ipsa
2067 3643 2437 3709 infundatur
2461 3643 2921 3726 justificatione
2955 3644 3219 3726 ejusque

591 3744 852 3816 effectus
885 3752 1077 3834 plane
1110 3749 1388 3839 eximii2)
1416 3750 1889 3834 justificationis
1908 3752 2170 3815 nomine
2191 3751 2835 3832 comprehendantur,
2856 3750 2940 3815 ad
2960 3748 3218 3832 plenam

814 3949 849 4017 ¹)
878 3929 1028 4000 Dum
1056 3945 1162 3998 hoc
1192 3943 1572 4008 concedimus,
1601 3944 1930 4000 nullatenus
1972 3946 2203 3998 tuemur
2241 3942 2824 4014 praedestinationem
2858 3943 3221 4021 singulorum

590 4023 904 4078 electorum
931 4027 1067 4078 ante
1096 4023 1360 4094 praevisa
1386 4022 1608 4076 merita.
1637 4021 1815 4077 Aliud
1843 4021 1994 4077 enim
2021 4023 2109 4075 est
2133 4022 2420 4086 voluntas,
2458 4037 2573 4090 qua
2598 4038 2666 4075 ex
2695 4021 2892 4077 multis
2919 4012 3221 4078 ordinibus

590 4102 906 4174 gratiarum
922 4103 1293 4175 possibilibus
1310 4102 1462 4158 Deus
1481 4118 1613 4157 eum
1630 4102 1849 4172 eligit(
1833 4120 1895 4156 ιιι
1917 4115 2030 4171 quo
2052 4101 2218 4156 videt
2230 4103 2424 4172 plures
2444 4104 2676 4156 strenua.
2695 4119 2800 4156 sua
2817 4103 3221 4174 cooperatione

592 4183 710 4238 fore
737 4183 947 4246 salvos,
966 4187 1269 4254 propterea
1295 4181 1453 4251 quod
1491 4181 1675 4253 magis
1703 4181 1846 4235 velit
1882 4180 2111 4249 aliquos
2137 4181 2339 4244 salvos,
2360 4196 2534 4249 quam
2555 4180 2813 4234 nullum·
2802 4223 2814 4242 ,
2855 4184 2928 4238 et.
2948 4181 3112 4236 aliud
3137 4186 3222 4236 est

590 4263 878 4327 voluntas,
906 4279 1023 4330 qua
1051 4263 1204 4317 Deus
1245 4263 1307 4317 in
1346 4266 1703 4317 antecessum
1743 4262 2089 4317 determinat
2112 4278 2415 4316 numerum
2441 4261 3000 4332 praedestinatorum
3026 4261 3226 4332 singu·

591 4343 829 4414 losque
816 4362 877 4398 ιιι
901 4344 1205 4400 individuo
1233 4344 1330 4399 et
1315 4362 1503 4415 ipsum
1532 4345 1777 4414 gradum
1802 4343 2018 4415 gloriae
2044 4359 2079 4395 a
2104 4341 2350 4412 singulis
2371 4343 2853 4410 consequendum.
2876 4361 2991 4411 quo
3012 4361 3221 4414 suppo-

592 4423 707 4478 sito
728 4424 954 4478 decreto
981 4424 1149 4495 eligit
1174 4426 1242 4478 de
1270 4425 1558 4479 industria
1585 4441 1679 4478 eas
1704 4426 1763 4477 et
1788 4440 1902 4476 non
1929 4422 2072 4476 alias
2097 4420 2332 4492 gratias,
2359 4422 2572 4491 quibus
2597 4421 2786 4493 adjuti
2811 4422 2874 4477 hi
2902 4426 2960 4476 et
2984 4439 3101 4478 non
3120 4421 3221 4477 alii

592 4493 1019 4572 consequantur
1045 4501 1289 4575 gradum
1315 4504 1574 4575 gloriae
1558 4504 1702 4573 ipsis
1727 4500 2243 4574 praedestinatum:
2270 4501 2374 4555 alii
2402 4519 2551 4567 vero,
2592 4501 2694 4570 qui
2739 4502 3008 4572 negative
3035 4518 3223 4574 repro-

594 4579 713 4638 bati
742 4583 1033 4648 dicuntur,
1061 4589 1335 4638 maneant
1361 4582 1581 4639 exclusi
1606 4600 1640 4637 a
1666 4581 2222 4653 praedestinatorum
2251 4581 2416 4635 sorte.

600 4672 607 4679 ‘
809 4668 849 4736 ¹)
876 4664 993 4719 Hos
1020 4665 1221 4735 paucis
1247 4665 1329 4719 ita
1356 4663 1758 4734 complectitur
1785 4662 1864 4716 R·
1849 4681 1868 4715 ι
1885 4661 2060 4733 pald
2078 4677 2113 4714 a
2139 4661 2207 4715 de
2235 4664 2366 4716 ente
2393 4664 2682 4733 supernat.
2708 4661 2855 4733 disp.
2890 4664 2995 4717 ult.
3030 4647 3164 4719 sect.
3192 4671 3224 4720 δ

594 4760 649 4797 ιι.
665 4747 771 4801 77:
800 4745 1275 4816 „Comparatione
1297 4743 1398 4800 Dei
1421 4743 1641 4798 dicitur
1657 4742 1867 4815 (gratia.
1887 4741 2205 4797 habitualis
2218 4741 2564 4815 justificans)
2589 4741 2960 4813 participatio
2982 4744 3224 4798 naturae
