3538 5364
1161 314 1219 365 et
1242 310 1477 381 quidem
1505 312 1712 381 quovis
1737 311 1902 381 gravi
1927 314 2178 383 peccato.
2324 338 2327 341 “
2851 318 2975 386 188

345 501 700 577 majestatis
747 500 812 558 in
860 494 1262 570 homicidium,
1309 498 1671 557 adulterium
1703 500 1834 568 etc„
1882 502 1944 557 et.
1986 496 2378 556 nihilominus
2411 515 2510 557 eos
2542 518 2649 575 pro
2681 502 2839 558 certo
2872 500 2974 558 ha·

346 590 509 658 bere,
563 608 625 649 se
668 609 976 665 nunquam
1021 588 1291 647 totaliter
1325 606 1394 646 ac
1425 588 1682 647 finaliter
1712 587 1979 646 excidere
2010 605 2180 663 posse
2212 606 2282 645 ex
2314 590 2559 664 paterna
2591 589 2697 647 Dei
2730 589 2976 648 caritate

349 699 494 757 erga
525 698 608 737 se.
626 685 653 716 ‘
2638 692 2645 695 *

534 799 600 865 3.
638 797 883 862 Contra
926 798 1425 863 lutheranos
1471 796 1823 861 tenendum
1857 800 1971 871 est,
2003 813 2137 858 non
2168 794 2376 858 solum
2408 803 2676 875 peccato
2708 795 2976 860 infideli-

350 905 522 979 tatis,
557 904 674 969 sed
719 905 1014 987 quovis
1059 911 1328 985 peccato
1360 902 1536 984 gravi
1570 902 1777 965 amitti
1809 902 2083 982 gratiam
2121 899 2611 983 justificationis
2645 910 2717 968 ut
2747 921 2901 968 sess.
2934 907 2975 971 6

353 1031 403 1076 c.
441 1016 527 1081 15
562 1019 628 1077 et
648 1031 791 1077 can.
812 1019 893 1082 27
919 1012 1249 1078 statuitur:
1289 1008 1395 1086 ,Si
1414 1011 1555 1093 quis
1592 1009 1841 1086 dixerit,
1876 1008 2121 1074 nullum
2155 1028 2298 1075 esse
2333 1009 2604 1074 mortale
2637 1014 2976 1091 peccatum

358 1119 474 1183 nisi
505 1117 918 1194 infidelitatis,
951 1126 1065 1183 aut
1095 1119 1269 1183 nullo
1318 1118 1442 1183 alio
1487 1117 1903 1200 quantumvis
1936 1116 2117 1197 gravi
2149 1123 2213 1182 et
2244 1117 2490 1181 enormi
2521 1122 2977 1198 praeterquam

363 1226 746 1292 infidelitatis
779 1233 1045 1308 peccato
1077 1225 1277 1290 semel
1308 1230 1643 1305 acceptam
1684 1224 1959 1304 gratiam
1991 1223 2215 1299 amitti,
2248 1222 2319 1287 A.
2354 1220 2453 1287 S}
2524 1223 2713 1303 Quod
2743 1223 2977 1288 diserte

358 1335 593 1398 docent
623 1331 992 1416 Scripturas·
1023 1332 1243 1397 Ezech.
1282 1337 1382 1408 18,
1418 1338 1535 1400 24:
1603 1332 1671 1394 Si
1717 1338 1923 1395 autem
1975 1332 2267 1395 averterit
2311 1350 2376 1393 se
2423 1333 2633 1411 justus
2663 1355 2701 1393 a
2716 1329 2976 1411 justitia

351 1462 495 1515 sua,
542 1447 598 1505 et
642 1442 857 1525 fecerit
897 1441 1290 1525 iniquitatem
1335 1440 1670 1504 secundum
1715 1458 1924 1501 omnes
1969 1437 2485 1520 abominationes,
2533 1457 2691 1522 quas
2723 1437 2978 1522 operari

350 1549 502 1612 solet
533 1550 786 1630 impius,
819 1548 1123 1632 numquid
1153 1546 1354 1611 vivet?
1383 1546 1608 1611 Omnes
1633 1547 1917 1627 justitiae
1948 1547 2101 1628 εἰπε,
2136 1565 2292 1628 quas
2323 1546 2577 1629 fecerat,
2619 1563 2744 1607 non
2776 1563 2977 1607 recor·

350 1654 727 1731 dabuntur;
769 1656 838 1716 i'n
875 1655 1444 1738 praevaricatione,
1490 1674 1611 1737 qua
1657 1655 2143 1737 praevaricatus
2185 1658 2290 1731 est,
2340 1659 2395 1714 et
2440 1653 2508 1714 in
2545 1657 2800 1738 peccato
2824 1666 2977 1732 sem,

348 1763 524 1846 quod
548 1763 844 1844 peccarit,
889 1762 958 1822 in
1004 1761 1157 1845 ipsis
1201 1762 1502 1823 morietur
1518 1782 1544 1839 ,·
1596 1765 1647 1826 1.
1683 1757 1825 1823 Cor.
1860 1764 1920 1833 6,
1953 1762 1995 1825 9
2028 1777 2110 1821 S.:
2158 1758 2266 1820 An
2295 1760 2562 1839 nescitis,
2594 1759 2746 1843 quia
2778 1759 2979 1841 iniqui

350 1889 628 1950 reynum
659 1867 775 1931 Dei
804 1888 931 1931 non
952 1866 1406 1951 possidebunt?
1437 1865 1641 1930 Nolite
1674 1886 1927 1930 errare:
1958 1886 2150 1950 neque
2178 1866 2536 1949 fornicarii,
2567 1885 2762 1950 neque
2792 1863 2975 1928 idolis

347 1977 708 2056 servientes,
751 1995 941 2060 neque
984 1974 1275 2058 adulteri,
1323 1994 1516 2058 neque
1561 1972 1790 2056 molles,
1838 1993 2029 2056 neque
2074 1971 2493 2036 masculorum
2541 1972 2975 2054 concubitores,

351 2103 549 2166 neque
594 2083 789 2165 fures,
837 2103 1029 2165 neque
1078 2083 1276 2155 avari,
1328 2102 1521 2164 neque
1568 2080 1818 2156 ebriosi,
1871 2101 2061 2164 neque
2107 2080 2416 2161 maledici,
2462 2099 2651 2163 neque
2694 2098 2977 2165 rapaces,

356 2207 611 2269 reynum
648 2186 771 2250 Dei
792 2187 1240 2270 possidebunt,·
1294 2194 1342 2255 l.
1374 2186 1469 2252 Jo.
1504 2191 1563 2262 3,
1599 2192 1672 2263 83
1717 2186 1855 2252 Jac.
1898 2194 1947 2263 1,
1986 2190 2067 2254 14
2098 2206 2146 2250 s.
2180 2194 2298 2251 etc.
2360 2186 2453 2250 Ex
2498 2187 2728 2268 quibus
2759 2186 2975 2268 liquet,

368 2284 712 2377 quemlibet
740 2294 1028 2376 iniquum
1060 2314 1176 2360 seu
1195 2295 1405 2376 gravis
1443 2294 1693 2377 peccati
1732 2313 1914 2359 reum
1935 2294 2184 2358 excludi
2205 2312 2402 2373 regno
2423 2292 2768 2367 coelorum,
2791 2293 2973 2356 dam-

369 2402 499 2465 nari
526 2402 808 2483 ideoque
842 2402 1150 2467 excidisse
1176 2402 1443 2483 justitia,
1477 2402 1531 2465 si
1564 2409 1762 2466 antea
1796 2401 1911 2465 fuit
1937 2401 2165 2483 justus,
2228 2400 2422 2482 Atqui
2453 2400 2714 2463 nomine
2746 2399 2976 2482 iniqui-

359 2508 504 2572 tatis
523 2527 658 2572 non
680 2508 1046 2588 intelligitur
1067 2509 1206 2572 sola
1227 2508 1584 2583 infidelitas
1617 2508 1732 2573 sed
1765 2507 2089 2591 quaelibet
2122 2508 2330 2587 gravis
2366 2507 2789 2586 transgressio
2822 2506 2977 2587 legis

356 2615 631 2694 divinae,
664 2621 738 2679 ut
767 2621 947 2697 patet
977 2615 1307 2680 evidenter
1353 2634 1433 2680 ex
1482 2615 1633 2697 ipsis
1682 2614 1977 2680 textibus.
2042 2614 2207 2695 Ergo
2257 2632 2389 2677 non
2420 2613 2560 2677 solo
2592 2613 2979 2677 infidelitatis

353 2731 627 2804 peccato
654 2722 907 2804 justitia
939 2722 1272 2788 amittitur.
1337 2722 1563 2788 Merito
1598 2723 1744 2786 dein
1778 2739 2207 2803 provocamus
2243 2721 2326 2784 ad
2360 2721 2543 2785 facta.
2608 2719 2769 2784 Nam
2804 2717 2977 2783 Scri-

354 2837 545 2912 ptura
577 2828 833 2911 lapsum
864 2830 1265 2911 quorundam
1298 2829 1512 2907 refert,
1546 2831 1656 2912 qui
1689 2829 1961 2909 gratiam
1991 2829 2360 2905 amiserunt,
2382 2836 2453 2892 ut
2470 2833 2976 2909 protoparentes

355 2935 578 3011 David,
615 2933 925 2999 Salomon
958 2943 1074 3001 etc.
1108 2941 1173 3000 et
1204 2935 1462 3018 quidem
1496 2936 1560 2998 in
1582 2943 1935 3010 aeternum,
1957 2941 2029 3002 ut
2047 2935 2246 3000 Judas
2267 2941 2403 3009 etc..
2437 2952 2710 3015 eamque
2743 2933 2977 2997 amise-

353 3052 503 3108 runt
532 3061 672 3107 non
705 3042 788 3105 ob
822 3040 1276 3117 infidelitatem,
1309 3043 1424 3106 sed
1457 3042 1540 3105 ob
1562 3042 1690 3105 alia
1709 3048 1996 3123 peccata.
2031 3040 2471 3107 Assertionem
2504 3058 2658 3105 vero
2691 3046 2979 3104 nostram

358 3152 449 3214 ita
476 3150 812 3231 praeclare
845 3149 1119 3214 illustrat
1150 3169 1197 3213 s.
1233 3148 1587 3213 Thomas
1621 3157 1677 3228 2.
1712 3156 1753 3218 2
1788 3169 1844 3230 q.
1881 3153 1967 3216 24
2000 3167 2055 3212 a.
2097 3153 2210 3216 12:
2251 3146 2557 3223 ,Caritas
2591 3164 2738 3210 cum
2758 3146 2840 3210 sit
2860 3146 2978 3210 ha-

357 3256 525 3321 bitus
556 3254 823 3331 infusuS,
858 3256 1173 3337 dependet
1220 3274 1297 3320 ex
1331 3257 1585 3320 actione
1618 3256 1732 3319 Dei
1781 3255 2200 3320 infundentis:
2252 3255 2360 3337 qui
2411 3255 2501 3318 sic
2546 3273 2616 3318 se
2667 3254 2866 3318 habet
2914 3254 2979 3317 in

355 3362 677 3427 infusione
723 3370 788 3427 et
830 3363 1320 3427 conservatione
1367 3363 1673 3439 caritatis,
1722 3363 1886 3426 sicut
1932 3362 2029 3425 sol
2076 3362 2139 3425 in
2173 3361 2634 3425 illuminatione
2668 3361 2835 3426 aeris
2869 3412 2880 3423 .
2918 3411 2929 3423 .
2966 3412 2977 3424 .

353 3476 418 3534 et
449 3470 598 3535 ideo
630 3469 797 3533 sicut
828 3469 1043 3534 lumen
1075 3470 1292 3533 statim
1344 3476 1629 3534 cessaret
1679 3489 1821 3535 esse
1870 3470 1937 3532 in
1988 3471 2137 3532 aere
2184 3488 2297 3549 per
2328 3469 2469 3544 hoc,
2517 3468 2688 3550 quod
2723 3468 2979 3549 aliquod

353 3574 766 3640 obstaculum
797 3582 1144 3657 poneretur
1173 3576 1621 3640 illuminationi
1653 3575 1839 3640 solis:
1886 3576 1977 3639 ita
2022 3575 2217 3640 etiam
2250 3575 2487 3638 caritas
2520 3575 2737 3638 statim
2772 3574 2982 3639 deficit

352 3702 498 3749 esse
532 3685 600 3747 in
632 3684 867 3758 anima,
899 3701 1015 3764 per
1045 3683 1171 3747 hoc
1201 3682 1374 3765 quod
1406 3682 1666 3766 aliquod
1711 3681 2121 3746 obstaculum
2164 3683 2423 3764 ponitur
2469 3680 2837 3745 influentiae
2868 3698 2977 3744 ca-

353 3791 566 3854 ritatis
598 3808 640 3852 a
673 3788 807 3854 Deo
840 3790 906 3853 in
938 3791 1239 3853 animam.
1272 3788 1680 3854 Manifestum
1715 3796 1815 3854 est
1846 3796 2083 3864 autem,
2118 3788 2290 3871 quod
2322 3806 2436 3869 per
2457 3786 2786 3869 quodlibet
2804 3805 2978 3850 mor-

355 3898 485 3961 tale
518 3904 880 3978 peccatum,
926 3896 1097 3977 quod
1144 3896 1370 3959 divinis
1415 3897 1774 3977 praeceptis
1823 3896 2271 3971 contrariatur,
2324 3895 2581 3975 ponitur
2611 3894 2978 3975 praedictae

357 4003 662 4067 infusioni
694 4000 1131 4078 obstaculum3
1166 4001 1317 4085 quia
1349 4021 1426 4067 ex
1458 4003 1585 4066 hoc
1619 4004 1756 4084 ipso
1792 4003 1965 4087 quod
1996 4002 2192 4066 homo
2216 4001 2507 4081 eligendo
2530 4000 2808 4081 praefert
2827 4017 2977 4081 pec-

356 4117 577 4175 catum
611 4109 865 4173 divinae
900 4108 1236 4186 amicitiae,
1270 4127 1442 4192 quae
1472 4111 1752 4193 requirit,
1788 4119 1862 4176 ut
1881 4111 1994 4176 Dei
2013 4110 2411 4174 voluntatem
2434 4126 2798 4189 sequamur,
2821 4124 2977 4171 con-

357 4233 636 4298 sequens
669 4222 784 4290 est,
817 4223 889 4281 ut
918 4217 1136 4279 statim
1167 4235 1282 4297 per
1314 4236 1513 4280 unum
1545 4225 1762 4282 actum
1795 4218 2043 4299 peccati
2076 4215 2367 4280 mortalis
2400 4215 2657 4280 habitus
2691 4214 2975 4280 caritatis

357 4322 685 4403 perdatur.
718 4320 901 4386 Unde
934 4329 1000 4386 et
1027 4321 1420 4402 Augustinus
1452 4323 1605 4387 dicit
1636 4324 1854 4409 (super
1874 4322 2030 4389 Gen.
2054 4323 2136 4385 ad
2156 4322 2241 4387 lit.
2264 4321 2415 4395 VIII,
2442 4325 2568 4408 12),
2591 4321 2761 4402 quod
2782 4321 2975 4384 homo

360 4427 494 4494 Deo
528 4428 649 4491 sibi
680 4434 1023 4510 praesente
1055 4428 1463 4505 illuminatur,
1496 4429 1764 4494 absente
1798 4437 2015 4495 autem
2048 4429 2352 4493 continuo
2375 4429 2768 4505 tenebratur,
2789 4445 2829 4490 a
2849 4446 2975 4509 quo

361 4551 489 4598 non
523 4535 814 4598 locorum
844 4535 1209 4611 intervallis,
1245 4535 1358 4600 sed
1390 4535 1738 4599 voluntatis
1774 4537 2111 4600 aversione
2133 4535 2531 4598 disceditur.«
2572 4532 2659 4597 Cf.
2683 4552 2733 4597 c.
2757 4539 2976 4614 gentes

360 4641 459 4718 IV,
497 4648 595 4711 70.
