3538 5364
1310 291 1756 364 Exceptionibus
1784 292 2008 346 satisfit.
2830 299 2960 364 535

340 483 712 542 constituens
742 501 863 541 non
893 480 1308 557 inquinavit‘;
1356 484 1417 539 et
1447 500 1503 543 n.
1545 491 1656 544 14:
1704 480 1966 549 ,Eadem
1998 480 2227 539 ratione
2258 480 2598 556 episcopum
2631 479 2705 537 ab
2737 478 2959 537 arianis

340 572 579 648 recipio,
613 590 731 647 qua
762 575 832 629 tu
862 571 1078 646 recipis
1110 570 1533 645 baptizatum.‘
1597 569 1676 628 Of.
1723 569 1797 628 de
1841 570 1950 628 hac
1996 569 2348 645 quaestione
2380 569 2685 646 integrum
2716 587 2762 626 s.
2795 567 2960 626 Petri

343 662 390 719 D
408 660 690 720 amiani
722 678 922 736 opusc.
946 669 979 721 6
1016 659 1446 729 ‚Gratissimus‘
1479 658 1854 734 inscriptum,
1889 658 1994 717 ubi
2024 658 2478 731 ordinationem,
2512 657 2671 734 quod
2702 657 2959 715 valorem

341 750 577 821 attinet,
610 749 906 825 baptismo
937 766 1180 825 prorsus
1211 748 1572 824 aequiparat.
1620 748 1714 806 Ita
1743 767 1791 810 c,
1829 758 1897 811 3:
1948 749 2052 817 ,Si
2084 748 2218 823 quis
2263 751 2465 806 autem
2509 746 2656 805 mihi
2688 746 2961 804 fortassis

339 839 597 915 objiciat,
643 838 807 898 aliud
852 856 982 897 esse
1025 837 1392 913 baptismum
1430 837 1722 895 humanae
1752 837 2242 915 regenerationis,
2291 835 2455 895 aliud
2502 833 2960 894 consecrationis

341 927 769 987 ecclesiasticae
800 926 1181 1004 dignitatem:
1227 945 1335 985 nos
1381 925 1678 1002 quidquid
1722 926 1786 985 in
1833 928 1942 986 hac
1986 929 2156 1003 parte
2204 925 2275 984 de
2314 925 2609 1003 baptismo
2642 924 2957 993 credimuS,

338 1019 533 1076 totum
567 1015 960 1075 nihilominus
991 1018 1052 1074 et
1096 1015 1168 1074 de
1213 1015 1647 1074 consecratione
1680 1015 1991 1076 sentimus.
2054 1016 2205 1074 Nam
2239 1033 2374 1074 cum
2405 1014 2738 1091 baptismus
2771 1012 2960 1072 totius

339 1106 717 1165 ecclesiastici
749 1104 1100 1164 sacramenti
1132 1104 1300 1182 origo
1349 1105 1431 1163 sit
1476 1107 1654 1180 atque
1699 1104 2113 1180 primordium,
2161 1103 2318 1164 sicut
2363 1104 2696 1180 baptismus
2726 1102 2835 1162 Dei
2869 1103 2963 1160 est

339 1198 402 1253 et
446 1213 566 1255 non
609 1194 896 1264 hominis;
947 1194 1033 1252 ita
1080 1193 1364 1252 nimirum
1409 1192 1603 1252 omnis
1648 1194 2048 1253 ecclesiastica
2079 1193 2441 1252 consecratio
2488 1192 2579 1250 illi
2627 1192 2964 1268 specialiter

338 1283 641 1360 competit,
688 1303 722 1342 a
755 1302 872 1358 quo
905 1283 1174 1342 omnium
1205 1281 1688 1341 benedictionum
1722 1283 2037 1358 plenitudo
2069 1283 2418 1359 profluxit.‘
2454 1281 2534 1344 cf.
2567 1282 2747 1340 etiam
2779 1282 2962 1339 Ber-

337 1373 516 1432 nald
538 1392 619 1432 us
651 1375 821 1432 tract.
853 1372 925 1430 de
959 1371 1343 1431 sacramentis
1375 1372 2024 1431 excommunicatorum
2053 1372 2304 1450 Migne
2347 1381 2486 1442 148,
2529 1381 2689 1435 1061
2731 1388 2837 1440 sa.;
2890 1369 2962 1427 de

337 1461 584 1521 vitanda
615 1461 1251 1520 excommunicatorum
1296 1461 1724 1532 communione,
1779 1462 1859 1520 ib.
1912 1471 2069 1525 1181
2115 1480 2223 1532 sa.;
2271 1461 2344 1519 de
2388 1459 2827 1520 reordinatione
2873 1458 2963 1517 vi-

338 1551 538 1620 tanda,
574 1551 653 1609 ib.
696 1559 859 1614 1255
896 1568 1001 1620 ss.;
1036 1550 1356 1609 Thomas
1394 1559 1448 1612 2.
1489 1557 1544 1610 2.
1577 1568 1631 1625 q.
1669 1560 1747 1613 39
1783 1570 1831 1609 a.
1869 1559 1925 1613 3.

521 1650 663 1704 564.
714 1640 805 1698 Ad
849 1639 1162 1698 solvendas
1194 1638 1594 1708 difficultates,
1641 1657 1795 1714 quae
1829 1639 1954 1699 fieri
1987 1641 2240 1714 possunt
2276 1658 2345 1698 ex
2384 1637 2659 1714 pluribus
2690 1639 2961 1695 veterum

340 1730 468 1788 sive
502 1729 676 1788 dictis
708 1728 832 1788 sive
863 1728 1052 1800 factis,
1087 1747 1225 1805 prae
1256 1728 1442 1787 oculis
1475 1727 1653 1787 habe:

519 1815 580 1881 l.
614 1817 849 1893 Duplici
880 1817 1055 1877 modo
1088 1817 1206 1876 dici
1237 1816 1671 1875 ordinationem
1716 1818 2061 1888 irritam,
2111 1817 2253 1892 quia
2297 1820 2390 1875 est
2433 1817 2527 1875 vel
2574 1814 2958 1886 invalida,

336 1907 434 1966 vel
484 1906 950 1984 illegitima;
1000 1925 1119 1981 quo
1166 1924 1307 1965 casu
1352 1905 1662 1964 ordinatus
1708 1905 1923 1982 accipit
1965 1906 2206 1981 quidem
2239 1907 2633 1964 characterem
2682 1906 2745 1963 et
2794 1907 2960 1979 pote·

339 1999 572 2067 statem,
608 1996 710 2055 sed
734 1996 1008 2072 privatur
1026 1996 1157 2071 ejus
1169 1994 1429 2071 juribuS,
1463 2012 1598 2064 usu,
1632 1995 1874 2068 honore,
1910 1997 1972 2053 et
2003 1996 2051 2055 si
2074 1995 2260 2053 malae
2280 1997 2374 2053 est
2391 1993 2543 2066 fidei,
2576 1992 2772 2071 gratia
2792 2011 2960 2051 sanc·

338 2085 615 2154 tificante,
664 2085 783 2143 imo
814 2084 1232 2162 gravissimum
1267 2083 1588 2142 committit
1620 2083 2016 2161 sacrilegium.
2080 2084 2267 2154 Quam
2300 2084 2375 2143 ob
2408 2103 2533 2142 rem
2565 2086 2768 2158 patres
2801 2083 2963 2159 ejus-

337 2174 498 2233 modi
531 2174 933 2232 ordinationes
978 2173 1051 2231 ab
1099 2171 1410 2232 haereticis
1441 2174 1552 2231 etc.
1585 2173 1767 2232 tactas
1802 2192 1934 2232 vere
1967 2173 2161 2232 dicere
2191 2176 2471 2249 poterant
2502 2189 2700 2242 vanas,
2734 2170 2958 2240 inanes,

337 2263 553 2333 irritaS,
600 2263 777 2322 falsas
810 2266 938 2335 etc.,
985 2281 1107 2320 non
1153 2262 1321 2339 quasi
1365 2281 1487 2321 non
1531 2261 1881 2337 imprimant
1911 2262 2308 2321 characterem
2352 2265 2413 2320 et
2457 2261 2761 2320 conferant
2792 2263 2958 2336 pote-

338 2355 552 2411 statem
586 2352 1035 2422 sacerdotalem3
1083 2351 1180 2410 sed
1228 2350 1388 2427 quod
1431 2351 1682 2427 grat-iam
1713 2369 1834 2410 non
1866 2350 2189 2420 conferant,
2238 2350 2615 2426 ordinatique
2646 2349 2960 2425 priventur

329 2442 470 2517 jure
504 2445 565 2500 et
595 2460 713 2499 usu
746 2440 1063 2518 potestatis
1096 2442 1368 2515 acceptae
1400 2458 1465 2498 ac
1496 2440 1545 2499 si
1574 2459 1692 2499 non
1726 2442 1922 2499 essent
1952 2439 2231 2504 ordinati,

517 2528 586 2594 2.
638 2530 941 2606 Distingui
985 2530 1128 2587 item
1173 2529 1350 2587 debet
1392 2547 1677 2587 manuum
1711 2529 2018 2605 impositio
2065 2527 2562 2589 ordinatoria
2610 2547 2644 2587 a
2690 2544 2960 2586 recon-

337 2619 749 2678 ciliatoria
793 2622 854 2678 et
900 2617 1332 2688 caeremoniali,
1381 2637 1500 2694 qua
1543 2618 1905 2694 quandoque
1954 2618 2265 2697 illegitime
2299 2617 2586 2676 ordinatis
2620 2615 2962 2675 solemniter

337 2709 770 2767 restituebatur
790 2727 936 2767 usus
956 2711 1018 2768 et
1040 2708 1387 2767 exercitium
1406 2707 1699 2769 ordinum.
1750 2708 1960 2766 Ritum
1981 2707 2480 2778 caeremonialem,
2503 2725 2620 2782 quo
2642 2705 2959 2764 simoniace

339 2798 649 2856 ordinatus
682 2792 816 2856 acta‘
841 2797 1211 2873 poenitentia
1241 2797 1303 2855 in
1334 2796 1563 2855 ordinis
1596 2797 2029 2856 restituebatur
2060 2796 2426 2867 exercitium,
2465 2794 2749 2855 describit
2779 2795 2822 2852 F
2839 2796 2958 2853 ul·

336 2888 614 2945 bertus
648 2886 1008 2945 carnotensis
1041 2905 1132 2961 ep.
1172 2895 1281 2949 13:
1332 2886 1648 2954 ‚Ceterum
1692 2886 2202 2962 rebaptizationes,
2250 2886 2335 2945 ita
2379 2885 2500 2954 ille,
2548 2886 2612 2943 et
2656 2883 2958 2942 reordina-

337 2976 532 3035 tiones
563 2976 706 3045 fieri,
754 2993 1007 3034 canones
1040 2978 1262 3034 vetant.
1325 2975 1644 3050 Propterea
1675 2974 2013 3051 depositum
2046 2995 2164 3034 non
2195 2973 2634 3042 reordinabitis,
2681 2972 2781 3031 sed
2825 2972 2958 3031 red-

337 3065 493 3123 detis
524 3065 580 3123 ei
613 3083 750 3124 suos
782 3065 1000 3142 gradus
1030 3084 1135 3140 per
1167 3064 1565 3122 instrumenta
1597 3066 1659 3121 et
1691 3083 1797 3140 per
1828 3064 2201 3135 vestimenta,
2250 3083 2402 3141 quae
2447 3063 2520 3122 ad
2552 3063 2710 3139 ipsos
2742 3061 2961 3138 gradus

338 3154 659 3230 pertinent,
705 3152 793 3212 ita
837 3152 1114 3213 dicendo:
1164 3152 1363 3211 Reddo
1396 3152 1510 3210 tibi
1541 3152 1796 3229 gradum
1830 3152 2059 3212 ostiarii
2091 3157 2199 3216 etc.
2261 3154 2330 3212 In
2376 3153 2616 3212 nomine
2662 3151 2856 3209 Patris
2899 3154 2963 3208 et

335 3242 472 3301 Filii
518 3246 580 3302 et
624 3242 879 3318 Spiritus
925 3261 967 3301 s.
1007 3241 1346 3301 Novissime
1378 3245 1579 3300 autem
1612 3241 2024 3301 benedictione
2056 3242 2401 3301 laetificabis
2435 3261 2571 3300 eum
2604 3241 2691 3300 sic
2722 3239 2961 3299 conclu-

337 3331 561 3390 dendo:
608 3331 954 3391 Benedictio
986 3331 1093 3390 Dei
1126 3330 1319 3389 Patris
1352 3332 1414 3389 et
1445 3330 1582 3388 Filii
1615 3334 1677 3389 et
1708 3330 1969 3406 Spiritus
2003 3349 2048 3391 s.
2082 3349 2263 3406 super
2291 3333 2352 3389 te
2384 3331 2718 3400 descendat,
2766 3333 2837 3387 ut
2881 3328 2961 3387 sis

337 3420 719 3480 confirmatus
769 3421 834 3479 in
883 3420 1090 3480 ordine
1142 3418 1510 3488 sacerdotali,
1563 3426 1624 3477 et
1673 3420 1885 3478 offeras
1926 3420 2247 3496 placabiles
2278 3420 2505 3479 hostias
2551 3438 2659 3495 pro
2704 3418 2960 3494 peccatis

337 3513 519 3585 atque
564 3509 990 3569 offensionibus
1035 3507 1243 3585 populi
1289 3507 1681 3583 omnipotenti
1728 3509 1866 3580 Deo,
1915 3508 2012 3567 cui
2056 3512 2147 3568 est
2191 3509 2377 3568 honor
2420 3512 2482 3567 et
2525 3508 2719 3584 gloria
2764 3508 2828 3565 in
2868 3525 2959 3565 se-

338 3599 472 3657 cula
516 3599 868 3672 seculorum,
915 3606 1144 3660 amen.‘
1210 3598 1372 3667 Quae
1419 3596 1678 3672 probant
1721 3598 1854 3656 Ivo
1900 3600 2125 3658 carnot.
2171 3597 2392 3656 decreti
2440 3616 2496 3673 p.
2527 3596 2625 3656 VI.
2658 3615 2705 3655 c.
2742 3604 2864 3659 227
2900 3598 2962 3653 et

340 3688 400 3749 P.
433 3688 483 3746 D
501 3706 531 3745 a
550 3687 742 3744 mian
760 3706 803 3745 u
818 3706 844 3746 s
875 3705 1076 3762 opusc.
1101 3698 1133 3751 5
1157 3708 1171 3756 3
1202 3687 1320 3745 imo
1342 3686 1642 3744 decretum
1665 3685 1843 3745 affine
1864 3687 2162 3763 reperitur
2195 3686 2259 3745 in
2291 3703 2449 3746 conc.
2480 3690 2556 3744 to
2574 3687 2596 3744 1
2613 3703 2645 3744 e
2660 3689 2791 3744 tan
2808 3704 2841 3744 o
2862 3684 2959 3743 IV.

338 3770 415 3856 (a.
440 3771 593 3857 624)
615 3794 742 3834 can.
768 3784 867 3839 28.
905 3776 985 3837 Cf.
1016 3775 1430 3834 Lanfranci
1461 3793 1551 3851 ep.
1576 3783 1651 3838 21
1677 3796 1691 3844 ;
1726 3774 2319 3852 Hergenrbther
2350 3775 2686 3836 osterreich.
2706 3772 2959 3832 Viertel-

330 3864 590 3940 jahrsch.
631 3873 795 3927 1862
830 3884 962 3941 pag.
998 3874 1119 3927 207
1157 3882 1267 3933 ss,;
1299 3864 1546 3923 Photius
1577 3864 1651 3935 ΙΙ,
1690 3872 2061 3927 32]-376.

516 3949 580 4019 3.
624 3953 845 4012 Mirum
892 3971 1021 4012 esse
1064 3971 1185 4012 non
1230 3952 1421 4023 debet,
1476 3953 1526 4011 si
1579 3952 1686 4027 qui
1736 3953 2148 4012 dubitaverint
2177 3953 2250 4012 de
2282 3952 2482 4011 valore
2516 3950 2959 4010 ordinationum

341 4042 788 4113 haereticorum,
827 4061 962 4100 cum
994 4041 1272 4100 nonnulli
1302 4042 1398 4099 vel
1431 4034 1502 4099 de
1533 4042 1733 4101 valore
1763 4042 2048 4118 baptismi
2079 4042 2152 4100 ab
2185 4041 2491 4100 haereticis
2524 4039 2723 4099 collati
2754 4039 2959 4098 haese-
2989 4034 2997 4042 “

339 4131 476 4194 rint.
543 4132 634 4189 Ita
664 4131 1012 4208 praesertim
1045 4129 1236 4189 medio
1269 4148 1412 4189 aevo
1442 4149 1561 4189 non
1594 4130 1913 4190 defuerunt
1945 4130 2226 4208 theologi,
2276 4130 2381 4205 qui
2425 4129 2497 4188 de
2527 4147 2731 4188 earum
2763 4127 2959 4186 valore

341 4220 763 4292 dubitaverint,
784 4221 998 4279 Petrus
1014 4220 1059 4278 L
1074 4238 1108 4278 o
1123 4239 1182 4277 m
1197 4219 1235 4277 b
1252 4238 1286 4276 a
1299 4239 1331 4277 r
1345 4218 1383 4276 d
1397 4236 1440 4275 u
1457 4236 1484 4276 s
1517 4219 1881 4279 haesitanter
1899 4221 2007 4279 hac
2027 4220 2100 4278 de
2121 4220 2467 4296 quaestione
2488 4217 2711 4288 scribit,
2728 4216 2785 4274 H
2800 4235 2842 4273 u
2857 4236 2914 4274 m
2932 4249 2958 4260 -

341 4308 612 4369 bertus
645 4312 707 4368 et
739 4308 1171 4369 Deusdedit
1203 4307 1528 4366 cardinales
1545 4308 1812 4385 alioquin
1831 4309 2090 4368 celebres
2110 4309 2369 4368 valorem
2401 4310 2716 4384 negarunt.
2748 4306 2959 4381 Neque

340 4398 671 4457 diffitemur
700 4399 989 4474 quaedam
1021 4398 1175 4457 forte
1206 4397 1530 4473 contigisse
1544 4394 1591 4476 ¹)
1624 4398 1881 4457 decursu
1912 4399 2211 4474 temporis,
2259 4416 2327 4457 ex
2374 4397 2613 4473 quibus,
2659 4414 2790 4454 cum
2836 4394 2962 4453 sint

561 4534 598 4602 ¹)
625 4530 789 4585 Falso
817 4541 1010 4585 autem
1038 4531 1344 4600 exprobrat
1381 4530 1428 4583 D
1447 4533 1515 4586 61
1535 4530 1646 4583 lin
1665 4551 1703 4599 g
1720 4547 1748 4583 e
1766 4549 1794 4583 r
1834 4530 1895 4583 in
1922 4534 2139 4585 famoso
2168 4532 2362 4586 libello
2401 4531 2433 4585 J
2451 4548 2590 4586 anu
2609 4547 2634 4583 s
2673 4530 2764 4583 vel
2816 4529 2959 4600 opti-

341 4610 447 4664 mis
468 4609 834 4679 pontificibus
853 4608 1222 4664 uts.Leoni
1249 4610 1790 4680 IX,s,Gregorio
1818 4611 1939 4676 VII,
1970 4609 2872 4666 Urbanolletlnnocentio
2896 4609 2959 4664 ΙΙ.

342 4691 618 4759 ejusmodi
648 4690 1149 4753 reordinationem,
1180 4693 1244 4742 ut
1264 4690 1515 4743 ostendit
1542 4690 1596 4742 Μ
1616 4689 1682 4743 ic
1699 4691 1789 4743 ha
1806 4692 1870 4744 el
1897 4691 2164 4748 Zeitschr.
2194 4694 2287 4745 fiir
2314 4692 2367 4745 k.
2396 4692 2590 4746 Theol.
2624 4697 2760 4747 1893
2787 4689 2959 4753 XVII,

347 4775 643 4828 15³3—230.
