3538 5364
1145 1441 1671 1552 Tra-status
1725 1441 1993 1551 VIII.

1114 1625 1249 1701 De
1307 1623 1621 1703 Gratia
1680 1622 2056 1703 Christi.

453 1804 511 1867 1.
545 1797 1012 1884 Disputationis
1038 1800 1352 1864 connexio.
1382 1837 1470 1847 —
1494 1796 1740 1861 Natura
1771 1798 2034 1880 quaevis
2063 1800 2514 1879 praestitutum
2544 1799 2664 1863 sibi
2697 1798 2886 1865 finem

272 1905 487 1983 habet,
510 1906 574 1968 ἰιι
595 1923 787 1987 quem
811 1904 1199 1968 irrationalis
1232 1903 1486 1986 quidem
1508 1904 1874 1969 necessario
1905 1903 2102 1968 fertur
2132 1911 2325 1987 atque
2347 1905 2657 1986 dirigitur-3
2687 1906 2888 1970 ratio-

272 2012 437 2076 nalis
456 2029 610 2076 vero
632 2031 745 2077 seu
765 2013 966 2075 homo
984 2010 1291 2098 (adultus)
1310 2010 1579 2092 propriis
1597 2010 1846 2075 actibus
1863 2017 1928 2076 et
1947 2012 2186 2076 meritis
2204 2011 2464 2075 tendere
2487 2012 2696 2076 debet:
2716 2031 2886 2089 nam,

283 2118 429 2200 ,qui
461 2117 607 2183 fecit
637 2124 702 2183 te
733 2119 872 2183 sine
892 2126 972 2196 te,
1009 2138 1138 2183 non
1160 2125 1224 2184 te
1236 2118 1544 2201 justificat
1576 2118 1713 2181 sine
1738 2124 1858 2194 te‚‘
1901 2119 2104 2201 inquit
2136 2119 2216 2182 ad
2251 2137 2388 2183 rem
2418 2118 2888 2200 Augustinus

274 2243 462 2289 serm.
502 2228 625 2293 169
658 2244 717 2288 n.
758 2229 855 2293 13.
890 2224 1090 2288 Porro
1124 2224 1425 2305 duplex
1471 2229 1744 2288 naturae
1776 2224 2106 2288 rationalis
2139 2225 2441 2302 distingui
2473 2231 2685 2307 potest
2717 2225 2888 2289 finis:

276 2331 692 2395 naturalis
725 2331 903 2407 alter,
938 2330 1333 2412 respondens
1366 2330 1562 2411 ipsius
1596 2328 1836 2393 viribus
1870 2330 2383 2412 exigentiaeque3
2419 2332 2580 2396 alter
2610 2350 2886 2413 super-

277 2438 691 2501 naturalis
723 2438 890 2502 vires
922 2444 1194 2502 naturae
1228 2455 1617 2519 omnemque
1639 2438 1777 2518 ejus
1799 2437 2183 2518 exigentiam
2217 2438 2550 2515 excedens
2585 2438 2667 2502 ad
2702 2456 2891 2521 quem

275 2562 353 2608 ea
382 2546 592 2625 potuit
622 2545 761 2608 sola
792 2544 1078 2608 indebita
1096 2544 1211 2609 Dei
1242 2544 1532 2609 bonitate
1554 2544 1790 2609 elevari
1811 2550 1877 2608 et
1895 2543 2214 2608 destinari.
2250 2544 2652 2625 Complacuit
2673 2551 2891 2609 autem

275 2649 427 2727 De0‚
460 2650 788 2716 hominem
810 2669 850 2714 a
869 2669 939 2716 se
960 2659 1249 2716 creatum
1271 2650 1352 2715 ad
1372 2650 1565 2716 finem
1588 2657 1958 2734 statumque
1980 2650 2537 2733 supernaturalem
2559 2650 2811 2716 elevare
2827 2652 2891 2738 ¹),

275 2776 402 2839 quo
435 2763 655 2822 tamen
687 2759 789 2823 ille
821 2759 1187 2823 miserando
1230 2778 1385 2823 casu
1419 2758 1670 2823 excidit.
1734 2758 1974 2824 Verum
2009 2759 2368 2839 unigenitus
2401 2757 2516 2823 Dei
2549 2758 2742 2821 Filius
2773 2758 2892 2820 mi-

274 2865 622 2928 sericordia
652 2872 866 2930 motus
899 2866 1050 2930 boni
1083 2867 1285 2930 instar
1317 2866 1694 2930 samaritani
1728 2867 2026 2931 misertus
2059 2873 2158 2931 est
2176 2866 2438 2929 humani
2463 2866 2710 2946 generis
2730 2865 2894 2946 lapsi

277 2971 449 3056 (Luc.
493 2979 587 3048 10,
621 2977 707 3041 30
739 2974 848 3058 ss.)
880 2972 1265 3055 lapsumque
1297 2975 1498 3038 erexit
1530 2979 1725 3055 atque
1756 2973 2180 3054 possibilitate
2202 2972 2466 3036 donavit
2486 2973 2715 3037 iterum
2735 2989 2891 3035 con-

273 3079 643 3159 sequendae
688 3080 929 3156 salutis,
978 3098 1145 3162 quae
1190 3079 1464 3144 finaliter
1509 3080 1804 3144 consistit
1853 3079 1916 3143 in
1951 3079 2195 3143 visione
2227 3079 2520 3143 intuitiva
2551 3079 2746 3161 ipsius
2781 3078 2894 3143 Dei

275 3184 362 3269 (n.
395 3190 479 3252 67
485 3185 570 3270 4).
605 3183 765 3249 Cum
800 3186 940 3249 talis
972 3185 1115 3249 finis
1147 3192 1340 3268 atque
1372 3186 1702 3251 beatitudo
1739 3186 1935 3267 plane
1967 3186 2051 3250 sit
2082 3185 2605 3267 supernaturalis
2638 3192 2711 3250 ut
2743 3186 2897 3249 data

274 3308 475 3371 opera
507 3293 919 3356 ostendemus
966 3298 1148 3357 tract.
1196 3293 1439 3367 ultim0,
1470 3294 1668 3357 homo
1721 3312 1799 3358 ex
1833 3311 1903 3357 se
1936 3300 2035 3357 est
2065 3293 2272 3374 impar
2303 3293 2389 3356 illi
2421 3292 2892 3374 consequendo,

273 3394 487 3474 Quare
520 3398 684 3461 sicut
716 3400 978 3480 quaevis
1010 3405 1246 3464 natura
1279 3400 1361 3463 ab
1396 3401 1536 3481 ipsa
1568 3419 1688 3464 sua
1719 3400 2090 3465 conditione
2122 3400 2435 3464 instructa
2457 3407 2555 3464 est
2575 3398 2894 3463 facultati-

498 3613 534 3679 1)
562 3610 680 3664 Nos
704 3627 900 3664 revera
925 3611 998 3665 ad
1026 3613 1194 3665 finem
1238 3630 1264 3664 s
1280 3628 1317 3664 u
1335 3629 1373 3681 p
1390 3627 1419 3665 e
1435 3628 1463 3664 r
1480 3629 1515 3663 n
1532 3627 1566 3664 a
1583 3615 1607 3664 t
1622 3629 1659 3664 u
1675 3630 1703 3664 r
1718 3612 1788 3664 al
1806 3628 1835 3664 e
1853 3630 1907 3664 m
1950 3627 2068 3665 esse
2115 3612 2445 3675 destinatos,
2473 3627 2619 3679 quae
2659 3610 2895 3664 assertio

273 3690 639 3761 suppositum
680 3695 766 3746 est
804 3693 982 3748 totius
1024 3693 1197 3762 hujus
1237 3691 1665 3763 disputationis,
1706 3691 2003 3761 colligitur
2047 3695 2098 3750 1.
2142 3708 2208 3745 ex
2250 3691 2420 3745 dictis
2449 3695 2488 3744 t.
2519 3692 2582 3746 ΙΙ.
2612 3710 2666 3747 ιι.
2696 3698 2801 3748 326
2827 3708 2896 3748 ss.

271 3769 402 3822 coll.
426 3777 533 3827 338
551 3788 620 3824 ss.
642 3778 762 3828 343.
784 3779 905 3835 358,
934 3772 1035 3828 ubi
1061 3772 1430 3834 ostendimus,
1459 3776 1891 3844 protoparentes
1919 3772 2093 3825 fuisse
2119 3773 2192 3825 ad
2214 3772 2471 3825 ordinem
2494 3774 2894 3842 supernatura-

270 3849 383 3902 lem
413 3854 655 3916 evectos,
682 3855 739 3906 et
763 3853 1027 3921 quamvis
1053 3869 1119 3908 eo
1141 3853 1458 3908 exciderint
1476 3855 1707 3924 peccato
1729 3870 1848 3914 suo,
1870 3852 2098 3906 ruinam
2121 3853 2371 3907 humano
2393 3850 2589 3922 generi
2609 3851 2896 3906 invectam

272 3948 377 4001 per
404 3930 616 3985 Christi
642 3932 960 4002 passionem
987 3935 1047 3987 et
1070 3938 1309 3989 mortem
1336 3934 1510 3987 fuisse
1537 3935 1860 4003 reparatam
1888 3939 1962 4005 (n.
1986 3941 2090 3990 648
2111 3937 2190 4004 s).
2220 3932 2525 4003 Colligitur
2543 3935 2598 3990 ⁶2.
2621 3950 2688 3985 ex
2710 3931 2896 3984 dioen-

272 4012 366 4065 dis
390 4011 461 4065 de
487 4012 726 4068 visionis
750 4014 1061 4076 beatificae,
1081 4016 1154 4068 ad
1176 4032 1349 4084 quam
1371 4019 1518 4070 certe
1539 4014 1814 4068 destinati
1833 4032 2046 4078 sumus,
2067 4013 2613 4085 supernaturalitate
2633 4013 2722 4084 (cf.
2745 4013 2897 4066 infra

271 4108 331 4146 n.
360 4093 464 4146 674
490 4109 543 4143 ss
562 4094 612 4163 );
636 4095 693 4149 3.
721 4109 788 4146 ex
814 4095 905 4147 tot
929 4093 1273 4147 testimoniis
1302 4094 1367 4148 N.
1396 4093 1730 4164 praesertim
1760 4094 2128 4157 Testamenti,
2165 4092 2375 4161 quibus
2402 4090 2745 4145 describitur
2770 4107 2897 4144 con-

270 4169 441 4233 ditio,
467 4170 540 4223 ad
568 4189 741 4239 quam
767 4190 801 4225 a
827 4172 943 4228 Deo
973 4190 1073 4243 per
1100 4173 1388 4229 Christum
1429 4191 1545 4228 non
1585 4174 1769 4227 solum
1796 4173 1858 4226 in
1884 4174 2064 4226 altera
2093 4174 2228 4236 vita,
2257 4172 2353 4224 sed
2373 4173 2494 4241 jam
2524 4171 2582 4224 in
2612 4171 2897 4241 praesenti

269 4251 647 4309 destinamur.
675 4253 1043 4308 Destinamur
1067 4272 1236 4320 enim,
1268 4259 1333 4308 ut
1347 4257 1526 4309 simus
1548 4273 1661 4310 non
1684 4255 1868 4308 solum
1891 4253 2039 4308 servi
2061 4253 2182 4317 Dei,
2204 4254 2298 4307 sed
2322 4256 2380 4306 et
2399 4253 2589 4316 amici,
2612 4251 2715 4305 filii
2744 4256 2897 4320 (sane

268 4331 576 4404 adoptivi),
605 4333 807 4387 fratres
832 4338 891 4388 et
914 4335 1216 4390 coheredes
1244 4335 1473 4400 Christi,
1501 4337 1738 4404 ejusque
1768 4337 2064 4390 bonorum.
2092 4335 2245 4387 vitae
2267 4337 2325 4386 et
2349 4333 2587 4401 spiritus
2613 4336 2899 4387 consortes

271 4416 402 4476 etc.⁹
425 4429 572 4481 quae
591 4415 974 4472 conditionem
990 4418 1162 4488 plane
1183 4419 1674 4488 supernaturalem
1697 4417 1996 4488 designare
2019 4416 2369 4470 ostendimus
2391 4420 2431 4468 t.
2455 4416 2515 4468 lI.
2534 4433 2588 4469 n.
2608 4420 2731 4469 340.
2752 4414 2898 4469 Hinc

270 4490 493 4546 Paulus
516 4496 791 4549 testatur:
832 4501 983 4563 Quod
1008 4501 1190 4552 oculus
1213 4517 1319 4552 non
1344 4502 1494 4562 vidie,
1523 4517 1612 4552 nec
1636 4501 1791 4552 auris
1829 4500 2045 4558 audivit,
2071 4516 2163 4551 nec
2188 4502 2240 4550 in
2272 4515 2362 4550 cor
2389 4500 2619 4550 hominis
2643 4498 2897 4558 ascendit,

268 4592 412 4642 quae
430 4580 782 4644 praeparavit
810 4580 949 4632 Deus
974 4581 1058 4641 iis,
1085 4585 1180 4648 qui
1202 4581 1433 4646 dileyunt
1458 4582 1607 4632 illum
1640 4586 1679 4632 1.
1706 4577 1827 4632 Cor.
1852 4586 1901 4640 ⁸2,
1924 4584 1973 4640 9,
2002 4582 2058 4630 et
2084 4579 2285 4640 status,
2312 4575 2383 4628 ad
2413 4593 2582 4643 quem
2611 4591 2897 4640 vocamur,

269 4653 578 4709 exhibetur
605 4660 671 4710 ut
696 4657 977 4711 terminus
1003 4675 1184 4712 novae
1212 4658 1519 4714 creationis
1545 4661 1694 4730 (mox
1725 4677 1781 4711 n.
1808 4662 1888 4729 2³)
1917 4661 1975 4711 et
2000 4656 2406 4726 generationis.
2434 4654 2536 4707 Est
2562 4671 2694 4723 ergo
2715 4656 2897 4707 status

266 4733 449 4789 altior
476 4754 648 4804 quam
673 4737 725 4791 is
752 4738 843 4801 sit,
872 4736 975 4806 qui
1001 4741 1087 4791 est
1110 4739 1341 4806 sequela
1379 4737 1685 4791 creationis
1723 4741 1782 4791 et
1819 4739 2077 4790 naturae.
2130 4736 2212 4790 Cf.
2241 4736 2273 4788 S
2292 4753 2321 4791 c
2338 4736 2375 4788 h
2392 4752 2421 4788 e
2438 4751 2467 4787 e
2488 4737 2566 4789 be
2583 4756 2619 4790 n
2645 4743 2671 4800 ἓ
2703 4738 2802 4790 162
2829 4752 2896 4788 ss.

494 4835 768 4894 Hurter,
809 4839 1058 4894 compend.
1097 4839 1359 4891 theologico
1400 4838 1481 4893 111,
1529 4839 1607 4882 11.
1646 4837 1721 4882 od.
2513 4830 2536 4877 l
