3538 5364
629 294 759 358 694
1223 286 1409 339 Tract.
1437 286 1501 338 X.
1530 283 1742 338 de.Deo
1771 286 2243 339 consummatore.
2272 282 2622 338 Concionum

809 478 983 535 745⁸.
1015 467 1160 537 ΙΙΙ.
1193 472 1375 529 Porro
1396 490 1466 529 ex
1488 473 1830 530 sanctorum
1850 471 2019 529 cultu
2051 471 2198 545 quot
2227 469 2568 528 redundant
2597 469 2663 527 in
2693 467 2896 528 fideles
2916 468 3249 528 commoda.

628 563 810 620 Docet
840 560 997 620 enim
1030 560 1133 620 ille
1170 558 1230 623 1.
1264 560 1408 635 quid
1443 560 1524 618 sit
1554 561 1724 618 cultu
1757 559 2025 636 dignum,
2061 558 2199 617 hinc
2230 558 2663 617 aestimandum
2683 557 3003 634 magnique
3023 557 3247 616 facien-

626 650 786 709 dum.
848 648 941 708 Ad
974 649 1372 708 imitationem
1404 646 1472 712 2.
1507 648 1818 724 omnisque
1862 648 2108 707 virtutis
2154 647 2426 706 studium
2471 647 2692 706 excitat
2732 651 2914 722 atque
2962 646 3249 708 incendit.

626 739 976 798 Manifestat
1007 735 1074 801 3.
1108 740 1450 797 sanctorum
1482 737 1960 796 communionem
1991 754 2220 812 nosque
2250 736 2491 795 illorum
2524 754 2650 795 esse
2683 754 3015 806 conservos,
3050 736 3247 794 conci-

620 846 746 899 νθε,
778 828 1126 891 confratres,
1189 829 1476 886 Provocat
1506 822 1573 888 4.
1607 826 1681 884 ad
1713 826 2137 895 humilitatem,
2172 843 2305 883 cum
2338 825 2642 883 videamus
2674 843 2784 884 nos
2804 824 2928 883 illis
2949 843 3081 884 esse
3100 825 3246 883 adeo

623 916 966 979 dissimiles,
1029 916 1258 975 Invitat
1290 914 1357 978 5.
1391 919 1462 975 ut
1498 916 1841 974 accedamus
1873 916 1952 973 acl
1985 914 2125 973 Sion
2159 921 2404 973 montem
2435 921 2486 972 et
2514 911 2795 973 civitatem
2826 913 2941 972 Dei
2986 913 3241 988 virentis,

626 1003 952 1065 Jerusalem
983 1007 1266 1064 coelestem
1298 1012 1348 1062 et
1380 1006 1696 1063 multorum
1745 1005 1993 1062 millium
2024 1005 2356 1080 anyelorum
2389 1005 2794 1080 frequentiam,
2838 1011 2890 1061 et
2921 1003 3240 1061 Ecclesiam

615 1092 1077 1170 primitivorum,
1113 1097 1214 1170 qui
1243 1096 1555 1167 conscripti
1586 1096 1801 1151 suntin
1820 1095 2005 1169 coelis,
2041 1100 2091 1150 et
2117 1094 2369 1167 judicem
2400 1095 2657 1151 omnium
2680 1092 2880 1161 Deum,
2913 1100 2965 1150 et
2995 1094 3245 1165 spiritus

610 1185 914 1258 ιγἰιθιονιιηι
935 1185 1332 1259 perfectorum
1365 1183 1546 1245 Hebr.
1588 1191 1682 1253 12,
1721 1192 1800 1245 22
1837 1201 1880 1239 s,

809 1317 950 1371 746.
1001 1308 1210 1367 Cultus
1255 1308 1781 1382 reliquiarum
1827 1308 2049 1384 populo
2081 1308 2406 1366 christiano
2441 1306 2767 1366 secundum
2801 1307 2962 1366 dicta
2990 1307 3077 1368 th.
3116 1314 3238 1369 282

623 1397 791 1456 facile
824 1397 1222 1456 commendari
1254 1400 1469 1472 potest.
1530 1396 1680 1455 Eum
1716 1397 1877 1455 enim
1907 1397 2280 1455 commendat

808 1481 866 1548 l.
899 1505 1079 1544 sana
1110 1486 1279 1557 ratic,
1311 1505 1464 1561 quae
1497 1504 1560 1544 se
1591 1485 1795 1561 prodit
1825 1501 1893 1549 a.
1926 1486 2192 1544 moribus
2226 1484 2535 1544 hominum
2572 1480 2657 1566 (n.
2682 1480 2907 1565 733³);
2941 1481 3013 1547 b.
3050 1502 3241 1559 popu-

626 1576 822 1633 lorum
853 1593 985 1645 usu,
1038 1575 1143 1649 qui
1189 1593 1307 1651 quo
1352 1574 1634 1633 cultiores
1676 1577 1835 1646 sunt,
1886 1574 2149 1634 virorum
2195 1573 2266 1633 de
2311 1575 2506 1650 patria
2553 1574 2901 1633 meritorum
2953 1573 3240 1648 reliquias

625 1664 828 1740 magni
860 1663 1179 1722 aestimant
1225 1664 1388 1737 (hinc
1419 1682 1624 1723 musea
1668 1659 2037 1744 nationalia),
2091 1663 2224 1739 ipsa
2266 1663 2600 1740 indigentia
2642 1666 2890 1722 naturae
2935 1662 3244 1720 rationalis

625 1753 698 1810 ad
731 1752 1037 1811 sensibilia
1067 1756 1128 1811 et
1158 1753 1230 1811 ad
1263 1752 1602 1812 absentium
1647 1753 2011 1812 oblivionem
2053 1752 2198 1811 adeo
2243 1771 2479 1828 pronae,
2525 1771 2678 1827 quae
2710 1752 2841 1810 ideo
2873 1755 3010 1829 eget
3043 1752 3240 1819 rebus

625 1841 846 1916 quibus
878 1845 1217 1901 sanctorum
1249 1841 1533 1901 memoria
1565 1844 1834 1900 servetur
1866 1845 1927 1901 et
1956 1842 2245 1901 foveatur.
2308 1841 2461 1900 Eum
2492 1841 2865 1900 commendat

801 1928 870 1993 2.
904 1930 1343 1989 christiana
1373 1931 1524 1989 ratio
1556 1933 1648 1990 tot
1679 1949 2005 2008 suggerens
2051 1927 2137 2012 (n.
2174 1925 2363 2011 733²)
2418 1930 2639 1988 motiva
2669 1929 2902 1989 colendi
2934 1929 3241 2005 reliquias,

625 2038 775 2094 quae
806 2022 1027 2078 temere
1058 2019 1455 2095 reprobantur
1482 2020 1578 2078 vel
1609 2019 2017 2098 negliguntur.
2079 2019 2461 2078 Commendat

802 2105 867 2171 3.
904 2108 1184 2168 solemnis
1207 2109 1311 2167 Dei
1342 2108 1690 2184 approbatio
1712 2113 1804 2167 tot
1818 2108 2121 2167 miraculis
2140 2108 2534 2183 reliquiarum
2555 2109 2846 2179 contactu,
2882 2107 3239 2211 praesentia,

623 2198 924 2256 occasione
953 2197 1226 2274 patratiS‚
1258 2197 1330 2255 de
1363 2198 1586 2273 quibus
1617 2198 1973 2269 recolantur,
2006 2216 2157 2274 quae
2190 2197 2448 2256 diximus
2481 2216 2539 2255 ιι.
2577 2207 2695 2260 731
2735 2216 2778 2255 s.

799 2297 862 2366 4.
897 2303 1277 2363 Commendat
1307 2304 1465 2363 hunc
1509 2304 1742 2363 cultum
1789 2305 2019 2363 fructus
2051 2308 2111 2362 et
2141 2304 2391 2375 utilitas,
2444 2324 2595 2379 quae
2628 2303 2802 2362 illum
2832 2302 3240 2377 consequitur.

620 2392 726 2451 Est
769 2393 928 2450 enim
959 2408 1025 2458 a.
1060 2394 1320 2469 practica
1365 2393 1652 2469 professio
1703 2393 1997 2470 dogmatis
2028 2392 2101 2451 de
2135 2394 2568 2452 resurrectione
2618 2392 2872 2468 gloriosa
2921 2409 3236 2466 corporum

622 2481 752 2551 SS.;
815 2484 904 2540 est
949 2478 1018 2546 b.
1066 2481 1327 2540 visibilis
1374 2482 1801 2541 demonstratio
1858 2481 2151 2557 triumphi
2197 2502 2233 2539 a
2277 2482 2509 2540 Christo
2556 2482 2628 2540 de
2678 2480 3018 2540 idololatria
3064 2479 3239 2538 relati

625 2566 706 2649 (n.
745 2565 963 2652 7334);
1018 2574 1111 2629 est
1142 2585 1203 2635 o.
1237 2571 1581 2657 anticipatio
1614 2571 1901 2646 quaedam
1936 2573 1998 2629 et
2027 2571 2238 2630 umbra
2282 2571 2448 2629 illius
2492 2571 2737 2646 gloriae,
2789 2589 2909 2645 qua
2938 2569 3236 2645 quondam

623 2659 949 2718 seeundum
982 2676 1195 2736 corpus
1227 2660 1503 2720 fruentur
1534 2660 1724 2719 sancti
1759 2660 1822 2718 in
1856 2661 2045 2730 coelo;
2094 2663 2184 2719 est
2214 2655 2285 2723 d.
2320 2659 2657 2737 provocatio
2691 2659 2766 2718 ad
2799 2658 3077 2718 sectanda
3108 2662 3237 2716 tan·

621 2751 818 2807 torum
853 2748 1095 2808 heroum
1127 2749 1402 2826 vestigia,
1449 2750 1764 2808 imitandas
1796 2768 2000 2809 eorum
2035 2750 2319 2820 virtutes;
2371 2752 2463 2807 est
2495 2763 2558 2811 θ.
2593 2750 2924 2826 gratiarum
2956 2747 3109 2807 actio
3142 2766 3234 2805 re-

622 2839 743 2896 lata
774 2837 846 2896 de
877 2837 1195 2908 beneficiis,
1230 2858 1382 2913 quae
1401 2855 1470 2897 ex
1491 2842 1832 2898 sanctorum
1863 2839 2051 2916 gestis
2072 2842 2133 2897 et
2153 2837 2474 2913 exemplis
2457 2858 2523 2896 ιιι
2544 2837 2870 2897 Ecclesiam
2892 2837 3237 2896 universam

622 2930 684 2985 et
712 2926 778 2983 in
808 2944 914 2984 nos
944 2926 1387 2998 redundarunt3
1422 2932 1511 2986 est
1543 2924 1600 2990 s.
1634 2928 1993 3003 obsequium
2026 2928 2170 3003 ipsis
2204 2929 2418 2986 merito
2451 2926 2795 3003 impensum
2828 2945 2937 3003 pro
2969 2927 3160 3002 gloria
3178 2929 3239 2983 et

623 3015 837 3092 gratia,
883 3034 1001 3091 qua
1030 3015 1204 3074 modo
1236 3016 1394 3092 apud
1427 3017 1617 3075 Deum
1646 3017 1965 3084 fruuntur;
2017 3019 2107 3075 est
2138 3032 2209 3095 g.
2243 3016 2591 3094 glorificatio
2623 3016 2816 3092 ipsius
2849 3016 2972 3085 Dei,
3007 3015 3115 3090 qui
3146 3016 3240 3072 est

623 3103 916 3162 mirabilis
948 3104 1013 3162 in
1043 3105 1264 3163 sanctis
1310 3106 1451 3177 suis,
1501 3105 1725 3182 quique
1771 3106 2109 3165 celebratur
2137 3106 2200 3164 in
2232 3106 2417 3164 servis
2463 3105 2605 3164 suis.
2668 3104 2905 3163 Cultum
2938 3107 3034 3162 tot
3062 3103 3238 3161 bonis

624 3192 1057 3252 redundantem
1088 3194 1394 3270 negligere
1426 3195 1518 3252 vel
1550 3213 1829 3271 spernere
1861 3194 2170 3254 oscitantis
2203 3197 2297 3252 est
2328 3194 2527 3256 animi.

809 3325 950 3378 747.
991 3312 1116 3381 IV.
1163 3317 1306 3377 Cum
1351 3317 1629 3390 frequens
1675 3318 1755 3376 sit
1799 3317 1960 3393 apud
2005 3317 2209 3376 fideles
2256 3335 2402 3376 usus
2452 3317 2665 3394 signi
2712 3317 2924 3388 crucia,
2973 3315 3240 3392 proderit

625 3404 914 3481 populum
961 3404 1349 3464 christianum
1398 3406 1696 3465 instruere
1741 3407 1813 3465 de
1858 3406 2040 3482 hujus
2088 3407 2246 3483 signi
2291 3410 2610 3476 momento,
2664 3410 2758 3465 est
2804 3405 2961 3464 enim
2996 3404 3236 3482 signum

624 3494 779 3563 fidei,
828 3495 955 3569 spei
1007 3513 1222 3553 ancora
1267 3497 1328 3552 et
1373 3494 1717 3554 alimentum
1769 3495 2034 3554 caritatis
2096 3495 2204 3554 Est
2257 3493 2319 3558 l.
2344 3521 2347 3524 ·
2372 3496 2610 3572 signum
2658 3495 2889 3553 fidei:
2939 3498 3033 3552 est
3079 3495 3238 3552 enim

625 3598 692 3646 a.
725 3586 1062 3654 tessera,
1096 3603 1216 3658 qua
1247 3602 1352 3642 nos
1383 3583 1811 3660 distinguimus
1845 3603 1962 3643 non
1996 3584 2189 3643 solum
2223 3604 2258 3642 a
2286 3585 2617 3662 gentilibus
2661 3587 2722 3643 et
2744 3584 3004 3659 judaeis,
3042 3583 3147 3642 sed
3179 3587 3239 3641 et

625 3693 657 3729 a
672 3673 1163 3748 protestantibus,
1187 3673 1437 3748 ideoque
1452 3691 1561 3731 nos
1577 3674 1898 3749 probamus
1915 3673 2237 3749 genuinam
2256 3674 2519 3733 sobolem
2536 3674 2864 3750 primorum
2883 3672 3236 3731 christiano-

624 3779 777 3830 rum,
811 3761 918 3836 qui
949 3766 1011 3820 et
1041 3762 1155 3838 ipsi
1187 3764 1307 3819 tam
1342 3762 1600 3821 libenter
1628 3763 1724 3820 usi
1758 3764 1903 3821 sunt
1933 3762 2042 3820 hac
2072 3764 2312 3821 tessera.
2344 3762 2556 3822 Merito
2587 3767 2788 3821 autem
2810 3759 2880 3824 b.
2902 3765 2996 3819 est
3015 3766 3239 3819 tessera

625 3850 1104 3921 christianorum,
1137 3850 1245 3925 qui
1277 3870 1345 3909 ea
1375 3870 1434 3909 se
1465 3850 1826 3927 profitentur
1857 3850 2181 3926 discipulos
2216 3851 2449 3921 Christi,
2496 3852 2603 3927 qui
2636 3850 2922 3927 pependit
2953 3850 3014 3907 in
3048 3869 3238 3908 cruce.

625 3937 835 4014 Neque
868 3953 933 4002 o.
966 3943 1057 3997 est
1086 3938 1374 4014 professio
1404 3940 1596 3999 solum
1618 3939 2014 4015 discipulatus
2035 3940 2273 4011 Christi,
2296 3940 2397 3998 sed
2420 3959 2687 3999 summae
2707 3940 2843 3998 fidei
2861 3940 3237 4007 christianae,

626 4045 778 4102 quae
810 4028 874 4085 in
904 4027 1118 4103 primis
1151 4031 1422 4086 versatur
1453 4029 1606 4087 circa
1637 4029 1992 4104 mysterium
2031 4029 2459 4104 redemptionis
2492 4049 2599 4105 per
2629 4032 2881 4088 mortem
2916 4028 3239 4090 Salvatoris

627 4116 953 4175 secundum
985 4115 1093 4174 illa
1123 4134 1168 4174 s.
1201 4117 1374 4174 Pauli
1412 4128 1463 4179 1.
1496 4117 1620 4175 Cor.
1658 4127 1712 4179 2.
1750 4128 1818 4179 2:
1870 4118 2002 4176 Non
2047 4120 2198 4175 enim
2240 4119 2502 4190 judicavi
2531 4137 2620 4176 me
2648 4121 2796 4177 scire
2833 4119 3059 4194 aliquid
3090 4119 3241 4175 inter

625 4223 740 4277 vos,
774 4207 891 4263 nisi
920 4205 1124 4263 Jesum
1157 4205 1453 4263 Christum
1485 4213 1535 4263 et
1564 4207 1713 4264 hunc
1757 4207 2138 4280 crucifixum5
2186 4208 2531 4282 praesertim
2578 4226 2719 4266 vero
2766 4203 2837 4269 d.
2887 4208 2938 4263 si
2984 4206 3242 4265 addatur

626 4312 732 4368 pro
763 4294 864 4369 pio
897 4292 1162 4352 fidelium
1193 4313 1303 4352 usu
1345 4294 1637 4353 invocatio
1685 4313 1760 4353 sS.
1812 4295 2123 4354 Trinitatis
2170 4296 2230 4353 in
2276 4296 2583 4355 formando
2633 4296 2765 4372 ipso
2814 4296 2983 4372 signo
3030 4296 3242 4356 crucis.

627 4382 846 4440 Verum
879 4397 941 4446 e.
977 4384 1167 4441 crucis
1202 4383 1439 4459 signum
1474 4402 1592 4442 non
1624 4384 1818 4442 solum
1860 4386 1953 4442 est
1983 4383 2272 4460 professio
2306 4385 2439 4444 fidei
2482 4385 2860 4455 christianae,
2908 4384 3012 4443 sed
3046 4387 3105 4443 et
3137 4403 3241 4443 ex-

627 4476 798 4528 terna
841 4472 1105 4546 ejusdem
1157 4472 1590 4542 confessio,
1643 4492 1763 4548 qua
1808 4492 1928 4532 non
1973 4473 2377 4533 erubescimus
2416 4475 2637 4533 Filium
2682 4474 2941 4533 hominis
2993 4474 3241 4548 ejusque

626 4559 1030 4634 Evangelium,
1078 4562 1289 4635 estque
1325 4561 1492 4638 jugis
1536 4562 1801 4620 monitus
1833 4562 2134 4638 praecepti
2167 4563 2449 4621 solemnis
2483 4563 2703 4622 Christi
2735 4563 2875 4622 Luc.
2911 4571 2969 4633 9,
3008 4571 3124 4624 23:
3178 4562 3242 4620 Si

625 4649 754 4724 quis
783 4649 899 4705 vult
923 4656 1054 4723 post
1084 4668 1170 4708 me
1202 4652 1407 4726 venire
1457 4651 1685 4726 abneqet
1729 4653 2115 4727 semetipsum,
2168 4659 2217 4708 et
2248 4653 2408 4710 tollat
2442 4671 2668 4711 crucem
2702 4671 2872 4710 suam
2905 4653 3162 4729 quotidie
3192 4657 3243 4710 ei

624 4743 900 4812 sequatur
930 4755 1031 4794 me.
