<?xml version="1.0" encoding="UTF-8"?>
<!DOCTYPE html PUBLIC "-//W3C//DTD XHTML 1.0 Transitional//EN"
    "http://www.w3.org/TR/xhtml1/DTD/xhtml1-transitional.dtd">
<html xmlns="http://www.w3.org/1999/xhtml" xml:lang="en" lang="en">
 <head>
  <title>
</title>
<meta http-equiv="Content-Type" content="text/html;charset=utf-8" />
  <meta name='ocr-system' content='tesseract 3.04.00' />
  <meta name='ocr-capabilities' content='ocr_page ocr_carea ocr_par ocr_line ocrx_word'/>
</head>
<body>
  <div class='ocr_page' id='page_1' title='image "./theologiaedogma00hurtgoog_0201.png"; bbox 0 0 3538 5364; ppageno 0'>
   <div class='ocr_carea' id='block_1_1' title="bbox 1387 304 2924 375">
    <p class='ocr_par' dir='ltr' id='par_1_1' title="bbox 1387 304 2924 375">
     <span class='ocr_line' id='line_1_1' title="bbox 1387 304 2924 375; baseline -0.001 -20"><span class='ocrx_word' id='word_1_1' title='bbox 1387 318 1454 355; x_wconf 87' lang='lat' dir='ltr'>ex</span> <span class='ocrx_word' id='word_1_2' title='bbox 1481 304 1644 372; x_wconf 77' lang='lat' dir='ltr'>parte</span> <span class='ocrx_word' id='word_1_3' title='bbox 1670 305 1852 356; x_wconf 82' lang='lat' dir='ltr'>actus.</span> <span class='ocrx_word' id='word_1_4' title='bbox 2798 311 2924 375; x_wconf 73' lang='lat'>189</span> 
     </span>
    </p>
   </div>
   <div class='ocr_carea' id='block_1_2' title="bbox 286 488 2925 1797">
    <p class='ocr_par' dir='ltr' id='par_1_2' title="bbox 289 488 2925 1456">
     <span class='ocr_line' id='line_1_2' title="bbox 295 488 2921 567; baseline -0.001 -18"><span class='ocrx_word' id='word_1_5' title='bbox 295 491 504 567; x_wconf 72' lang='lat' dir='ltr'>gentis</span> <span class='ocrx_word' id='word_1_6' title='bbox 535 490 792 565; x_wconf 86' lang='lat' dir='ltr'>alicujus</span> <span class='ocrx_word' id='word_1_7' title='bbox 822 489 964 547; x_wconf 90' lang='lat' dir='ltr'>boni</span> <span class='ocrx_word' id='word_1_8' title='bbox 995 491 1127 547; x_wconf 81' lang='lat' dir='ltr'>orta</span> <span class='ocrx_word' id='word_1_9' title='bbox 1155 507 1224 546; x_wconf 84' lang='lat' dir='ltr'>ex</span> <span class='ocrx_word' id='word_1_10' title='bbox 1258 488 1546 564; x_wconf 73' lang='lat' dir='ltr'>qualitate</span> <span class='ocrx_word' id='word_1_11' title='bbox 1576 492 1638 545; x_wconf 79' lang='lat' dir='ltr'>et</span> <span class='ocrx_word' id='word_1_12' title='bbox 1669 488 1963 566; x_wconf 83' lang='lat' dir='ltr'>dignitate</span> <span class='ocrx_word' id='word_1_13' title='bbox 1994 507 2305 564; x_wconf 78' lang='lat' dir='ltr'>personae:</span> <span class='ocrx_word' id='word_1_14' title='bbox 2354 490 2437 547; x_wconf 89' lang='lat' dir='ltr'>ita</span> <span class='ocrx_word' id='word_1_15' title='bbox 2468 488 2629 548; x_wconf 89' lang='lat' dir='ltr'>filius</span> <span class='ocrx_word' id='word_1_16' title='bbox 2663 507 2730 547; x_wconf 89' lang='lat' dir='ltr'>eo</span> <span class='ocrx_word' id='word_1_17' title='bbox 2762 491 2921 564; x_wconf 91' lang='lat' dir='ltr'>quod</span> 
     </span>
     <span class='ocr_line' id='line_1_3' title="bbox 292 574 2920 661; baseline -0 -22"><span class='ocrx_word' id='word_1_18' title='bbox 292 582 454 650; x_wconf 84' lang='lat' dir='ltr'>talis,</span> <span class='ocrx_word' id='word_1_19' title='bbox 487 580 670 637; x_wconf 85' lang='lat' dir='ltr'>habet</span> <span class='ocrx_word' id='word_1_20' title='bbox 688 576 974 638; x_wconf 88' lang='lat' dir='ltr'>meritum</span> <span class='ocrx_word' id='word_1_21' title='bbox 992 576 1117 637; x_wconf 85' lang='lat' dir='ltr'>sive</span> <span class='ocrx_word' id='word_1_22' title='bbox 1139 579 1245 653; x_wconf 77' lang='lat' dir='ltr'>J‘us</span> <span class='ocrx_word' id='word_1_23' title='bbox 1275 576 1579 636; x_wconf 79' lang='lat' dir='ltr'><strong>adeundae</strong></span> <span class='ocrx_word' id='word_1_24' title='bbox 1599 577 1949 636; x_wconf 89' lang='lat' dir='ltr'>hereditatis</span> <span class='ocrx_word' id='word_1_25' title='bbox 1973 574 2072 661; x_wconf 88' lang='lat' dir='ltr'>(cf.</span> <span class='ocrx_word' id='word_1_26' title='bbox 2091 597 2150 636; x_wconf 88' lang='lat' dir='ltr'>n.</span> <span class='ocrx_word' id='word_1_27' title='bbox 2178 578 2343 656; x_wconf 79' lang='lat'>192).</span> <span class='ocrx_word' id='word_1_28' title='bbox 2378 579 2653 637; x_wconf 79' lang='lat' dir='ltr'><strong>Meritum</strong></span> <span class='ocrx_word' id='word_1_29' title='bbox 2674 598 2920 654; x_wconf 89' lang='lat' dir='ltr'>operum</span> 
     </span>
     <span class='ocr_line' id='line_1_4' title="bbox 291 666 2921 746; baseline -0 -17"><span class='ocrx_word' id='word_1_30' title='bbox 291 675 388 729; x_wconf 81' lang='lat' dir='ltr'>est</span> <span class='ocrx_word' id='word_1_31' title='bbox 432 668 755 746; x_wconf 72' lang='lat' dir='ltr'>exigentia,</span> <span class='ocrx_word' id='word_1_32' title='bbox 806 686 959 743; x_wconf 88' lang='lat' dir='ltr'>quae</span> <span class='ocrx_word' id='word_1_33' title='bbox 1003 667 1285 741; x_wconf 88' lang='lat' dir='ltr'>operibus</span> <span class='ocrx_word' id='word_1_34' title='bbox 1330 666 1548 725; x_wconf 88' lang='lat' dir='ltr'>nititur</span> <span class='ocrx_word' id='word_1_35' title='bbox 1593 668 1667 726; x_wconf 83' lang='lat' dir='ltr'>ad</span> <span class='ocrx_word' id='word_1_36' title='bbox 1713 667 2040 727; x_wconf 81' lang='lat' dir='ltr'>mercedem</span> <span class='ocrx_word' id='word_1_37' title='bbox 2088 668 2184 726; x_wconf 83' lang='lat' dir='ltr'>vel</span> <span class='ocrx_word' id='word_1_38' title='bbox 2227 668 2574 744; x_wconf 88' lang='lat' dir='ltr'>praemium.</span> <span class='ocrx_word' id='word_1_39' title='bbox 2641 669 2921 728; x_wconf 84' lang='lat' dir='ltr'>Meritum</span> 
     </span>
     <span class='ocr_line' id='line_1_5' title="bbox 289 756 2921 835; baseline -0.002 -17"><span class='ocrx_word' id='word_1_40' title='bbox 289 778 563 835; x_wconf 88' lang='lat' dir='ltr'>operum,</span> <span class='ocrx_word' id='word_1_41' title='bbox 597 756 756 832; x_wconf 91' lang='lat' dir='ltr'>quod</span> <span class='ocrx_word' id='word_1_42' title='bbox 791 756 1078 832; x_wconf 81' lang='lat' dir='ltr'>supponit</span> <span class='ocrx_word' id='word_1_43' title='bbox 1108 756 1385 814; x_wconf 88' lang='lat' dir='ltr'>meritum</span> <span class='ocrx_word' id='word_1_44' title='bbox 1406 774 1706 831; x_wconf 78' lang='lat' dir='ltr'>personae,</span> <span class='ocrx_word' id='word_1_45' title='bbox 1739 760 1832 815; x_wconf 89' lang='lat' dir='ltr'>est</span> <span class='ocrx_word' id='word_1_46' title='bbox 1852 756 2165 834; x_wconf 78' lang='lat' dir='ltr'>exigentia,</span> <span class='ocrx_word' id='word_1_47' title='bbox 2202 776 2351 832; x_wconf 90' lang='lat' dir='ltr'>quae</span> <span class='ocrx_word' id='word_1_48' title='bbox 2371 757 2530 816; x_wconf 87' lang='lat' dir='ltr'>inest</span> <span class='ocrx_word' id='word_1_49' title='bbox 2549 757 2830 833; x_wconf 89' lang='lat' dir='ltr'>operibus</span> <span class='ocrx_word' id='word_1_50' title='bbox 2853 776 2921 814; x_wconf 83' lang='lat' dir='ltr'>ex</span> 
     </span>
     <span class='ocr_line' id='line_1_6' title="bbox 293 841 2918 926; baseline -0.001 -20"><span class='ocrx_word' id='word_1_51' title='bbox 293 848 591 925; x_wconf 77' lang='lat' dir='ltr'>dignitate</span> <span class='ocrx_word' id='word_1_52' title='bbox 624 864 867 922; x_wconf 91' lang='lat' dir='ltr'>quoque</span> <span class='ocrx_word' id='word_1_53' title='bbox 896 844 1197 921; x_wconf 87' lang='lat' dir='ltr'>operantis</span> <span class='ocrx_word' id='word_1_54' title='bbox 1231 841 1327 926; x_wconf 81' lang='lat' dir='ltr'>(cf.</span> <span class='ocrx_word' id='word_1_55' title='bbox 1359 861 1416 903; x_wconf 90' lang='lat' dir='ltr'>n.</span> <span class='ocrx_word' id='word_1_56' title='bbox 1454 842 1624 924; x_wconf 88' lang='grc'>231).</span> <span class='ocrx_word' id='word_1_57' title='bbox 1690 845 1769 903; x_wconf 81' lang='lat' dir='ltr'>Cf.</span> <span class='ocrx_word' id='word_1_58' title='bbox 1806 846 2131 920; x_wconf 84' lang='lat' dir='ltr'>Ripalda</span> <span class='ocrx_word' id='word_1_59' title='bbox 2163 847 2311 922; x_wconf 90' lang='lat' dir='ltr'>disp.</span> <span class='ocrx_word' id='word_1_60' title='bbox 2350 857 2422 909; x_wconf 81' lang='lat'>71</span> <span class='ocrx_word' id='word_1_61' title='bbox 2465 864 2509 906; x_wconf 78' lang='grc'>8.</span> <span class='ocrx_word' id='word_1_62' title='bbox 2548 855 2602 916; x_wconf 84' lang='grc'>2,</span> <span class='ocrx_word' id='word_1_63' title='bbox 2639 847 2742 922; x_wconf 90' lang='lat' dir='ltr'>qui</span> <span class='ocrx_word' id='word_1_64' title='bbox 2775 846 2918 904; x_wconf 88' lang='lat' dir='ltr'>sub·</span> 
     </span>
     <span class='ocr_line' id='line_1_7' title="bbox 292 934 2923 1011; baseline -0.001 -15"><span class='ocrx_word' id='word_1_65' title='bbox 292 939 489 995; x_wconf 85' lang='lat' dir='ltr'>tiliter</span> <span class='ocrx_word' id='word_1_66' title='bbox 520 936 779 1011; x_wconf 80' lang='lat' dir='ltr'>inquirit</span> <span class='ocrx_word' id='word_1_67' title='bbox 823 934 888 992; x_wconf 87' lang='lat' dir='ltr'>in</span> <span class='ocrx_word' id='word_1_68' title='bbox 933 934 1248 992; x_wconf 77' lang='lat' dir='ltr'>discrimen</span> <span class='ocrx_word' id='word_1_69' title='bbox 1279 934 1439 991; x_wconf 89' lang='lat' dir='ltr'>inter</span> <span class='ocrx_word' id='word_1_70' title='bbox 1469 938 1666 993; x_wconf 88' lang='lat' dir='ltr'>actum</span> <span class='ocrx_word' id='word_1_71' title='bbox 1699 934 2188 993; x_wconf 86' lang='lat' dir='ltr'>meritorium</span> <span class='ocrx_word' id='word_1_72' title='bbox 2233 938 2295 994; x_wconf 89' lang='lat' dir='ltr'>et</span> <span class='ocrx_word' id='word_1_73' title='bbox 2325 938 2524 994; x_wconf 89' lang='lat' dir='ltr'>actum</span> <span class='ocrx_word' id='word_1_74' title='bbox 2558 935 2923 993; x_wconf 86' lang='lat' dir='ltr'>laudabi-</span> 
     </span>
     <span class='ocr_line' id='line_1_8' title="bbox 294 1023 2925 1101; baseline -0.002 -16"><span class='ocrx_word' id='word_1_75' title='bbox 294 1028 457 1100; x_wconf 83' lang='lat' dir='ltr'>lem,</span> <span class='ocrx_word' id='word_1_76' title='bbox 495 1024 659 1101; x_wconf 90' lang='lat' dir='ltr'>quod</span> <span class='ocrx_word' id='word_1_77' title='bbox 690 1025 898 1099; x_wconf 88' lang='lat' dir='ltr'>paucis</span> <span class='ocrx_word' id='word_1_78' title='bbox 929 1024 1014 1081; x_wconf 87' lang='lat' dir='ltr'>ita</span> <span class='ocrx_word' id='word_1_79' title='bbox 1043 1023 1342 1098; x_wconf 79' lang='lat' dir='ltr'>expressit</span> <span class='ocrx_word' id='word_1_80' title='bbox 1372 1041 1417 1081; x_wconf 89' lang='lat' dir='ltr'>s.</span> <span class='ocrx_word' id='word_1_81' title='bbox 1451 1023 1768 1082; x_wconf 87' lang='lat' dir='ltr'>Thomas</span> <span class='ocrx_word' id='word_1_82' title='bbox 1801 1025 1840 1081; x_wconf 90' lang='lat'>1.</span> <span class='ocrx_word' id='word_1_83' title='bbox 1873 1042 1951 1083; x_wconf 89' lang='lat' dir='ltr'>c.:</span> <span class='ocrx_word' id='word_1_84' title='bbox 1990 1025 2201 1093; x_wconf 85' lang='lat' dir='ltr'>,Patet</span> <span class='ocrx_word' id='word_1_85' title='bbox 2220 1025 2381 1099; x_wconf 92' lang='lat' dir='ltr'>quod</span> <span class='ocrx_word' id='word_1_86' title='bbox 2400 1029 2570 1083; x_wconf 86' lang='lat' dir='ltr'>actus</span> <span class='ocrx_word' id='word_1_87' title='bbox 2602 1025 2794 1083; x_wconf 90' lang='lat' dir='ltr'>bonus</span> <span class='ocrx_word' id='word_1_88' title='bbox 2827 1025 2925 1082; x_wconf 86' lang='lat' dir='ltr'>vel</span> 
     </span>
     <span class='ocr_line' id='line_1_9' title="bbox 297 1111 2919 1189; baseline -0 -16"><span class='ocrx_word' id='word_1_89' title='bbox 297 1117 489 1174; x_wconf 83' lang='lat' dir='ltr'>malus</span> <span class='ocrx_word' id='word_1_90' title='bbox 524 1114 707 1172; x_wconf 89' lang='lat' dir='ltr'>habet</span> <span class='ocrx_word' id='word_1_91' title='bbox 736 1113 1021 1171; x_wconf 86' lang='lat' dir='ltr'>rationem</span> <span class='ocrx_word' id='word_1_92' title='bbox 1071 1111 1514 1171; x_wconf 85' lang='lat' dir='ltr'>laudabilis</span> <span class='ocrx_word' id='word_1_93' title='bbox 1558 1113 1653 1173; x_wconf 86' lang='lat' dir='ltr'>vel</span> <span class='ocrx_word' id='word_1_94' title='bbox 1698 1113 2012 1189; x_wconf 81' lang='lat' dir='ltr'>culpabilis</span> <span class='ocrx_word' id='word_1_95' title='bbox 2046 1114 2373 1172; x_wconf 88' lang='lat' dir='ltr'>secundum</span> <span class='ocrx_word' id='word_1_96' title='bbox 2405 1113 2566 1189; x_wconf 86' lang='lat' dir='ltr'>quod</span> <span class='ocrx_word' id='word_1_97' title='bbox 2598 1122 2689 1172; x_wconf 86' lang='lat' dir='ltr'>est</span> <span class='ocrx_word' id='word_1_98' title='bbox 2718 1114 2782 1172; x_wconf 89' lang='lat' dir='ltr'>in</span> <span class='ocrx_word' id='word_1_99' title='bbox 2816 1133 2919 1188; x_wconf 89' lang='lat' dir='ltr'>po-</span> 
     </span>
     <span class='ocr_line' id='line_1_10' title="bbox 303 1201 2919 1279; baseline -0.001 -16"><span class='ocrx_word' id='word_1_100' title='bbox 303 1209 517 1263; x_wconf 79' lang='lat' dir='ltr'>testate</span> <span class='ocrx_word' id='word_1_101' title='bbox 538 1202 896 1270; x_wconf 79' lang='lat' dir='ltr'>voluntatis:</span> <span class='ocrx_word' id='word_1_102' title='bbox 930 1201 1220 1259; x_wconf 88' lang='lat' dir='ltr'>rationem</span> <span class='ocrx_word' id='word_1_103' title='bbox 1242 1220 1376 1260; x_wconf 87' lang='lat' dir='ltr'>vero</span> <span class='ocrx_word' id='word_1_104' title='bbox 1407 1220 1438 1258; x_wconf 91' lang='lat' dir='ltr'>r</span> <span class='ocrx_word' id='word_1_105' title='bbox 1452 1220 1483 1260; x_wconf 90' lang='lat' dir='ltr'>e</span> <span class='ocrx_word' id='word_1_106' title='bbox 1499 1219 1529 1259; x_wconf 89' lang='lat' dir='ltr'>c</span> <span class='ocrx_word' id='word_1_107' title='bbox 1545 1203 1572 1258; x_wconf 88' lang='lat' dir='ltr'>t</span> <span class='ocrx_word' id='word_1_108' title='bbox 1587 1203 1606 1260; x_wconf 92' lang='lat' dir='ltr'>i</span> <span class='ocrx_word' id='word_1_109' title='bbox 1624 1211 1649 1260; x_wconf 90' lang='lat' dir='ltr'>t</span> <span class='ocrx_word' id='word_1_110' title='bbox 1664 1201 1760 1260; x_wconf 89' lang='lat' dir='ltr'>ud</span> <span class='ocrx_word' id='word_1_111' title='bbox 1778 1202 1891 1261; x_wconf 91' lang='lat' dir='ltr'>ini</span> <span class='ocrx_word' id='word_1_112' title='bbox 1910 1222 1937 1260; x_wconf 90' lang='lat' dir='ltr'>s</span> <span class='ocrx_word' id='word_1_113' title='bbox 1970 1206 2031 1261; x_wconf 88' lang='lat' dir='ltr'>et</span> <span class='ocrx_word' id='word_1_114' title='bbox 2057 1202 2284 1279; x_wconf 88' lang='lat' dir='ltr'>peccati</span> <span class='ocrx_word' id='word_1_115' title='bbox 2305 1203 2631 1262; x_wconf 89' lang='lat' dir='ltr'>secundum</span> <span class='ocrx_word' id='word_1_116' title='bbox 2652 1203 2919 1261; x_wconf 90' lang='lat' dir='ltr'>ordinem</span> 
     </span>
     <span class='ocr_line' id='line_1_11' title="bbox 305 1289 2925 1368; baseline -0.001 -16"><span class='ocrx_word' id='word_1_117' title='bbox 305 1295 374 1353; x_wconf 88' lang='lat' dir='ltr'>ad</span> <span class='ocrx_word' id='word_1_118' title='bbox 404 1294 616 1362; x_wconf 75' lang='lat' dir='ltr'>finem:</span> <span class='ocrx_word' id='word_1_119' title='bbox 649 1293 941 1350; x_wconf 87' lang='lat' dir='ltr'>rationem</span> <span class='ocrx_word' id='word_1_120' title='bbox 962 1309 1100 1349; x_wconf 86' lang='lat' dir='ltr'>vero</span> <span class='ocrx_word' id='word_1_121' title='bbox 1133 1289 1395 1348; x_wconf 91' lang='lat' dir='ltr'>meriti</span> <span class='ocrx_word' id='word_1_122' title='bbox 1426 1291 1520 1349; x_wconf 86' lang='lat' dir='ltr'>vel</span> <span class='ocrx_word' id='word_1_123' title='bbox 1540 1291 1813 1349; x_wconf 87' lang='lat' dir='ltr'>demeriti</span> <span class='ocrx_word' id='word_1_124' title='bbox 1835 1291 2159 1351; x_wconf 86' lang='lat' dir='ltr'>secundum</span> <span class='ocrx_word' id='word_1_125' title='bbox 2179 1292 2634 1351; x_wconf 87' lang='lat' dir='ltr'>retributionem</span> <span class='ocrx_word' id='word_1_126' title='bbox 2646 1292 2925 1368; x_wconf 86' lang='lat' dir='ltr'>justitiae</span> 
     </span>
     <span class='ocr_line' id='line_1_12' title="bbox 301 1378 2029 1456; baseline -0.001 -16"><span class='ocrx_word' id='word_1_127' title='bbox 301 1383 368 1440; x_wconf 88' lang='lat' dir='ltr'>ad</span> <span class='ocrx_word' id='word_1_128' title='bbox 400 1383 726 1440; x_wconf 74' lang='lat' dir='ltr'>alterum.‘</span> <span class='ocrx_word' id='word_1_129' title='bbox 795 1380 874 1438; x_wconf 85' lang='lat' dir='ltr'>ef.</span> <span class='ocrx_word' id='word_1_130' title='bbox 908 1379 1271 1437; x_wconf 83' lang='lat' dir='ltr'>Mazzella</span> <span class='ocrx_word' id='word_1_131' title='bbox 1302 1379 1374 1437; x_wconf 94' lang='lat' dir='ltr'>de</span> <span class='ocrx_word' id='word_1_132' title='bbox 1404 1378 1598 1456; x_wconf 87' lang='lat' dir='ltr'>gratia</span> <span class='ocrx_word' id='word_1_133' title='bbox 1629 1379 1781 1455; x_wconf 89' lang='lat' dir='ltr'>disp.</span> <span class='ocrx_word' id='word_1_134' title='bbox 1818 1390 1853 1444; x_wconf 89' lang='grc'><strong>6</strong></span> <span class='ocrx_word' id='word_1_135' title='bbox 1888 1400 1938 1443; x_wconf 87' lang='lat' dir='ltr'>a.</span> <span class='ocrx_word' id='word_1_136' title='bbox 1980 1393 2029 1444; x_wconf 90' lang='lat'>1.</span> 
     </span>
    </p>

    <p class='ocr_par' dir='ltr' id='par_1_3' title="bbox 286 1497 2924 1797">
     <span class='ocr_line' id='line_1_13' title="bbox 475 1497 2923 1584; baseline -0.001 -20"><span class='ocrx_word' id='word_1_137' title='bbox 475 1504 629 1570; x_wconf 79' lang='lat'>226.</span> <span class='ocrx_word' id='word_1_138' title='bbox 661 1500 761 1564; x_wconf 81' lang='lat' dir='ltr'>De</span> <span class='ocrx_word' id='word_1_139' title='bbox 790 1500 1242 1564; x_wconf 78' lang='lat' dir='ltr'>conditionibus</span> <span class='ocrx_word' id='word_1_140' title='bbox 1292 1502 1494 1563; x_wconf 80' lang='lat' dir='ltr'>meriti</span> <span class='ocrx_word' id='word_1_141' title='bbox 1538 1522 1614 1563; x_wconf 65' lang='lat' dir='ltr'>ex</span> <span class='ocrx_word' id='word_1_142' title='bbox 1640 1507 1828 1584; x_wconf 80' lang='lat' dir='ltr'>parte</span> <span class='ocrx_word' id='word_1_143' title='bbox 1861 1508 2061 1564; x_wconf 65' lang='lat' dir='ltr'>actua</span> <span class='ocrx_word' id='word_1_144' title='bbox 2102 1539 2188 1550; x_wconf 90' lang='lat'>--</span> <span class='ocrx_word' id='word_1_145' title='bbox 2229 1497 2677 1582; x_wconf 84' lang='lat' dir='ltr'>Supponentes</span> <span class='ocrx_word' id='word_1_146' title='bbox 2729 1501 2923 1563; x_wconf 89' lang='lat' dir='ltr'>modo</span> 
     </span>
     <span class='ocr_line' id='line_1_14' title="bbox 288 1606 2924 1690; baseline -0.001 -18"><span class='ocrx_word' id='word_1_147' title='bbox 288 1609 597 1673; x_wconf 87' lang='lat' dir='ltr'>homines</span> <span class='ocrx_word' id='word_1_148' title='bbox 612 1608 783 1689; x_wconf 86' lang='lat' dir='ltr'>apud</span> <span class='ocrx_word' id='word_1_149' title='bbox 803 1607 1007 1673; x_wconf 89' lang='lat' dir='ltr'>Deum</span> <span class='ocrx_word' id='word_1_150' title='bbox 1025 1626 1217 1690; x_wconf 89' lang='lat' dir='ltr'>posse</span> <span class='ocrx_word' id='word_1_151' title='bbox 1238 1625 1502 1683; x_wconf 90' lang='lat' dir='ltr'>merere,</span> <span class='ocrx_word' id='word_1_152' title='bbox 1537 1608 1600 1670; x_wconf 91' lang='lat' dir='ltr'>in</span> <span class='ocrx_word' id='word_1_153' title='bbox 1634 1606 1844 1671; x_wconf 88' lang='lat' dir='ltr'>meriti</span> <span class='ocrx_word' id='word_1_154' title='bbox 1877 1608 2290 1672; x_wconf 79' lang='lat' dir='ltr'>conditiones</span> <span class='ocrx_word' id='word_1_155' title='bbox 2314 1608 2721 1690; x_wconf 55' lang='lat' dir='ltr'>inquiremus</span> <span class='ocrx_word' id='word_1_156' title='bbox 2756 1626 2924 1689; x_wconf 86' lang='lat' dir='ltr'>quae</span> 
     </span>
     <span class='ocr_line' id='line_1_15' title="bbox 286 1714 2923 1797; baseline -0.002 -17"><span class='ocrx_word' id='word_1_157' title='bbox 286 1717 426 1797; x_wconf 88' lang='lat' dir='ltr'>peti</span> <span class='ocrx_word' id='word_1_158' title='bbox 457 1721 732 1797; x_wconf 84' lang='lat' dir='ltr'>possunt</span> <span class='ocrx_word' id='word_1_159' title='bbox 764 1714 863 1779; x_wconf 88' lang='lat' dir='ltr'>vel</span> <span class='ocrx_word' id='word_1_160' title='bbox 897 1732 974 1777; x_wconf 86' lang='lat' dir='ltr'>ex</span> <span class='ocrx_word' id='word_1_161' title='bbox 1006 1719 1189 1796; x_wconf 89' lang='lat' dir='ltr'>parte</span> <span class='ocrx_word' id='word_1_162' title='bbox 1221 1720 1475 1789; x_wconf 89' lang='lat' dir='ltr'>actus,</span> <span class='ocrx_word' id='word_1_163' title='bbox 1523 1715 1626 1777; x_wconf 87' lang='lat' dir='ltr'>vel</span> <span class='ocrx_word' id='word_1_164' title='bbox 1659 1733 1738 1779; x_wconf 83' lang='lat' dir='ltr'>ex</span> <span class='ocrx_word' id='word_1_165' title='bbox 1771 1721 1953 1795; x_wconf 89' lang='lat' dir='ltr'>parte</span> <span class='ocrx_word' id='word_1_166' title='bbox 1991 1732 2309 1795; x_wconf 86' lang='lat' dir='ltr'>personae</span> <span class='ocrx_word' id='word_1_167' title='bbox 2357 1716 2771 1789; x_wconf 88' lang='lat' dir='ltr'>merentis,</span> <span class='ocrx_word' id='word_1_168' title='bbox 2823 1714 2923 1776; x_wconf 83' lang='lat' dir='ltr'>vel</span> 
     </span>
    </p>
   </div>
   <div class='ocr_carea' id='block_1_3' title="bbox 289 1820 2407 1904">
    <p class='ocr_par' dir='ltr' id='par_1_4' title="bbox 289 1820 2407 1904">
     <span class='ocr_line' id='line_1_16' title="bbox 289 1820 2407 1904; baseline -0.002 -17"><span class='ocrx_word' id='word_1_169' title='bbox 289 1842 380 1887; x_wconf 82' lang='lat' dir='ltr'>ex</span> <span class='ocrx_word' id='word_1_170' title='bbox 413 1830 605 1904; x_wconf 87' lang='lat' dir='ltr'>parte</span> <span class='ocrx_word' id='word_1_171' title='bbox 634 1821 747 1886; x_wconf 91' lang='lat' dir='ltr'>Dei</span> <span class='ocrx_word' id='word_1_172' title='bbox 777 1841 809 1884; x_wconf 88' lang='lat' dir='ltr'>r</span> <span class='ocrx_word' id='word_1_173' title='bbox 825 1839 860 1885; x_wconf 93' lang='lat' dir='ltr'>e</span> <span class='ocrx_word' id='word_1_174' title='bbox 877 1840 941 1883; x_wconf 89' lang='lat' dir='ltr'>m</span> <span class='ocrx_word' id='word_1_175' title='bbox 958 1841 1000 1884; x_wconf 92' lang='lat' dir='ltr'>u</span> <span class='ocrx_word' id='word_1_176' title='bbox 1015 1840 1058 1883; x_wconf 92' lang='lat' dir='ltr'>n</span> <span class='ocrx_word' id='word_1_177' title='bbox 1073 1840 1108 1885; x_wconf 91' lang='lat' dir='ltr'>e</span> <span class='ocrx_word' id='word_1_178' title='bbox 1125 1840 1157 1884; x_wconf 93' lang='lat' dir='ltr'>r</span> <span class='ocrx_word' id='word_1_179' title='bbox 1172 1838 1212 1884; x_wconf 92' lang='lat' dir='ltr'>a</span> <span class='ocrx_word' id='word_1_180' title='bbox 1226 1821 1411 1884; x_wconf 88' lang='lat' dir='ltr'>ntis.</span> <span class='ocrx_word' id='word_1_181' title='bbox 1473 1820 1565 1884; x_wconf 84' lang='lat' dir='ltr'>Ex</span> <span class='ocrx_word' id='word_1_182' title='bbox 1595 1828 1781 1903; x_wconf 90' lang='lat' dir='ltr'>parte</span> <span class='ocrx_word' id='word_1_183' title='bbox 1814 1828 2002 1884; x_wconf 85' lang='lat' dir='ltr'>actus</span> <span class='ocrx_word' id='word_1_184' title='bbox 2035 1821 2407 1903; x_wconf 79' lang='lat' dir='ltr'>requiritur:</span> 
     </span>
    </p>
   </div>
   <div class='ocr_carea' id='block_1_4' title="bbox 294 1946 2927 2563">
    <p class='ocr_par' dir='ltr' id='par_1_5' title="bbox 294 1946 2927 2563">
     <span class='ocr_line' id='line_1_17' title="bbox 485 1946 2924 2029; baseline -0.001 -17"><span class='ocrx_word' id='word_1_185' title='bbox 485 1946 546 2016; x_wconf 93' lang='lat'>1.</span> <span class='ocrx_word' id='word_1_186' title='bbox 580 1954 650 2011; x_wconf 88' lang='lat' dir='ltr'>ut</span> <span class='ocrx_word' id='word_1_187' title='bbox 679 1946 810 2012; x_wconf 88' lang='lat' dir='ltr'>veri</span> <span class='ocrx_word' id='word_1_188' title='bbox 841 1947 1119 2010; x_wconf 90' lang='lat' dir='ltr'>nominis</span> <span class='ocrx_word' id='word_1_189' title='bbox 1152 1946 1319 2012; x_wconf 90' lang='lat' dir='ltr'>adsit</span> <span class='ocrx_word' id='word_1_190' title='bbox 1351 1954 1619 2023; x_wconf 72' lang='lat' dir='ltr'>actus:</span> <span class='ocrx_word' id='word_1_191' title='bbox 1662 1965 1872 2029; x_wconf 88' lang='lat' dir='ltr'>neque</span> <span class='ocrx_word' id='word_1_192' title='bbox 1906 1946 2075 2010; x_wconf 91' lang='lat' dir='ltr'>enim</span> <span class='ocrx_word' id='word_1_193' title='bbox 2111 1964 2291 2010; x_wconf 90' lang='lat' dir='ltr'>mera</span> <span class='ocrx_word' id='word_1_194' title='bbox 2325 1946 2779 2011; x_wconf 88' lang='lat' dir='ltr'>omissione</span> <span class='ocrx_word' id='word_1_195' title='bbox 2813 1965 2924 2010; x_wconf 89' lang='lat' dir='ltr'>ac-</span> 
     </span>
     <span class='ocr_line' id='line_1_18' title="bbox 294 2052 2927 2136; baseline -0.001 -18"><span class='ocrx_word' id='word_1_196' title='bbox 294 2062 397 2118; x_wconf 88' lang='lat' dir='ltr'>tus</span> <span class='ocrx_word' id='word_1_197' title='bbox 418 2071 781 2117; x_wconf 87' lang='lat' dir='ltr'>meremus:</span> <span class='ocrx_word' id='word_1_198' title='bbox 814 2072 1062 2118; x_wconf 88' lang='lat' dir='ltr'>merere</span> <span class='ocrx_word' id='word_1_199' title='bbox 1083 2061 1298 2119; x_wconf 88' lang='lat' dir='ltr'>tamen</span> <span class='ocrx_word' id='word_1_200' title='bbox 1319 2054 1610 2136; x_wconf 89' lang='lat' dir='ltr'>profecto</span> <span class='ocrx_word' id='word_1_201' title='bbox 1633 2072 1977 2134; x_wconf 86' lang='lat' dir='ltr'>possumus</span> <span class='ocrx_word' id='word_1_202' title='bbox 2000 2059 2188 2117; x_wconf 87' lang='lat' dir='ltr'>actus</span> <span class='ocrx_word' id='word_1_203' title='bbox 2213 2052 2363 2116; x_wconf 89' lang='lat' dir='ltr'>mali</span> <span class='ocrx_word' id='word_1_204' title='bbox 2384 2054 2748 2129; x_wconf 87' lang='lat' dir='ltr'>omissione,</span> <span class='ocrx_word' id='word_1_205' title='bbox 2772 2055 2823 2116; x_wconf 85' lang='lat' dir='ltr'>si</span> <span class='ocrx_word' id='word_1_206' title='bbox 2846 2072 2927 2117; x_wconf 89' lang='lat' dir='ltr'>ea</span> 
     </span>
     <span class='ocr_line' id='line_1_19' title="bbox 300 2159 2923 2244; baseline -0 -20"><span class='ocrx_word' id='word_1_207' title='bbox 300 2163 381 2224; x_wconf 89' lang='lat' dir='ltr'>sit</span> <span class='ocrx_word' id='word_1_208' title='bbox 410 2161 666 2226; x_wconf 87' lang='lat' dir='ltr'>intenta</span> <span class='ocrx_word' id='word_1_209' title='bbox 696 2180 813 2226; x_wconf 89' lang='lat' dir='ltr'>seu</span> <span class='ocrx_word' id='word_1_210' title='bbox 845 2161 1040 2225; x_wconf 90' lang='lat' dir='ltr'>volita</span> <span class='ocrx_word' id='word_1_211' title='bbox 1072 2167 1220 2226; x_wconf 86' lang='lat' dir='ltr'>actu</span> <span class='ocrx_word' id='word_1_212' title='bbox 1251 2161 1544 2244; x_wconf 87' lang='lat' dir='ltr'>positivo,</span> <span class='ocrx_word' id='word_1_213' title='bbox 1578 2168 1650 2225; x_wconf 89' lang='lat' dir='ltr'>ut</span> <span class='ocrx_word' id='word_1_214' title='bbox 1669 2180 1819 2225; x_wconf 83' lang='lat' dir='ltr'>cum</span> <span class='ocrx_word' id='word_1_215' title='bbox 1843 2161 2201 2225; x_wconf 86' lang='lat' dir='ltr'>resistimus</span> <span class='ocrx_word' id='word_1_216' title='bbox 2220 2159 2557 2224; x_wconf 83' lang='lat' dir='ltr'>tentationi</span> <span class='ocrx_word' id='word_1_217' title='bbox 2579 2160 2660 2223; x_wconf 92' lang='lat' dir='ltr'>ad</span> <span class='ocrx_word' id='word_1_218' title='bbox 2683 2160 2923 2223; x_wconf 90' lang='lat' dir='ltr'>malum</span> 
     </span>
     <span class='ocr_line' id='line_1_20' title="bbox 301 2265 2921 2350; baseline -0.001 -19"><span class='ocrx_word' id='word_1_219' title='bbox 301 2268 686 2331; x_wconf 76' lang='lat' dir='ltr'>sollicitanti.</span> <span class='ocrx_word' id='word_1_220' title='bbox 753 2266 839 2331; x_wconf 88' lang='lat' dir='ltr'>Cf.</span> <span class='ocrx_word' id='word_1_221' title='bbox 889 2267 1232 2331; x_wconf 86' lang='lat' dir='ltr'>Thomas</span> <span class='ocrx_word' id='word_1_222' title='bbox 1282 2269 1346 2332; x_wconf 92' lang='lat' dir='ltr'>in</span> <span class='ocrx_word' id='word_1_223' title='bbox 1394 2273 1451 2336; x_wconf 78' lang='lat'>2.</span> <span class='ocrx_word' id='word_1_224' title='bbox 1498 2267 1557 2330; x_wconf 91' lang='lat' dir='ltr'>d.</span> <span class='ocrx_word' id='word_1_225' title='bbox 1607 2273 1693 2335; x_wconf 78' lang='lat'>35</span> <span class='ocrx_word' id='word_1_226' title='bbox 1744 2288 1800 2350; x_wconf 86' lang='lat' dir='ltr'>q.</span> <span class='ocrx_word' id='word_1_227' title='bbox 1844 2275 1871 2335; x_wconf 89' lang='lat' dir='ltr'>l</span> <span class='ocrx_word' id='word_1_228' title='bbox 1931 2286 1984 2331; x_wconf 91' lang='lat' dir='ltr'>a.</span> <span class='ocrx_word' id='word_1_229' title='bbox 2020 2273 2060 2335; x_wconf 88' lang='lat'><strong>3</strong></span> <span class='ocrx_word' id='word_1_230' title='bbox 2094 2267 2177 2331; x_wconf 90' lang='lat' dir='ltr'>ad</span> <span class='ocrx_word' id='word_1_231' title='bbox 2212 2273 2285 2341; x_wconf 77' lang='lat'>4:</span> <span class='ocrx_word' id='word_1_232' title='bbox 2351 2265 2654 2331; x_wconf 87' lang='lat' dir='ltr'>Suarez</span> <span class='ocrx_word' id='word_1_233' title='bbox 2702 2267 2826 2341; x_wconf 78' lang='grc' dir='ltr'>ΧΠ,</span> <span class='ocrx_word' id='word_1_234' title='bbox 2866 2274 2921 2333; x_wconf 78' lang='grc'>2.</span> 
     </span>
     <span class='ocr_line' id='line_1_21' title="bbox 310 2372 2923 2457; baseline -0 -19"><span class='ocrx_word' id='word_1_235' title='bbox 310 2372 676 2440; x_wconf 84' lang='lat' dir='ltr'>Sententiae</span> <span class='ocrx_word' id='word_1_236' title='bbox 722 2374 908 2455; x_wconf 87' lang='lat' dir='ltr'>longe</span> <span class='ocrx_word' id='word_1_237' title='bbox 954 2376 1380 2439; x_wconf 90' lang='lat' dir='ltr'>communiori</span> <span class='ocrx_word' id='word_1_238' title='bbox 1424 2375 1806 2440; x_wconf 84' lang='lat' dir='ltr'>adversatur</span> <span class='ocrx_word' id='word_1_239' title='bbox 1852 2374 2232 2457; x_wconf 87' lang='lat' dir='ltr'>Ripalda‚</span> <span class='ocrx_word' id='word_1_240' title='bbox 2287 2374 2396 2456; x_wconf 91' lang='lat' dir='ltr'>qui</span> <span class='ocrx_word' id='word_1_241' title='bbox 2440 2374 2596 2455; x_wconf 87' lang='lat' dir='ltr'>disp.</span> <span class='ocrx_word' id='word_1_242' title='bbox 2653 2380 2734 2441; x_wconf 67' lang='grc' dir='ltr'>Π)</span> <span class='ocrx_word' id='word_1_243' title='bbox 2787 2374 2923 2437; x_wconf 78' lang='lat' dir='ltr'>fuse</span> 
     </span>
     <span class='ocr_line' id='line_1_22' title="bbox 307 2481 2464 2563; baseline -0 -19"><span class='ocrx_word' id='word_1_244' title='bbox 307 2481 642 2547; x_wconf 87' lang='lat' dir='ltr'>ostendere</span> <span class='ocrx_word' id='word_1_245' title='bbox 675 2482 912 2557; x_wconf 89' lang='lat' dir='ltr'>nititur,</span> <span class='ocrx_word' id='word_1_246' title='bbox 943 2500 1170 2563; x_wconf 90' lang='lat' dir='ltr'>puram</span> <span class='ocrx_word' id='word_1_247' title='bbox 1202 2488 1387 2545; x_wconf 89' lang='lat' dir='ltr'>actus</span> <span class='ocrx_word' id='word_1_248' title='bbox 1419 2482 1836 2546; x_wconf 86' lang='lat' dir='ltr'>omissionem</span> <span class='ocrx_word' id='word_1_249' title='bbox 1870 2499 2016 2545; x_wconf 91' lang='lat' dir='ltr'>esse</span> <span class='ocrx_word' id='word_1_250' title='bbox 2051 2481 2464 2545; x_wconf 88' lang='lat' dir='ltr'>meritoriam.</span> 
     </span>
    </p>
   </div>
   <div class='ocr_carea' id='block_1_5' title="bbox 296 2605 2932 4736">
    <p class='ocr_par' dir='ltr' id='par_1_6' title="bbox 299 2605 2926 3003">
     <span class='ocr_line' id='line_1_23' title="bbox 480 2605 2926 2691; baseline -0.002 -18"><span class='ocrx_word' id='word_1_251' title='bbox 480 2608 551 2673; x_wconf 71' lang='lat'>2.</span> <span class='ocrx_word' id='word_1_252' title='bbox 587 2606 966 2691; x_wconf 85' lang='lat' dir='ltr'>Requiritur‚</span> <span class='ocrx_word' id='word_1_253' title='bbox 998 2611 1068 2670; x_wconf 89' lang='lat' dir='ltr'>ut</span> <span class='ocrx_word' id='word_1_254' title='bbox 1101 2613 1281 2670; x_wconf 89' lang='lat' dir='ltr'>actus</span> <span class='ocrx_word' id='word_1_255' title='bbox 1314 2606 1397 2671; x_wconf 91' lang='lat' dir='ltr'>sit</span> <span class='ocrx_word' id='word_1_256' title='bbox 1441 2605 1655 2671; x_wconf 90' lang='lat' dir='ltr'>liber</span> <span class='ocrx_word' id='word_1_257' title='bbox 1700 2606 1999 2671; x_wconf 88' lang='lat' dir='ltr'>libertate</span> <span class='ocrx_word' id='word_1_258' title='bbox 2048 2625 2088 2669; x_wconf 89' lang='lat' dir='ltr'>a</span> <span class='ocrx_word' id='word_1_259' title='bbox 2135 2606 2539 2681; x_wconf 85' lang='lat' dir='ltr'>necessitate,</span> <span class='ocrx_word' id='word_1_260' title='bbox 2588 2612 2658 2668; x_wconf 91' lang='lat' dir='ltr'>ut</span> <span class='ocrx_word' id='word_1_261' title='bbox 2689 2605 2767 2669; x_wconf 90' lang='lat' dir='ltr'>de</span> <span class='ocrx_word' id='word_1_262' title='bbox 2802 2605 2926 2669; x_wconf 86' lang='lat' dir='ltr'>fide</span> 
     </span>
     <span class='ocr_line' id='line_1_24' title="bbox 299 2714 2925 2796; baseline -0.001 -18"><span class='ocrx_word' id='word_1_263' title='bbox 299 2714 654 2779; x_wconf 89' lang='lat' dir='ltr'>tenendum</span> <span class='ocrx_word' id='word_1_264' title='bbox 685 2722 783 2779; x_wconf 89' lang='lat' dir='ltr'>est</span> <span class='ocrx_word' id='word_1_265' title='bbox 817 2722 1044 2778; x_wconf 90' lang='lat' dir='ltr'>contra</span> <span class='ocrx_word' id='word_1_266' title='bbox 1085 2714 1118 2779; x_wconf 86' lang='lat' dir='ltr'>J</span> <span class='ocrx_word' id='word_1_267' title='bbox 1137 2715 1583 2792; x_wconf 88' lang='lat' dir='ltr'>ansenium‚</span> <span class='ocrx_word' id='word_1_268' title='bbox 1632 2715 1813 2796; x_wconf 88' lang='lat' dir='ltr'>cujus</span> <span class='ocrx_word' id='word_1_269' title='bbox 1845 2733 2027 2796; x_wconf 89' lang='lat' dir='ltr'>prop.</span> <span class='ocrx_word' id='word_1_270' title='bbox 2065 2721 2103 2782; x_wconf 83' lang='lat'><strong>3</strong></span> <span class='ocrx_word' id='word_1_271' title='bbox 2155 2720 2225 2778; x_wconf 91' lang='lat' dir='ltr'>ut</span> <span class='ocrx_word' id='word_1_272' title='bbox 2256 2715 2583 2778; x_wconf 88' lang='lat' dir='ltr'>haeretica</span> <span class='ocrx_word' id='word_1_273' title='bbox 2616 2714 2925 2777; x_wconf 87' lang='lat' dir='ltr'>damnata</span> 
     </span>
     <span class='ocr_line' id='line_1_25' title="bbox 307 2820 2925 2904; baseline -0.001 -20"><span class='ocrx_word' id='word_1_274' title='bbox 307 2828 428 2884; x_wconf 67' lang='lat' dir='ltr'>est:</span> <span class='ocrx_word' id='word_1_275' title='bbox 472 2820 616 2894; x_wconf 83' lang='lat' dir='ltr'>,Ad</span> <span class='ocrx_word' id='word_1_276' title='bbox 650 2822 1022 2887; x_wconf 89' lang='lat' dir='ltr'>merendum</span> <span class='ocrx_word' id='word_1_277' title='bbox 1055 2830 1118 2888; x_wconf 91' lang='lat' dir='ltr'>et</span> <span class='ocrx_word' id='word_1_278' title='bbox 1150 2824 1607 2888; x_wconf 87' lang='lat' dir='ltr'>demerendum</span> <span class='ocrx_word' id='word_1_279' title='bbox 1642 2824 1704 2887; x_wconf 92' lang='lat' dir='ltr'>in</span> <span class='ocrx_word' id='word_1_280' title='bbox 1739 2830 1913 2887; x_wconf 88' lang='lat' dir='ltr'>statu</span> <span class='ocrx_word' id='word_1_281' title='bbox 1947 2832 2217 2886; x_wconf 86' lang='lat' dir='ltr'>naturae</span> <span class='ocrx_word' id='word_1_282' title='bbox 2252 2822 2472 2904; x_wconf 88' lang='lat' dir='ltr'>lapsae</span> <span class='ocrx_word' id='word_1_283' title='bbox 2506 2839 2636 2885; x_wconf 91' lang='lat' dir='ltr'>non</span> <span class='ocrx_word' id='word_1_284' title='bbox 2656 2821 2925 2903; x_wconf 85' lang='lat' dir='ltr'>requiri-</span> 
     </span>
     <span class='ocr_line' id='line_1_26' title="bbox 311 2926 2798 3003; baseline -0.002 -12"><span class='ocrx_word' id='word_1_285' title='bbox 311 2933 405 2991; x_wconf 89' lang='lat' dir='ltr'>tur</span> <span class='ocrx_word' id='word_1_286' title='bbox 434 2929 503 2992; x_wconf 88' lang='lat' dir='ltr'>in</span> <span class='ocrx_word' id='word_1_287' title='bbox 536 2928 799 2992; x_wconf 88' lang='lat' dir='ltr'>homine</span> <span class='ocrx_word' id='word_1_288' title='bbox 830 2928 1090 2992; x_wconf 88' lang='lat' dir='ltr'>libertas</span> <span class='ocrx_word' id='word_1_289' title='bbox 1123 2946 1163 2991; x_wconf 91' lang='lat' dir='ltr'>a</span> <span class='ocrx_word' id='word_1_290' title='bbox 1194 2928 1593 3003; x_wconf 86' lang='lat' dir='ltr'>necessitate,</span> <span class='ocrx_word' id='word_1_291' title='bbox 1627 2929 1740 2992; x_wconf 87' lang='lat' dir='ltr'>sed</span> <span class='ocrx_word' id='word_1_292' title='bbox 1773 2928 2004 2991; x_wconf 84' lang='lat' dir='ltr'>sufficit</span> <span class='ocrx_word' id='word_1_293' title='bbox 2036 2928 2298 2993; x_wconf 89' lang='lat' dir='ltr'>libertas</span> <span class='ocrx_word' id='word_1_294' title='bbox 2333 2945 2373 2991; x_wconf 90' lang='lat' dir='ltr'>a</span> <span class='ocrx_word' id='word_1_295' title='bbox 2406 2926 2798 2989; x_wconf 71' lang='lat' dir='ltr'>coactione.‹</span> 
     </span>
    </p>

    <p class='ocr_par' dir='ltr' id='par_1_7' title="bbox 296 3055 2932 3756">
     <span class='ocr_line' id='line_1_27' title="bbox 482 3055 2921 3132; baseline -0.002 -16"><span class='ocrx_word' id='word_1_296' title='bbox 482 3056 824 3116; x_wconf 85' lang='lat' dir='ltr'>Doctrinam</span> <span class='ocrx_word' id='word_1_297' title='bbox 856 3059 1093 3131; x_wconf 87' lang='lat' dir='ltr'>patrum</span> <span class='ocrx_word' id='word_1_298' title='bbox 1128 3055 1199 3119; x_wconf 79' lang='lat' dir='ltr'>cf.</span> <span class='ocrx_word' id='word_1_299' title='bbox 1239 3056 1397 3132; x_wconf 79' lang='lat' dir='ltr'>apud</span> <span class='ocrx_word' id='word_1_300' title='bbox 1443 3056 2002 3114; x_wconf 82' lang='lat' dir='ltr'>Bellarminum</span> <span class='ocrx_word' id='word_1_301' title='bbox 2048 3055 2119 3113; x_wconf 91' lang='lat' dir='ltr'>de</span> <span class='ocrx_word' id='word_1_302' title='bbox 2165 3055 2404 3130; x_wconf 85' lang='lat' dir='ltr'>justific.</span> <span class='ocrx_word' id='word_1_303' title='bbox 2438 3056 2505 3126; x_wconf 87' lang='lat' dir='ltr'>V,</span> <span class='ocrx_word' id='word_1_304' title='bbox 2554 3069 2622 3117; x_wconf 88' lang='lat'>10</span> <span class='ocrx_word' id='word_1_305' title='bbox 2661 3075 2738 3124; x_wconf 77' lang='lat'>8.;</span> <span class='ocrx_word' id='word_1_306' title='bbox 2786 3055 2921 3113; x_wconf 86' lang='lat' dir='ltr'>doc·</span> 
     </span>
     <span class='ocr_line' id='line_1_28' title="bbox 308 3144 2925 3220; baseline -0.001 -16"><span class='ocrx_word' id='word_1_307' title='bbox 308 3148 526 3204; x_wconf 81' lang='lat' dir='ltr'>trinam</span> <span class='ocrx_word' id='word_1_308' title='bbox 556 3145 790 3205; x_wconf 83' lang='lat' dir='ltr'>scholae</span> <span class='ocrx_word' id='word_1_309' title='bbox 822 3145 979 3220; x_wconf 87' lang='lat' dir='ltr'>apud</span> <span class='ocrx_word' id='word_1_310' title='bbox 1014 3145 1294 3203; x_wconf 86' lang='lat' dir='ltr'>Suarez</span> <span class='ocrx_word' id='word_1_311' title='bbox 1326 3144 1452 3215; x_wconf 88' lang='lat' dir='ltr'>XII,</span> <span class='ocrx_word' id='word_1_312' title='bbox 1492 3155 1548 3206; x_wconf 88' lang='lat'>3.</span> <span class='ocrx_word' id='word_1_313' title='bbox 1599 3145 1691 3202; x_wconf 89' lang='lat' dir='ltr'>Ad</span> <span class='ocrx_word' id='word_1_314' title='bbox 1725 3145 1873 3203; x_wconf 89' lang='lat' dir='ltr'>hanc</span> <span class='ocrx_word' id='word_1_315' title='bbox 1906 3145 2304 3203; x_wconf 88' lang='lat' dir='ltr'>conditionem</span> <span class='ocrx_word' id='word_1_316' title='bbox 2336 3146 2581 3203; x_wconf 86' lang='lat' dir='ltr'>uberius</span> <span class='ocrx_word' id='word_1_317' title='bbox 2614 3145 2925 3202; x_wconf 88' lang='lat' dir='ltr'>illustran-</span> 
     </span>
     <span class='ocr_line' id='line_1_29' title="bbox 307 3233 2929 3309; baseline -0.001 -16"><span class='ocrx_word' id='word_1_318' title='bbox 307 3237 442 3293; x_wconf 86' lang='lat' dir='ltr'>dam</span> <span class='ocrx_word' id='word_1_319' title='bbox 479 3235 694 3294; x_wconf 84' lang='lat' dir='ltr'>statuit</span> <span class='ocrx_word' id='word_1_320' title='bbox 727 3233 1053 3309; x_wconf 84' lang='lat' dir='ltr'>Ripalda</span> <span class='ocrx_word' id='word_1_321' title='bbox 1084 3233 1138 3292; x_wconf 90' lang='lat' dir='ltr'>d.</span> <span class='ocrx_word' id='word_1_322' title='bbox 1164 3244 1280 3296; x_wconf 79' lang='lat'>74:</span> <span class='ocrx_word' id='word_1_323' title='bbox 1315 3251 1379 3296; x_wconf 78' lang='lat' dir='ltr'>a.</span> <span class='ocrx_word' id='word_1_324' title='bbox 1417 3234 1596 3302; x_wconf 85' lang='lat' dir='ltr'>,Non</span> <span class='ocrx_word' id='word_1_325' title='bbox 1628 3239 1718 3292; x_wconf 87' lang='lat' dir='ltr'>est</span> <span class='ocrx_word' id='word_1_326' title='bbox 1748 3233 2076 3292; x_wconf 85' lang='lat' dir='ltr'>necessaria</span> <span class='ocrx_word' id='word_1_327' title='bbox 2108 3234 2182 3292; x_wconf 88' lang='lat' dir='ltr'>ad</span> <span class='ocrx_word' id='word_1_328' title='bbox 2216 3235 2496 3293; x_wconf 88' lang='lat' dir='ltr'>meritum</span> <span class='ocrx_word' id='word_1_329' title='bbox 2520 3233 2761 3292; x_wconf 87' lang='lat' dir='ltr'>libertas</span> <span class='ocrx_word' id='word_1_330' title='bbox 2794 3253 2929 3308; x_wconf 84' lang='lat' dir='ltr'>per·</span> 
     </span>
     <span class='ocr_line' id='line_1_30' title="bbox 303 3320 2932 3399; baseline 0 -17"><span class='ocrx_word' id='word_1_331' title='bbox 303 3325 648 3394; x_wconf 71' lang='lat' dir='ltr'>tectissima,</span> <span class='ocrx_word' id='word_1_332' title='bbox 671 3322 1040 3399; x_wconf 87' lang='lat' dir='ltr'>proindeque</span> <span class='ocrx_word' id='word_1_333' title='bbox 1060 3323 1282 3382; x_wconf 77' lang='lat' dir='ltr'>suificit</span> <span class='ocrx_word' id='word_1_334' title='bbox 1300 3325 1560 3399; x_wconf 84' lang='lat' dir='ltr'>perfecta</span> <span class='ocrx_word' id='word_1_335' title='bbox 1575 3323 1876 3381; x_wconf 88' lang='lat' dir='ltr'>sufficiens</span> <span class='ocrx_word' id='word_1_336' title='bbox 1899 3323 1972 3381; x_wconf 92' lang='lat' dir='ltr'>ad</span> <span class='ocrx_word' id='word_1_337' title='bbox 1992 3327 2294 3398; x_wconf 87' lang='lat' dir='ltr'>peccatum</span> <span class='ocrx_word' id='word_1_338' title='bbox 2313 3324 2574 3380; x_wconf 85' lang='lat' dir='ltr'>mortale.</span> <span class='ocrx_word' id='word_1_339' title='bbox 2592 3332 2618 3359; x_wconf 77' lang='lat'>⁴¹</span> <span class='ocrx_word' id='word_1_340' title='bbox 2644 3320 2710 3386; x_wconf 85' lang='lat' dir='ltr'>b.</span> <span class='ocrx_word' id='word_1_341' title='bbox 2736 3363 2761 3389; x_wconf 75' lang='lat'>‚,</span> <span class='ocrx_word' id='word_1_342' title='bbox 2778 3323 2932 3382; x_wconf 84' lang='lat' dir='ltr'>Hinc</span> 
     </span>
     <span class='ocr_line' id='line_1_31' title="bbox 301 3412 2929 3491; baseline -0.001 -19"><span class='ocrx_word' id='word_1_343' title='bbox 301 3414 538 3491; x_wconf 81' lang='lat' dir='ltr'>oolligO,</span> <span class='ocrx_word' id='word_1_344' title='bbox 590 3431 740 3488; x_wconf 86' lang='lat' dir='ltr'>opus</span> <span class='ocrx_word' id='word_1_345' title='bbox 787 3413 1031 3470; x_wconf 82' lang='lat' dir='ltr'>virtutis</span> <span class='ocrx_word' id='word_1_346' title='bbox 1073 3417 1234 3471; x_wconf 89' lang='lat' dir='ltr'>metu</span> <span class='ocrx_word' id='word_1_347' title='bbox 1269 3413 1435 3490; x_wconf 84' lang='lat' dir='ltr'>gravi</span> <span class='ocrx_word' id='word_1_348' title='bbox 1469 3416 1766 3472; x_wconf 86' lang='lat' dir='ltr'>extortum</span> <span class='ocrx_word' id='word_1_349' title='bbox 1800 3431 1929 3470; x_wconf 88' lang='lat' dir='ltr'>esse</span> <span class='ocrx_word' id='word_1_350' title='bbox 1961 3430 2134 3487; x_wconf 88' lang='lat' dir='ltr'>posse</span> <span class='ocrx_word' id='word_1_351' title='bbox 2164 3412 2599 3473; x_wconf 74' lang='lat' dir='ltr'>meritorium.‘</span> <span class='ocrx_word' id='word_1_352' title='bbox 2650 3427 2713 3473; x_wconf 76' lang='lat'>(3.</span> <span class='ocrx_word' id='word_1_353' title='bbox 2752 3413 2929 3480; x_wconf 83' lang='lat' dir='ltr'>,Suf-</span> 
     </span>
     <span class='ocr_line' id='line_1_32' title="bbox 298 3500 2924 3579; baseline -0.002 -18"><span class='ocrx_word' id='word_1_354' title='bbox 298 3503 427 3562; x_wconf 88' lang='lat' dir='ltr'>ficit</span> <span class='ocrx_word' id='word_1_355' title='bbox 459 3503 705 3561; x_wconf 84' lang='lat' dir='ltr'>libertas</span> <span class='ocrx_word' id='word_1_356' title='bbox 736 3500 1082 3577; x_wconf 84' lang='lat' dir='ltr'>imperfecta</span> <span class='ocrx_word' id='word_1_357' title='bbox 1111 3502 1185 3559; x_wconf 83' lang='lat' dir='ltr'>ad</span> <span class='ocrx_word' id='word_1_358' title='bbox 1217 3502 1495 3560; x_wconf 87' lang='lat' dir='ltr'>meritum</span> <span class='ocrx_word' id='word_1_359' title='bbox 1528 3502 1751 3579; x_wconf 83' lang='lat' dir='ltr'>gratiae</span> <span class='ocrx_word' id='word_1_360' title='bbox 1798 3502 2047 3559; x_wconf 87' lang='lat' dir='ltr'>actualis</span> <span class='ocrx_word' id='word_1_361' title='bbox 2094 3505 2154 3559; x_wconf 92' lang='lat' dir='ltr'>et</span> <span class='ocrx_word' id='word_1_362' title='bbox 2196 3501 2419 3577; x_wconf 85' lang='lat' dir='ltr'>gloriae</span> <span class='ocrx_word' id='word_1_363' title='bbox 2466 3500 2924 3564; x_wconf 71' lang='lat' dir='ltr'>accidentalisz‘</span> 
     </span>
     <span class='ocr_line' id='line_1_33' title="bbox 296 3586 2926 3666; baseline -0.001 -16"><span class='ocrx_word' id='word_1_364' title='bbox 296 3593 462 3651; x_wconf 85' lang='lat' dir='ltr'>sicut</span> <span class='ocrx_word' id='word_1_365' title='bbox 493 3610 564 3649; x_wconf 88' lang='lat' dir='ltr'>ea</span> <span class='ocrx_word' id='word_1_366' title='bbox 595 3590 818 3649; x_wconf 82' lang='lat' dir='ltr'>sufficit</span> <span class='ocrx_word' id='word_1_367' title='bbox 848 3590 920 3647; x_wconf 88' lang='lat' dir='ltr'>ad</span> <span class='ocrx_word' id='word_1_368' title='bbox 950 3590 1311 3666; x_wconf 87' lang='lat' dir='ltr'>patrandum</span> <span class='ocrx_word' id='word_1_369' title='bbox 1342 3596 1648 3666; x_wconf 86' lang='lat' dir='ltr'>peccatum</span> <span class='ocrx_word' id='word_1_370' title='bbox 1680 3591 1928 3648; x_wconf 84' lang='lat' dir='ltr'>veniale.</span> <span class='ocrx_word' id='word_1_371' title='bbox 1994 3586 2060 3651; x_wconf 86' lang='lat' dir='ltr'>d.</span> <span class='ocrx_word' id='word_1_372' title='bbox 2094 3589 2185 3647; x_wconf 84' lang='lat' dir='ltr'>Ad</span> <span class='ocrx_word' id='word_1_373' title='bbox 2219 3590 2501 3647; x_wconf 90' lang='lat' dir='ltr'>meritum</span> <span class='ocrx_word' id='word_1_374' title='bbox 2533 3608 2650 3647; x_wconf 89' lang='lat' dir='ltr'>non</span> <span class='ocrx_word' id='word_1_375' title='bbox 2684 3589 2926 3660; x_wconf 80' lang='lat' dir='ltr'>sufficit,</span> 
     </span>
     <span class='ocr_line' id='line_1_34' title="bbox 299 3678 2702 3756; baseline -0.001 -18"><span class='ocrx_word' id='word_1_376' title='bbox 299 3682 352 3740; x_wconf 91' lang='lat' dir='ltr'>si</span> <span class='ocrx_word' id='word_1_377' title='bbox 386 3680 531 3756; x_wconf 90' lang='lat' dir='ltr'>quis</span> <span class='ocrx_word' id='word_1_378' title='bbox 565 3680 721 3738; x_wconf 89' lang='lat' dir='ltr'>liber</span> <span class='ocrx_word' id='word_1_379' title='bbox 750 3682 986 3737; x_wconf 88' lang='lat' dir='ltr'>tantum</span> <span class='ocrx_word' id='word_1_380' title='bbox 1017 3683 1110 3737; x_wconf 90' lang='lat' dir='ltr'>est</span> <span class='ocrx_word' id='word_1_381' title='bbox 1139 3681 1212 3737; x_wconf 88' lang='lat' dir='ltr'>ad</span> <span class='ocrx_word' id='word_1_382' title='bbox 1243 3685 1410 3737; x_wconf 88' lang='lat' dir='ltr'>actus</span> <span class='ocrx_word' id='word_1_383' title='bbox 1442 3679 1677 3737; x_wconf 88' lang='lat' dir='ltr'>omnino</span> <span class='ocrx_word' id='word_1_384' title='bbox 1709 3680 2002 3753; x_wconf 66' lang='lat' dir='ltr'>aequales</span> <span class='ocrx_word' id='word_1_385' title='bbox 2070 3679 2151 3740; x_wconf 86' lang='lat' dir='ltr'>Cf.</span> <span class='ocrx_word' id='word_1_386' title='bbox 2183 3678 2421 3736; x_wconf 91' lang='lat' dir='ltr'>Pesch</span> <span class='ocrx_word' id='word_1_387' title='bbox 2456 3679 2519 3748; x_wconf 92' lang='lat' dir='ltr'>V,</span> <span class='ocrx_word' id='word_1_388' title='bbox 2558 3689 2702 3741; x_wconf 80' lang='lat'>399.</span> 
     </span>
    </p>

    <p class='ocr_par' dir='ltr' id='par_1_8' title="bbox 304 3798 2929 4736">
     <span class='ocr_line' id='line_1_35' title="bbox 486 3798 2929 3882; baseline -0.003 -16"><span class='ocrx_word' id='word_1_389' title='bbox 486 3801 555 3866; x_wconf 86' lang='lat'>3.</span> <span class='ocrx_word' id='word_1_390' title='bbox 591 3798 969 3880; x_wconf 87' lang='lat' dir='ltr'>Requiritur,</span> <span class='ocrx_word' id='word_1_391' title='bbox 1002 3806 1072 3863; x_wconf 91' lang='lat' dir='ltr'>ut</span> <span class='ocrx_word' id='word_1_392' title='bbox 1104 3804 1287 3862; x_wconf 85' lang='lat' dir='ltr'>actus</span> <span class='ocrx_word' id='word_1_393' title='bbox 1320 3800 1402 3862; x_wconf 90' lang='lat' dir='ltr'>sit</span> <span class='ocrx_word' id='word_1_394' title='bbox 1433 3799 1764 3863; x_wconf 87' lang='lat' dir='ltr'>moraliter</span> <span class='ocrx_word' id='word_1_395' title='bbox 1810 3799 2107 3862; x_wconf 87' lang='lat' dir='ltr'>bonus:</span> <span class='ocrx_word' id='word_1_396' title='bbox 2159 3817 2369 3882; x_wconf 89' lang='lat' dir='ltr'>neque</span> <span class='ocrx_word' id='word_1_397' title='bbox 2404 3799 2573 3863; x_wconf 89' lang='lat' dir='ltr'>enim</span> <span class='ocrx_word' id='word_1_398' title='bbox 2609 3818 2929 3862; x_wconf 82' lang='lat' dir='ltr'>meremus</span> 
     </span>
     <span class='ocr_line' id='line_1_36' title="bbox 305 3903 2928 3985; baseline -0 -16"><span class='ocrx_word' id='word_1_399' title='bbox 305 3906 562 3970; x_wconf 84' lang='lat' dir='ltr'>actibus</span> <span class='ocrx_word' id='word_1_400' title='bbox 593 3906 727 3971; x_wconf 85' lang='lat' dir='ltr'>sive</span> <span class='ocrx_word' id='word_1_401' title='bbox 759 3903 942 3968; x_wconf 85' lang='lat' dir='ltr'>malis</span> <span class='ocrx_word' id='word_1_402' title='bbox 975 3905 1109 3970; x_wconf 82' lang='lat' dir='ltr'>sive</span> <span class='ocrx_word' id='word_1_403' title='bbox 1142 3904 1657 3971; x_wconf 80' lang='lat' dir='ltr'>indifferentibus.</span> <span class='ocrx_word' id='word_1_404' title='bbox 1693 3904 2025 3984; x_wconf 87' lang='lat' dir='ltr'>Quaerunt</span> <span class='ocrx_word' id='word_1_405' title='bbox 2057 3905 2357 3985; x_wconf 83' lang='lat' dir='ltr'>theologi,</span> <span class='ocrx_word' id='word_1_406' title='bbox 2395 3924 2548 3968; x_wconf 90' lang='lat' dir='ltr'>num</span> <span class='ocrx_word' id='word_1_407' title='bbox 2584 3912 2766 3969; x_wconf 82' lang='lat' dir='ltr'>actus</span> <span class='ocrx_word' id='word_1_408' title='bbox 2789 3924 2928 3968; x_wconf 91' lang='lat' dir='ltr'>mo-</span> 
     </span>
     <span class='ocr_line' id='line_1_37' title="bbox 304 4010 2928 4094; baseline -0.001 -18"><span class='ocrx_word' id='word_1_409' title='bbox 304 4011 526 4078; x_wconf 83' lang='lat' dir='ltr'>raliter</span> <span class='ocrx_word' id='word_1_410' title='bbox 557 4012 788 4086; x_wconf 78' lang='lat' dir='ltr'>bonuS,</span> <span class='ocrx_word' id='word_1_411' title='bbox 820 4013 927 4094; x_wconf 91' lang='lat' dir='ltr'>qui</span> <span class='ocrx_word' id='word_1_412' title='bbox 958 4019 1218 4094; x_wconf 90' lang='lat' dir='ltr'>propter</span> <span class='ocrx_word' id='word_1_413' title='bbox 1260 4011 1539 4094; x_wconf 88' lang='lat' dir='ltr'>aliquam</span> <span class='ocrx_word' id='word_1_414' title='bbox 1573 4013 2125 4077; x_wconf 85' lang='lat' dir='ltr'>circumstantiam</span> <span class='ocrx_word' id='word_1_415' title='bbox 2158 4010 2394 4075; x_wconf 89' lang='lat' dir='ltr'>malam</span> <span class='ocrx_word' id='word_1_416' title='bbox 2428 4013 2698 4087; x_wconf 81' lang='lat' dir='ltr'>vitietur,</span> <span class='ocrx_word' id='word_1_417' title='bbox 2734 4012 2928 4076; x_wconf 89' lang='lat' dir='ltr'>meri·</span> 
     </span>
     <span class='ocr_line' id='line_1_38' title="bbox 305 4117 2927 4201; baseline -0.002 -17"><span class='ocrx_word' id='word_1_418' title='bbox 305 4121 513 4184; x_wconf 89' lang='lat' dir='ltr'>torius</span> <span class='ocrx_word' id='word_1_419' title='bbox 546 4137 696 4184; x_wconf 89' lang='lat' dir='ltr'>esse</span> <span class='ocrx_word' id='word_1_420' title='bbox 726 4119 942 4200; x_wconf 88' lang='lat' dir='ltr'>possit.</span> <span class='ocrx_word' id='word_1_421' title='bbox 975 4117 1269 4182; x_wconf 86' lang='lat' dir='ltr'>Affirmat</span> <span class='ocrx_word' id='word_1_422' title='bbox 1299 4118 1596 4183; x_wconf 85' lang='lat' dir='ltr'>alacriter</span> <span class='ocrx_word' id='word_1_423' title='bbox 1629 4118 1926 4201; x_wconf 88' lang='lat' dir='ltr'>Ripald</span> <span class='ocrx_word' id='word_1_424' title='bbox 1948 4137 1988 4181; x_wconf 89' lang='lat' dir='ltr'>a</span> <span class='ocrx_word' id='word_1_425' title='bbox 2020 4118 2177 4199; x_wconf 86' lang='lat' dir='ltr'>disp.</span> <span class='ocrx_word' id='word_1_426' title='bbox 2215 4123 2296 4186; x_wconf 77' lang='lat'>75</span> <span class='ocrx_word' id='word_1_427' title='bbox 2332 4126 2395 4183; x_wconf 89' lang='lat' dir='ltr'>et</span> <span class='ocrx_word' id='word_1_428' title='bbox 2425 4119 2801 4200; x_wconf 87' lang='lat' dir='ltr'>praesertim</span> <span class='ocrx_word' id='word_1_429' title='bbox 2826 4124 2927 4190; x_wconf 71' lang='lat'>50,</span> 
     </span>
     <span class='ocr_line' id='line_1_39' title="bbox 304 4226 2928 4308; baseline -0.001 -19"><span class='ocrx_word' id='word_1_430' title='bbox 304 4226 419 4289; x_wconf 87' lang='lat' dir='ltr'>ubi</span> <span class='ocrx_word' id='word_1_431' title='bbox 448 4232 603 4291; x_wconf 77' lang='lat' dir='ltr'>sect</span> <span class='ocrx_word' id='word_1_432' title='bbox 642 4231 676 4293; x_wconf 94' lang='lat'>1</span> <span class='ocrx_word' id='word_1_433' title='bbox 711 4226 1081 4290; x_wconf 88' lang='lat' dir='ltr'>innumeros</span> <span class='ocrx_word' id='word_1_434' title='bbox 1114 4226 1370 4290; x_wconf 90' lang='lat' dir='ltr'>adducit</span> <span class='ocrx_word' id='word_1_435' title='bbox 1402 4226 1738 4306; x_wconf 86' lang='lat' dir='ltr'>theologos</span> <span class='ocrx_word' id='word_1_436' title='bbox 1771 4227 1837 4289; x_wconf 91' lang='lat' dir='ltr'>in</span> <span class='ocrx_word' id='word_1_437' title='bbox 1869 4232 2207 4308; x_wconf 87' lang='lat' dir='ltr'>utramque</span> <span class='ocrx_word' id='word_1_438' title='bbox 2241 4233 2506 4307; x_wconf 90' lang='lat' dir='ltr'>partem,</span> <span class='ocrx_word' id='word_1_439' title='bbox 2542 4245 2619 4289; x_wconf 81' lang='lat' dir='ltr'>ac</span> <span class='ocrx_word' id='word_1_440' title='bbox 2652 4245 2708 4288; x_wconf 91' lang='lat' dir='ltr'>n.</span> <span class='ocrx_word' id='word_1_441' title='bbox 2732 4231 2775 4293; x_wconf 89' lang='lat'>4</span> <span class='ocrx_word' id='word_1_442' title='bbox 2796 4232 2928 4287; x_wconf 87' lang='lat' dir='ltr'>sta-</span> 
     </span>
     <span class='ocr_line' id='line_1_40' title="bbox 307 4332 2929 4415; baseline -0.001 -19"><span class='ocrx_word' id='word_1_443' title='bbox 307 4333 458 4396; x_wconf 87' lang='lat' dir='ltr'>tuit:</span> <span class='ocrx_word' id='word_1_444' title='bbox 500 4332 741 4406; x_wconf 87' lang='lat' dir='ltr'>,Porro</span> <span class='ocrx_word' id='word_1_445' title='bbox 775 4338 956 4396; x_wconf 88' lang='lat' dir='ltr'>actus</span> <span class='ocrx_word' id='word_1_446' title='bbox 990 4333 1491 4415; x_wconf 86' lang='lat' dir='ltr'>supernaturalis</span> <span class='ocrx_word' id='word_1_447' title='bbox 1523 4333 1702 4397; x_wconf 89' lang='lat' dir='ltr'>reddi</span> <span class='ocrx_word' id='word_1_448' title='bbox 1736 4339 1952 4415; x_wconf 87' lang='lat' dir='ltr'>potest</span> <span class='ocrx_word' id='word_1_449' title='bbox 1986 4332 2250 4395; x_wconf 87' lang='lat' dir='ltr'>vitiosus</span> <span class='ocrx_word' id='word_1_450' title='bbox 2298 4333 2646 4413; x_wconf 81' lang='lat' dir='ltr'>dupliciter.</span> <span class='ocrx_word' id='word_1_451' title='bbox 2712 4333 2929 4395; x_wconf 86' lang='lat' dir='ltr'>Primo</span> 
     </span>
     <span class='ocr_line' id='line_1_41' title="bbox 308 4439 2927 4522; baseline -0 -20"><span class='ocrx_word' id='word_1_452' title='bbox 308 4439 570 4522; x_wconf 87' lang='lat' dir='ltr'>quidem</span> <span class='ocrx_word' id='word_1_453' title='bbox 603 4439 961 4505; x_wconf 82' lang='lat' dir='ltr'>extrinsece</span> <span class='ocrx_word' id='word_1_454' title='bbox 991 4440 1075 4505; x_wconf 89' lang='lat' dir='ltr'>ab</span> <span class='ocrx_word' id='word_1_455' title='bbox 1108 4447 1262 4504; x_wconf 90' lang='lat' dir='ltr'>actu</span> <span class='ocrx_word' id='word_1_456' title='bbox 1294 4441 1523 4505; x_wconf 87' lang='lat' dir='ltr'>vitioso</span> <span class='ocrx_word' id='word_1_457' title='bbox 1557 4440 1751 4522; x_wconf 91' lang='lat' dir='ltr'>priori</span> <span class='ocrx_word' id='word_1_458' title='bbox 1783 4440 1993 4521; x_wconf 88' lang='lat' dir='ltr'>ipsum</span> <span class='ocrx_word' id='word_1_459' title='bbox 2016 4439 2406 4520; x_wconf 88' lang='lat' dir='ltr'>imperante:</span> <span class='ocrx_word' id='word_1_460' title='bbox 2439 4442 2736 4522; x_wconf 89' lang='lat' dir='ltr'>ponimus</span> <span class='ocrx_word' id='word_1_461' title='bbox 2759 4440 2927 4503; x_wconf 89' lang='lat' dir='ltr'>enim</span> 
     </span>
     <span class='ocr_line' id='line_1_42' title="bbox 309 4546 2927 4630; baseline 0 -21"><span class='ocrx_word' id='word_1_462' title='bbox 309 4566 511 4610; x_wconf 91' lang='lat' dir='ltr'>unum</span> <span class='ocrx_word' id='word_1_463' title='bbox 543 4554 761 4610; x_wconf 88' lang='lat' dir='ltr'>actum</span> <span class='ocrx_word' id='word_1_464' title='bbox 794 4547 1140 4610; x_wconf 82' lang='lat' dir='ltr'>voluntatis</span> <span class='ocrx_word' id='word_1_465' title='bbox 1172 4567 1425 4613; x_wconf 89' lang='lat' dir='ltr'>sumere</span> <span class='ocrx_word' id='word_1_466' title='bbox 1456 4566 1647 4630; x_wconf 88' lang='lat' dir='ltr'>posse</span> <span class='ocrx_word' id='word_1_467' title='bbox 1669 4548 2027 4610; x_wconf 89' lang='lat' dir='ltr'>bonitatem</span> <span class='ocrx_word' id='word_1_468' title='bbox 2063 4553 2126 4609; x_wconf 91' lang='lat' dir='ltr'>et</span> <span class='ocrx_word' id='word_1_469' title='bbox 2158 4546 2469 4609; x_wconf 89' lang='lat' dir='ltr'>malitiam</span> <span class='ocrx_word' id='word_1_470' title='bbox 2504 4566 2583 4610; x_wconf 89' lang='lat' dir='ltr'>ex</span> <span class='ocrx_word' id='word_1_471' title='bbox 2616 4546 2927 4611; x_wconf 87' lang='lat' dir='ltr'>relatione</span> 
     </span>
     <span class='ocr_line' id='line_1_43' title="bbox 310 4653 2928 4736; baseline 0.001 -20"><span class='ocrx_word' id='word_1_472' title='bbox 310 4654 574 4718; x_wconf 87' lang='lat' dir='ltr'>alterius</span> <span class='ocrx_word' id='word_1_473' title='bbox 605 4655 672 4717; x_wconf 90' lang='lat' dir='ltr'>in</span> <span class='ocrx_word' id='word_1_474' title='bbox 702 4673 891 4718; x_wconf 89' lang='lat' dir='ltr'>suum</span> <span class='ocrx_word' id='word_1_475' title='bbox 923 4654 1133 4719; x_wconf 88' lang='lat' dir='ltr'>finem.</span> <span class='ocrx_word' id='word_1_476' title='bbox 1195 4654 1493 4720; x_wconf 87' lang='lat' dir='ltr'>Secundo</span> <span class='ocrx_word' id='word_1_477' title='bbox 1542 4655 1726 4736; x_wconf 89' lang='lat' dir='ltr'>quasi</span> <span class='ocrx_word' id='word_1_478' title='bbox 1760 4654 2102 4718; x_wconf 87' lang='lat' dir='ltr'>intrinsece</span> <span class='ocrx_word' id='word_1_479' title='bbox 2151 4660 2216 4717; x_wconf 90' lang='lat' dir='ltr'>et</span> <span class='ocrx_word' id='word_1_480' title='bbox 2266 4653 2633 4718; x_wconf 88' lang='lat' dir='ltr'>immediate</span> <span class='ocrx_word' id='word_1_481' title='bbox 2666 4672 2706 4717; x_wconf 91' lang='lat' dir='ltr'>a</span> <span class='ocrx_word' id='word_1_482' title='bbox 2738 4672 2928 4735; x_wconf 86' lang='lat' dir='ltr'>prae-</span> 
     </span>
    </p>
   </div>
   <div class='ocr_carea' id='block_1_6' title="bbox 309 4759 2929 4843">
    <p class='ocr_par' dir='ltr' id='par_1_9' title="bbox 309 4759 2929 4843">
     <span class='ocr_line' id='line_1_44' title="bbox 309 4759 2929 4843; baseline -0 -20"><span class='ocrx_word' id='word_1_483' title='bbox 309 4767 500 4843; x_wconf 89' lang='lat' dir='ltr'>cepto</span> <span class='ocrx_word' id='word_1_484' title='bbox 534 4762 743 4841; x_wconf 89' lang='lat' dir='ltr'>ipsum</span> <span class='ocrx_word' id='word_1_485' title='bbox 776 4768 992 4826; x_wconf 87' lang='lat' dir='ltr'>actum</span> <span class='ocrx_word' id='word_1_486' title='bbox 1024 4762 1420 4843; x_wconf 86' lang='lat' dir='ltr'>prohibente,</span> <span class='ocrx_word' id='word_1_487' title='bbox 1466 4762 1566 4827; x_wconf 89' lang='lat' dir='ltr'>vel</span> <span class='ocrx_word' id='word_1_488' title='bbox 1616 4780 1655 4823; x_wconf 90' lang='lat' dir='ltr'>a</span> <span class='ocrx_word' id='word_1_489' title='bbox 1701 4761 2183 4824; x_wconf 88' lang='lat' dir='ltr'>circumstantia</span> <span class='ocrx_word' id='word_1_490' title='bbox 2230 4759 2443 4840; x_wconf 85' lang='lat' dir='ltr'>aliqua</span> <span class='ocrx_word' id='word_1_491' title='bbox 2476 4760 2781 4841; x_wconf 85' lang='lat' dir='ltr'>temporis</span> <span class='ocrx_word' id='word_1_492' title='bbox 2816 4767 2929 4822; x_wconf 87' lang='lat' dir='ltr'>aut</span> 
     </span>
    </p>
   </div>
  </div>
 </body>
</html>
