3538 5364
1358 302 1619 340 recursus
1648 286 1720 339 ad
1750 288 1957 342 claves,
2828 298 2958 360 463

339 475 733 550 receptionem
768 473 1079 531 commissa
1112 476 1181 530 ut
1212 493 1300 548 ep.
1343 483 1494 542 185;
1545 475 1581 537 l.
1621 483 1654 536 2
1706 475 1779 532 de
1824 475 2019 550 gratia
2050 479 2109 533 et
2141 492 2296 551 pecc,
2331 475 2476 551 orig.
2511 492 2556 532 c.
2595 484 2674 537 39
2711 493 2786 544 s.;
2834 474 2871 536 l.
2922 485 2956 536 3

337 569 543 622 contra
574 563 723 621 duas
755 582 844 637 ep.
880 563 1069 639 pelag.
1100 581 1147 622 c.
1185 573 1252 634 3;
1286 564 1322 622 l.
1361 573 1395 625 6
1430 567 1635 621 contra
1666 564 1790 621 Jul.
1824 581 1870 626 c.
1900 573 1973 627 13
2011 582 2053 623 s.
2088 567 2148 622 et
2179 564 2216 626 l.
2252 563 2324 621 de
2356 562 2586 639 nuptiis
2618 567 2679 622 et
2710 582 2957 639 concup.

338 673 385 711 c.
423 661 501 715 33
537 673 593 710 n.
632 662 729 721 38,
779 652 884 710 ubi
931 651 1164 710 scribit:
1221 652 1484 721 ,Eodem
1533 654 1759 710 lavacro
1793 653 2258 729 regenerationis
2303 655 2365 711 et
2409 652 2588 711 verbo
2636 653 2961 711 sanctifica-

337 743 520 801 tionis
553 741 751 800 omnia
775 759 1017 816 prorsus
1039 741 1193 798 mala
1212 742 1520 799 hominum
1543 747 2028 817 regeneratorum
2048 742 2416 801 mundantur
2436 745 2616 817 atque
2640 745 2957 809 sanantur3

337 850 459 890 non
490 832 682 889 solum
715 833 966 907 peccata,
1003 849 1152 905 quae
1184 848 1344 889 nunc
1364 831 1758 889 remittuntur
1788 831 1853 888 in
1883 832 2198 906 baptismO,
2232 831 2333 889 sed
2366 831 2548 890 etiam
2582 850 2731 906 quae
2763 836 2959 906 poste-

337 922 464 979 rius
495 920 753 978 humana
783 919 1121 996 ignorantia
1154 920 1245 977 vel
1276 919 1621 978 infirmitate
1641 920 2113 990 contrahuntur;
2145 939 2265 978 non
2297 927 2369 978 ut
2397 920 2695 996 baptisma
2725 921 2960 995 quoties

339 1015 633 1085 peccatur,
668 1009 844 1065 toties
878 1012 1212 1083 repetatur3
1249 1009 1353 1066 sed
1384 1009 1524 1084 quia
1559 1008 1705 1085 ipsc,
1739 1009 1899 1084 quod
1933 1011 2116 1067 semel
2148 1008 2341 1078 datur,
2390 1008 2458 1066 fit
2502 1013 2573 1066 ut
2617 1027 2736 1068 non
2769 1010 2961 1067 solum

339 1104 528 1168 antea,
567 1116 769 1156 verum
804 1097 982 1155 etiam
1005 1101 1210 1172 postea
1230 1098 1637 1172 quorumlibet
1657 1101 2034 1173 peccatorum
2057 1099 2229 1157 venia
2250 1097 2528 1156 fidelibus
2550 1098 2917 1174 impetretur.
2934 1107 2959 1134 ⁴¹⁵

338 1187 720 1246 Manifestum
752 1187 910 1244 enim
943 1189 1052 1256 est,
1089 1205 1134 1245 s.
1167 1187 1465 1245 doctorem
1489 1187 1805 1247 refundere
1838 1188 1897 1245 in
1931 1187 2292 1263 baptismum
2314 1187 2805 1262 subsequentium
2828 1205 2963 1265 pec-

339 1283 605 1335 catorum
641 1276 1047 1334 remissionem
1093 1279 1165 1334 ut
1207 1276 1270 1333 in
1317 1276 1567 1334 radicem
1615 1277 1942 1335 necessario
1988 1276 2497 1352 praesuppositam
2546 1277 2963 1352 subsequenti-

338 1368 455 1424 bus
489 1365 705 1424 salutis
739 1365 1041 1435 subsidua,
1076 1384 1193 1424 non
1227 1384 1364 1423 vero
1397 1368 1468 1422 ut
1499 1365 1561 1423 in
1594 1384 1827 1424 causam
1858 1367 2183 1441 proximam
2216 1369 2277 1423 et
2309 1365 2557 1424 seclusis
2588 1366 2720 1424 aliis
2752 1365 2963 1423 mediis

341 1474 447 1531 per
477 1474 536 1513 se
569 1453 982 1513 sufficientem.
1036 1455 1291 1529 Ideoque
1325 1454 1360 1516 l.
1396 1473 1442 1516 c.
1474 1473 1608 1512 mox
1642 1455 1916 1530 subjicit:
1952 1455 2150 1525 ,Quid
2172 1455 2330 1512 enim
2360 1455 2666 1530 prodesset
2699 1455 2791 1514 vel
2829 1460 2965 1513 ante

339 1545 704 1620 baptismum
750 1543 1136 1618 poenitentia,
1200 1544 1319 1601 nisi
1363 1544 1696 1620 baptismus
1744 1549 2109 1619 sequeretur,
2159 1546 2248 1602 vel
2295 1547 2519 1619 postea,
2567 1544 2681 1601 nisi
2727 1562 2964 1620 praece·

337 1633 589 1691 deret?“
625 1636 735 1691 etc.
798 1632 877 1689 Cf.
913 1650 957 1690 s.
993 1633 1319 1708 Augustini
1354 1633 1625 1691 doctrina
1671 1633 1742 1690 de
1790 1639 2164 1708 peccatorum
2207 1653 2311 1710 per
2342 1634 2741 1709 poenitentiae
2773 1652 2963 1692 sacra-

341 1727 606 1780 mentum
640 1721 984 1780 remissione
1019 1722 1254 1779 Pesch
1288 1723 1350 1779 in
1386 1722 1663 1780 Katholik
1705 1732 1868 1785 1900
1907 1721 1949 1792 Ι,
1990 1732 2355 1785 537-547,

518 1863 667 1927 479.
698 1860 766 1925 2.
801 1858 1025 1922 Thesis
1061 1859 1390 1923 evidenter
1423 1858 1740 1939 probatur
1772 1877 1849 1922 ex
1883 1860 2323 1924 controversia
2375 1876 2521 1922 cum
2554 1860 2966 1926 montanistis

341 1978 407 2034 et
437 1970 831 2035 novatianis:
867 1988 944 2033 ex
978 1988 1108 2050 qua
1140 1975 1413 2044 constat,
1449 1969 1782 2032 catholicis
1816 1968 2011 2033 fuisse
2041 1987 2437 2049 persuasum,
2459 1969 2862 2049 poenitentes
2883 1968 2965 2031 ad

339 2077 858 2157 desperationem
891 2076 1140 2152 adduci,
1175 2076 1229 2138 si
1262 2077 1352 2140 eis
1386 2077 1577 2141 venia
1610 2076 1692 2139 ab
1725 2075 2010 2139 Ecclesia
2040 2083 2386 2155 negaretur
2419 2075 2504 2161 (n.
2524 2076 2738 2160 4543).
2773 2075 2967 2157 Atqui

343 2183 515 2246 nulla
549 2182 771 2248 fuisset
802 2183 1187 2263 desperandi
1219 2183 1405 2259 rati0,
1441 2184 1495 2246 si
1517 2183 2022 2264 independenter
2043 2183 2124 2246 ab
2146 2183 2432 2247 Ecclesia
2452 2188 2671 2263 posset
2692 2180 2966 2246 obtineri

341 2296 756 2371 peccatorum
789 2289 996 2354 venia.
1031 2290 1245 2353 Verbo
1281 2296 1422 2354 tota
1454 2290 1902 2355 controversia
1935 2308 2081 2353 cum
2116 2290 2233 2353 illis
2264 2288 2602 2353 haereticis
2633 2289 2965 2352 universa-

341 2415 465 2478 que
497 2398 711 2478 praxis
743 2397 1218 2478 poenitentialis
1251 2415 1366 2477 per
1398 2397 1585 2478 plura
1617 2395 1841 2461 secula
1875 2402 2007 2460 tam
2040 2396 2242 2476 rigida
2274 2414 2467 2461 sensu
2488 2402 2552 2459 et
2572 2396 2821 2459 ratione
2855 2413 2965 2458 ca-

340 2510 502 2580 rent,
537 2504 590 2566 si
624 2503 821 2567 semel
854 2512 1270 2586 supponatur,
1305 2505 1744 2568 necessarium
1778 2522 1910 2567 non
1944 2522 2086 2568 esse
2120 2521 2234 2584 pro
2258 2503 2659 2584 impetranda
2679 2502 2967 2567 letalium

338 2611 679 2674 criminum
711 2612 1087 2676 remissione
1121 2612 1203 2675 ad
1242 2613 1409 2676 hanc
1443 2630 1775 2677 recurrere
1794 2619 2219 2694 potestatem3
2252 2629 2462 2693 neque
2495 2610 2690 2673 etiam
2721 2609 2967 2691 potuis-

341 2725 441 2783 set
460 2718 744 2783 Ecclesia
777 2717 1151 2800 simpliciter
1184 2720 1525 2786 excludere
1560 2738 1600 2783 a
1633 2738 1797 2802 pace
1820 2727 1885 2785 et
1907 2718 2299 2785 eucharistia
2318 2717 2608 2799 gravium
2629 2717 2968 2781 criminum

342 2844 508 2902 re05,
542 2826 650 2909 qui
681 2827 841 2889 citra
876 2828 1337 2907 poenitentiam
1385 2828 1450 2891 in
1500 2846 1578 2892 ea
1625 2834 1690 2892 et
1736 2827 2092 2891 secundum
2142 2826 2277 2907 ejus
2309 2843 2605 2889 normam
2640 2830 2853 2889 actam
2884 2824 2967 2887 ad

341 2953 392 2995 s.
425 2934 945 2997 communionem
980 2934 1333 3000 voluissent
1366 2935 1688 2999 accedere.
1753 2932 1841 2998 Cf.
1875 2933 2138 2998 Pesch
2172 2933 2258 2997 th.
2293 2938 2394 3001 26.

523 3058 588 3124 3.
637 3064 942 3121 Accedunt
972 3062 1282 3121 luculenta
1326 3067 1562 3139 patrum
1609 3063 1803 3123 effata.
1869 3062 1961 3120 Ita
2006 3061 2506 3138 Augustinus
2551 3079 2640 3135 ep.
2678 3068 2800 3122 228
2837 3079 2893 3117 n.
2929 3068 2963 3122 8

345 3152 494 3209 hanc
526 3151 720 3210 reddit
752 3151 1058 3221 rationem,
1107 3170 1290 3226 quare
1323 3153 1618 3211 Ecclesiae
1651 3152 1938 3209 ministris
1971 3170 2091 3209 non
2124 3151 2298 3209 liceat
2327 3150 2534 3226 fugero
2565 3151 2830 3224 tempore
2873 3149 2964 3206 in-

343 3241 603 3298 vasionis
639 3241 909 3298 hostilis:
946 3243 1081 3309 ,An
1112 3259 1232 3299 non
1265 3242 1610 3318 cogitamus,
1647 3260 1778 3298 cum
1813 3240 1887 3298 ad
1922 3240 2173 3298 istorum
2195 3239 2591 3314 periculorum
2624 3240 2969 3314 pervenitur

340 3334 619 3397 extrema,
654 3348 761 3388 nec
792 3333 881 3387 est
911 3331 1168 3405 potestas
1200 3332 1326 3389 ulla
1357 3331 1641 3407 fugiendi,
1677 3333 1940 3404 quantus
1974 3329 2034 3387 in
2058 3328 2314 3387 Ecclesia
2333 3328 2458 3386 fieri
2482 3327 2668 3385 soleat
2694 3328 2768 3385 ab
2801 3333 2965 3386 utro-

342 3438 458 3494 que
492 3437 636 3477 sexu
667 3424 846 3493 atque
890 3419 963 3476 ab
1009 3418 1168 3477 omni
1215 3422 1406 3479 aetate
1452 3437 1789 3490 concursus,
1841 3418 1970 3477 aliis
2016 3417 2487 3493 baptismum
2535 3415 2965 3492 flagitantibu8‚

343 3508 472 3566 aliis
505 3525 735 3566 recon
755 3507 1268 3578 ciliationem‚
1319 3509 1452 3568 aliis
1484 3509 1662 3567 etiam
1694 3508 2093 3583 poenitentiae
2128 3506 2313 3582 ipsius
2344 3505 2652 3575 actionem,
2687 3506 2966 3563 omnibus

343 3597 804 3667 consolationem
838 3602 897 3655 et
930 3602 1432 3656 sacramentorum
1465 3597 1888 3656 confectionem
1922 3599 1983 3654 et
2014 3595 2462 3672 erogationem?
2530 3593 2642 3650 Ubi
2691 3595 2739 3652 si
2786 3595 2965 3653 mini-

344 3686 450 3744 stri
481 3685 696 3755 desint,
743 3689 1034 3761 quantum
1069 3688 1317 3745 exitium
1351 3687 1626 3762 sequitur
1670 3704 1789 3756 eos,
1842 3686 1945 3759 qui
1991 3685 2062 3743 de
2114 3686 2230 3743 isto
2282 3684 2480 3742 seculo
2533 3683 2628 3740 vel
2678 3702 2798 3741 non
2848 3703 2967 3742 re-

341 3775 702 3851 generati
752 3778 972 3833 exeunt
1021 3775 1114 3833 vel
1165 3778 1454 3852 ligati?
1488 3821 1499 3833 .
1536 3819 1548 3830 .
1583 3820 1596 3834 .
1649 3775 1709 3832 Si
1761 3777 1962 3832 autem
2013 3773 2272 3832 ministri
2319 3773 2516 3832 adsint
2549 3816 2561 3828 .
2597 3818 2607 3828 .
2644 3816 2656 3829 .
2690 3773 2965 3831 omnibus

343 3863 712 3933 subvenitur,
748 3864 837 3921 illi
873 3864 1415 3939 baptizantur,
1450 3865 1550 3923 alii
1580 3864 2270 3923 reconciliantur.“
2295 3894 2379 3903 —-
2413 3861 2685 3919 Victor
2718 3861 2965 3921 vitensis

344 3951 416 4010 de
447 3970 663 4027 persec.
697 3954 868 4011 vand.
900 3954 977 4019 Il,
1033 3964 1100 4016 ll
1143 3954 1376 4013 inducit
1407 3954 1608 4012 fideles
1642 3953 1921 4011 exsilium
1954 3952 2361 4027 episcoporum
2394 3954 2453 4008 et
2486 3950 2965 4025 presbyterorum

344 4042 429 4098 ita
460 4042 795 4116 plorantes:
848 4041 1118 4110 ,Quibus
1151 4062 1258 4102 nos
1292 4044 1539 4101 miseros
1572 4043 1931 4117 relinquitis,
1965 4042 2105 4099 dum
2139 4040 2390 4117 pergitis
2420 4039 2493 4097 ad
2526 4043 2812 4097 coronas?
2853 4040 2967 4108 Qui

346 4130 451 4188 hos
483 4130 839 4205 baptizaturi
872 4134 1013 4189 sunt
1043 4133 1321 4208 parvulos
1356 4132 1623 4191 fontibus
1656 4150 1843 4208 aquae
1871 4131 2191 4207 perennis?
2242 4129 2355 4198 Qui
2375 4128 2543 4187 nobis
2566 4128 2966 4203 poenitentiae

344 4237 564 4277 munus
595 4220 868 4278 collaturi
901 4223 1043 4278 sunt
1087 4226 1147 4279 et
1191 4220 1687 4281 reconciliationis
1720 4221 2095 4296 indulgentia
2126 4219 2443 4278 obstrictos
2476 4218 2731 4276 vinculis
2764 4237 2964 4293 pecca-

344 4312 542 4366 torum
589 4309 868 4378 soluturi,
915 4310 1053 4382 quia
1099 4311 1265 4368 vobis
1311 4311 1537 4369 dictum
1587 4314 1702 4368 est:
1755 4311 2133 4385 Quaecunque
2180 4309 2462 4366 solveritis
2495 4310 2644 4368 etc.?
2678 4340 2765 4347 ———
2798 4309 2967 4377 ,Soli

344 4397 502 4454 enim
526 4397 616 4454 illi
650 4392 714 4477 (i.
739 4416 786 4456 e.
810 4399 1103 4457 Ecclesiae
1124 4398 1490 4480 catholicae),
1526 4399 1723 4474 inquit
1755 4398 2229 4474 Fulgentius
2260 4398 2332 4455 de
2353 4397 2580 4454 remiss.
2602 4415 2756 4470 pecc.
2787 4408 2838 4467 l,
2865 4407 2963 4467 24,

347 4486 636 4544 Dominus
668 4487 893 4563 ligandi
928 4488 1315 4563 solvendique
1347 4489 1563 4547 tribuit
1594 4490 1951 4563 potestatem
1986 4487 2217 4545 dicens:
2260 4486 2384 4543 Tibi
2414 4486 2560 4544 dabo
2591 4486 2775 4544 claves
2807 4490 2969 4562 requi

345 4576 626 4633 coelorum
657 4578 766 4634 etc.
813 4576 982 4645 Quod
1015 4596 1154 4653 ergo
1187 4582 1387 4635 sancta
1419 4577 1682 4635 Ecclesia
1713 4578 1777 4635 in
1808 4578 1917 4634 hoc
1949 4576 2147 4634 seculo
2180 4595 2297 4635 non
2331 4576 2590 4645 solverit,
2627 4576 2714 4633 ita
2743 4576 2967 4634 insolu-

346 4663 466 4721 bile
495 4667 820 4739 permanet‚
869 4669 939 4723 ut
984 4667 1159 4724 etiam
1194 4667 1256 4724 in
1290 4666 1495 4725 futuro
1531 4666 1680 4725 solvi
1713 4666 2060 4724 nullatenus
2095 4666 2297 4740 possit.
2361 4665 2608 4741 Ligatus
2643 4668 2735 4722 est
2768 4667 2967 4722 autem

348 4753 536 4810 omnis
569 4754 760 4825 home,
796 4774 972 4829 quem
1005 4755 1117 4813 ista
1148 4774 1266 4814 non
1300 4755 1565 4826 solverit,
1599 4773 1704 4813 nec
1738 4758 2136 4829 consequetur
2166 4755 2405 4829 aliquod
2440 4753 2756 4812 solutionis
2790 4754 2972 4811 bene-
