3538 5364
1063 251 1148 303 est
1172 248 1503 303 immediate
1532 249 1860 305 intellectus
1883 247 2218 303 illustratio.
2866 259 2939 320 13

322 435 435 512 (Pa.
466 446 568 508 93,
610 433 751 515 10):
810 438 925 509 Qua·
964 439 1117 496 docet
1145 438 1427 495 hominem
1457 439 1793 495 scientiam:
1840 437 1924 494 ita
1967 436 2143 495 etiam
2194 435 2488 509 scriptum
2533 438 2652 494 est:
2707 434 2943 493 Caritas

322 544 388 584 ea·
418 525 536 583 Deo
569 533 646 583 est
679 526 766 603 (1.
799 526 969 587 Joan.
993 536 1048 597 5,
1085 521 1209 607 ’7).“ζ
1261 525 1391 584 Huc
1422 525 1718 584 Ecclesiae
1749 525 1941 585 oratio
1974 525 2120 584 feria
2150 525 2247 588 IV.
2282 527 2540 598 quatuor
2571 528 2750 600 temp.
2784 523 2943 583 infra

322 614 635 692 Quadi-ag:
675 654 703 683 ,
718 616 948 674 Mentes
968 619 1218 686 nostrae,
1240 632 1621 689 quaesumuS,
1655 614 1924 683 Domine,
1960 614 2186 674 lumine
2206 617 2346 672 tuae
2366 613 2661 672 claritatis
2683 614 2939 682 illustra,

323 707 391 762 ut
431 704 632 762 videre
677 703 990 780 possimne,
1036 724 1188 780 quae
1234 703 1463 780 agenda
1493 708 1653 773 sunt,
1701 711 1762 762 et
1806 722 1957 779 quae
2005 706 2165 762 recta
2195 705 2340 761 sunt
2369 721 2542 779 agere
2575 703 2937 761 valeamus.‘

324 792 449 851 Huc
478 793 913 869 Augustini
947 792 1266 852 declaratio
1297 792 1370 851 de
1401 811 1556 868 pecc.
1578 811 1721 854 mer.
1754 795 1818 851 et
1847 793 2074 852 remiss.
2096 793 2133 853 l.
2159 801 2193 854 2
2218 811 2265 855 c.
2295 802 2403 855 17:
2439 791 2565 859 ,Ut
2593 791 2938 859 innotescat,

324 881 478 957 quod
509 881 756 951 latebat,
790 886 853 940 et
883 901 1063 941 suave
1094 882 1213 951 fiat,
1248 881 1406 956 quod
1439 899 1556 940 non
1578 881 2005 952 delectabatur,
2040 881 2265 958 gratiae
2285 880 2394 939 Dei
2426 884 2534 947 est,
2568 899 2718 954 quae
2751 880 2941 939 homi·

325 989 462 1029 num
481 970 729 1046 adjuvat
747 971 1175 1030 voluntatem.‘
1226 970 1379 1028 Hinc
1406 970 1621 1046 passim
1658 973 1831 1029 vocat
1860 971 2132 1047 gratiam,
2168 988 2318 1045 quae
2341 970 2520 1044 juvat
2549 969 2941 1039 intellectum,

326 1059 882 1136 cogitationem
930 1059 1106 1135 piam,
1152 1059 1635 1118 vocat-ionem
1680 1060 1860 1118 altam
1906 1062 1967 1118 et
2010 1062 2311 1127 secretam.
2361 1063 2580 1117 certam
2613 1059 2939 1127 scientiam,

326 1148 715 1223 aperitionem
752 1148 1053 1218 veritati83
1106 1167 1256 1224 quae
1302 1166 1440 1207 vero
1485 1147 1669 1206 afficit
1716 1148 2105 1216 voluntatem,
2158 1147 2609 1223 inspirationem
2657 1148 2940 1217 caritatiS,

326 1236 688 1304 dilectioni83
721 1237 1190 1307 delectationem,
1225 1237 1541 1296 suavitatis
1572 1237 2043 1313 inspirationem,
2079 1237 2449 1312 voluptatem
2483 1240 2592 1295 etc.

496 1356 563 1426 2.
598 1354 899 1419 Illustrari
949 1360 1164 1437 potest
1211 1356 1373 1420 haec
1422 1356 1657 1420 veritas
1707 1355 1940 1435 duplici
1989 1355 2238 1418 ratione
2284 1372 2366 1418 ex
2397 1355 2641 1434 gratiae
2674 1354 2945 1418 actualis

329 1478 519 1543 scopo
554 1463 859 1525 derivata.
896 1460 1117 1526 Gratia
1151 1463 1320 1527 enirn
1354 1461 1623 1526 actualis
1672 1480 1734 1531 a.
1781 1460 2107 1525 confertur
2153 1461 2339 1524 nobis
2371 1461 2455 1524 ad
2486 1463 2684 1526 vitam
2717 1481 2942 1544 super-

334 1568 690 1633 naturalem
724 1570 1071 1650 agendam:
1120 1569 1284 1633 haec
1314 1576 1531 1633 autem
1563 1570 1926 1633 continetur
1957 1569 2207 1633 actibus
2241 1568 2596 1634 intellectus
2628 1578 2692 1634 et
2722 1570 2944 1633 volun-

332 1676 491 1742 tatis,
553 1675 851 1740 Juvanda
900 1694 1050 1757 ergo
1102 1681 1202 1739 est
1253 1683 1521 1758 utraque
1569 1675 1871 1740 lacultas:
1923 1676 2036 1739 sed
2092 1675 2442 1740 intellectus
2474 1681 2697 1756 utpote
2728 1675 2944 1740 lumen

326 1781 581 1861 juvatur
612 1780 867 1858 lumine,
900 1782 1198 1846 voluntas
1219 1782 1467 1846 robore.
1502 1781 1664 1862 Ergo
1688 1784 1890 1863 gratia
1912 1783 2188 1846 actualis
2211 1780 2641 1847 continebitur
2661 1783 2943 1848 illustra-

334 1888 500 1951 tione
552 1894 749 1970 atque
799 1889 1233 1970 inspiratione,
1284 1906 1409 1971 qua
1460 1890 1776 1954 excitetur
1826 1897 1888 1956 et
1937 1888 2278 1953 roboretur
2327 1891 2639 1955 voluntas.
2703 1889 2946 1957 Deinde

333 1995 397 2064 b.
429 1995 636 2075 gratia
669 1993 937 2059 actualis
971 1994 1292 2060 confertur
1323 2012 1580 2077 quoque
1612 1995 1696 2058 ad
1730 1996 2024 2059 sananda
2056 1996 2320 2059 vulnera
2352 2003 2619 2077 peccato
2654 1997 2946 2077 originali

334 2101 585 2165 inflicta.
633 2099 1055 2183 Praecipuum
1088 2109 1305 2167 autem
1339 2102 1569 2165 vulnus
1601 2109 1701 2165 est
1731 2102 2270 2183 concupiscentia,
2317 2121 2444 2184 qua
2477 2104 2576 2167 vel
2609 2104 2747 2184 ipsa
2779 2105 2943 2168 ratio

334 2207 747 2273 obnubilatur
776 2216 842 2275 et
875 2209 1202 2290 decipitur,
1234 2227 1315 2273 ne
1341 2208 1583 2289 judicet
1619 2208 1972 2274 secundum
1993 2208 2380 2287 objectivum
2401 2228 2617 2273 rerum
2639 2211 2945 2290 pretium;

335 2332 457 2395 qua
488 2317 865 2379 immutatur
896 2316 1242 2380 voluntatis
1274 2323 1496 2396 gustus
1546 2323 1609 2381 et
1656 2315 1961 2396 palatum,
1995 2321 2064 2378 ut
2096 2314 2348 2396 placeat
2378 2316 2635 2391 malum,
2670 2318 2946 2399 desipiat

337 2420 596 2498 bonum,
629 2430 699 2485 ut
728 2429 1033 2505 sequatur
1064 2424 1384 2504 passionis
1418 2424 1739 2504 impetum.
1776 2422 2036 2486 Gratiae
2070 2441 2221 2502 ergo
2245 2425 2532 2504 operatio
2553 2423 2735 2505 dirigi
2754 2425 2942 2489 debet

336 2533 397 2590 et
425 2526 490 2590 in
528 2528 933 2606 intellectum,
968 2535 1040 2594 ut
1070 2530 1240 2594 hunc
1273 2530 1597 2605 illuminet,
1632 2530 1894 2611 dissipet
1928 2528 2247 2605 tenebras
2277 2531 2555 2610 corrigat
2579 2531 2818 2611 judicia
2842 2551 2942 2596 er-

335 2651 550 2712 ronea,
585 2634 813 2716 dirigat
843 2637 1257 2714 electionem3
1291 2637 1471 2719 dirigi
1505 2636 1696 2702 debet
1727 2642 1791 2702 et
1822 2636 1887 2700 in
1919 2636 2334 2713 voluntatem,
2356 2643 2426 2701 ut
2441 2637 2629 2719 hujus
2650 2639 2945 2705 immutet

335 2749 609 2821 gustum,
643 2762 767 2825 quo
801 2743 1012 2826 sapiat
1042 2745 1265 2821 virtue,
1316 2746 1587 2826 desipiat
1619 2745 1867 2820 vitium,
1920 2751 1990 2808 ut
2036 2762 2181 2808 eam
2230 2744 2605 2808 corroboret
2635 2745 2944 2809 adversus

334 2851 892 2932 concupiscentiae
941 2850 1373 2928 rebellionem,
1422 2869 1549 2934 qua
1598 2851 1679 2916 de
1725 2870 1796 2915 re
1840 2851 2026 2932 plura
2059 2870 2116 2913 n.
2153 2855 2254 2918 93.
2317 2850 2531 2930 Quare
2564 2851 2645 2914 ad
2676 2853 2948 2931 gratiam

335 2955 657 3021 actualem
674 2965 965 3039 spectant
982 2960 1127 3040 piae
1145 2959 1596 3023 illustrationes
1618 2958 1975 3023 intellectus
1993 2958 2466 3040 voluntatisque
2482 2958 2947 3038 inspirationes

527 3086 622 3149 17.
656 3082 1076 3153 Declaratio
1109 3104 1177 3169 p.
1211 3084 1312 3153 11.
1350 3084 1590 3164 Duplex
1622 3082 1922 3162 distingui
1956 3082 2146 3146 debet
2181 3084 2412 3147 mentis
2445 3078 2949 3146 illustratio:

341 3188 564 3262 altera,
597 3207 761 3271 quae
791 3191 852 3253 vi
886 3188 1041 3270 legis
1073 3191 1566 3273 psychologicae
1599 3195 1828 3270 sponte
1864 3207 1983 3252 sua
2017 3188 2216 3252 oritur
2248 3191 2312 3253 in
2346 3196 2561 3255 mente
2593 3207 2673 3253 ex
2713 3209 2951 3272 propo-

340 3294 574 3361 sitione
605 3297 922 3374 veritatis;
955 3298 1158 3362 altera
1190 3315 1344 3361 vero
1378 3298 1576 3361 oritur
1622 3316 1700 3360 ex
1748 3297 2118 3360 immediato
2154 3295 2267 3360 Dei
2298 3296 2536 3360 influxu
2573 3298 2635 3360 in
2669 3298 2951 3361 intellec-

344 3408 497 3477 tum,
534 3422 657 3485 quo
691 3404 947 3485 quidem
978 3423 1109 3469 non
1140 3404 1375 3486 aliquid
1426 3405 1576 3467 novi
1609 3404 1944 3479 revelatur,
1991 3403 2104 3467 sed
2152 3405 2480 3485 proposito
2515 3404 2767 3488 (saltem
2815 3405 2952 3488 ple-

342 3511 639 3594 rumque)
674 3510 926 3592 objecto
960 3518 1224 3576 externo
1269 3511 1625 3576 intellectus
1676 3511 1887 3574 altiori
1938 3510 2267 3573 instruitur
2315 3510 2553 3575 lumine
2586 3519 2778 3593 atque
2811 3513 2951 3575 ido-

341 3634 506 3681 neus
539 3617 767 3693 evadit,
801 3625 870 3682 ut
902 3619 1369 3699 supernaturali
1400 3619 1593 3682 modo
1627 3637 1723 3693 ea,
1746 3636 1911 3701 quae
1945 3617 2062 3681 sibi
2096 3625 2557 3698 proponuntur,
2592 3619 2952 3700 apprehen-

344 3722 469 3786 dat.
506 3722 614 3785 Illa
646 3723 768 3787 dici
800 3732 1013 3805 potest
1042 3744 1083 3787 n
1102 3726 1373 3789 atural
1394 3725 1476 3800 is,
1509 3726 1828 3807 objectiva
1851 3731 1913 3788 et
1944 3744 2006 3787 m
2029 3724 2119 3788 ed
2141 3726 2155 3786 i
2174 3742 2212 3786 a
2231 3730 2326 3798 ta,
2360 3724 2680 3787 mediante
2701 3725 2952 3804 objecto

342 3831 677 3910 proposito
713 3833 1017 3908 excitata3
1050 3833 1213 3896 haec
1245 3833 1936 3914 supernaturaliS,
1978 3831 2334 3911 subjectiva
2367 3837 2430 3894 et
2461 3831 2952 3896 immediata.

340 3935 787 4002 Illustrationis
820 3941 1129 4004 naturalis
1162 3946 1224 4003 et
1255 3939 1611 4019 objectivae
1631 3955 1830 4001 causa
1864 3937 2200 4023 (partialis)
2236 3957 2378 4001 esse
2400 3944 2611 4018 potest
2642 3938 2855 4012 houm,
2889 3945 2958 4000 ut

341 4044 667 4124 magister,
700 4047 809 4128 qui
838 4053 986 4128 apte
1018 4046 1437 4128 proponendo
1470 4052 1534 4109 et
1564 4044 1964 4126 disponendo
2011 4046 2314 4109 veritates
2360 4046 2525 4108 ratio
2575 4052 2692 4119 est,
2743 4051 2813 4108 ut
2859 4045 2954 4107 di-

344 4152 626 4232 scipulus
656 4153 873 4217 videat
902 4154 1241 4217 veritatum
1270 4172 1508 4217 nexum
1530 4159 1690 4217 etex
1711 4154 1882 4217 notis
1916 4153 2246 4233 perveniat
2277 4153 2343 4215 in
2375 4153 2803 4233 cognitionem
2837 4152 2955 4214 ali-

346 4277 551 4336 orum,
584 4279 749 4343 quae
783 4281 928 4325 eum
963 4268 1154 4325 antea
1186 4260 1489 4335 latebant,
1542 4266 1735 4342 atque
1791 4263 1877 4324 ita
1930 4280 2076 4326 eum
2114 4260 2443 4324 illuminat.
2509 4258 2954 4322 Illustrationis

346 4367 850 4449 supernaturalis
882 4375 945 4431 et
977 4366 1368 4448 subjectivae
1401 4384 1600 4429 causa
1632 4373 1730 4431 est
1769 4367 1942 4430 solus
1965 4367 2150 4443 Deus,
2187 4371 2415 4429 auctor
2438 4365 2808 4430 intellectus.
2843 4363 2953 4427 llla

348 4474 624 4539 conferri
655 4480 869 4555 potest
900 4492 1043 4537 cum
1077 4493 1173 4548 ea,
1206 4493 1332 4557 qua
1366 4476 1506 4556 quis
1529 4474 1792 4537 admoto
1814 4474 2051 4538 lumine
2073 4473 2395 4554 objectum
2419 4473 2760 4545 illuminat;
2795 4473 2955 4535 haec

348 4598 493 4645 cum
526 4600 623 4657 ea,
658 4567 785 4663 qua
816 4581 1055 4662 peritus
1086 4580 1374 4645 medicus
1423 4582 1639 4646 lumen
1691 4581 2021 4644 oculorum
2074 4580 2365 4654 restituit,
2417 4581 2515 4643 vel
2548 4578 2955 4660 suppeditato
