3538 5364
969 307 1181 365 Christi
1209 326 1339 363 cum
1367 308 1713 379 suscipiente
1742 309 2167 363 eucharistiam.
2742 319 2867 383 371

256 520 392 559 eum
426 499 655 559 Christo
689 515 793 555 seu
831 495 1253 571 perfectionem
1300 496 1443 571 ejus,
1489 501 1551 555 et
1598 514 1802 554 omnes
1849 496 2092 555 effectus
2138 514 2318 571 supra
2361 501 2718 570 numeratos,
2768 501 2873 575 qui

251 607 457 648 omnes
493 588 566 648 ad
597 585 1020 663 perfectionem
1052 584 1232 660 hujus
1265 585 1505 644 unionis
1537 584 1796 647 tendunt
1826 588 1887 644 et
1918 584 2049 645 ideo
2083 584 2430 660 spirituales
2463 591 2660 650 sunt}

432 673 500 741 4.
533 675 937 736 Nihilominus
969 673 1197 732 ratione
1230 674 1673 733 sacramentalis
1704 674 1947 733 unionis
1979 674 2277 750 spirituali
2297 675 2644 751 conjunctae
2677 680 2875 752 potest

255 767 375 826 dici
408 766 678 826 Christus
708 764 881 823 nobis
918 763 1079 822 uniri
1113 762 1298 838 magis
1330 783 1509 838 quam
1542 782 1645 838 per
1690 763 1875 839 solam
1905 762 2283 837 spiritualem
2317 764 2598 827 unionem
2645 766 2738 824 vel
2784 786 2874 826 sa-

254 855 671 915 cramentalem
719 852 933 912 solam:
980 870 1118 909 nam
1163 851 1393 910 ratione
1440 852 1608 911 illius
1654 855 1964 910 contactus
1996 852 2241 927 speciali
2273 852 2455 911 titulo
2487 858 2761 913 censetur
2805 853 2872 926 ia,

255 945 363 1021 qui
383 944 560 1021 digne
594 942 846 1017 suscipit
878 941 985 999 hoc
1018 946 1470 1010 sacramentum,
1502 959 1632 999 esse
1650 940 1881 1016 aliquid
1900 941 2117 999 Christi
2147 944 2209 1000 et
2230 941 2498 1000 Christus
2528 961 2648 1002 non
2681 944 2872 1004 solum

257 1036 473 1092 habere
504 1051 703 1091 curam
737 1031 984 1099 animae,
1019 1030 1120 1088 sed
1154 1030 1333 1088 etiam
1364 1030 1626 1106 corporis
1658 1031 1805 1106 ejuS,
1840 1032 1911 1088 ut
1941 1030 2097 1088 illud
2116 1030 2442 1089 sanctificet
2460 1049 2718 1108 suaeque
2749 1035 2875 1109 glo·

255 1125 379 1182 riae
409 1121 699 1199 particeps
738 1119 932 1182 faciat.
996 1117 1182 1187 Quam
1229 1118 1539 1177 veritatem
1584 1119 1823 1196 egregie
1870 1119 1932 1177 in
1977 1118 2188 1193 primis
2233 1118 2502 1178 illustrat
2533 1120 2878 1198 Vasquez

258 1212 410 1288 disp.
446 1220 591 1281 204,
638 1208 711 1268 ad
758 1226 934 1284 quem
982 1225 1088 1266 nos
1136 1207 1371 1284 delegat
1402 1208 1529 1284 ipse
1561 1207 1766 1284 Lugo
1800 1208 1951 1284 disp.
1992 1217 2065 1270 12
2118 1226 2163 1271 s.
2201 1218 2256 1278 5,
2303 1208 2462 1283 quod
2497 1209 2621 1272 scil.
2653 1213 2876 1288 optime

256 1304 445 1359 totam
492 1297 950 1359 controversiam
996 1297 1519 1372 comprehenderit.
1585 1297 1773 1355 Notat
1816 1297 1940 1359 scil.
1986 1313 2052 1360 a.
2102 1315 2358 1356 amorem
2407 1302 2616 1375 suapte
2662 1305 2878 1360 natura

257 1391 501 1449 tendere
535 1388 608 1447 ad
640 1387 918 1445 unionem
939 1386 1266 1444 amantium
1291 1386 1506 1444 realem
1539 1386 1698 1445 inter
1729 1405 1792 1444 se
1824 1404 1892 1444 eo
1926 1386 2115 1457 mod0,
2151 1404 2269 1460 quo
2301 1387 2428 1445 fieri
2462 1392 2690 1463 potest;
2725 1409 2876 1465 quo-

259 1480 413 1537 circa
444 1474 517 1540 b.
552 1476 721 1535 amici
757 1478 959 1533 amant
988 1477 1256 1532 mutuam
1290 1474 1703 1551 praesentiam,
1736 1476 2094 1545 convictum,
2143 1475 2536 1549 collationem,
2584 1497 2703 1552 qua
2733 1480 2877 1537 unio

260 1566 588 1627 secundum
618 1566 893 1624 affectum
924 1563 1282 1640 perficiatur.
1348 1564 1477 1621 Jam
1527 1582 1665 1622 vero
1712 1578 1774 1627 c.
1821 1564 2091 1623 Christus
2127 1564 2505 1624 vehementer
2534 1585 2642 1626 nos
2672 1587 2876 1627 amans

263 1676 442 1715 suum
488 1673 742 1713 amorem
790 1656 1161 1711 consummat
1192 1652 1610 1728 conjunctione
1661 1652 1854 1711 carnis
1903 1671 2043 1711 suae
2089 1671 2224 1712 cum
2271 1657 2493 1723 nostra,
2545 1675 2724 1732 quam
2772 1676 2879 1734 per

260 1745 506 1807 modum
536 1743 655 1803 cibi
687 1741 1040 1819 ingreditur.
1087 1742 1240 1800 Hinc
1269 1740 1338 1798 fit
1370 1738 1440 1806 (l.
1471 1745 1543 1800 ut
1563 1741 1832 1800 Christus
1851 1745 2168 1818 postquam
2200 1761 2234 1799 a
2264 1742 2439 1802 nobis
2469 1744 2629 1804 inter
2659 1746 2880 1806 viscera

262 1840 323 1893 et
355 1852 585 1893 carnem
606 1835 871 1891 nostram
904 1850 971 1888 ex
1004 1830 1248 1889 caritate
1269 1835 1546 1906 sumptus
1566 1834 1675 1901 est,
1711 1849 1952 1906 corpora
1969 1835 2190 1900 nostra,
2223 1831 2383 1889 intra
2401 1850 2553 1907 quae
2573 1835 2877 1912 recipitur,

260 1923 535 1982 aestimet
566 1924 627 1979 et
656 1922 873 1979 tractet
905 1923 974 1978 ut
1004 1919 1263 1995 propria,
1297 1923 1358 1978 et
1392 1923 1460 1977 ut
1491 1920 1753 1978 membra
1785 1939 1852 1977 ex
1887 1938 2057 1978 carne
2090 1924 2153 1978 et
2184 1920 2420 1979 ossibus
2441 1923 2590 1997 ejus.
2623 1924 2879 2000 Ideoque

262 2028 323 2078 e.
356 2012 554 2088 patres
586 2010 943 2086 baptismum
977 2008 1258 2067 exhibent
1290 2028 1409 2084 qua
1439 2008 1699 2083 nuptiae„
1747 2027 1896 2083 quas
1926 2027 2060 2067 cum
2094 2009 2328 2067 Christo
2360 2011 2615 2071 inimus:
2663 2015 2873 2072 eucha-

264 2101 500 2161 ristiam
531 2117 670 2158 vero
702 2117 822 2174 qua
852 2097 1171 2155 earundem
1205 2098 1789 2158 consummationem.

449 2222 511 2289 ὅ.
545 2222 768 2281 Statuit
799 2220 836 2280 S
855 2239 1082 2279 uarez
1114 2220 1152 2280 l.
1186 2242 1230 2278 c.
1264 2221 1411 2279 hanc
1444 2220 1726 2279 unionem
1759 2220 1875 2279 dici
1902 2240 2021 2280 non
2041 2240 2214 2297 posse
2234 2223 2708 2297 substantialem,
2740 2229 2881 2304 quia

267 2314 542 2390 quamvis
587 2312 689 2369 fiat
732 2311 891 2369 inter
937 2309 1321 2380 substantias,
1355 2309 1732 2369 accidentalis
1765 2314 1889 2379 est3
1935 2328 2106 2386 posse
2138 2314 2340 2369 tamen
2372 2312 2488 2372 dici
2521 2331 2880 2392 corpora-

267 2404 336 2461 le
352 2422 412 2460 m
428 2447 442 2474 ,
476 2401 615 2477 quia
638 2399 926 2460 fundatur
958 2399 1023 2457 in
1057 2399 1344 2475 corporali
1365 2398 1756 2475 permixtione
1778 2417 1884 2457 seu
1906 2400 2280 2475 susceptione
2300 2405 2678 2475 sacramenti3
2712 2424 2788 2464 re
2804 2426 2838 2464 a
2855 2439 2879 2452 -

266 2493 412 2550 lem
457 2494 519 2549 et
562 2489 894 2548 naturalem
926 2488 1001 2545 ad
1032 2487 1423 2546 excludendas
1455 2488 1704 2565 figuras:
1755 2488 1860 2547 sed
1891 2489 2143 2547 maxime
2172 2508 2303 2548 esse
2348 2491 2878 2567 spiritualem;

265 2586 328 2640 et
358 2580 596 2660 proprie
629 2598 684 2636 m
699 2597 738 2653 y
756 2596 784 2635 s
799 2580 828 2636 t
844 2577 863 2635 i
882 2598 910 2634 c
928 2596 962 2635 a
976 2596 1036 2634 m
1068 2595 1171 2636 seu
1192 2577 1471 2637 moralem
1490 2576 1797 2635 fundatam
1819 2577 2020 2653 aliquo
2039 2578 2215 2637 modo
2234 2577 2298 2637 in
2320 2579 2555 2640 vinculo
2575 2584 2882 2658 corporali.

266 2669 350 2729 Cf.
385 2668 705 2728 Lessius
737 2664 1471 2736 x11,15;'roletusin
1502 2666 1593 2726 Jo.
1630 2678 1664 2730 6
1700 2688 1749 2731 a.
1789 2676 1901 2738 293
1936 2684 1983 2730 ο.
2024 2678 2096 2731 17
2133 2688 2182 2726 a.
2222 2676 2320 2731 13.

449 2789 607 2854 Cum
641 2808 792 2870 ergo
825 2789 950 2851 hoc
981 2794 1459 2852 sacramentum
1494 2788 1824 2853 ordinetur
1856 2789 1936 2853 ad
1971 2790 2262 2853 intimam
2293 2791 2596 2857 unionem
2628 2793 2884 2858 animae

268 2915 420 2961 cum
452 2896 602 2974 Dec,
635 2902 905 2977 peccata
935 2895 1227 2972 venialia,
1262 2913 1427 2978 quae
1462 2896 1713 2959 unionis
1734 2894 2108 2976 perfectioni
2129 2897 2381 2974 obsunt,
2402 2898 2572 2964 delet
2591 2918 2669 2965 ex
2690 2918 2885 2982 opere

270 3010 558 3085 operate,
590 3003 926 3084 supposita
957 3020 1035 3066 ea
1067 3003 1503 3084 dispositione,
1538 3020 1704 3084 quae
1736 3003 1818 3065 sit
1850 3001 2170 3067 sufficiens
2204 3004 2287 3067 ad
2307 3004 2725 3071 auferendum
2746 3007 2885 3071 obi-

270 3129 436 3186 cem,
469 3127 599 3173 non
632 3109 716 3172 ad
746 3109 952 3190 ipsam
986 3109 1434 3174 remissionem
1468 3109 1813 3173 venialium
1847 3108 2347 3190 impetrandam:
2380 3117 2445 3175 et
2475 3112 2581 3177 hic
2613 3119 2711 3178 est

453 3236 517 3305 4.
550 3234 712 3297 alius
745 3234 932 3315 hujus
964 3233 1352 3297 sacramenti
1399 3233 1681 3298 effectus.
1744 3231 1998 3297 Poenas
2047 3253 2197 3299 vere
2243 3237 2628 3316 temporales
2679 3239 2891 3303 adhuc

277 3340 548 3407 luendas
580 3340 663 3404 ob
697 3348 965 3422 peccata
996 3340 1289 3418 remissa,
1342 3341 1493 3423 quia
1541 3339 1914 3421 perfectioni
1965 3341 2252 3404 caritatis
2303 3361 2434 3405 non
2484 3342 2737 3422 obsunt,
2771 3365 2891 3411 nec

276 3447 407 3511 alia
437 3453 785 3529 suppetunt
818 3454 1212 3529 argumenta,
1246 3467 1325 3512 ex
1358 3446 1587 3529 quibus
1619 3445 2099 3524 concludamUS,
2148 3447 2400 3512 illarum
2449 3452 2891 3518 remissionem

274 3555 576 3619 effectum
610 3572 751 3618 esse
783 3555 1207 3619 sacramenti:
1258 3573 1390 3618 non
1423 3571 1499 3618 ex
1534 3571 1729 3635 opere
1762 3560 2049 3635 operato,
2094 3555 2208 3619 sed
2253 3554 2459 3619 solum
2493 3557 2799 3624 indirecte
2832 3566 2896 3624 et

276 3660 561 3743 quadam
595 3661 1115 3736 concomitantia,
1171 3667 1490 3743 quatenus
1524 3667 1715 3741 auget
1747 3661 2067 3724 actualem
2100 3662 2435 3727 caritatem
2468 3670 2532 3729 et
2563 3663 2895 3743 fervorem,

274 3768 430 3834 hinc
461 3786 541 3831 ex
574 3786 767 3849 opere
801 3769 1128 3849 operantis
1160 3767 1440 3832 remittit.
1505 3765 1592 3831 Cf.
1625 3767 1969 3830 Thomas
2003 3773 2060 3837 3.
2094 3788 2150 3852 q.
2188 3774 2288 3838 79.

464 3915 608 3980 389.
643 3911 1190 3979 Demonstrati«)
1222 3929 1294 3994 p.
1327 3910 1471 3979 111.
1532 3909 1733 3990 Hujus
1782 3911 2167 3973 sacramenti
2212 3929 2355 3975 esse
2402 3912 2595 3977 etiam
2647 3914 2728 3977 ad
2761 3915 2896 3994 glo-

284 4016 448 4079 riam
498 4034 748 4097 praep
769 4035 1005 4081 arare
1058 4015 1335 4080 futuram
1384 4022 1562 4097 patet
1614 4034 1692 4081 ex
1743 4016 1944 4081 dictis.
2026 4016 2500 4099 Praeparamur
2549 4028 2767 4085 autem
2816 4023 2900 4086 ad

284 4121 578 4203 gloriam,
613 4130 931 4204 quatenus
961 4142 1025 4193 a.
1058 4129 1157 4189 est
1186 4124 1413 4204 pignus
1445 4123 1695 4187 futurae
1727 4131 1992 4189 nostrae
2023 4124 2263 4205 gloriae
2297 4132 2361 4190 et
2392 4132 2744 4209 perpetuae
2765 4127 2899 4192 feli-

286 4229 520 4305 citatiS,
537 4235 609 4293 ut
624 4229 813 4295 docet
827 4249 1005 4294 conc.
1024 4229 1436 4295 tridentinum
1454 4248 1609 4294 sess.
1630 4236 1661 4297 1
1674 4235 1713 4298 3
1729 4247 1868 4312 cap.
1885 4233 1947 4307 2,
1970 4231 2118 4294 hinc
2135 4231 2247 4294 alit
2262 4233 2703 4313 potentissime
2720 4253 2899 4317 spem

288 4334 464 4400 illam
497 4337 948 4418 consequendi.
989 4334 1057 4399 Si
1090 4336 1261 4400 enim
1293 4335 1581 4400 Christus
1614 4355 1683 4400 se
1707 4336 1847 4417 Jam
1878 4336 2062 4400 nobis
2095 4338 2294 4403 donat
2327 4338 2392 4402 in
2425 4341 2626 4418 terriS,
2660 4349 2902 4424 quanto

288 4442 500 4523 magis
531 4442 597 4506 in
628 4443 823 4508 coelis
854 4463 925 4508 se
958 4443 1227 4506 donabit
1258 4443 1319 4505 in
1353 4443 1724 4524 praemium.
1760 4442 2115 4524 Praeparat
2149 4453 2466 4526 quatenus
2500 4448 2571 4517 b.
2609 4448 2904 4511 euchari·

286 4551 455 4613 stiae
487 4567 614 4612 usu
644 4550 709 4612 in
741 4550 945 4630 gratia
976 4567 1464 4629 perseveramus
1496 4555 1560 4613 et
1580 4549 1962 4624 crescimus3
1996 4555 2314 4631 quatenus
2337 4570 2397 4621 c.
2422 4571 2502 4617 ea
2523 4553 2907 4619 roboramur

286 4655 603 4720 adversus
636 4656 1023 4721 daemonum
1056 4656 1335 4732 insidiaS,
1382 4658 1489 4739 qui
1531 4656 1705 4719 omni
1751 4663 1990 4721 conatu
2035 4656 2398 4735 moliuntur,
2445 4679 2526 4724 ne
2558 4660 2666 4725 illa
2694 4663 2906 4744 potia-

286 4781 453 4839 mur,
487 4761 652 4827 adeo
685 4769 756 4826 ut
782 4763 916 4843 jam
950 4763 1082 4827 vita
1114 4763 1389 4826 hominis
1435 4781 1628 4843 super
1669 4768 1908 4826 terram
1955 4764 2037 4828 sit
2075 4764 2243 4846 jugis
2288 4766 2514 4831 militia
2564 4769 2712 4852 (Job
2749 4775 2804 4847 7,
2845 4773 2905 4856 1)
2939 4813 2943 4822 ·

2484 4873 2590 4928 24·
