3538 5364
526 338 658 403 364
1288 329 1476 383 Tract.
1505 330 1596 383 lx.
1624 329 1693 383 de
1720 326 2085 382 eucharistia.
2112 326 2412 396 Loquendi

524 518 703 575 actu
749 516 1016 591 subjecto
1062 516 1386 586 inhaerere,
1436 516 1538 574 sed
1588 515 1988 590 aptitudinem
2023 517 2085 573 et
2113 515 2468 591 exigentiam
2504 514 2852 573 inhaerendi
2897 515 2962 573 in
3004 513 3141 584 alio,

524 625 702 680 quam
736 604 986 663 actualis
1017 605 1284 664 inhaesio
1316 605 1717 679 consequitur,
1753 604 1805 662 si
1837 603 2194 662 naturaliter
2224 603 2473 666 exsistit.
2522 603 2680 663 Haeo
2709 604 2839 679 ejus
2869 603 3140 679 proprie·

523 698 615 753 tas
646 713 767 753 non
799 698 1055 771 negatur
1086 694 1360 770 dogmate
1394 693 1700 752 catholico.
1766 694 1943 761 ,Non
1974 695 2067 751 est
2098 692 2364 752 definitio
2398 692 2787 763 substantiae,
2837 692 3037 769 inquit
3067 691 3144 750 ad

523 803 649 842 rem
683 802 727 841 s.
761 782 1078 842 Thomas
1115 791 1170 845 3.
1205 803 1259 858 p.
1292 802 1347 858 q.
1388 793 1463 845 77
1500 802 1550 841 a.
1592 795 1615 845 1
1657 782 1732 840 ad
1767 791 1823 852 2,
1864 792 1976 841 ens
2013 800 2117 857 per
2150 800 2212 840 se
2244 782 2382 840 sine·
2405 781 2690 858 subjecto,
2733 799 2840 840 nec
2872 781 3142 840 definitio

525 872 845 931 accidentis
891 890 997 930 ens
1043 872 1107 930 in
1154 872 1451 947 subjecto:
1500 871 1604 930 sed
1636 870 1961 947 quidditati
1995 889 2101 930 seu
2133 872 2422 929 essentiae
2454 870 2828 930 substantiae
2860 871 3146 946 competit

526 961 742 1020 habere
773 979 903 1020 esse
933 979 1053 1019 non
1087 962 1149 1019 in
1181 961 1464 1037 subjecto,
1496 959 1823 1036 quidditati
1840 964 2040 1018 autem
2060 960 2184 1018 sive
2205 961 2497 1019 essentiae
2517 959 2837 1020 accidentis
2856 959 3147 1035 competit

525 1050 739 1109 habere
770 1068 899 1108 esse
930 1049 993 1107 in
1025 1049 1312 1125 subjecto.
1344 1050 1414 1108 In
1445 1050 1556 1108 hoc
1585 1053 1786 1108 autem
1806 1053 2171 1108 sacramento
2205 1067 2324 1107 non
2355 1049 2535 1109 datur
2554 1048 2962 1109 accidentibus
2982 1049 3144 1125 quod

525 1158 597 1198 ex
630 1139 690 1196 vi
724 1157 865 1197 suae
886 1139 1178 1198 essentiae
1210 1157 1328 1197 non
1364 1139 1485 1197 sint
1515 1139 1581 1197 in
1613 1138 1899 1213 subject0,
1937 1138 2039 1196 sed
2070 1157 2139 1197 ex
2172 1138 2377 1196 divina
2396 1139 2623 1198 virtute
2643 1140 3052 1197 sustentante:
3084 1142 3147 1196 et

524 1228 658 1287 ideo
690 1247 810 1286 non
842 1229 1129 1286 desinunt
1159 1245 1289 1286 esse
1307 1228 1649 1299 accidentia,
1681 1228 1824 1304 quia
1853 1246 1962 1286 nec
1991 1231 2303 1302 separatur
2319 1228 2392 1285 ab
2414 1228 2497 1287 eis
2518 1227 2784 1287 definitio
2803 1227 3143 1298 accidentiS‚

526 1337 677 1393 quae
711 1320 804 1375 est
835 1316 1110 1392 aptitudo
1150 1316 1225 1375 ad
1270 1316 1625 1391 subjectum,
1675 1335 1828 1392 quae
1861 1334 2093 1392 semper
2122 1320 2322 1375 manet
2365 1317 2429 1375 in
2475 1317 2569 1387 iis,
2616 1336 2733 1375 non
2768 1317 3020 1374 actualis
3055 1316 3145 1374 in-

526 1406 843 1477 haerentia,
878 1424 985 1464 nec
1015 1406 1301 1481 competit
1331 1406 1416 1464 eis
1448 1405 1718 1464 definitio
1753 1406 2186 1469 substantiae‚‘

709 1539 852 1593 383.
884 1531 1080 1589 Aliam
1112 1529 1509 1605 exceptionem
1544 1530 1703 1588 hunc
1747 1530 1813 1588 in
1849 1530 2090 1588 modum
2122 1530 2404 1606 proponit
2437 1529 2745 1589 Scotus:
2796 1530 2909 1598 ‚In
2953 1547 3144 1587 sacra·

526 1622 726 1678 mento
759 1620 1030 1678 veritatis
1061 1619 1148 1678 nil
1181 1619 1347 1678 decet
1378 1637 1503 1678 esse
1534 1618 1769 1680 falsum.
1802 1620 1884 1677 At
1913 1618 1964 1676 si
1997 1619 2333 1677 substantia
2360 1619 2534 1695 panis
2567 1618 2739 1689 desit,
2772 1617 2889 1677 erit
2919 1618 3146 1676 falsitas

526 1708 590 1766 in
637 1707 1073 1778 accidentibus:
1121 1708 1447 1767 accidentia
1491 1708 1646 1767 enim
1695 1712 1938 1767 externa
1983 1711 2127 1767 sunt
2170 1708 2469 1767 naturalia
2499 1709 2671 1784 signa
2701 1708 2973 1766 internae
3005 1706 3146 1765 sub·

526 1799 812 1865 stantiae:
858 1798 1017 1856 unde
1064 1798 1241 1856 etiam
1274 1817 1381 1873 per
1411 1817 1479 1856 ea
1509 1817 1543 1855 a
1574 1797 1894 1872 posteriori
1925 1797 2248 1874 indagatur
2277 1817 2312 1856 a
2341 1797 2710 1874 philosophis
2743 1796 3146 1858 substantia.‘

528 1886 977 1962 Respondemus
1031 1881 1089 1948 l.
1121 1905 1332 1946 sensus
1378 1888 1441 1945 in
1490 1887 1599 1945 hoc
1643 1886 1929 1963 mysterio
1961 1887 2200 1962 proprie
2233 1906 2352 1946 non
2384 1886 2611 1962 decipi:
2658 1904 2945 1945 sensuum
2990 1885 3146 1943 enim

528 1978 624 2033 est
654 1976 872 2034 referre
892 1976 1315 2051 phaenomena,
1349 1994 1471 2034 non
1502 1995 1640 2035 vero
1674 1976 1746 2034 de
1779 1975 1996 2034 horum
2017 1976 2285 2051 subjecto
2317 1976 2412 2034 vel
2443 1994 2619 2034 causa
2645 1976 2930 2052 judicare.
2960 1974 3146 2049 Atqui

527 2064 734 2123 eadem
765 2069 1008 2123 manent
1040 2065 1445 2139 phaenomena
1490 2066 1553 2123 in
1600 2065 1976 2125 eucharistia.
2039 2064 2205 2123 Idem
2250 2083 2390 2141 ergo
2436 2082 2646 2123 sensus
2678 2063 2896 2123 referre
2928 2063 3148 2122 debent

529 2154 1196 2213 transsubstantiatione
1229 2154 1411 2213 facta:
1446 2173 1513 2212 ex
1547 2154 1655 2212 hac
1686 2173 1825 2231 ergo
1861 2156 2029 2228 parte
2060 2154 2228 2213 nulla
2258 2153 2507 2213 falsitas.
2555 2152 2836 2222 Quamvis
2880 2149 2947 2215 2.
2997 2152 3147 2210 ratio

535 2246 746 2319 sponte
778 2261 889 2302 sua
931 2263 1001 2302 ex
1049 2262 1338 2302 sensuum
1370 2243 1767 2302 relationibus
1801 2243 2117 2302 concludat
2146 2244 2217 2301 ad
2252 2244 2588 2317 subjectum
2619 2243 2716 2302 vel
2747 2241 3148 2300 substantiam

530 2333 1110 2407 correspondentem‚
1144 2333 1210 2391 in
1228 2332 1527 2408 praesenti
1547 2336 1748 2391 tamen
1766 2332 2073 2408 mysteriO,
2106 2333 2428 2407 quominus
2460 2333 2545 2390 ita
2565 2332 2816 2407 judicet,
2849 2331 2964 2389 fide
2981 2350 3149 2407 prae·

533 2421 791 2492 venitur,
825 2421 1076 2498 ideoque
1108 2423 1180 2480 ab
1212 2441 1408 2480 errore
1441 2423 1874 2496 praeservatur.
1937 2420 2325 2490 ,Dicendum,
2360 2422 2560 2497 inquit
2590 2440 2635 2478 s,
2668 2420 2891 2479 Thom
2910 2438 2987 2478 as
3023 2428 3058 2482 3
3094 2440 3151 2495 p.

535 2527 589 2584 q.
629 2520 706 2573 75
743 2530 792 2573 a.
829 2520 862 2573 5
899 2511 973 2569 ad
1009 2520 1064 2579 2,
1113 2510 1273 2586 quod
1319 2510 1383 2569 in
1430 2511 1537 2569 hoc
1570 2514 1939 2569 sacramento
1971 2529 2091 2568 non
2121 2511 2215 2568 est
2246 2510 2444 2586 aliqua
2476 2509 2772 2586 deceptio:
2819 2514 2964 2567 sunt
2994 2507 3148 2567 enim

533 2599 618 2657 ibi
653 2599 982 2659 secundum
1014 2600 1102 2658 rei
1134 2600 1449 2658 veritatem
1483 2598 1828 2667 accidentia,
1864 2617 2015 2674 quae
2049 2599 2322 2657 sensibus
2343 2599 2767 2675 dijudicantur.
2801 2597 3152 2656 Intellectus

531 2692 752 2760 autem,
797 2691 970 2766 cujus
1004 2691 1096 2748 est
1128 2689 1436 2765 proprium
1469 2690 1762 2764 objectum
1798 2688 2154 2758 substantia,
2201 2707 2310 2765 per
2339 2689 2511 2746 fidem
2545 2709 2578 2747 a
2608 2688 2950 2764 deceptione
2982 2706 3150 2762 prae·

532 2782 860 2837 servatur.‘
916 2778 997 2836 Cf.
1029 2779 1094 2836 in
1128 2788 1182 2840 4.
1217 2778 1271 2836 d.
1300 2789 1369 2840 11
1414 2794 1470 2851 q.
1511 2789 1532 2839 l
1575 2797 1627 2838 a.
1666 2790 1689 2839 1
1733 2778 1878 2852 qcla.
1916 2786 1951 2838 2
1990 2778 2063 2835 ad
2107 2789 2168 2847 13
2202 2777 2258 2839 d.
2300 2787 2372 2840 12
2408 2798 2463 2853 q.
2503 2789 2529 2840 1
2573 2798 2625 2841 a.
2664 2790 2683 2840 1
2731 2777 2878 2851 qcla.
2915 2785 2949 2838 2
2985 2776 3058 2834 ad
3095 2785 3148 2839 2.

532 2863 595 2931 3.
628 2867 796 2936 Quod
828 2885 927 2926 eos
961 2867 1195 2936 attinet,
1229 2867 1335 2941 qui
1365 2885 1579 2940 panem
1600 2867 2058 2925 eucharisticum
2091 2866 2299 2925 vident
2326 2886 2449 2925 non
2481 2867 2719 2942 cognita
2747 2866 2914 2925 illius
2947 2884 3148 2924 conse·

532 2956 810 3026 oratione,
845 2956 916 3013 ad
951 2974 1251 3014 summum
1283 2955 1399 3013 dici
1432 2958 1645 3030 potest,
1679 2956 1870 3015 Deum
1890 2956 2238 3032 permittere
2259 2955 2498 3014 illorum
2518 2975 2794 3023 errorem,
2829 2955 2985 3013 sicut
3015 2973 3150 3013 eum

531 3045 801 3120 permisit
831 3044 894 3102 in
926 3044 1069 3114 illis,
1103 3044 1208 3118 qui
1240 3044 1509 3102 videntes
1531 3044 1833 3103 Christum
1865 3064 2137 3120 puerum,
2172 3063 2308 3104 eum
2339 3064 2558 3120 purum
2580 3044 2935 3119 judicabant
2964 3043 3149 3102 homi-

532 3153 693 3191 nem:
731 3134 889 3191 Deus
920 3134 1078 3190 enim
1110 3151 1230 3191 non
1260 3136 1502 3192 tenetur
1532 3151 1766 3192 omnem
1796 3134 2085 3209 impedire
2117 3152 2391 3195 errorem.
2452 3133 2659 3208 Neque
2689 3128 2753 3198 4.
2783 3133 3026 3191 illorum
3050 3133 3147 3208 ju-

535 3221 693 3279 dicia
723 3222 1054 3281 necessario
1088 3225 1233 3280 sunt
1262 3241 1520 3291 erronea,
1568 3239 1703 3281 cum
1739 3222 2123 3299 judiciorum,
2171 3241 2323 3298 quae
2355 3222 2753 3298 experientiae
2785 3223 3146 3290 innituntur,

536 3310 833 3368 certitudo
867 3314 1169 3386 supponat
1201 3311 1595 3387 hypothesim,
1643 3312 1804 3389 leges
1848 3313 2156 3370 naturales
2188 3311 2371 3370 fuisse
2405 3315 2696 3381 servatas;
2745 3311 2796 3369 si
2843 3311 3003 3369 enim
3046 3311 3152 3368 hac

535 3401 733 3473 spreta
763 3398 1036 3458 absolute
1059 3399 1401 3476 =judicamus
1435 3401 1508 3459 de
1541 3401 1734 3471 rebus,
1769 3401 2006 3459 errandi
2038 3401 2301 3475 periculo
2332 3418 2440 3458 nos
2472 3400 2857 3474 exponimus:
2904 3419 2973 3458 ea
3018 3416 3151 3457 vero

536 3487 716 3546 tacite
761 3489 1069 3564 supposita
1110 3485 1316 3569 (quam
1360 3490 1600 3565 quidem
1646 3489 1999 3565 plerumque
2043 3489 2418 3566 negligimus,
2466 3506 2601 3547 cum
2644 3488 2814 3548 nulla
2858 3489 3017 3547 adsit
3060 3488 3152 3545 vel

533 3579 814 3652 appareat
843 3578 1185 3654 suspicandi
1217 3579 1389 3649 ratio,
1425 3597 1739 3654 suspensas
1769 3578 1956 3637 fuisse
1999 3579 2109 3636 hoc
2153 3579 2218 3636 in
2263 3596 2403 3636 casu
2442 3578 2603 3654 leges
2637 3573 2907 3660 naturae)
2929 3577 3154 3654 judicia

536 3666 692 3725 circa
724 3666 1143 3725 eucharistiam
1177 3667 1251 3725 ab
1283 3685 1476 3727 errore
1509 3670 1653 3726 sunt
1683 3667 1988 3726 immunia.
2054 3668 2135 3725 Cf.
2172 3666 2698 3726 Guitmundus
2729 3668 2774 3738 I,
2812 3676 2889 3729 26
2925 3685 3004 3730 88.

718 3809 863 3873 384.
902 3804 1271 3874 Scholion.
1309 3804 1636 3889 Loquendi
1671 3808 1938 3889 requlae.
1960 3846 2046 3854 —
2067 3804 2338 3886 Cognita
2368 3806 2555 3886 hujus
2588 3806 2873 3886 mysterii
2903 3811 3154 3879 natura,

536 3910 789 3973 difficile
821 3930 952 3974 non
985 3912 1107 3976 erit
1140 3911 1458 3992 quasdam
1490 3917 1776 3975 statuere
1808 3911 2109 3992 loquendi
2138 3909 2391 3991 regulas
2423 3911 2595 3974 circa
2615 3908 2766 3973 illud
2786 3911 3155 3974 servandas,

540 4016 805 4098 Aliquas
830 4017 967 4098 J‘am
1000 4017 1461 4081 insinuavimus
1493 4037 1551 4080 n.
1588 4021 1732 4086 353.
1760 4023 1885 4086 357
1898 4023 1942 4079 4.
1976 4023 2122 4085 376.
2184 4017 2450 4099 Insuper

719 4141 779 4207 1.
816 4139 925 4204 illa
956 4139 1270 4224 loquendi
1300 4143 1464 4205 ratio
1498 4142 1831 4222 diligenter
1862 4148 1960 4206 est
1992 4142 2327 4218 servanda,
2361 4160 2552 4223 quarn
2586 4142 2858 4206 sancivit
2876 4141 3160 4206 Ecclesia

543 4248 676 4311 sive
709 4247 1109 4312 solemnibus
1141 4248 1688 4314 declarationibus
1720 4249 1853 4312 sive
1886 4249 2024 4330 ipso
2047 4268 2186 4325 usu.
2220 4255 2286 4313 et
2303 4267 2500 4330 quam
2520 4249 2932 4314 commendat
2963 4267 3157 4313 vene-

538 4352 746 4416 randa
776 4360 1035 4435 patrum
1071 4356 1439 4419 auctoritas,
1503 4354 1727 4419 Merito
1782 4354 1952 4419 enim
2000 4355 2222 4418 statuit
2253 4374 2300 4416 s,
2347 4354 2619 4434 Augus
2641 4354 2865 4418 tinus
2917 4354 2999 4418 de
3041 4354 3156 4417 civ,

541 4458 655 4522 Dei
686 4459 762 4535 X,
796 4465 914 4529 23:
954 4460 1234 4535 ‚Liberis
1266 4461 1480 4525 verbis
1513 4459 1864 4543 loquuntur
1895 4460 2279 4542 philosophi,
2323 4479 2442 4525 nec
2488 4461 2554 4523 in
2583 4460 2778 4525 rebus
2810 4461 2894 4524 ad
2926 4460 3158 4525 intelli-

538 4565 816 4646 gendum
848 4553 1230 4631 difficillimis
1267 4568 1691 4632 offensionem
1719 4566 2160 4647 religiosarum
2182 4568 2432 4630 aurium
2453 4567 2924 4648 pertimescunt.
2957 4566 3159 4630 Nobis

539 4677 754 4735 autem
788 4670 873 4736 ad
924 4679 1169 4736 certam
1217 4674 1507 4753 regulam
1550 4674 1724 4755 loqui
1776 4672 1871 4735 fas
1923 4679 2036 4750 est,
2067 4692 2150 4738 ne
2181 4672 2529 4737 verborum
2558 4671 2818 4736 licentia
2848 4673 3044 4738 etiam
3077 4672 3158 4737 de

539 4778 751 4855 rebuS,
785 4796 955 4860 quae
987 4779 1085 4841 his
1120 4779 1577 4859 significantur,
1612 4779 1873 4860 impiam
1894 4780 2110 4859 gignat
2129 4779 2553 4860 opinionem.‘
2593 4777 2805 4857 Quare
2825 4798 2957 4843 non
2977 4779 3160 4843 facile
