3538 5364
1591 330 1672 384 De
1697 329 1942 387 inferno.
2283 388 2288 391 ,
2325 349 2331 355 ’
2945 342 3076 407 603

453 519 796 581 sententiae
826 518 985 578 favet
1015 536 1151 577 cum
1183 517 1470 595 Magistro
1500 517 1540 576 l.
1574 528 1611 580 4
1646 516 1783 578 dist.
1805 526 1886 580 49
1922 517 2239 577 Thomas
2272 518 2335 576 in
2368 517 2518 577 hanc
2548 517 2604 579 d.
2637 538 2693 594 q.
2735 529 2758 581 1
2802 537 2852 578 a.
2888 530 2925 582 4
2961 520 3074 595 qcl.

464 622 520 682 1,
552 612 615 669 et
652 620 704 672 1.
740 618 774 671 2
810 627 877 683 q.-
901 617 939 670 4
972 626 1023 668 a.
1058 616 1127 671 5:
1162 606 1266 666 sed
1296 625 1367 666 ea
1395 606 1597 666 minus
1629 605 1919 684 probatur
1947 607 2431 666 Bellarmino
2463 606 2537 666 de
2568 610 2753 666 sanct.
2784 608 3076 668 beatitud.

456 700 499 762 1.
537 706 593 762 5.
656 696 997 759 Secundum
1027 715 1157 756 eam
1188 699 1393 756 tamen
1424 696 1705 772 explicari
1734 695 1957 773 poterit
1985 696 2468 768 Bernardus‚
2509 696 2610 772 qui
2643 697 2817 756 modo
2849 697 2959 756 Dei
2987 698 3076 757 vi-

459 788 685 848 sionem
716 788 1056 846 sanctorum
1086 785 1299 845 animis
1329 783 1661 857 concedere,
1695 784 1869 844 modo
1890 785 2178 862 denegare
2209 785 2480 858 videtur3
2512 804 2650 844 nam
2682 804 2854 851 serm.
2878 794 2956 850 87
2992 786 3078 845 ita

450 876 731 935 disserit:
767 875 880 945 ,In
911 875 1020 934 boc
1050 892 1193 951 ergo
1226 876 1391 934 statu
1423 873 1606 949 positi
1625 873 1817 933 sancti
1850 872 1998 952 (scil.
2016 877 2155 933 ante
2173 870 2700 956 resurrectionem)
2721 874 2923 935 bibere
2941 875 3077 951 qui-

449 965 594 1025 dem
612 967 886 1041 possunt,
919 964 1018 1023 sed
1038 963 1321 1023 inebriari
1339 981 1461 1022 non
1478 965 1748 1039 possunt,
1768 962 2050 1038 quoniam
2074 983 2109 1022 a
2128 963 2557 1040 perfectissima
2575 964 3077 1041 contemplatione

449 1054 789 1114 divinitatis
820 1051 1252 1130 quodammodo
1273 1052 1669 1125 retardantur,
1702 1052 1846 1111 dum
1868 1053 2063 1112 adbuc
2079 1052 2577 1113 resurrectionem
2597 1053 2857 1130 corporis
2876 1054 2943 1112 in
2960 1054 3078 1112 fine

454 1143 649 1203 seculi
681 1143 1127 1219 praestolantur
1142 1163 1157 1214 3
1172 1149 1201 1180 ¹
1235 1145 1298 1200 et
1326 1142 1477 1201 forte
1508 1141 1691 1200 etiam
1722 1141 1943 1200 clarius
1976 1159 2150 1200 serm.
2185 1151 2220 1205 3
2254 1142 2320 1201 in
2351 1141 2503 1201 festo
2535 1142 2800 1202 omnium
2822 1145 2917 1203 SS.
2938 1161 2996 1203 n.
3020 1152 3076 1205 3.

450 1232 543 1291 ef.
574 1232 956 1291 Mabillon
986 1231 1047 1290 in
1082 1232 1263 1308 praef.
1294 1229 1371 1289 ad
1401 1232 1531 1307 ejus
1564 1249 1738 1289 serm.
1756 1249 1816 1293 n.
1840 1239 2097 1294 20—23
2133 1233 2195 1289 et
2225 1230 2424 1291 adnot.
2456 1231 2532 1290 ad
2563 1249 2736 1290 serm.
2759 1240 2794 1294 2
2829 1231 2894 1290 in
2924 1231 3077 1291 festo

461 1320 732 1381 omnium
764 1320 863 1381 SS.
894 1339 953 1383 n.
978 1331 1036 1383 4.
1064 1319 1241 1380 Hunc
1270 1320 1337 1379 in
1369 1338 1610 1383 sensum
1644 1319 1901 1395 explicat
1931 1319 2307 1379 Julianus
2339 1320 2769 1396 Prognosticon
2803 1321 2841 1379 l.
2863 1329 2899 1383 2
2923 1339 2970 1381 c.
2994 1329 3075 1385 28

458 1410 640 1470 verba
669 1410 841 1469 Pauli
870 1408 1048 1469 Hebr.
1089 1421 1115 1473 l
1135 1422 1185 1482 l,
1223 1419 1304 1473 39
1340 1427 1416 1469 s.:
1456 1408 1535 1467 Et
1566 1409 1628 1467 hi
1656 1427 1851 1469 omnes
1882 1405 2056 1489 (justi
2086 1409 2155 1472 V.
2187 1404 2277 1491 T.)
2310 1410 2629 1469 testimonio
2656 1404 2799 1483 fidei
2823 1410 3074 1488 probati,

456 1518 572 1559 non
604 1505 944 1575 acceperunt
962 1500 1482 1574 repromissionem,
1516 1498 1641 1557 Deo
1668 1515 1783 1574 pro
1814 1498 1975 1557 nobis
2005 1499 2208 1557 melius
2237 1498 2462 1576 aliquid
2482 1499 2834 1575 providente,
2867 1506 2933 1558 ut
2963 1517 3079 1559 non

455 1590 582 1649 sine
608 1589 772 1648 nobis
800 1594 1359 1647 consummarentur.
1412 1587 1684 1646 Ceterum
1716 1586 1879 1647 hisce
1910 1587 2110 1646 verbis
2140 1587 2296 1646 illud
2326 1590 2564 1646 tantum
2597 1587 2895 1665 significat
2924 1589 3077 1648 Pau·

455 1678 558 1737 lus
595 1679 793 1755 justos
839 1676 903 1735 V.
949 1676 1011 1735 Τ.
1055 1695 1178 1735 non
1221 1679 1361 1735 ante
1406 1694 1628 1736 novum
1668 1676 2116 1735 Testamentum
2146 1675 2336 1735 fuisse
2378 1675 2454 1735 ad
2497 1675 2934 1737 beatitudinem
2973 1677 3078 1737 ad-

457 1767 685 1837 missos,
732 1764 836 1826 sed
866 1764 1149 1826 debuisse
1180 1768 1518 1842 exspectare
1548 1766 1621 1828 N.
1653 1765 1736 1835 T..
1783 1765 1848 1824 in
1892 1783 2010 1841 quo
2043 1765 2200 1841 justi
2243 1783 2350 1841 per
2380 1765 2600 1834 Christi
2628 1770 2883 1826 mortem
2913 1766 3078 1825 illico

448 1855 532 1914 ad
576 1855 1010 1915 beatitudinem
1040 1854 1464 1926 admittuntur,
1513 1854 1835 1913 dummodo
1867 1855 2099 1914 macula
2142 1854 2343 1930 aliqua
2387 1872 2463 1913 ne
2506 1853 2720 1914 obstet.
2751 1889 2839 1899 —-
2871 1852 2942 1919 (l.
2972 1855 3078 1913 Di-

460 1944 736 2022 stinguas
769 1944 1032 2002 stadium
1075 1943 1214 2002 fidei
1257 1943 1582 2020 implicitae
1613 1940 2120 2020 possessionisque
2152 1942 2424 2019 pacificae
2468 1948 2530 2002 et
2574 1944 2833 2003 stadium
2878 1944 3077 2020 inqui-

452 2034 718 2105 sitionis,
764 2032 952 2103 dubii,
996 2032 1363 2091 definitionis
1395 2032 1685 2092 Ecclesiae
1717 2028 1815 2113 (cf.
1845 2035 1888 2091 t.
1920 2033 1949 2090 I
1980 2052 2039 2095 n.
2079 2040 2234 2103 1373
2273 2026 2482 2115 149⁴).
2546 2033 2770 2092 Mirum
2799 2051 2929 2093 esse
2958 2051 3079 2093 non

465 2122 659 2194 debet,
692 2122 746 2182 si
775 2122 839 2179 in
871 2122 974 2180 illo
1006 2122 1192 2199 priori
1225 2120 1417 2181 stadio
1449 2125 1648 2197 patres
1680 2121 1939 2181 subinde
1969 2121 2172 2180 minus
2205 2124 2405 2180 exacte
2436 2122 2498 2181 et
2526 2122 2682 2180 clare
2715 2123 2840 2183 sint
2871 2123 3076 2193 locuti,

458 2211 565 2271 sed
595 2211 717 2271 fere
748 2229 978 2287 semper
1007 2210 1142 2270 aliis
1187 2210 1252 2270 in
1294 2210 1441 2270 locis
1479 2210 1698 2270 clarius
1729 2212 2065 2287 loquuntur
2094 2210 2388 2285 fidemque
2420 2210 2764 2270 catholicam
2797 2212 3077 2288 profiten—

450 2302 592 2373 tur3
625 2319 808 2377 quare
840 2318 909 2358 ex
940 2299 1035 2359 his
1067 2299 1418 2359 declaranda
1448 2303 1592 2359 sunt
1621 2299 1964 2359 testimonia
1992 2300 2346 2362 obscuriora.

644 2432 789 2486 647.
836 2418 1183 2489 Scholion
1221 2420 1324 2489 II.
1388 2425 1561 2485 Falso
1605 2424 1956 2497 affirmatur,
2002 2425 2040 2485 J
2057 2443 2377 2485 oannem
2408 2426 2585 2485 XXIL
2619 2425 2912 2499 docuisse,
2957 2426 3077 2485 imo

455 2512 735 2573 definisse
768 2513 1110 2589 oppositum
1139 2532 1414 2574 errorem.
1477 2514 1604 2573 Etsi
1647 2514 1806 2575 enim
1851 2515 1916 2573 in
1960 2515 2294 2592 oppositam
2326 2515 2664 2591 opinionem
2696 2513 3079 2591 propenderit

455 2598 530 2660 in
573 2602 715 2674 suis,
765 2620 912 2678 quas
944 2603 1171 2673 babuit,
1206 2602 1591 2663 concionibus
1623 2603 2063 2681 diligenterque
2095 2604 2404 2682 collegerit
2432 2604 2648 2675 omnia,
2696 2622 2849 2679 quae
2894 2603 2950 2662 ei
2992 2603 3076 2662 fae

460 2709 598 2751 vere
627 2692 1002 2763 videbantur,
1050 2693 1193 2752 adeo
1237 2695 1310 2752 ut
1357 2694 1716 2753 universitas
1760 2694 2109 2770 parisiensis
2154 2693 2459 2771 scripserit
2489 2689 2605 2775 (ap.
2638 2694 2983 2753 Martene
3012 2693 3077 2752 in

459 2780 742 2840 thesauro
773 2800 925 2840 novo
955 2782 1220 2841 anecdot.
1252 2783 1298 2853 1,
1350 2791 1517 2846 1383
1552 2800 1627 2847 ss.
1673 2782 1763 2842 ed.
1810 2783 1986 2860 paris.
2025 2781 2253 2864 1717):
2307 2783 2560 2854 ,Vestra
2608 2782 2895 2842 sanctitas
2939 2783 3076 2860 pul·

455 2869 750 2929 cherrime
780 2872 843 2929 et
874 2870 1264 2930 subtilissime
1296 2870 1516 2949 allegat
1545 2873 1607 2931 et
1652 2872 2036 2948 quamplures
2067 2872 2453 2932 auctoritates
2485 2872 2751 2943 adduxit,
2797 2871 2919 2931 imo
2964 2874 3076 2946 tot,

461 2961 611 3034 quot
640 2978 760 3018 non
789 2959 1167 3018 recordamur
1196 2978 1306 3019 nos
1338 2960 1556 3037 legisse
1587 2960 1746 3036 apud
1776 2961 2077 3022 doctorem
2096 2961 2429 3038 aliquem3‘
2460 2961 2691 3020 nullam
2719 2962 2921 3019 tamen
2951 2959 3077 3020 edi·

458 3047 552 3105 dit
595 3047 1148 3107 definitionem
1167 3093 1181 3120 ‚
1228 3050 1299 3107 ut
1342 3048 1543 3108 eadem
1589 3051 1852 3109 testatur
1879 3049 2240 3109 universitas
2269 3051 2309 3109 1.
2344 3066 2391 3114 0.
2423 3053 2484 3110 et
2512 3052 2682 3126 patet
2712 3067 2782 3108 ex
2815 3048 3078 3109 declara-

456 3136 622 3195 tione
652 3136 1069 3196 Benedicti
1100 3138 1227 3196 XII.
1257 3137 1322 3196 in
1352 3137 1717 3197 definitionis
1746 3137 1932 3198 bulla.
1995 3140 2122 3198 Imo
2155 3138 2221 3199 in
2252 3139 2468 3199 ultimo
2498 3139 2706 3199 morbo
2739 3138 3077 3215 opinionem

455 3224 625 3283 illam
655 3243 849 3284 coram
881 3225 1280 3285 cardinalibus
1312 3227 1613 3287 revocavit
1641 3228 1703 3286 et
1733 3227 2059 3286 doctrinam
2091 3229 2397 3303 professus
2427 3230 2523 3287 est
2554 3228 2902 3288 catholicam
2916 3223 2988 3311 1).

1590 3435 1963 3521 canutum

1523 3559 1627 3625 De
1673 3557 2026 3625 inferno.

647 3686 793 3752 648.
826 3682 1204 3747 Animarum
1234 3682 1301 3746 in
1334 3680 1537 3748 altera
1568 3683 1705 3747 vita
1736 3683 1924 3749 sedes
1954 3691 2376 3766 peragrantes
2408 3684 2491 3748 ab
2525 3684 2814 3748 omnium
2845 3684 3077 3750 tristis-

446 3785 623 3852 sima
655 3788 1029 3871 incipiemus
1063 3789 1143 3853 ad
1176 3787 1455 3854 laetiora
1486 3795 1719 3872 postea
1767 3788 2137 3872 profecturi.
2182 3790 2292 3855 ”De
2336 3790 2662 3855 inferno
2709 3789 2832 3854 tria
2877 3807 3078 3872 quae-

448 3900 720 3958 runtur:
753 3896 890 3977 eJus
922 3897 1444 3973 exsistentia,
1477 3915 1833 3979 poenarum
1879 3898 2254 3979 qualitas
2300 3904 2366 3963 et
2397 3896 2751 3961 duratio.
2815 3895 2949 3961 Usu
2979 3894 3077 3960 lo-

448 4000 701 4083 quendi
731 4001 964 4067 biblico
997 4010 1062 4069 et
1093 4001 1530 4069 eeclesiastico
1580 4022 1819 4069 nomen
1849 4003 2079 4069 inferni
2124 4004 2319 4091 (idem
2353 4004 2604 4068 dicatur
2633 4001 2714 4068 de
2746 4001 3079 4066 vocabulis

458 4107 633 4196 ᾅδης,
666 4104 911 4196 Sch0ol)
960 4110 1310 4190 quemlibet
1353 4111 1718 4175 animarum
1764 4109 1997 4189 locum,
2043 4118 2444 4177 mortuorum
2490 4108 2899 4183 domicilium,
2942 4108 3081 4174 sedi

446 4210 726 4280 coelesti
756 4216 1139 4296 oppositum,
1187 4216 1253 4281 in
1285 4235 1415 4300 quo
1447 4217 1704 4282 animae
1748 4218 1995 4283 visione
2039 4217 2340 4283 beatifica
2381 4224 2605 4284 carent
2647 4213 2750 4281 vel
2792 4215 3079 4279 nondum

448 4317 1143 4402 -fruuntunsignificare
1162 4323 1772 4405 potesthincetiam
1806 4325 2403 4407 purgatorium,
2433 4323 2782 4400 limbum,
2814 4322 3080 4386 sinum

682 4561 718 4629 ¹)
748 4556 830 4614 Cf.
858 4557 1200 4614 documenta
1225 4559 1561 4613 authentica
1586 4561 1703 4615 huc
1730 4561 2052 4630 spectantia
2076 4561 2235 4632 apud
2276 4561 2323 4615 D
2340 4578 2371 4617 e
2387 4561 2463 4615 ni
2481 4561 2537 4614 fl
2554 4576 2585 4613 e
2623 4559 2686 4615 in
2713 4560 3079 4615 Chartulario

456 4635 630 4709 paris.
657 4637 711 4692 11
735 4656 792 4708 p.
825 4646 848 4693 1
879 4654 1012 4709 pag.
1040 4645 1317 4699 414—42;
1356 4638 1537 4694 Fere
1554 4641 1581 4694 t
1617 4639 1696 4694 La
1724 4640 1942 4694 faculte
1981 4639 2051 4695 de
2079 4640 2392 4712 Theologie
2432 4639 2502 4694 de
2528 4639 2689 4694 Paris
2713 4639 2855 4694 1111.
2881 4647 2916 4698 3
2941 4658 2986 4696 c.
3016 4646 3078 4700 2:

454 4716 692 4772 ‘Pesch
715 4717 795 4772 lX
821 4736 878 4772 n.
905 4725 1038 4780 585;
1090 4718 1241 4788 Ray
1262 4718 1538 4773 naldus
1562 4718 1628 4773 in
1651 4716 1963 4774 annalibus
1988 4720 2123 4774 eccl.
2149 4720 2222 4774 ad
2250 4736 2302 4778 a.
2332 4724 2466 4777 1331
2496 4737 2597 4781 ss.;
2646 4719 2912 4774 Hefele
2939 4718 3079 4775 Con-

448 4795 822 4868 ciliengescb.
849 4797 946 4864 VI,
974 4805 1077 4856 522
1101 4816 1202 4859 ss.;
1231 4815 1337 4853 em.
1364 4798 1514 4857 card.
1541 4799 1927 4871 Hergenro
1943 4799 2021 4853 th
2037 4816 2112 4854 er
2136 4799 2580 4874 Kirchengesch.
2606 4802 2674 4855 11.
2706 4810 2752 4865 1,
2779 4808 2865 4856 21.
