3538 5364
563 239 641 304 78
1164 229 1350 284 Tract.
1376 229 1525 284 Vm.
1553 229 1622 284 de
1647 229 1852 300 gratia.
1880 229 2328 301 Exceptionibus
2355 230 2573 283 satisfit.

556 418 619 476 in
651 437 720 477 ea
749 417 971 475 milum
1002 419 1064 475 et
1092 415 1338 487 bonum,
1386 420 1448 475 et
1491 434 1612 475 non
1657 416 1959 475 confidens
2004 416 2069 474 in
2099 415 2325 474 virtute
2357 434 2466 475 sua
2495 415 2765 493 confugit
2795 416 2872 475 ad
2907 416 3196 493 gratiam,

559 527 678 583 qua
692 510 1038 583 praestante
1070 504 1549 564 declinetamalo
1564 509 1626 563 et
1642 505 1822 564 faciat
1851 505 2073 564 bonum
2093 527 2106 576 ;
2124 513 2151 542 ⁴¹
2169 504 2242 562 ad
2259 505 2706 581 simplicianum
2737 506 2775 568 l.
2816 518 2841 568 1
2887 524 2948 580 q.
2974 514 3011 566 2
3037 524 3100 564 n.
3126 513 3195 566 2:

561 636 587 665 ,
601 596 904 654 hominem
924 595 1074 654 bene
1108 594 1338 670 operari
1373 612 1491 652 non
1509 612 1703 670 posse,
1725 594 1846 653 nisi
1867 613 1973 669 per
1988 594 2161 653 fidem
2181 594 2432 671 gratiam
2451 596 2798 670 perceperit.
2819 594 3058 670 Incipit
3089 613 3197 652 au-

555 689 676 744 tem
708 686 881 743 homo
914 684 1211 760 percipere
1242 684 1515 760 gratiam,
1564 701 1635 742 ex
1672 701 1793 758 qno
1822 682 2041 760 incipit
2070 683 2192 742 Deo
2223 683 2518 742 credere.‘
2587 683 2779 752 Quare
2811 683 2866 741 si
2900 702 2948 742 s.
2983 682 3199 741 doctor

556 774 694 832 hinc
724 773 862 832 inde
894 773 1056 845 dicit,
1104 773 1356 851 gratiam
1388 772 1748 847 quibusdam
1781 773 1998 841 deesse,
2044 791 2169 831 non
2199 772 2342 831 licet
2371 772 2572 831 statim
2605 773 2842 841 inferre,
2894 791 3196 830 omnem

557 863 680 922 illis
727 863 929 921 deesse
977 863 1249 938 gratiam.
1317 861 1614 938 Supponit
1659 880 1891 937 semper
1937 863 2140 920 adesse
2187 862 2400 920 saltem
2443 862 2696 939 gratiam
2728 860 3044 924 orationis.
3114 860 3197 918 Cf.

555 952 798 1011 Faure
830 953 961 1027 ejus
994 951 1066 1010 ad
1101 951 1340 1014 Enchir.
1370 970 1427 1009 n.
1464 962 1537 1016 81
1580 969 1659 1013 ss.
1692 969 1896 1028 opusc.
1927 950 2079 1021 XVI,
2121 962 2239 1013 165
2276 970 2370 1013 an.

734 1036 797 1106 3.
833 1040 1137 1117 Distingui
1171 1040 1348 1098 debet
1377 1040 1534 1098 inter
1565 1040 1833 1118 gratiam,
1873 1060 2027 1116 quae
2059 1039 2294 1099 defectu
2325 1039 2754 1116 cooperationis
2784 1038 2997 1096 fructu
3031 1039 3198 1095 caret

556 1133 617 1189 et
662 1130 1088 1188 sufficiens
1135 1129 1249 1189 dici
1295 1130 1475 1195 solet;
1524 1137 1586 1187 et
1631 1149 1778 1201 eam,
1827 1148 1979 1206 quae
2024 1133 2371 1205 cooperante
2410 1129 2598 1187 libero
2630 1128 2883 1185 arbitrio
2919 1127 3195 1185 fructum

555 1218 715 1295 parit
744 1219 976 1289 salutis,
1010 1224 1189 1294 atque
1222 1218 1510 1277 efficax
1544 1218 1781 1282 dicitur,
1845 1218 1931 1278 De
1976 1219 2082 1276 hac
2110 1237 2232 1277 non
2265 1219 2393 1277 sine
2423 1218 2655 1276 ratione
2687 1216 3056 1292 plerumque
3089 1234 3197 1291 pa-

554 1314 679 1367 tres
711 1309 1075 1383 loquuntur3
1109 1308 1260 1365 hanc
1290 1307 1567 1382 pluribus
1597 1307 1821 1378 deesse,
1856 1307 1961 1366 sed
1991 1307 2261 1382 ipsorum
2291 1308 2483 1383 culpa,
2520 1306 2923 1367 concedimus.

732 1392 802 1459 4.
837 1395 1146 1473 Distingui
1177 1395 1355 1454 debet
1385 1396 1543 1454 inter
1572 1396 1751 1455 dare
1782 1397 2033 1473 gratiam
2081 1400 2143 1455 et
2186 1396 2468 1454 habere
2513 1396 2611 1453 vel
2641 1395 3006 1471 accipere
3054 1412 3195 1470 gra-

554 1486 732 1545 tiam:
777 1486 931 1544 illud
966 1486 1154 1545 solius
1186 1487 1281 1543 est
1310 1484 1434 1554 Dei,
1470 1485 1578 1545 hoc
1607 1486 1788 1544 etiam
1819 1485 2093 1549 hominis.
2161 1485 2486 1563 ,Accipere
2519 1484 2756 1561 quippe,
2790 1483 3005 1559 inquit
3035 1486 3191 1540 Au-

555 1575 933 1651 gustinus
980 1575 1052 1632 de
1097 1573 1237 1649 spir.
1284 1575 1347 1631 et
1390 1574 1479 1631 lit.
1512 1593 1569 1635 n.
1606 1586 1706 1645 60,
1753 1578 1816 1633 et
1859 1575 2074 1633 habere
2106 1574 2302 1632 anima
2331 1592 2453 1632 non
2485 1578 2683 1650 potest
2714 1574 2856 1632 haec
2890 1573 3069 1641 dona,
3118 1570 3192 1629 de

556 1663 778 1739 quibus
825 1664 934 1722 hoc
979 1662 1151 1722 audit
1197 1658 1363 1743 (quid
1406 1663 1578 1722 habes
1621 1665 1774 1740 quod
1817 1682 1932 1721 non
1979 1664 2246 1738 accepisti
2286 1674 2336 1725 l.
2370 1663 2495 1721 Cor.
2531 1673 2588 1733 4,
2627 1658 2709 1742 7),
2762 1662 2881 1721 nisi
2936 1679 3190 1719 consen-

556 1752 789 1821 tiendo;
838 1771 904 1811 ac
949 1771 1055 1828 per
1091 1753 1201 1810 hoc
1234 1751 1378 1828 quid
1412 1752 1626 1810 habeat
1656 1757 1719 1811 et
1750 1752 1894 1827 quid
1929 1752 2194 1827 accipiat,
2230 1752 2337 1811 Dei
2370 1754 2480 1810 est.
2546 1753 2829 1828 Accipere
2874 1752 3087 1809 autem
3133 1750 3196 1807 et

554 1840 771 1900 habere
801 1842 1015 1917 utique
1046 1840 1391 1916 accipientis
1423 1844 1484 1900 et
1512 1841 1786 1900 habentis
1816 1844 1967 1901 est.‘
2017 1845 2199 1903 Serm.
2237 1850 2358 1904 165
2394 1860 2452 1900 n.
2494 1853 2542 1903 l.
2581 1850 2648 1902 2:
2700 1839 2900 1909 ,Quia
2924 1842 3002 1897 ut
3036 1839 3197 1897 Dens

556 1929 704 1988 velit
735 1930 892 2001 dare,
941 1930 1120 1988 debes
1166 1932 1228 1987 et
1270 1932 1342 1988 tu
1386 1929 1458 1988 ad
1506 1930 1919 2006 accipiendum
1951 1931 2321 1989 voluntatem
2353 1929 2805 1992 accommodare.
2879 1926 3193 1997 Quomodo

554 2019 647 2077 vis
697 2020 957 2094 accipere
1006 2019 1260 2095 gratiam
1304 2018 1541 2078 divinae
1585 2020 1892 2092 bonitatis,
1946 2021 2048 2096 qui
2099 2019 2298 2078 sinum
2345 2037 2466 2078 non
2515 2019 2708 2095 aperis
2759 2016 3190 2077 voluntatis?‘

553 2108 730 2166 Enar.
769 2117 803 2169 2
841 2108 906 2166 in
937 2108 1033 2168 Ps.
1070 2117 1138 2177 2;
1185 2126 1376 2177 serm.,
1424 2109 1597 2183 cujus
1627 2108 2031 2186 fragmentum
2075 2112 2268 2167 exstat
2310 2111 2354 2171 t.
2392 2119 2425 2171 5
2466 2107 2556 2168 ed.
2588 2108 2764 2184 paris.
2798 2126 2943 2184 pag.
2985 2115 3191 2169 1151:

558 2195 904 2272 ,Quidquid
940 2196 1112 2255 nobis
1136 2197 1406 2272 jubetur,
1441 2199 1730 2257 orandum
1763 2202 1874 2270 est,
1910 2202 1981 2257 ut
2011 2198 2359 2272 impleatur3
2409 2196 2509 2255 sed
2541 2216 2661 2255 non
2707 2197 2808 2268 sic,
2857 2204 2938 2255 ut
2984 2194 3192 2253 dimit-

555 2289 751 2343 tamus
796 2304 903 2344 nos
950 2290 1012 2345 et
1056 2286 1350 2360 quomodo
1395 2288 1558 2363 aegri
1583 2290 1885 2362 jaceamus
1920 2286 2123 2363 supini
2169 2290 2231 2344 et
2274 2286 2569 2344 dicamus:
2615 2285 2795 2344 Pluat
2824 2285 2995 2344 Deus
3029 2301 3190 2342 escas

557 2392 739 2450 super
760 2373 932 2433 facies
951 2379 1207 2446 nostras,
1241 2380 1311 2434 ut
1344 2394 1586 2452 prorsus
1620 2395 1726 2435 nos
1757 2376 1911 2442 nihil
1943 2394 2115 2453 agere
2136 2374 2418 2433 velimus:
2453 2378 2515 2433 et
2546 2394 2682 2433 cum
2715 2393 2847 2433 esca
2877 2373 3193 2449 compluta

557 2462 742 2521 fuerit
771 2482 949 2540 super
980 2483 1047 2523 os
1079 2467 1368 2535 nostrum,
1418 2465 1683 2524 dicamus
1731 2465 1943 2524 etiam:
1991 2465 2151 2522 Deus
2184 2464 2406 2542 glutiat
2450 2464 2522 2522 de
2567 2463 2754 2522 nobis.
2821 2461 3082 2539 Aliquid
3128 2463 3192 2519 et

555 2570 665 2610 nos
697 2571 870 2628 agere
903 2553 1206 2632 debemus,
1239 2554 1480 2613 studere
1513 2555 1814 2625 debemuS,
1863 2553 2058 2613 conari
2091 2552 2390 2622 debemm,
2438 2556 2500 2612 et
2531 2553 2593 2611 in
2625 2571 2695 2611 eo
2726 2553 2956 2630 gratias
2991 2568 3186 2628 agere,

555 2641 621 2700 in
651 2660 770 2717 quo
801 2642 1205 2717 potuerimus:
1251 2643 1312 2701 in
1358 2661 1478 2720 quo
1510 2662 1630 2702 non
1662 2643 2053 2719 potuerimuS,
2087 2650 2311 2702 orare.‘
2380 2642 2506 2711 Quo
2539 2659 2723 2702 sensu
2753 2642 2935 2701 etiam
2971 2639 3187 2701 scribit

553 2732 969 2789 Anselmus
1014 2732 1087 2790 de
1133 2751 1274 2791 casu
1320 2732 1471 2790 diab.
1518 2751 1563 2790 c.
1601 2743 1669 2794 4:
1720 2734 1921 2802 ,Deus
1954 2732 2087 2790 ideo
2119 2751 2240 2791 non
2272 2732 2436 2791 dedit
2466 2732 2995 2809 (perseverantiam
3028 2729 3184 2788 malo

554 2817 811 2902 angelo),
847 2821 991 2896 quia
1021 2821 1125 2878 illa
1156 2840 1272 2879 non
1305 2821 1558 2897 accepit3
1593 2825 1655 2880 et
1685 2821 1816 2880 ideo
1849 2837 1968 2879 non
2000 2822 2241 2896 accepit,
2276 2822 2416 2896 quia
2437 2820 2698 2896 accipere
2718 2821 2935 2884 noluit.
2954 2828 2983 2858 ‘
3024 2819 3184 2895 Ergo

554 2928 622 2967 ex
655 2928 738 2980 eo,
788 2911 944 2984 quod
978 2928 1096 2968 non
1130 2928 1332 2968 omnes
1366 2910 1665 2983 accipiunt
1694 2911 1789 2968 vel
1821 2929 1941 2968 non
1970 2909 2192 2969 habent
2222 2911 2491 2986 gratiam,
2539 2928 2661 2968 non
2705 2910 3003 2984 sequitur,
3053 2925 3185 2964 eam

553 2998 699 3072 ipsis
731 3016 850 3056 non
883 2998 1096 3057 offerri.
1146 2998 1435 3057 Similiter
1454 2999 1750 3076 distingui
1783 2999 1961 3057 debet
1989 2998 2148 3057 inter
2177 3018 2297 3058 non
2329 2998 2692 3074 adjuvari
2724 2999 2922 3075 gratia
2954 3000 3017 3056 et
3049 3015 3184 3072 gra-

555 3086 699 3145 tiam
733 3086 957 3145 deess
976 3105 1041 3156 e;
1075 3106 1247 3145 nemo
1279 3088 1435 3146 enim
1458 3090 1698 3164 proprie
1717 3088 2053 3163 adjuvatur,
2087 3088 2205 3146 nisi
2238 3088 2365 3164 ipse
2397 3091 2770 3163 cooperetur3
2806 3087 2856 3145 si
2887 3105 3032 3145 vero
3065 3103 3184 3143 non

557 3179 926 3250 cooperatur,
961 3194 1029 3235 ac
1059 3176 1309 3251 proinde
1339 3195 1458 3234 non
1490 3177 1830 3253 adiuvatur,
1865 3195 1984 3235 non
2018 3177 2296 3252 sequitur
2325 3177 2530 3235 deesse
2561 3176 2680 3252 ipsi
2709 3176 2987 3252 gratiam.

735 3259 802 3325 5.
838 3265 982 3322 Cum
1015 3265 1268 3323 desertio
1301 3284 1367 3323 ex
1397 3270 1566 3341 parte
1598 3266 1705 3324 Dei
1736 3266 1801 3324 in
1834 3264 2239 3324 subtractione
2260 3265 2545 3324 consistat
2574 3265 2816 3342 gratiae,
2851 3266 2996 3324 haec
3026 3263 3183 3322 mul-

551 3352 740 3427 tiplex
771 3353 851 3411 sit
880 3353 1221 3430 gradusque
1252 3354 1544 3426 admittat,
1578 3354 1837 3414 desertio
1869 3354 2044 3413 etiam
2079 3355 2185 3412 Dei
2218 3355 2487 3413 admittit
2534 3355 2774 3431 gradus.
2820 3352 3184 3429 Praecipites

555 3459 693 3517 ergo
740 3445 900 3512 sunt,
952 3443 1057 3522 qui
1102 3461 1169 3501 ex
1216 3461 1303 3514 eo,
1355 3444 1513 3520 quod
1560 3444 1833 3522 legimus,
1886 3445 2074 3503 Deum
2120 3444 2354 3519 aliquos
2402 3444 2689 3513 deserere,
2740 3443 3031 3514 inferunt,
3084 3458 3184 3499 eos

555 3531 757 3588 omni
789 3530 1033 3589 destitui
1067 3532 1276 3608 gratia.
1342 3533 1572 3610 Legant
1601 3534 1806 3610 potius
1840 3532 2277 3609 Augustini
2308 3532 2491 3590 verba
2520 3552 2579 3590 n.
2615 3541 2685 3597 81
2708 3532 2752 3594 ³.

733 3617 800 3680 6.
837 3620 1056 3679 Verum
1089 3624 1183 3679 est
1212 3621 1389 3679 fidem
1421 3641 1550 3681 esse
1584 3623 1797 3682 salutis
1818 3621 2078 3692 initium,
2113 3622 2216 3680 sed
2248 3625 2629 3698 praepostere
2659 3619 2872 3679 exinde
2903 3619 3181 3688 infertur,

557 3710 693 3765 ante
725 3707 901 3767 fidem
933 3709 1159 3768 nullam
1194 3710 1434 3769 omnino
1455 3712 1707 3771 conferri
1729 3711 2001 3788 gratiam.
2033 3710 2162 3769 Nisi
2193 3711 2352 3769 enim
2384 3712 2579 3788 gratia
2609 3710 2783 3769 fidem
2814 3708 3178 3785 praeveniat,

555 3798 724 3854 actus
755 3797 889 3856 fidei
924 3799 1058 3856 elici
1091 3818 1209 3858 non
1242 3802 1473 3875 potest3
1506 3800 1758 3876 ideoque
1791 3800 2106 3858 damnatae
2139 3803 2285 3858 sunt
2305 3818 2474 3876 prop.
2507 3799 2811 3869 Quesnelli
2835 3807 2947 3859 26:
2990 3796 3179 3865 ‚Nul-

555 3884 645 3943 lae
679 3885 899 3945 dantur
928 3888 1158 3964 gratiae
1188 3888 1303 3946 nisi
1336 3907 1443 3963 per
1473 3888 1722 3960 fidem;‘
1777 3898 1854 3951 27
1877 3909 1889 3945 ε
1941 3889 2156 3957 ,Fides
2203 3892 2295 3947 est
2329 3889 2522 3964 prima
2551 3889 2750 3965 gratia
2778 3891 2841 3946 et
2870 3886 3003 3945 fons
3035 3887 3179 3945 alia·

553 3982 764 4043 rum;‘
804 3984 917 4038 29:
954 3976 1176 4044 ,Extra
1205 3977 1529 4036 Ecclesiam
1558 3979 1730 4036 nulla
1758 3977 2106 4036 conceditur
2135 3977 2404 4054 gratia;‘
2438 3996 2606 4053 prop.
2644 3987 2722 4040 22
2759 3995 2889 4052 syn.
2921 3977 3044 4052 pis
3063 3981 3177 4033 to-

553 4058 868 4124 r'iensiS.
933 4065 1107 4124 Fides
1139 4066 1295 4124 enim
1331 4085 1506 4125 suum
1540 4067 1720 4125 habet
1750 4066 2013 4138 initium,
2061 4086 2168 4125 sua
2203 4066 2490 4144 germina,
2538 4085 2706 4125 suam
2738 4066 3179 4142 conceptionem

555 4154 616 4210 et
647 4171 935 4222 auroram,
972 4172 1123 4228 quae
1155 4155 1344 4231 prima
1376 4156 1626 4215 salutari
1660 4156 1882 4214 mentis
1902 4155 2320 4225 illustratione,
2356 4173 2474 4229 qua
2495 4155 2652 4214 Deus
2684 4155 2759 4213 ad
2791 4173 2890 4214 cor
2921 4151 3176 4213 hominis

554 4241 842 4314 loquitur,
876 4243 1232 4303 continetur.
1290 4245 1370 4304 cf.
1404 4245 1733 4320 Ripalda
1762 4245 1817 4304 d.
1855 4252 1935 4308 63
1970 4263 2014 4302 s·
2052 4253 2118 4314 2;
2151 4244 2207 4302 d.
2246 4253 2324 4308 20
2360 4262 2405 4303 s.
2446 4252 2521 4307 17
2555 4264 2614 4303 n.
2650 4253 2746 4307 78.
2809 4244 2947 4304 Ideo
2978 4244 3176 4302 autem

555 4331 747 4388 omnis
779 4330 1106 4392 illustratio
1137 4333 1482 4393 intellectus
1514 4335 1587 4392 ad
1618 4335 1868 4411 gratiam
1902 4332 2134 4407 fidei,
2181 4333 2339 4392 sicut
2382 4333 2574 4392 omnis
2619 4333 2932 4410 inspiratio
2964 4332 3175 4391 volun-

553 4419 701 4476 tatis
748 4418 821 4477 ad
871 4422 1243 4481 caritatis
1287 4424 1540 4500 gratiam
1588 4428 1788 4499 potest
1831 4421 2110 4492 revocari,
2158 4422 2299 4494 quia
2343 4423 2536 4480 omnis
2581 4422 2908 4482 illustratio
2939 4422 3173 4480 demum

554 4508 751 4566 tendit
782 4508 854 4567 ad
887 4510 1300 4582 inducendam,
1333 4511 1694 4590 gignendam
1726 4512 2156 4585 fovendamque
2191 4511 2396 4582 fidem3
2444 4511 2601 4570 sicut
2629 4511 2822 4570 omnis
2854 4506 3175 4571 voluntatis

554 4594 868 4671 inspiratio
918 4599 991 4658 ad
1040 4600 1412 4660 excitandum
1460 4601 1724 4660 caritatis
1769 4603 1971 4678 ignem
2016 4599 2311 4675 illumque
2357 4600 2677 4660 fovendum
2724 4599 3174 4677 augendumque

554 4685 787 4761 aspirat.
