3538 5364
578 248 664 311 34
1114 238 1298 293 'I'rac-t.
1327 238 1473 292 Vlll.
1499 239 1570 292 de
1596 238 1802 310 gratia.
1828 238 2027 293 'rhesis
2054 238 2396 294 CLXXVIII.
2423 239 2655 294 Gratiae

578 426 819 496 scentia,
855 425 959 485 sed
993 424 1349 500 impotentia
1379 425 1623 502 physica
1653 426 1947 483 humanae
1978 428 2227 484 naturae
2259 426 2331 483 ad
2363 430 2531 484 actus
2564 426 2875 495 salutares,
2919 426 3054 484 hinc
3094 446 3195 484 ne·

575 515 847 574 cessitate
878 515 1051 589 quasi
1080 514 1244 573 radi
1265 514 1418 572 cali
1464 518 1525 572 et
1555 514 2015 573 fundamentali:
2063 514 2313 590 ideoque
2344 533 2473 573 eam
2504 516 2896 574 necessariam
2928 533 3059 574 esse
3089 534 3194 574 ne·

575 605 849 663 cessitate
880 604 1388 662 antecedenti
1419 603 1629 662 Adami
1663 604 1914 679 lapsum,
1956 621 2075 662 non
2106 606 2346 662 tantum
2376 605 2745 675 necessitate,
2778 623 2931 680 quae
2963 605 3198 680 lapsum

576 693 776 770 ipsum
810 693 893 752 sit
923 696 1254 764 consecuta,
1289 696 1348 751 et
1378 692 1733 752 necessitate
1765 693 1941 768 plane
1973 692 2439 755 universali.

755 819 857 883 39.
893 813 1467 882 Demonstratio.
1501 812 1676 877 Haec
1708 812 2006 877 doctrina
2037 812 2300 877 omnino
2335 810 2659 876 catholica
2689 812 3003 893 probatur

760 922 822 988 1.
857 918 1184 984 corollarii
1213 919 1427 984 modo.
1461 918 1627 982 Nam
1658 920 1796 984 sine
1829 939 1928 996 e0,
1978 919 2152 1002 quod
2197 925 2298 985 est
2328 917 2659 983 moraliter
2689 924 2942 984 tantum
2973 936 3199 985 neces-

577 1028 833 1103 sarium,
867 1033 1081 1108 potest
1112 1026 1352 1109 aliquid
1382 1026 1531 1090 hinc
1560 1026 1709 1090 inde
1741 1025 1893 1091 fieri.
1936 1027 2131 1109 Atqui
2162 1026 2407 1109 absque
2437 1025 2645 1107 gratia
2675 1023 2884 1089 nihil
2915 1023 3199 1089 salutare

574 1132 709 1199 fieri
741 1139 970 1215 potest.
1003 1133 1168 1214 Ergo
1200 1152 1334 1196 non
1368 1139 1466 1199 est
1494 1139 1746 1197 tantum
1780 1131 2113 1199 moraliter
2142 1134 2525 1199 necessaria.
2590 1130 2719 1197 Seu
2766 1131 2909 1196 aliis
2954 1131 3199 1196 verbis:

575 1238 644 1305 Si
674 1242 882 1321 gratia
913 1245 1013 1306 est
1041 1239 1409 1305 necessaria
1439 1245 1690 1303 tantum
1738 1245 2001 1321 propter
2050 1237 2610 1321 concupiscentiae
2656 1238 2973 1314 morbum,
3009 1238 3199 1303 toties

577 1366 657 1413 ea
688 1367 817 1412 non
849 1347 1291 1428 indigebimuS,
1311 1346 1564 1430 quoties
1584 1348 2105 1429 concupiscentia
2125 1366 2255 1411 non
2275 1345 2628 1428 pulsamur.
2662 1346 2856 1429 Atqui
2874 1364 3006 1410 non
3027 1366 3198 1412 sem-

574 1474 689 1537 per
723 1453 1280 1535 concupiscentiae
1312 1460 1499 1519 aestu
1530 1452 1925 1518 laboramus.
1988 1453 2152 1533 Ergo
2199 1471 2332 1516 non
2377 1471 2630 1534 semper
2675 1452 2759 1514 ad
2794 1471 2994 1534 opera
3024 1450 3198 1516 salu-

578 1562 746 1625 taria
775 1560 1202 1641 indigeremus
1234 1561 1458 1641 gratia,
1491 1560 1665 1643 quod
1698 1560 2085 1626 adversatur
2115 1557 2434 1624 catholico
2469 1559 2770 1640 dogmati.

756 1688 819 1755 ⁶2..
851 1684 1185 1749 Accedunt
1215 1683 1536 1750 Ecclesiae
1568 1685 1937 1750 sanctiones
1979 1691 2366 1768 patrumque
2399 1685 2610 1762 effata,
2643 1684 2873 1767 quibus
2905 1682 3201 1763 rejiciunt

575 1791 966 1858 sententiam
996 1790 1482 1873 pelagianorum
1516 1791 1595 1857 de
1627 1790 1859 1857 morali
1891 1792 2136 1873 gratiae
2169 1792 2571 1858 necessitate.

753 1941 846 1998 Ita
876 1958 1034 2003 conc.
1065 1940 1677 2017 carthaginense
1708 1960 1759 1998 a.
1796 1949 1920 2004 418
1955 1958 2080 2001 can.
2118 1950 2185 2003 5:
2223 1938 2622 2014 ,Quicunque
2654 1938 2891 2007 dixerit,
2926 1936 3059 1995 ideo
3090 1954 3224 1994 no·

576 2030 671 2088 bis
702 2030 957 2106 gratiam
981 2029 1428 2104 justificationis
1461 2030 1606 2101 dari,
1639 2031 1711 2088 ut
1742 2029 1901 2105 quod
1932 2028 2122 2088 facere
2153 2048 2260 2105 per
2287 2029 2543 2088 liberum
2560 2028 2878 2087 arbitrium
2891 2026 3196 2102 jubemur,

575 2119 691 2177 fac
708 2119 859 2176 iliu
876 2137 902 2177 s
949 2118 1240 2194 possimus
1270 2119 1517 2195 implere
1559 2137 1667 2195 per
1709 2118 1982 2195 gratiam,
2028 2121 2352 2194 tamquam,
2398 2119 2511 2178 etsi
2558 2117 2753 2195 gratia
2783 2135 2902 2174 non
2935 2115 3195 2183 daretur,

576 2226 695 2265 non
728 2208 967 2281 quidem
1000 2206 1188 2278 facile,
1223 2207 1326 2266 sed
1356 2210 1558 2266 tamen
1579 2207 1881 2283 possimus
1913 2207 2038 2267 sine
2069 2208 2176 2266 illa
2205 2207 2453 2284 implere
2484 2208 2688 2266 divina
2716 2205 3022 2264 mandata:
3056 2221 3196 2261 ana-

576 2298 778 2355 thema
810 2298 960 2365 sit3‘
996 2299 1057 2354 et
1087 2315 1134 2354 s.
1166 2296 1662 2373 Augustinus
1694 2315 1790 2371 op.
1811 2297 2131 2371 imperf.11‚
2176 2308 2327 2360 198:
2363 2296 2653 2365 ,Christe,
2686 2293 2996 2370 responde,
3029 2293 3196 2350 vince

578 2390 758 2460 atque
790 2384 1092 2455 convince,
1126 2386 1344 2444 clama:
1394 2386 1531 2445 Sine
1560 2404 1647 2443 me
1677 2385 1825 2443 nihil
1851 2388 2086 2460 potestis
2116 2387 2308 2459 facere
2337 2384 2401 2461 (J
2403 2404 2529 2443 oan.
2571 2396 2667 2456 15,
2706 2382 2798 2459 5);
2840 2386 2914 2441 ut
2943 2385 3193 2451 taceant,

577 2476 682 2549 qui
715 2475 1000 2533 clamant:
1042 2474 1175 2532 Etsi
1206 2474 1527 2546 difficilius,
1560 2477 1761 2532 tamen
1793 2492 2112 2550 possumus
2144 2477 2207 2532 et
2238 2475 2366 2533 sine
2395 2479 2457 2532 te
2487 2475 2708 2542 sacere3
2757 2475 2864 2530 aut
2909 2472 2960 2529 si
3005 2477 3198 2529 tacere

578 2582 698 2622 non
731 2568 1000 2639 possunt,
1035 2564 1260 2638 seipsos
1290 2563 1353 2621 in
1384 2563 1641 2621 latebras
1671 2563 1905 2637 aliquas
1937 2562 2176 2631 ducant,
2211 2567 2282 2622 ut
2313 2563 2462 2622 alios
2494 2582 2612 2622 non
2645 2561 2988 2621 seducant·¹¹

756 2704 819 2769 3.
854 2701 1164 2766 Doctrina
1193 2707 1291 2766 est
1320 2707 1595 2781 patrum,
1628 2698 1730 2764 vel
1760 2701 1915 2783 ipsis
1948 2700 2193 2783 angelis
2226 2709 2291 2767 et
2321 2699 2906 2783 protoparentibuS,
2938 2701 3045 2783 qui
3077 2699 3197 2761 im-

573 2827 802 2873 munes
834 2815 1020 2873 erant
1054 2827 1094 2873 a
1124 2806 1664 2888 concupiscentia,
1696 2807 2135 2872 necessariam
2167 2807 2362 2873 fuisse
2394 2808 2664 2888 gratiam
2684 2807 2769 2871 ad
2789 2825 2993 2890 opera
3022 2805 3197 2870 salu-

573 2917 739 2980 taria
772 2917 856 3002 (n.
894 2920 975 2983 37
986 2917 1057 3002 4).
1093 2913 1627 2995 Concupiscentia
1660 2931 1812 2993 ergo
1846 2933 1978 2978 non
2010 2921 2111 2980 est
2141 2916 2367 2979 unicus
2399 2921 2464 2980 et
2496 2914 2896 2997 adaequatus
2917 2914 3059 2977 fons
3080 2932 3196 2977 ne-

571 3022 889 3086 cessitatis
920 3022 1180 3102 gratiae.

749 3146 816 3213 4.
853 3144 1079 3209 Patres
1114 3146 1359 3224 gratiae
1391 3147 1844 3211 necessitatem
1892 3145 2276 3226 absolutam,
2318 3148 2668 3230 physicam,
2715 3165 2797 3211 ex
2827 3164 3044 3212 rerum
3076 3162 3195 3207 na-

571 3258 717 3316 tura
763 3251 1065 3315 obortam
1114 3250 1629 3316 similitudinibus
1676 3253 1875 3319 etiam
1907 3252 2242 3318 illustrant.
2306 3254 2554 3320 Docent
2600 3255 2769 3320 enim
2800 3254 2892 3316 ita
2924 3252 3193 3332 gratiam

572 3378 714 3424 esse
748 3359 1186 3424 necessariam
1219 3358 1302 3422 ad
1334 3357 1701 3425 salutariter
1734 3361 2073 3441 agendum,
2118 3362 2285 3425 sicut
2329 3360 2436 3426 lux
2469 3361 2551 3424 ad
2582 3360 2943 3435 vivendum,
2977 3359 3194 3422 anima

571 3466 654 3529 ad
687 3466 974 3547 corporis
1015 3466 1214 3529 vitam
1248 3466 1414 3552 (pag.
1449 3472 1489 3536 2
1523 3467 1625 3553 a.),
1658 3467 1876 3549 pluvia
1908 3467 2192 3548 frugibus
2227 3475 2454 3544 terrae,
2486 3469 2652 3532 sicut
2683 3465 2827 3531 alae
2857 3466 3194 3548 requirun-

569 3578 674 3636 tur
704 3572 789 3635 ad
820 3570 1168 3635 volandum
1200 3578 1318 3637 etc,

754 3719 1307 3790 ,Quemadmodum
1341 3721 1485 3793 avis,
1519 3721 1605 3779 ita
1634 3721 2017 3780 Macarius
2050 3722 2243 3781 senior
2262 3721 2415 3782 hom.
2441 3729 2540 3791 32,
2578 3721 2629 3779 si
2659 3721 2895 3778 unicam
2919 3719 3198 3778 habuerit

576 3809 747 3877 alam,
783 3829 851 3868 ea
883 3809 1010 3867 sola
1040 3809 1237 3868 volare
1270 3811 1514 3885 nequit:
1549 3811 1634 3868 sic
1666 3829 1905 3887 quoque
1926 3813 2184 3869 humana
2207 3813 2437 3880 natura,
2471 3810 2522 3868 si
2553 3809 2717 3868 nuda
2749 3809 2940 3883 quoad
2976 3827 3038 3866 se
3071 3828 3193 3866 ma-

572 3901 712 3956 neat
756 3903 816 3957 et
862 3917 981 3956 non
1017 3898 1266 3974 recipiat
1296 3899 1769 3959 commixtionem
1817 3901 1878 3958 et
1922 3900 2393 3958 communionem
2426 3899 2696 3957 coelestis
2731 3901 2994 3968 naturae,
3042 3897 3197 3955 nihil

574 3987 750 4045 laude
782 3988 1033 4063 dignum
1066 3986 1308 4046 efficit-..⁴1
1331 4021 1416 4031 —
1440 3987 1817 4046 Irenaeus
1849 3987 1917 4057 V,
1963 4000 2069 4050 10:
2106 3988 2656 4058 ,Quemadmodum
2687 3989 2957 4057 oleaster,
2992 3987 3042 4044 si
3074 4005 3194 4045 non

571 4077 864 4153 percipiat
884 4076 1287 4148 insertionem,
1321 4081 1665 4152 perseverat
1684 4078 1922 4136 inutilis
1955 4096 2062 4137 suo
2094 4078 2330 4137 domino
2363 4096 2470 4152 per
2501 4096 2668 4136 suam
2689 4077 3026 4135 silvestrem
3049 4094 3195 4151 qua-

573 4165 819 4235 litatem,
854 4170 916 4224 et
947 4166 1118 4241 quasi
1151 4166 1587 4225 infructuosum
1612 4166 1847 4242 lignum
1867 4166 2159 4226 exciditur
2191 4170 2252 4224 et
2281 4168 2345 4225 in
2378 4167 2579 4242 ignem
2610 4166 2876 4224 mittitur
2907 4163 3004 4246 (cf.
3025 4165 3194 4227 Joan.

580 4265 677 4324 15,
716 4252 812 4333 6):
861 4255 944 4312 sic
990 4257 1051 4312 et
1095 4255 1267 4314 homo
1304 4274 1424 4314 non
1456 4274 1765 4315 assumens
1799 4274 1906 4331 per
1936 4255 2112 4314 fidem
2145 4257 2407 4333 Spiritus
2438 4255 2825 4314 insertionem
2856 4257 3198 4330 perseverat

574 4343 681 4401 hoc
712 4361 857 4413 esse,
890 4343 1050 4417 quod
1083 4348 1212 4401 erat
1241 4350 1395 4414 ante,
1432 4362 1562 4402 caro
1595 4347 1656 4402 et
1687 4345 1932 4421 sanguis
1962 4364 2215 4421 regnum
2257 4345 2364 4403 Dei
2400 4362 2521 4402 non
2540 4344 2905 4419 possidens.‘
2941 4343 3196 4403 Consule

573 4434 635 4490 et
666 4450 713 4489 c.
749 4441 782 4492 6
821 4432 1296 4501 s2.;11,17.—-
1331 4433 1937 4508 chrysostomus
1981 4434 2043 4492 in
2084 4446 2134 4497 1.
2168 4435 2290 4495 Cor.
2325 4433 2381 4495 h.
2419 4443 2451 4496 7
2486 4453 2544 4491 n.
2580 4446 2649 4494 4:
2699 4434 2916 4503 ,Oculi
2963 4431 3195 4507 pulchri

573 4527 635 4579 et
666 4521 849 4578 utiles
884 4528 1057 4578 sunt:
1106 4522 1206 4578 sed
1254 4522 1304 4579 si
1345 4522 1646 4580 voluerint
1677 4523 1806 4581 sine
1839 4524 1969 4581 luce
2001 4522 2220 4593 videre,
2255 4522 2408 4580 nihil
2430 4523 2607 4598 juvat
2638 4522 2776 4582 illos
2809 4522 3195 4599 pulchritudo

571 4609 667 4667 vel
701 4610 942 4684 propria
974 4610 1183 4679 virtue,
1218 4611 1336 4669 imo
1368 4610 1553 4668 etiam
1584 4612 1784 4670 laedit.
1834 4611 1926 4669 Sic
1958 4611 2160 4687 itaque
2192 4612 2403 4682 anima,
2438 4611 2489 4669 si
2521 4613 2780 4671 voluerit
2813 4613 2940 4671 sine
2961 4612 3193 4687 Spiritu

571 4699 791 4768 videre,
829 4699 947 4756 sibi
978 4699 1092 4774 ipsi
1123 4698 1544 4775 impedimento
1577 4705 1728 4758 est.‘
