3538 5364
767 281 965 336 Thesis
994 282 1145 336 CCX.
1175 282 1308 335 Tria
1334 285 1686 337 sacramenta
1713 283 2096 336 characterem
2126 280 2483 351 imprimunt.
2808 291 2932 355 231

314 465 467 528 nino
501 464 822 540 videatur,
853 471 1332 529 sacramentum
1364 463 1797 544 poenitentiae
1830 482 2160 546 nunquam
2192 482 2333 527 esse
2364 462 2649 527 validum
2670 473 2734 529 et
2753 463 2941 528 simul

313 569 805 646 infructuosum,
838 572 988 635 hinc
1018 572 1192 635 nulla
1224 572 1418 636 etiam
1438 572 1731 654 quaestio
1753 578 1851 634 est
1871 572 1951 636 de
1971 572 2215 651 gratiae
2235 569 2681 635 reviviscentia
2699 570 2763 633 in
2784 570 2939 652 ipso,

498 702 648 765 269.
682 695 782 759 De
808 698 1021 779 qratia
1056 694 1514 759 sacramentali.
1535 693 1830 774 -Quod
1864 693 2136 759 alterum
2170 702 2725 759 sacramentorum
2756 712 2945 776 spec-.

319 811 414 868 tat
444 802 744 868 effectum
777 805 863 890 (n.
898 804 1072 887 267),
1105 801 1377 882 gratiam
1409 800 1539 865 scil.
1571 800 2129 877 sacramentalem,
2163 801 2536 866 statuimus:
2587 799 2648 870 1.
2681 798 2943 881 Singula

317 917 736 974 sacramenta
781 917 1038 991 praeter
1082 909 1353 990 gratiam
1399 909 1911 974 sanctificantem
1955 909 2311 991 peculiares
2362 908 2652 973 conferre
2685 908 2940 988 gratias,

320 1012 716 1080 Ordinantur
747 1016 919 1081 enim
950 1021 1361 1079 sacramenta
1394 1016 1475 1079 ad
1507 1016 1666 1080 fines
1699 1015 2065 1091 distinctos3
2099 1014 2358 1095 singulis
2381 1033 2532 1095 ergo
2555 1014 2721 1078 alius
2743 1021 2937 1098 atque

321 1124 482 1187 alius
514 1124 865 1204 respondet
897 1124 1160 1187 effectus
1191 1123 1256 1186 in
1302 1124 1524 1188 ordine
1571 1123 1652 1186 ad
1699 1142 1887 1186 suum
1936 1123 2157 1187 linem:
2205 1122 2486 1204 alioquin
2531 1128 2944 1188 sacramenta

321 1248 452 1292 non
476 1230 797 1293 differrent
830 1230 911 1293 ab
939 1222 1211 1294 invicem
1239 1230 1360 1294 nisi
1379 1230 1503 1294 ritu
1525 1237 1810 1304 externo,
1832 1249 1951 1295 nec
1973 1228 2103 1293 ulla
2123 1237 2294 1293 esset
2326 1230 2512 1305 rati0,
2535 1248 2735 1312 quare
2756 1228 2939 1294 Chri-

326 1345 423 1424 tus
454 1337 646 1421 plura
676 1338 1019 1402 instituerit
1049 1357 1245 1421 quam
1277 1358 1491 1415 unum,
1525 1358 1725 1420 quare
1760 1358 1956 1402 unum
1990 1338 2114 1401 alio
2156 1338 2358 1417 magis
2380 1337 2462 1400 sit
2482 1338 2938 1413 necessarium,

325 1444 424 1506 vel
459 1464 672 1507 „unum
718 1464 832 1525 per
876 1445 1046 1509 aliud
1091 1464 1223 1509 non
1269 1446 1473 1527 possit
1517 1444 1814 1527 suppleri.
1878 1444 2196 1524 Quocirca
2242 1451 2306 1510 et
2350 1452 2568 1526 patres
2616 1446 2700 1531 (n.
2734 1447 2941 1530 255⁴),

324 1544 554 1615 imo‘ct
584 1549 953 1633 Scripturae
997 1553 1075 1618 de
1107 1553 1375 1617 diversis
1427 1553 1761 1634 loquentes
1812 1552 2234 1617 sacramentis
2268 1552 2555 1615 diversos
2590 1552 2940 1615 eorundem

324 1664 666 1723 recensent
699 1659 977 1723 effectus.
1012 1659 1341 1741 Ejusmodi
1361 1678 1514 1724 vero
1537 1659 1814 1739 gratiam
1846 1659 2188 1741 specialem
2222 1660 2289 1726 2.
2325 1659 2679 1724 consistere
2712 1676 2943 1723 secun-

325 1765 478 1827 dum
510 1766 856 1829 nonnullos
890 1767 952 1829 in
985 1765 1509 1848 dispositionibus
1542 1766 1957 1830 imminutivis
1990 1766 2550 1847 concupiscentiae
2600 1773 2665 1829 et
2710 1785 2940 1848 seque-

327 1873 530 1935 larum
565 1871 721 1952 eju5‚
755 1878 821 1937 et
851 1872 1359 1953 probabilissime
1394 1872 1456 1936 in
1483 1872 1627 1954 jure
1659 1872 1743 1937 ad
1777 1873 2081 1954 specialia
2112 1873 2351 1937 auxilia
2382 1892 2499 1954 pro
2535 1872 2939 1957 assequendo
3006 1948 3017 1959 ‚

327 1980 448 2043 fine
480 1979 889 2043 sacramenti.
952 1979 1227 2062 ideoque
1259 1980 1322 2049 3.
1356 1981 1627 2059 gratiam
1672 1979 2209 2044 sacramentalem
2260 1980 2444 2061 plene
2478 1987 2543 2045 et
2574 1981 2939 2064 adaequate

326 2094 684 2168 spectatam
718 2106 861 2151 esse
911 2088 1252 2169 ipsammet
1297 2089 1570 2167 gratiam
1602 2089 2127 2165 sanctificantem,
2178 2097 2492 2173 quatenus
2524 2108 2639 2170 per
2671 2090 2799 2155 tale
2830 2108 2939 2152 sa-

326 2202 724 2259 cramentum
777 2195 966 2258 datur
1016 2202 1080 2260 et
1129 2195 1459 2260 ordinatur
1508 2196 1593 2259 ad
1644 2196 1932 2277 ejusdem
1982 2196 2190 2273 finem,
2243 2204 2307 2261 et
2354 2203 2673 2279 quatenus
2705 2197 2824 2260 sub
2859 2216 2937 2260 ea

328 2302 584 2366 ratione
615 2320 696 2365 ex
729 2301 943 2366 divina
975 2301 1372 2367 institutione
1405 2302 1625 2366 titulus
1658 2310 1758 2367 est
1790 2310 1856 2367 et
1880 2303 1985 2383 jus
2020 2303 2286 2383 praebet
2309 2303 2391 2365 ad
2411 2303 2717 2384 specialia
2737 2322 2937 2386 quae-

327 2408 474 2471 dam
506 2407 749 2471 auxilia
778 2427 898 2490 pro
933 2410 1413 2491 opportunitate
1448 2408 1840 2474 conferenda
1874 2408 1957 2472 ad
1992 2409 2183 2472 finem
2204 2410 2589 2474 sacramenti
2615 2410 2942 2491 proprium

328 2515 868 2596 consequendum.
935 2513 1113 2579 Unde
1147 2516 1558 2598 consequitur
1606 2518 1672 2586 4.
1728 2534 1858 2580 non
1924 2534 2177 2597 semper
2226 2516 2365 2579 dari
2416 2522 2620 2580 totam
2671 2516 2945 2596 gratiam

327 2621 863 2688 sacramentalem
896 2640 973 2687 eo
1007 2630 1314 2704 tempore,
1362 2642 1488 2705 quo
1522 2629 2000 2688 sacramentum
2032 2622 2401 2705 suscipitur:
2449 2622 2740 2706 quamvis
2774 2623 2941 2688 enim

327 2737 478 2793 tunc
510 2728 881 2795 conseratur
913 2732 1116 2811 gratia
1147 2732 1554 2796 sanctificans
1587 2750 1736 2795 cum
1769 2732 2295 2812 dispositionibus
2328 2731 2490 2796 forte
2522 2731 2941 2795 imminutivis

327 2837 908 2918 concupiscentiae,
943 2838 1184 2917 gratiae
1217 2845 1434 2903 tamen
1468 2840 1704 2902 auxilia
1723 2846 1951 2920 postea
1974 2840 2422 2914 concedentur,
2457 2840 2714 2922 quando
2748 2839 2821 2902 iis
2844 2840 2942 2902 in-

328 2941 636 3024 digemus

505 3073 653 3138 270·
687 3071 941 3138 ThssSlS
975 3068 1174 3139 CCX·
1230 3092 1705 3147 Sam-amenus
1744 3093 2102 3158 baptismi,
2142 3094 2699 3156 confirmationis
2723 3097 2788 3146 et
2826 3107 2945 3146 or-

327 3183 517 3237 dinis
581 3182 1028 3247 imprimitur
1086 3182 1374 3235 (mimae
1437 3182 1823 3246 character,
1876 3184 2157 3246 sianum
2214 3182 2527 3237 videlieet
2587 3184 2943 3249 quoddam

325 3269 704 3337 spirituale
739 3274 804 3323 et
842 3269 1230 3323 indelebile.

503 3374 949 3443 Declaratio.
1011 3372 1235 3437 Thesis
1296 3374 1597 3438 statuitur
1658 3380 1886 3438 contra
1937 3380 2283 3437 novatores
2334 3391 2456 3438 sec.
2518 3380 2613 3450 16,
2667 3393 2937 3456 quorum

328 3500 420 3546 ex.
456 3502 543 3562 gr.
578 3481 969 3545 Calvinus
1001 3480 1223 3546 scribit
1253 3482 1319 3545 in
1350 3482 1642 3546 antidoto
1676 3500 1857 3546 conc.
1896 3482 2031 3546 trid.
2066 3481 2148 3545 ad
2180 3500 2337 3545 sess.
2362 3488 2397 3549 7
2433 3500 2571 3544 can.
2607 3486 2679 3548 9:
2721 3480 2944 3560 ,Quod

329 3589 406 3653 de
439 3589 813 3652 charactere
846 3587 1166 3652 indelebili
1200 3586 1587 3665 fabulantur,
1621 3608 1699 3654 ex
1720 3588 1950 3653 eadem
1983 3588 2415 3674 (indoctorum
2450 3588 2941 3673 monachorum)

328 3696 559 3776 prodiit
590 3693 871 3759 officina:
924 3713 1076 3758 nam
1108 3694 1431 3760 veteribus
1463 3696 1587 3759 hoc
1621 3696 1911 3776 ignotum
1942 3695 2072 3772 tuit,
2108 3702 2171 3760 et
2205 3696 2405 3776 magis
2439 3703 2946 3760 consentaneum

329 3808 426 3865 est
452 3801 997 3865 incantationibus
1027 3801 1312 3883 magiciS,
1346 3820 1541 3884 quam
1572 3820 1773 3869 sanae
1806 3802 2131 3883 Evangelii
2152 3803 2498 3868 doctrinae.
2533 3803 2770 3866 Eadem
2794 3821 2944 3882 ergo

329 3906 634 3972 facilitate
666 3907 1125 3989 repudiabitur,
1157 3927 1287 3992 qua
1319 3909 1753 3990 excogitatum
1792 3909 1958 3973 fuit«
2002 3908 2305 3975 Similiter
2340 3910 2444 3972 alii
2481 3907 2945 3990 primipilipro-

328 4014 719 4090 testantium,
753 4014 987 4097 quibus
1031 4016 1304 4096 praeivit
1333 4014 1417 4079 W
1439 4015 1777 4080 icleffus
1808 4015 2086 4094 Trialogi
2120 4015 2156 4080 1.
2190 4024 2232 4085 4
2264 4035 2315 4079 c.
2356 4021 2452 4084 15.
2517 4015 2678 4078 Cum
2731 4015 2945 4098 aliqua

328 4121 961 4186 saltem-eruditionis
1008 4128 1074 4186 et
1116 4121 1489 4202 sagacitatis
1537 4124 1748 4204 specie
1794 4123 2156 4188 doctrinam
2192 4123 2581 4186 catholicam
2616 4123 2945 4202 impugnat

327 4228 466 4293 Bin
484 4230 717 4309 gham
750 4229 813 4292 in
843 4227 1117 4292 historia
1147 4229 1539 4293 scholastica
1570 4230 1871 4311 baptismi
1921 4231 2233 4294 laicorum
2264 4250 2321 4311 p.
2358 4236 2398 4297 2
2431 4251 2482 4292 c.
2518 4237 2591 4305 ὃς
2641 4229 2704 4292 in
2753 4230 2943 4308 origi-

325 4336 518 4400 nibus
546 4353 663 4400 seu
695 4336 1055 4419 antiquitat.
1089 4337 1540 4402 ecclesiasticis
1572 4338 1606 4400 l.
1648 4343 1724 4405 17
1760 4359 1812 4400 c.
1849 4345 1888 4407 2
1923 4341 1957 4423 ξ
1993 4342 2066 4412 5;
2100 4340 2350 4402 dissert.
2384 4338 2448 4400 in
2482 4355 2660 4402 conc.
2694 4337 2946 4400 nicaeni

324 4457 463 4505 can.
516 4448 574 4512 8.
638 4442 1013 4508 Doctrinam
1044 4444 1427 4509 catholicam
1461 4445 1733 4508 asseruit
1761 4445 2103 4509 concilium
2156 4445 2336 4508 trid.
2388 4464 2541 4510 sess.
2594 4452 2632 4514 8
2682 4463 2820 4507 can.
2874 4448 2945 4511 9:

333 4546 437 4623 „Si
469 4550 611 4632 quis
643 4550 893 4628 dixerit,
928 4552 992 4615 in
1024 4551 1226 4616 tribus
1247 4552 1687 4629 sacramentis,
1708 4552 2033 4634 baptismo
2066 4552 2214 4628 scil,
2250 4551 2739 4616 confirmatione
2757 4557 2821 4616 et
2840 4570 2943 4614 or·-

325 4656 472 4741 dine
505 4676 639 4722 non
669 4658 948 4740 imprimi
981 4658 1422 4725 characterem
1453 4660 1520 4723 in
1551 4659 1787 4736 anima,
1819 4659 1944 4724 hoc
1978 4666 2076 4725 est
2104 4658 2356 4739 signum
2393 4658 2721 4739 quoddam
2754 4658 2939 4739 spiri-

325 4763 499 4830 tuale
532 4771 597 4830 et
628 4765 985 4842 indelebile,
1017 4765 1189 4830 unde
1222 4784 1301 4830 ea
1331 4767 1546 4832 iterari
1577 4786 1709 4831 non
1758 4772 2049 4848 possunt,
2083 4765 2153 4828 A.
2189 4763 2288 4828 S.«
2362 4762 2549 4842 Quod
2576 4764 2712 4842 jam
2746 4770 2939 4827 antea
