3538 5364
1062 348 1315 419 corporis
1340 348 1398 400 et
1423 348 1724 419 sanguinis
1751 348 1962 403 Christi
1992 351 2329 420 praesent-ia,
2872 362 3001 426 353

380 535 638 593 tantum
670 547 750 593 ea
780 547 1102 604 mensura,
1136 548 1302 611 quae
1321 529 1670 611 respondet
1703 529 2049 613 quantitati
2082 532 2149 617 (a
2180 531 2327 614 quel
2359 533 2565 617 tanto)
2599 532 3002 600 substantiae

380 635 568 717 panis
590 636 816 710 etvini,
851 653 1016 718 quae
1050 636 1730 701 transsubstantiatur:
1760 636 2076 719 reliquum
2098 638 2385 719 corporis
2406 637 2641 703 Christi
2661 640 2749 704 ibi
2771 648 2869 706 est
2887 661 3002 724 per

380 742 1012 809 concomitantiam<

559 870 627 935 2.
661 868 807 931 Alia
835 867 1067 932 adesse
1100 886 1214 949 per
1246 868 1816 933 concomitantiam
1835 871 1878 957 ¹)
1926 870 2027 933 vel
2059 876 2320 951 propter
2353 870 2656 937 unionem
2686 872 2998 955 hyposta-

380 977 574 1040 ticam
609 975 840 1057 probat
871 974 1036 1039 ratio
1070 993 1109 1037 a
1140 974 1418 1039 coneilio
1452 976 1649 1040 allata
1681 996 1739 1039 n.
1775 977 2206 1058 praecedenti.
2271 975 2452 1043 Unde
2485 986 2713 1059 sponte
2746 998 2865 1043 sua

559 1101 624 1168 3.
659 1100 1093 1182 consequitur,
1140 1107 1402 1166 totum
1450 1100 1774 1165 Christum
1821 1102 2056 1167 adesse
2104 1101 2223 1166 sub
2271 1103 2494 1184 quavis
2543 1104 2773 1184 specie,
2826 1105 2998 1187 quod

377 1208 554 1271 haud
586 1208 861 1272 obscure
895 1207 1284 1289 significatur
1315 1208 1498 1273 Joan.
1520 1215 1580 1284 6,
1601 1211 1706 1284 58,
1739 1208 1850 1272 ubi
1884 1209 1956 1285 is,
1989 1208 2097 1291 qui
2130 1209 2585 1274 eucharistiam
2617 1211 2867 1293 accipit,
2901 1211 2997 1274 di-

380 1314 546 1378 citur
578 1314 971 1378 manducare
1004 1313 1358 1379 Christum:
1433 1315 1554 1394 Qui
1600 1315 1941 1379 manducat
1989 1336 2101 1398 me,
2152 1323 2207 1378 et
2238 1318 2370 1399 ipse
2399 1319 2555 1381 viret
2573 1324 2840 1403 propter
2870 1338 2998 1380 me.-

381 1422 553 1504 quod
585 1420 822 1485 clarius
854 1423 1088 1487 docent
1119 1431 1336 1504 patres
1370 1431 1438 1489 et
1468 1423 1849 1505 profitentur
1880 1424 2117 1499 fideleS,
2138 1425 2493 1489 secundum
2526 1444 2690 1507 quos
2710 1426 2879 1490 idem
2899 1431 2999 1490 est

381 1528 711 1611 suscipere
744 1530 1198 1595 eucharistiam
1231 1538 1296 1596 et
1326 1531 1650 1613 suscipere
1683 1530 2043 1608 Christum;
2078 1550 2312 1614 corpus
2334 1531 2569 1596 Christi
2603 1550 2748 1597 esse
2783 1532 2846 1597 in
2881 1550 2995 1596 eu-

378 1636 703 1710 charistia,
737 1644 802 1702 et
831 1637 1040 1718 ipsum
1075 1636 1399 1702 Christum
1432 1656 1577 1703 esse
1608 1637 1674 1701 in
1706 1656 1801 1702 ea.

557 1762 624 1829 4.
658 1760 986 1825 Christum
1018 1762 1329 1827 exsistere
1364 1763 1483 1826 sub
1519 1763 1813 1844 quavis
1846 1763 2087 1844 speciei
2118 1769 2302 1845 parte
2334 1762 2647 1828 divisione
2679 1761 2865 1839 facta,
2904 1766 2995 1828 ita

379 1867 722 1933 evincitur:
769 1868 1106 1933 Fractione
1139 1876 1204 1934 et
1233 1870 1547 1936 divisione
1580 1869 1751 1934 facta
1782 1878 1897 1934 aut
1927 1869 2218 1934 Christus
2251 1870 2484 1935 desinit
2514 1889 2660 1935 esse
2693 1871 2813 1935 sub
2847 1890 2994 1953 par-

379 1975 591 2040 ticulis
625 1976 707 2039 ab
740 1976 1014 2042 invicem
1046 1976 1300 2053 divisis:
1353 1985 1467 2042 aut
1516 1984 1614 2042 est
1663 1978 1783 2042 sub
1835 1996 1965 2042 una
2016 1984 2283 2054 tantum,
2329 1996 2460 2042 non
2508 1977 2627 2041 sub
2663 1977 2830 2053 aliis:
2882 1986 2996 2042 aut

378 2084 613 2162 partim
645 2090 747 2148 est
778 2085 897 2148 sub
935 2103 1078 2161 una,
1112 2086 1350 2168 partim
1383 2085 1503 2150 sub
1538 2084 1697 2161 alia:
1730 2092 1844 2149 aut
1876 2092 2047 2149 totus
2079 2092 2183 2149 est
2212 2085 2331 2149 sub
2364 2084 2693 2166 particulis
2714 2086 2993 2166 singulis,

382 2188 580 2271 Atqui
607 2192 879 2271 primurn
912 2199 977 2257 et
1008 2193 1281 2257 alterum
1313 2192 1618 2257 affirmari
1651 2192 1893 2274 nequit,
1941 2199 2012 2255 ut
2056 2192 2368 2273 probatur
2414 2210 2494 2255 ex
2540 2190 2709 2256 sacto
2744 2192 2995 2269 Christi,
3048 2228 3053 2231 -

386 2296 496 2377 qui
525 2297 938 2377 probabiliter
968 2318 1202 2381 panem
1237 2299 1736 2365 eucharisticum
1766 2306 1917 2380 post
1946 2298 2500 2363 consecrationem
2532 2298 2774 2362 divisit:
2808 2306 2988 2364 certo

382 2421 538 2467 vero
571 2405 831 2469 calicem
862 2414 1311 2470 consecratum
1342 2406 1627 2488 apostoli
1659 2406 1826 2469 inter
1855 2424 1928 2471 se
1959 2405 2349 2481 diviserunt;
2384 2406 2801 2470 confirmatur
2833 2427 2993 2488 quo-

377 2530 504 2592 que
536 2511 860 2576 Ecclesiae
892 2512 1270 2577 universalis
1302 2514 1487 2595 praxi
1518 2512 1857 2593 frangendi
1887 2511 2171 2576 hostiam
2204 2518 2650 2576 consecratam
2685 2519 2749 2576 et
2779 2512 2993 2577 distri-

376 2618 616 2682 buendi
647 2620 997 2702 particulas
1031 2627 1163 2685 tam
1195 2622 1382 2703 panis
1417 2621 1827 2686 eucharistici
1859 2640 2053 2705 quam
2089 2620 2307 2685 calicis
2343 2620 2508 2685 inter
2538 2618 2774 2693 fideles,
2823 2620 2995 2702 quod

377 2725 735 2792 certissime
769 2746 899 2791 non
930 2728 1130 2801 fieret,
1163 2729 1217 2792 si
1249 2728 1559 2794 fractione
1607 2730 1845 2812 periret
1893 2727 2312 2795 consecratio.
2375 2727 2662 2792 Tertium
2709 2733 2994 2792 statuere

379 2842 476 2899 est
509 2835 879 2912 absurdum,
912 2854 1059 2901 cum
1092 2838 1466 2903 adversetur
1497 2839 1697 2903 statui
1729 2838 2008 2918 glorioso
2042 2836 2329 2917 corporis
2361 2832 2610 2898 Christi.
2657 2833 2995 2915 Reliquum

381 2962 528 3023 ergo
562 2950 661 3008 est
693 2950 1009 3025 quartum,
1045 2942 1364 3008 Christum
1414 2963 1558 3010 esse
1590 2944 1709 3008 sub
1744 2943 2029 3026 quolibet
2058 2942 2417 3024 fragmento
2452 2940 2623 3004 facta
2653 2940 2993 3014 divisione:

379 3050 552 3131 quod
581 3051 999 3115 confirmatur
1030 3051 1317 3133 practica
1349 3051 1629 3116 fidelium
1662 3051 2097 3132 persuasione,
2131 3050 2239 3132 qui
2268 3047 2694 3113 eucharistiae
2713 3047 2993 3127 particu-

377 3157 475 3220 las
507 3166 831 3223 sumentes
864 3166 931 3223 et
960 3159 1039 3224 de
1071 3159 1303 3224 eodem
1353 3158 1648 3224 bibentes
1681 3158 1880 3222 calice
1911 3156 2280 3232 credebant,
2313 3173 2385 3220 se
2416 3161 2645 3231 totum,
2676 3154 2846 3236 quod
2879 3172 2993 3218 eu-

379 3264 682 3330 charistia
713 3267 1014 3343 continet,
1049 3268 1356 3348 accipere.

558 3395 998 3463 ,Eucharistiae
1031 3397 1347 3472 percepti0‚
1382 3397 1583 3472 inquit
1613 3397 1772 3455 Isid
1791 3413 1972 3455 orus
2005 3394 2154 3470 hisp.
2175 3395 2330 3452 hom.
2355 3393 2427 3450 de
2461 3412 2613 3468 corp.
2648 3395 2708 3450 et
2740 3411 2904 3469 sang.
2924 3392 2991 3452 D.

376 3481 479 3564 (M.
516 3494 615 3554 39,
654 3482 807 3566 273)
843 3506 897 3545 n.
936 3496 989 3554 5,
1037 3505 1156 3545 non
1202 3486 1266 3543 in
1311 3486 1662 3561 quantitate,
1711 3485 1813 3543 sed
1860 3485 1921 3543 in
1966 3485 2188 3543 virtute
2235 3482 2520 3552 consistit,
2570 3481 2730 3557 quod
2778 3501 2990 3556 corpus

376 3571 665 3657 (Domini)
698 3576 996 3633 sacerdote
1028 3575 1425 3651 dispensante,
1459 3578 1697 3633 tantum
1730 3576 1826 3631 est
1854 3574 1919 3631 in
1967 3572 2198 3650 exigno,
2241 3576 2535 3647 quantum
2581 3588 2711 3628 esse
2758 3574 2991 3629 constat

373 3664 437 3721 in
468 3667 614 3721 toto.
681 3662 847 3731 Quod
880 3683 1010 3722 cum
1045 3663 1304 3722 Ecclesia
1335 3663 1600 3722 fidelium
1633 3663 1836 3733 sumIt,
1870 3663 2023 3721 sicut
2057 3662 2303 3738 plenum
2336 3661 2399 3718 in
2430 3659 2744 3728 universis,
2779 3661 2862 3717 ita
2894 3661 2989 3717 in·

374 3756 614 3829 tegrnm
646 3770 775 3810 esse
806 3753 1094 3829 probatur
1124 3753 1187 3811 in
1221 3754 1476 3831 singulis
1508 3797 1521 3811 .
1555 3798 1569 3812 .
1603 3796 1616 3809 .
1663 3752 1746 3810 De
1779 3752 1889 3810 hoc
1921 3770 2057 3811 vero
2091 3770 2258 3826 pane,
2294 3768 2428 3808 cum
2461 3748 2800 3816 assumitur,
2836 3747 2988 3805 nihil

375 3842 567 3900 minus
601 3841 822 3900 habent
855 3842 1098 3919 singuli,
1133 3861 1310 3917 quam
1342 3842 1639 3901 universi:
1686 3844 1884 3900 totum
1914 3859 2092 3911 1111113,
2139 3843 2336 3898 totum
2369 3838 2504 3906 duo,
2555 3841 2752 3896 totum
2784 3838 2987 3912 plures

375 3929 504 3988 sine
537 3929 933 3989 diminutione
964 3932 1290 4005 accipiunt:
1337 3932 1480 4007 quia
1525 3929 1857 3989 benedictio
1904 3931 2084 4007 huJus
2131 3927 2481 3988 sacramenti
2528 3926 2640 3984 scit
2684 3925 2986 3994 distribui,

373 4036 483 4077 nec
525 4019 639 4078 scit
681 4019 1108 4078 distributione
1154 4021 1486 4080 consumi.‘
1535 4053 1614 4062 —
1652 4019 2111 4078 Ambrosius
2161 4038 2248 4094 ep.
2304 4027 2335 4079 7
2391 4016 2463 4075 ad
2513 4016 2759 4074 Justum
2809 4034 2867 4074 n.
2916 4024 2984 4078 8:

378 4108 668 4176 ,Plenius
699 4113 901 4167 autem
941 4110 1013 4168 de
1059 4111 1346 4186 sanguine
1378 4109 1597 4169 Christi
1628 4108 1995 4184 intelligitur
2026 4103 2212 4190 (qnod
2246 4107 2503 4183 legimns
2537 4106 2607 4163 de
2638 4123 2854 4162 manna
2884 4105 2986 4162 Ex.

386 4208 481 4268 16,
523 4196 646 4282 17),
681 4199 852 4274 cujus
884 4199 958 4257 ad
990 4199 1238 4275 gratiam
1262 4199 1414 4258 nihil
1435 4197 1742 4268 minuitur,
1778 4198 1931 4256 nihil
1949 4198 2314 4273 adjungitur.
2365 4195 2441 4252 Et
2472 4195 2524 4253 si
2553 4212 2766 4270 parum
2787 4211 2985 4251 sumas

379 4290 440 4343 et
482 4288 529 4344 si
560 4287 891 4363 plurimum
923 4289 1178 4358 hauriaS,
1226 4289 1427 4346 eadem
1460 4287 1720 4364 perfecta
1750 4289 1841 4345 est
1873 4286 2152 4345 omnibus
2186 4302 2463 4343 mensura
2494 4282 2981 4358 redemptioni8.‘

379 4408 466 4418 —-
496 4376 774 4452 Haymo
819 4376 1175 4440 halberstad.
1209 4377 1281 4435 de
1313 4396 1554 4453 corpore
1599 4379 1660 4435 et
1705 4375 1997 4452 sanguine
2031 4375 2266 4433 Domini
2300 4369 2578 4454 (Migne
2624 4381 2761 4445 118,
2799 4369 2983 4449 817):

595 4579 632 4646 ¹)
661 4575 819 4628 Hanc
860 4575 1096 4644 negavit
1127 4592 1232 4629 sec.
1271 4575 1389 4627 xil.
1441 4575 1482 4627 F
1501 4577 1639 4629 olm
1656 4591 1690 4626 a
1707 4593 1733 4626 r
1752 4593 1787 4627 11
1807 4592 1850 4639 s,
1900 4572 2261 4644 praepositus
2313 4568 2705 4656 Trifensteinii
2724 4591 2734 4630 ;
2787 4572 2989 4624 contra.

374 4671 544 4723 quem
566 4656 918 4722 scripserunt
943 4654 990 4707 G
1008 4671 1036 4707 e
1053 4673 1081 4708 r
1096 4656 1133 4708 11
1150 4673 1182 4709 o
1198 4655 1238 4708 h
1256 4673 1292 4707 u
1313 4673 1337 4708 s
1361 4657 1451 4711 ab.
1479 4653 2029 4724 reichenspergensis
2049 4656 2107 4704 et
2128 4651 2172 4704 E
2194 4653 2227 4705 b
2242 4667 2271 4705 e
2288 4670 2315 4704 r
2333 4652 2370 4704 h
2386 4667 2420 4703 a
2437 4669 2463 4702 r
2480 4650 2516 4701 d
2533 4667 2571 4702 11
2590 4667 2614 4701 s
2642 4648 2810 4719 episc.
2837 4651 2984 4702 bam-

376 4735 681 4804 bergensis,
698 4752 943 4804 quorum
960 4752 1048 4805 ep.
1064 4736 1135 4788 cf.
1152 4736 1306 4805 apud
1336 4735 1390 4786 M
1408 4735 1428 4788 i
1445 4755 1482 4804 g
1499 4754 1536 4787 11
1553 4751 1581 4786 e
1616 4740 1730 4797 193,
1750 4741 1851 4790 496
1870 4752 1937 4790 ss.
1967 4733 2226 4787 Ceterum
2245 4732 2541 4785 Folmarus
2557 4747 2723 4782 snum
2741 4746 2987 4784 errorem

372 4815 721 4870 retractavit.
773 4816 854 4870 Cf.
882 4816 961 4870 ib.
992 4823 1108 4878 194,
1135 4822 1255 4870 485.

589 4915 855 4967 Hnrter,
897 4915 1144 4971 compend.
1186 4914 1450 4968 theologiae
1490 4912 1572 4958 111.
1620 4916 1692 4958 11.
1736 4913 1809 4957 ed.
2560 4905 2629 4955 23
