3538 5364
524 279 654 347 288
1143 276 1327 329 Tract.
1357 276 1448 328 IX.
1476 274 1546 328 de
1575 273 1940 329 eucharistia.
1969 273 2177 327 Arcani
2207 272 2530 343 disciplina.

525 458 897 539 mysterium
930 458 1106 522 velut
1135 458 1440 539 pupillam
1474 456 1641 520 oculi
1672 456 1943 521 sollicite
1974 456 2271 532 servavit,
2317 474 2399 520 ne
2431 455 2846 537 profanorum
2881 456 3150 520 auribus

523 570 968 645 exponeretur.
1011 563 1210 643 ,Quid
1245 565 1414 628 enim
1450 564 1514 627 in
1549 570 1717 628 terra
1746 564 2051 640 sanctiuS,
2086 564 2290 645 inquit
2326 561 2744 628 Germanus
2774 562 3149 645 parisiensis

521 768 652 805 nam
679 749 978 819 illiusjam
1003 750 1389 805 meminerunt
1427 748 1796 819 Origenes
1822 752 1857 804 l.
1892 759 1915 805 l
1944 750 2073 805 adv,
2103 749 2327 803 Celsum
2353 768 2408 802 ιι.
2436 752 2469 806 'a'
2496 751 2557 802 et
2595 748 3147 803 Tertullianus

523 845 764 898 praescr.
792 847 838 886 c.
867 838 931 887 41
954 850 965 889 ;
992 829 1065 882 ad
1092 845 1326 883 uxorem
1353 830 1420 893 ΙΙ,
1450 838 1480 884 5
1507 830 1611 887 etc,
1665 828 1738 882 Et
1757 845 1953 883 revera
1979 828 2321 882 Basilius
2348 829 2418 883 de
2446 828 2592 899 Spir.
2621 848 2662 883 s.
2690 846 2735 884 c.
2764 833 2832 885 25
2860 844 2984 883 eam
3012 844 3149 898 apo-

522 910 684 965 stolis
709 912 940 966 videtur
965 910 1302 967 adscribere.
1332 909 1605 980 Exemplo
1633 910 1787 964 enim
1814 910 2115 980 desumpto
2143 926 2209 963 ex
2235 909 2363 979 lege
2389 909 2653 974 mosaica,
2682 926 2796 979 qua
2823 909 2978 963 solus
3000 927 3151 963 sum-

521 1009 647 1044 mus
674 992 932 1047 sacerdos
957 991 1131 1045 semel
1158 1007 1259 1061 per
1282 1006 1501 1044 annum
1527 988 1972 1060 permittebatur
1985 988 2215 1060 ingredi
2230 991 2438 1045 Sancta
2455 992 2812 1055 Sanctorum,
2829 1005 2900 1044 ne
2916 989 3037 1043 scil.
3058 1006 3149 1042 res

521 1090 628 1126 usu
659 1073 796 1127 trita
823 1070 1175 1142 contemptui
1203 1073 1601 1141 exponeretur,
1629 1069 1857 1125 subdit:
1886 1071 2007 1133 „Ad
2035 1071 2282 1125 eundem
2309 1071 2565 1140 profecto
2592 1071 2844 1135 modum,
2871 1074 2929 1125 et
2955 1070 3058 1138 qui
3085 1070 3149 1123 in

519 1152 850 1220 primordiis
876 1151 1158 1206 Ecclesiae
1186 1154 1369 1205 certos
1394 1150 1540 1205 ritus
1567 1149 2059 1221 praescripserunt
2083 1152 2332 1222 apostoli
2351 1155 2410 1206 et
2428 1155 2635 1222 patres,
2656 1151 2716 1206 in
2737 1152 2964 1205 occulto
2985 1151 3154 1205 silen-

521 1232 718 1301 tioque
744 1230 1029 1300 mysteriis
1057 1247 1218 1285 suam
1245 1246 1540 1285 servavere
1567 1228 1930 1300 dignitatem.
1983 1229 2183 1299 Neque
2224 1229 2375 1286 enim
2419 1231 2651 1285 omnino
2679 1230 3018 1299 mysterium
3046 1235 3152 1291 est,

520 1311 674 1378 quod
703 1311 776 1364 ad
802 1311 1110 1382 populares
1135 1328 1200 1364 ac
1223 1310 1489 1380 vulgares
1514 1326 1680 1363 aures
1707 1309 1992 1364 effertur.“
2022 1310 2254 1365 Summo
2281 1313 2474 1365 autem
2503 1313 2558 1369 4.
2585 1312 2773 1381 rigore
2801 1311 2941 1364 haec
2978 1309 3148 1363 disci-

519 1391 681 1459 plina
708 1394 1057 1456 servabatur,
1087 1396 1152 1445 ut
1170 1390 1467 1461 colligitur
1506 1409 1563 1448 a.
1605 1407 1674 1445 ex
1714 1390 1758 1443 Τ
1777 1407 1849 1444 er
1867 1390 2159 1445 tullian
2177 1409 2209 1446 o
2250 1392 2403 1462 apol.
2431 1409 2477 1445 c.
2506 1396 2538 1449 7
2564 1411 2621 1445 ιι.
2650 1398 2719 1448 33
2744 1408 2847 1450 ss.;
2874 1394 2935 1448 b.
2966 1407 3031 1445 ex
3059 1407 3147 1451 eo,

520 1472 674 1538 quod
703 1470 986 1525 Ecclesiae
1013 1471 1489 1541 persecutoribus,
1505 1470 1771 1524 adhibita
1787 1471 1922 1525 licet
1937 1469 2093 1524 omni
2110 1470 2434 1542 diligentia,
2461 1469 2903 1526 christianorum
2924 1473 3014 1526 vel
3031 1487 3149 1524 non

519 1549 898 1605 innotuerunt
921 1552 1192 1619 mysteria
1219 1552 1314 1605 vel
1340 1550 1571 1605 nonnisi
1598 1552 1975 1609 subobscure:
2017 1550 2170 1605 unde
2199 1551 2533 1622 divulgatae
2561 1554 2697 1606 sunt
2721 1551 2874 1605 inter
2898 1550 3150 1621 gentiles

520 1630 837 1685 calumniae
864 1631 1035 1702 plane
1051 1632 1332 1686 absurdae
1360 1634 1419 1685 et
1444 1631 1759 1685 horrendae
1788 1631 1857 1684 de
1885 1630 2166 1686 occisione
2191 1632 2451 1697 infantis,
2479 1648 2650 1701 quem
2675 1631 2739 1685 in
2759 1631 2879 1684 suis
2908 1647 3152 1686 conven-

521 1710 675 1764 tibus
703 1709 1001 1765 christiani
1027 1710 1389 1765 comederent
1409 1710 1511 1783 (cf.
1533 1710 1746 1765 Minue.
1775 1710 1818 1763 F
1835 1728 1863 1763 e
1882 1709 1937 1764 li
1956 1729 1990 1763 x
2016 1709 2079 1764 in
2109 1711 2345 1765 Octavio
2368 1731 2421 1766 n.
2445 1718 2477 1769 9
2499 1729 2691 1782 opusc.
2714 1712 2834 1775 XV,
2855 1714 2943 1778 28)
2966 1733 2977 1765 ε
2998 1728 3149 1779 quae

519 1790 841 1846 calumniae
869 1809 984 1846 non
1011 1791 1245 1844 aliunde
1274 1794 1429 1845 ortae.
1456 1794 1606 1855 sunt,
1634 1807 1807 1860 quam
1837 1807 1901 1845 ex
1942 1790 2383 1847 christianorum
2424 1793 2492 1846 de
2519 1791 2660 1846 reali
2686 1792 3012 1862 praesentia
3039 1792 3151 1845 fide

519 1869 668 1925 male
696 1870 1004 1926 intellecta.
1031 1872 1269 1927 Constat
1293 1890 1346 1930 c.
1375 1872 1444 1925 de
1473 1873 1580 1928 hoc
1606 1871 1794 1942 rigore
1821 1888 1888 1927 ex
1917 1889 2000 1937 eo,
2042 1873 2196 1941 quod
2240 1874 2329 1927 vel
2367 1874 2591 1928 romani
2630 1872 2927 1943 pontifices
2954 1888 3011 1925 se
3039 1874 3150 1926 hac

520 1952 644 2020 lege
673 1950 974 2005 obstrictos
999 1952 1341 2017 censuerint,
1364 1956 1431 2006 ut
1451 1952 1612 2006 testis
1632 1955 1718 2006 est
1742 1953 1768 2005 1
1783 1971 1822 2005 n
1839 1971 1877 2006 n
1896 1970 1927 2006 o
1945 1969 1974 2006 c
1991 1970 2020 2006 e
2037 1971 2074 2006 n
2091 1953 2151 2005 ti
2171 1971 2207 2007 u
2224 1971 2250 2007 s
2277 1955 2334 2017 1.,
2362 1953 2465 2022 qui
2485 1953 2679 2007 noluit
2696 1951 3150 2007 confirmationis

519 2032 758 2084 formam
801 2032 985 2086 literis
1025 2034 1379 2105 consignare,
1421 2051 1490 2087 ne
1532 2034 1716 2104 magis
1757 2033 1996 2102 prodere
2039 2033 2347 2093 videretur,
2392 2050 2566 2102 quam
2612 2032 3022 2088 consultationi
3064 2050 3146 2087 re-

519 2111 796 2182 spondere
823 2128 911 2183 ep.
932 2119 1000 2169 25
1020 2113 1093 2167 ad
1115 2113 1452 2169 Decentium
1473 2133 1528 2169 n.
1551 2118 1583 2168 6
1605 2117 1661 2167 et
1685 2121 1749 2171 12
1772 2118 1987 2186 (opusc.
2008 2114 2212 2178 XVIII,
2230 2117 2346 2186 31);
2374 2117 2499 2168 tum
2525 2118 2584 2173 d.
2614 2131 2678 2168 ex
2701 2115 2950 2177 horrore,
2972 2131 3145 2182 quem

518 2192 782 2261 concepit
801 2192 833 2245 J
847 2193 949 2248 uli
965 2211 999 2246 u
1014 2212 1038 2247 s
1059 2195 1116 2257 1.,
1133 2210 1264 2247 cum
1279 2193 1549 2258 audisset,
1566 2194 1623 2247 in
1645 2210 1815 2248 causa
1834 2193 2140 2248 Athanasii
2161 2194 2670 2266 interrogationem
2690 2194 2950 2250 habitam
2967 2193 3146 2248 fuisse

518 2274 592 2326 ab
618 2272 831 2326 arianis
857 2273 926 2327 de
955 2274 1241 2341 mysteriis
1265 2274 1661 2329 eucharisticis
1690 2274 2091 2344 praesentibus
2117 2275 2558 2340 catechumenis,
2578 2275 2808 2345 judaeis
2824 2277 2882 2328 et
2896 2273 3142 2329 ethnicis

519 2361 628 2425 (ep.
655 2355 730 2408 ad
757 2354 961 2409 Euseb.
989 2373 1044 2409 n.
1073 2363 1132 2411 15
1153 2373 1345 2426 opusc.
1368 2356 1549 2427 XIIl);
1591 2355 1823 2409 demum
1849 2374 1904 2413 e.
1931 2372 1998 2409 ex
2026 2355 2335 2409 interdicto
2376 2355 2623 2409 initiatis
2649 2355 2936 2425 imposito,
2963 2371 3033 2409 ne
3061 2355 3147 2407 in-

520 2434 879 2489 stitutionem
907 2435 977 2488 de
1003 2435 1290 2504 mysteriis
1331 2436 1590 2491 auditam
1628 2436 1774 2490 alias
1815 2436 2072 2490 nondum
2102 2436 2349 2491 initiatis
2376 2436 2682 2490 traderent.
2738 2434 2913 2497 „Cum
2942 2438 3140 2489 autem

518 2515 828 2571 catechesis
854 2517 1145 2581 recitatur,
1173 2518 1255 2571 ita
1282 2516 1323 2571 C
1339 2535 1374 2585 y
1390 2516 1580 2571 rillu
1598 2534 1624 2570 s
1650 2518 1974 2586 procatech.
2001 2536 2055 2570 n.
2088 2525 2169 2580 12,
2198 2516 2246 2570 si
2272 2518 2714 2571 catechumenus
2731 2532 2798 2569 ex
2816 2519 2871 2570 te
2889 2514 3145 2584 quaesie-

517 2596 611 2661 rit,
639 2595 781 2663 quid
808 2595 1078 2650 dicebant
1103 2597 1398 2652 doctores?
1425 2596 1576 2651 nihil
1602 2597 1758 2651 dicas
1786 2599 2033 2652 externo,
2071 2596 2342 2665 Mysteria
2368 2597 2521 2651 enim
2552 2597 2659 2652 tibi
2684 2599 2744 2651 et
2768 2613 2928 2666 spem
2955 2595 3143 2649 futuri

517 2674 694 2730 seculi
720 2675 1080 2731 tradidimus.
1112 2676 1347 2732 Custodi
1375 2678 1483 2732 hoc
1508 2676 1843 2748 mysterium
1871 2677 1941 2742 ei,
1968 2678 2409 2747 quimercedem
2435 2676 2728 2748 rependit:
2757 2694 2861 2732 nec
2888 2693 3146 2746 unquam

517 2755 802 2810 dicentem
818 2756 1070 2824 aliquem
1087 2756 1226 2810 audi
1246 2779 1257 2809 :
1286 2756 1425 2825 quid
1446 2760 1620 2821 obest,
1649 2758 1697 2811 si
1717 2761 1777 2811 et
1790 2775 1895 2828 ego
1918 2757 2167 2813 didicero
2186 2767 2208 2811 2>
2233 2758 2422 2812 Etiam
2440 2757 2660 2828 aegroti
2674 2757 2877 2810 vinum
2895 2756 3149 2824 quando·

519 2851 630 2903 que
657 2834 973 2905 postulant,
1001 2836 1154 2905 quod
1184 2835 1232 2889 si
1258 2835 1660 2905 intempestive
1687 2836 1807 2892 illis
1834 2838 2019 2902 detur,
2046 2838 2373 2908 phrenesim
2402 2837 2688 2894 conciliat.
2740 2836 2814 2889 Et
2852 2836 2965 2890 duo
3008 2836 3144 2889 hinc

518 2919 834 2970 nascuntur
858 2917 1041 2971 mala:
1069 2934 1200 2971 nam
1225 2934 1396 2987 aeger
1421 2917 1622 2972 interit
1640 2921 1698 2972 et
1721 2918 1977 2973 medicus
2003 2920 2148 2973 male
2176 2917 2358 2975 audit.
2410 2917 2502 2974 Sic
2523 2919 2582 2972 et
2605 2918 3067 2978 catechumenus,
3096 2917 3144 2970 si

517 2997 722 3051 audiat
746 2998 1017 3066 mysteria
1043 3014 1076 3050 a
1103 2996 1275 3061 fideli,
1303 2997 1627 3068 phrenesim
1654 2999 1895 3070 patitur,
1938 2999 2121 3055 nescit
2145 3001 2317 3063 enim,
2345 2999 2487 3068 quid
2513 2997 2823 3063 audiverit,
2864 2999 2924 3050 et
2948 3001 3137 3050 tamen

517 3079 715 3148 arguit
739 3095 858 3131 rem
872 3079 1144 3147 'ignotam
1172 3078 1443 3147 dictaque
1469 3078 1697 3136 irridet:
1726 3079 1912 3132 fidelis
1933 3095 2067 3133 vero
2096 3082 2392 3148 tamquam
2421 3078 2680 3150 proditor
2705 3078 3138 3132 condemnatur.

495 3159 646 3212 ⁴,lam
674 3176 808 3229 ergo
836 3160 900 3211 tu
919 3158 978 3211 in
995 3159 1206 3213 finibus
1227 3159 1436 3214 nostris
1452 3161 1803 3215 constitutus
1822 3176 1973 3224 cave,
1992 3176 2063 3213 ne
2077 3159 2217 3228 quid
2242 3159 2469 3213 effutias
2490 3180 2501 3213 :
2527 3177 2645 3213 non
2661 3157 2816 3227 quod
2832 3157 3009 3228 digna
3026 3175 3142 3211 non

518 3240 635 3292 sint
659 3238 986 3295 narratione
1007 3255 1087 3302 ea,
1117 3256 1263 3307 quae
1293 3240 1378 3294 ibi
1404 3240 1693 3304 dicuntur,
1722 3241 1819 3295 sed
1849 3241 2003 3309 quod
2032 3239 2309 3311 indignus
2329 3242 2414 3292 est
2434 3239 2532 3293 ille
2552 3239 2773 3304 audire,
2794 3239 2889 3292 cui
2911 3239 3142 3293 referas.

519 3318 730 3372 Fueras
757 3321 815 3372 et
840 3322 903 3371 tu
931 3319 1244 3387 aliquando
1273 3322 1732 3385 catechumenus,
1759 3337 1946 3390 neque
1969 3323 2160 3374 tamen
2184 3320 2475 3391 proposita
2497 3319 2771 3388 mysteria
2789 3318 2898 3372 tibi
2919 3333 3143 3372 enarra-

523 3402 746 3452 bantur.
777 3399 1015 3464 Quando
1042 3403 1234 3455 autem
1263 3401 1677 3456 sublimitatem
1709 3417 1925 3465 eorum,
1954 3417 2100 3468 quae
2128 3418 2282 3455 nunc
2316 3400 2644 3463 traduntur,
2687 3397 3037 3468 experientia
3064 3398 3145 3451 di-

519 3479 740 3543 diceris,
769 3483 907 3534 tunc
934 3480 1102 3548 plane
1129 3480 1437 3553 intelliges,
1466 3482 1672 3552 dignos
1698 3500 1815 3537 non
1843 3498 1959 3536 esse
1988 3478 2441 3545 catechumenos,
2469 3479 2572 3548 qui
2599 3496 2665 3532 ea
2692 3477 2984 3535 audiant.“
3027 3480 3146 3533 Imo

519 3566 565 3621 s.
593 3562 754 3614 tanto
781 3559 968 3630 rigore
997 3561 1133 3614 haec
1163 3563 1434 3630 mysteria
1461 3567 1818 3618 sacrosancta
1857 3562 2053 3616 fideles
2092 3562 2371 3624 celabant,
2412 3563 2481 3614 ut
2519 3559 2735 3613 vellent
2767 3558 2964 3627 potius
3002 3560 3148 3614 mori

519 3657 693 3709 quam
715 3641 911 3694 eadem
932 3642 1186 3712 prodere,
1211 3643 1364 3710 quod
1394 3642 1548 3697 Dani
1565 3660 1720 3698 asus
1748 3645 1816 3698 de
1845 3663 1887 3697 s·
1915 3643 1961 3697 'P
1976 3659 2011 3696 a
2026 3661 2054 3695 r
2071 3661 2094 3695 s
2113 3643 2132 3694 i
2148 3661 2177 3696 c
2194 3641 2214 3694 i
2230 3659 2262 3695 o
2290 3641 2365 3694 M.
2394 3641 2681 3695 deferente
2703 3638 2774 3692 ad
2797 3640 3143 3694 confessores

519 3721 578 3774 in
608 3736 826 3774 carcere
854 3721 1198 3776 constitutos
1225 3723 1630 3778 eucharistiam
1661 3729 1849 3796 (carm.
1885 3728 1967 3793 19)
1994 3722 2266 3777 laudibus
2293 3720 2693 3792 prosequitur:

1056 3801 1198 3856 Cum
1227 3804 1513 3858 malesana
1540 3819 1741 3858 manus
1768 3806 1989 3874 peteret
2015 3802 2256 3872 vulgare
2288 3801 2561 3872 profanis,

1055 3882 1180 3951 Ipse
1207 3882 1457 3936 animam
1488 3883 1683 3953 potius
1711 3882 1903 3937 voluit
1928 3880 2219 3935 dimittere
2247 3898 2460 3943 caesus,

1053 3962 1297 4017 Prodere
1325 3979 1498 4031 quam
1525 3963 1764 4017 canibus
1795 3961 2010 4017 rabidis
2037 3961 2304 4016 coelestia
2331 3961 2604 4014 membra.

520 4043 576 4097 Si
607 4059 739 4097 vero
766 4047 822 4101 5.
852 4043 1166 4111 quaeritur,
1194 4043 1264 4096 de
1292 4043 1502 4111 quibus
1530 4042 1891 4114 potissimum
1921 4042 2116 4095 arcani
2142 4041 2450 4113 disciplina
2476 4044 2698 4096 servata
2720 4042 2811 4104 sit,
2834 4041 3136 4110 responde-

518 4142 663 4188 mus,
690 4124 852 4178 illam
890 4123 952 4176 in
979 4123 1179 4193 primis
1205 4123 1459 4194 viguisse
1500 4123 1649 4178 circa
1689 4125 2045 4177 sacramenta
2086 4121 2279 4176 omnia
2321 4123 2411 4193 (cf.
2448 4119 2785 4177 Basilium
2819 4122 2890 4176 de
2925 4121 3072 4193 Spir.
3101 4141 3143 4175 s.

519 4220 565 4256 c.
593 4208 702 4276 27),
727 4203 1059 4274 praesertim
1087 4204 1237 4258 circa
1264 4204 1700 4264 eucharistiam:
1744 4204 1842 4258 sed
1871 4203 2045 4257 etiam
2073 4203 2222 4257 circa
2248 4202 2613 4258 sublimiores
2638 4201 2910 4256 veritates
2935 4202 3145 4256 revela·

519 4291 606 4338 tas
634 4283 976 4345 universim;
1016 4301 1147 4337 nam
1176 4284 1260 4338 ita
1290 4287 1460 4341 habet
1486 4286 1525 4339 C
1541 4284 1788 4353 yrillu
1808 4303 1833 4338 s
1859 4286 1967 4340 cat.
1998 4291 2031 4340 6
2050 4302 2105 4339 n.
2135 4290 2202 4340 29
2225 4306 2237 4338 ε
2288 4282 2472 4346 „Haec
2500 4281 2788 4351 mysteria,
2817 4297 2964 4351 quae
2993 4299 3149 4335 nunc

521 4365 796 4436 patefacit
822 4364 1071 4419 Ecclesia
1098 4365 1168 4431 ei,
1196 4366 1299 4435 qui
1324 4383 1391 4420 ex
1419 4366 1846 4422 catechumenis
1873 4363 2112 4427 excedit,
2152 4363 2323 4419 moris
2350 4379 2465 4417 non
2492 4365 2595 4428 est,
2635 4362 2953 4433 gentilibus
2978 4379 3147 4433 expo·

521 4461 671 4499 nere.
720 4446 851 4500 Non
878 4444 1029 4499 enim
1058 4446 1267 4516 gentili
1294 4446 1564 4514 cuiquam
1604 4446 1673 4499 de
1700 4446 1869 4500 Patre
1911 4447 1968 4499 et
2008 4443 2153 4498 Filio
2195 4445 2254 4497 et
2290 4443 2509 4513 Spiritu
2533 4461 2577 4499 s.
2618 4460 2828 4497 arcana
2873 4443 3143 4511 mysteria

520 4526 900 4587 declaramus;
928 4543 1114 4594 neque
1144 4527 1333 4596 palam
1349 4525 1505 4594 apud
1521 4527 1962 4581 catechumenos
1978 4526 2046 4579 de
2068 4524 2353 4593 mysteriis
2375 4524 2545 4578 verba
2566 4523 2828 4588 facimus,
2851 4523 2944 4576 sed
2963 4522 3144 4576 multa

521 4623 687 4677 saepe
714 4606 1007 4674 loquimur
1033 4608 1271 4669 occulte,
1301 4609 1366 4659 ut
1391 4606 1599 4670 fideles,
1641 4606 1742 4674 qui
1784 4622 1902 4661 rem
1944 4607 2158 4668 tenent,
2186 4604 2536 4673 intelligant,
2565 4605 2624 4657 et
2648 4602 2749 4672 qui
2776 4619 2895 4656 non
2921 4604 3135 4662 tenent,

520 4704 636 4741 non
655 4686 1008 4743 laedantur.“
1039 4685 1315 4739 Memoria
1335 4685 1674 4756 dignissima
1695 4687 1848 4749 sunt,
1871 4700 2017 4753 quae
2047 4685 2082 4737 S
2100 4701 2130 4739 o
2148 4702 2175 4738 z
2194 4702 2225 4738 o
2243 4702 2298 4737 m
2316 4699 2345 4737 e
2362 4702 2399 4736 ιι
2417 4701 2455 4736 ιι
2472 4699 2497 4736 s
2524 4683 2593 4736 de
2621 4681 2879 4751 symbolo
2908 4682 3145 4735 nicaeno

521 4769 799 4823 disserens
827 4766 1041 4820 scribit.
1075 4766 1282 4829 „Initio
1311 4765 1543 4833 quidem
1570 4766 2049 4829 existimaveram,
2077 4765 2159 4818 ita
2176 4765 2273 4818 ille
2290 4764 2358 4822 H.
2382 4763 2443 4819 E.
2463 4764 2607 4828 1,20‚
2635 4762 2960 4832 exemplum
2982 4760 3141 4815 illius
