3538 5364
1521 224 1603 278 De
1632 224 1883 296 epiclesi.
2875 231 2998 297 351

383 416 449 474 in
481 433 688 473 mensa
717 412 936 471 Christi
968 413 1236 489 ejusdem
1267 431 1387 471 non
1419 412 1753 490 figurativ0,
1803 411 1904 471 sed
1947 429 2085 469 vero
2117 428 2357 487 corpore
2388 409 2663 481 reficeris,
2710 413 3005 487 quantum

382 505 498 563 fide
530 504 688 579 capis
719 502 1055 572 visibiliter,
1091 505 1388 577 quantum
1418 503 1587 561 adest
1617 500 1721 559 ine
1753 499 2078 559 invisibilis
2109 501 2378 560 sacerdos
2400 502 2734 577 propositae
2769 504 3002 559 creatu-

380 612 481 653 rae
511 595 775 652 mutator
804 595 984 667 atque
1015 594 1353 667 assumptor
1375 594 1543 649 tanta
1570 590 1826 649 efficacia
1845 589 2345 671 sanctificationis,
2380 593 2450 649 ut
2482 589 2789 649 sacerdote
2823 589 3003 648 verba

379 683 635 753 Domini,
677 699 828 757 quae
859 681 997 740 viva
1027 682 1089 739 et
1119 679 1572 739 sanctificatoria
1602 681 1759 751 sunt,
1807 679 2158 754 proferente,
2204 679 2637 738 attendendum
2668 681 2730 737 et
2762 696 3001 737 sumen-

382 772 526 830 dum
570 773 664 839 sit,
712 774 865 829 teste
909 769 966 827 b.
1008 769 1339 840 Ambrosio,
1385 788 1506 831 non
1537 768 1694 845 quod
1725 771 1942 826 natura
1971 767 2266 839 formavit,
2313 768 2415 827 sed
2464 768 2621 844 quod
2667 767 3003 827 benedictio

380 861 761 920 consecravit.
776 868 804 898 ‘

564 980 630 1048 3.
665 979 933 1044 Accedit
964 995 1425 1044 consensus
1457 995 1837 1059 graecorum
1869 994 2021 1040 cum
2056 976 2269 1040 latinis
2301 977 2366 1039 in
2399 976 2670 1039 concilio
2704 974 3005 1040 floren-

383 1087 572 1150 tino.
621 1087 1077 1152 Bessarion
1124 1086 1294 1151 enim
1337 1086 1614 1167 archiep.
1660 1086 1970 1150 nicaenus
2020 1085 2413 1167 reliquorum
2461 1083 2720 1148 nomine
2768 1081 3005 1147 solem-

385 1193 553 1257 niter
583 1192 907 1274 professus
940 1194 1128 1280 est1):
1168 1192 1526 1273 ,Quoniam
1546 1191 1627 1256 ab
1651 1191 1950 1256 omnibus
1969 1211 2051 1255 ss.
2074 1190 2443 1255 doctoribus
2462 1189 2801 1266 Ecclesiae,
2821 1207 3006 1271 prae·

388 1301 607 1364 sertIm
658 1299 741 1363 ab
773 1300 878 1365 illo
910 1300 1015 1364 bb.
1045 1301 1229 1366 Joan.
1277 1300 1819 1382 Chrysostom
1836 1317 1893 1373 ο,
1941 1298 2052 1380 qui
2099 1297 2289 1361 nobis
2332 1296 2706 1361 notissimus
2738 1302 2853 1372 est,
2887 1314 3006 1359 au-

397 1407 623 1483 dimuS,
655 1406 855 1471 verba
887 1407 1211 1471 dominica
1241 1426 1386 1472 esse
1417 1407 1543 1483 illa,
1577 1424 1744 1489 quae
1776 1411 2032 1469 mutant
2062 1410 2128 1469 et
2160 1403 2742 1469 transubstantiant
2771 1418 3007 1484 panem

390 1520 457 1579 et
484 1514 705 1578 vinum
736 1514 800 1578 in
833 1532 1067 1595 corpus
1099 1532 1323 1579 verum
1344 1513 1578 1578 Christi
1609 1520 1675 1578 et
1705 1512 2110 1593 sanguinem:
2143 1518 2207 1577 et
2224 1511 2398 1594 quod
2432 1511 2540 1575 illa
2573 1509 2771 1574 verba
2792 1509 3007 1572 divina

389 1619 746 1685 Salvator-is
767 1638 1025 1686 omnem
1045 1621 1345 1685 virtutem
1368 1619 2070 1685 transubstantiationis
2100 1618 2359 1694 habent,
2390 1636 2508 1681 nos
2524 1618 2733 1699 ipsum
2749 1635 2832 1679 ss,
2850 1616 3005 1680 doc-

391 1735 597 1792 torem
629 1734 694 1792 et
722 1727 887 1792 illius
918 1728 1304 1792 sententiam
1337 1727 1664 1809 sequimur
1694 1726 1775 1790 de
1807 1725 2250 1791 necessitate.‘

557 1854 729 1919 Idem
761 1854 831 1921 4.
864 1852 1150 1918 Ecclesia
1181 1851 1463 1934 practice
1494 1851 1831 1931 profitetur
1855 1850 2091 1932 jubens
2112 1848 2569 1915 eucharistiam
2606 1866 2756 1913 mox
2789 1846 3005 1930 prola-

387 1962 468 2025 tis
500 1959 733 2025 Christi
766 1960 976 2026 verbis
1009 1961 1241 2025 devote
1274 1959 1566 2024 adorare.

564 2100 706 2154 371.
753 2091 844 2149 De
888 2091 1128 2164 epiclesi.
1160 2124 1248 2134 -
1279 2088 1502 2148 Verum
1533 2087 1852 2147 difficultas
1884 2087 2080 2147 oritur
2126 2105 2193 2145 ex
2240 2086 2609 2144 invocatione
2643 2083 2905 2161 Spiritus
2938 2102 3002 2154 s.,

385 2198 537 2253 qnae
581 2180 644 2237 in
675 2180 954 2239 omnibus
987 2180 1107 2238 fere
1139 2178 1405 2255 liturgiis
1438 2177 1702 2237 Orientis
1733 2180 1796 2236 et
1826 2176 2187 2253 quibusdam
2219 2174 2398 2234 etiam
2429 2174 2630 2233 missis
2664 2173 3004 2234 Occidentis

389 2266 669 2344 (gothicis
714 2269 834 2328 scil.
882 2272 943 2327 et
988 2264 1391 2349 mozarabicis)
1437 2270 1574 2344 post
1618 2266 1799 2325 verba
1845 2265 2188 2343 evangelica
2218 2264 2674 2324 consecrationis
2710 2264 3004 2338 sequitur,

390 2361 453 2415 et
483 2356 653 2432 cujus
686 2358 940 2433 speciem
972 2357 1152 2417 habes
1183 2375 1367 2433 supra
1397 2375 1454 2414 n.
1479 2357 1641 2419 3632
1674 2357 1782 2417 col.
1808 2356 1988 2419 3252.
2020 2388 2108 2397 —
2141 2354 2254 2413 Sed
2285 2357 2532 2412 notetur
2568 2347 2624 2417 l.
2657 2355 2845 2410 totam
2876 2370 3002 2411 eam

385 2448 616 2521 partem
635 2464 827 2506 sacrae
847 2447 1148 2524 liturgiae,
1181 2465 1333 2523 quae
1352 2466 1386 2505 a
1405 2445 1610 2504 latinis
1630 2446 1803 2515 actio,
1837 2462 1869 2503 c
1884 2463 1973 2502 an
1990 2462 2023 2502 o
2040 2463 2097 2513 n,
2131 2463 2165 2502 a
2196 2442 2419 2520 graecis
2451 2438 2731 2525 ἀναφορὰ
2762 2441 3003 2515 dicitur,

383 2538 455 2593 ut
471 2554 652 2594 unam
672 2537 1159 2595 considerandam
1180 2553 1308 2593 esse
1329 2535 1619 2593 actionem
1640 2533 2038 2593 sacrificalem.
2070 2532 2211 2591 Ideo
2230 2534 2432 2590 autem
2462 2527 2532 2595 2.
2564 2531 2766 2606 plures
2799 2547 3004 2604 preces

383 2623 772 2702 diversosque
791 2626 1059 2685 adhiberi
1092 2625 1262 2694 rituS,
1297 2628 1368 2682 ut
1399 2623 1753 2682 sacrmenti
1787 2626 1847 2682 et
1879 2620 2150 2681 sacrificii
2170 2620 2305 2680 finis
2324 2624 2386 2679 et
2404 2619 2634 2678 fructus
2654 2618 3003 2677 distinctius

379 2714 748 2791 uberiusque
767 2715 1102 2774 declaretur
1132 2733 1198 2774 ac
1227 2713 1395 2774 velut
1425 2713 1501 2772 ob
1532 2715 1735 2773 oculos
1769 2713 2040 2782 sistatur,
2075 2714 2138 2771 et
2165 2715 2239 2769 ut
2269 2710 2563 2770 excitetur
2582 2708 3004 2786 congruentior

386 2803 570 2862 animi
602 2805 853 2868 devotio,
919 2804 1203 2873 Quocirca
1233 2798 1297 2868 3.
1328 2803 1525 2875 verba,
1574 2807 1874 2879 quatenus
1904 2802 2208 2879 pertinent
2239 2801 2311 2859 ad
2343 2799 2779 2858 distinctiorem
2810 2798 3002 2857 decla-

388 2893 692 2965 rationem,
739 2894 997 2971 intelligi
1040 2893 1250 2952 debere
1281 2911 1399 2951 non
1430 2911 1537 2968 pro
1557 2895 1854 2968 tempore,
1900 2910 2019 2968 quo
2065 2890 2372 2962 dicuntur,
2418 2889 2523 2947 sed
2566 2907 2674 2964 pro
2717 2890 3001 2968 tempore,

386 3000 487 3058 pro
517 3002 637 3059 quo
667 2983 972 3054 dicuntur,
1004 2987 1078 3042 ut
1106 2980 1530 3041 animadvertit
1559 2982 1657 3039 Be
1675 3000 1702 3040 s
1720 2981 2000 3040 sarion.
2049 2978 2329 3056 Operatio
2362 2977 2486 3042 scil.
2518 2977 2773 3054 Spiritus
2804 2995 2850 3038 s.
2881 2995 3004 3035 non

381 3074 474 3129 est
503 3074 837 3132 successiva
866 3075 929 3131 et
958 3091 1064 3148 per
1095 3074 1312 3147 partes,
1345 3070 1450 3128 sed
1481 3074 1607 3128 tota
1638 3070 1851 3141 simul;
1884 3071 2015 3146 ejus
2046 3071 2248 3129 autem
2276 3067 2596 3127 declaratio
2627 3066 2905 3143 precibus
2938 3070 3006 3124 et

381 3160 582 3220 verbis
613 3161 739 3221 fieri
771 3161 981 3238 nequit
1009 3161 1129 3219 nisi
1163 3158 1510 3222 successive.
1541 3159 1820 3219 Refertur
1849 3177 1990 3234 ergo
2022 3160 2163 3217 haec
2194 3156 2490 3217 invocatio
2523 3175 2568 3216 s.
2590 3155 2851 3231 Spiritus
2884 3173 3005 3213 non

385 3250 464 3307 ad
494 3249 998 3309 efficiendam
1031 3248 1430 3327 praesentiam
1461 3249 1726 3324 corporis
1759 3248 1997 3319 Christi,
2048 3247 2150 3306 sed
2186 3247 2261 3306 ad
2293 3245 2839 3305 declarandam
2868 3262 3003 3302 ver-

385 3338 599 3397 borum
629 3340 844 3399 Christi
872 3339 1191 3400 efficaciam
1222 3340 1284 3396 et
1315 3337 1390 3395 ad
1421 3337 1816 3396 obtinendum
1845 3337 2110 3397 fructum
2140 3335 2206 3395 in
2239 3354 2480 3412 corpore
2499 3334 2715 3393 Christi
2734 3333 3004 3412 mystico.

382 3429 477 3487 Ita
509 3446 743 3488 oramus
773 3428 838 3487 in
869 3428 1118 3506 liturgia
1147 3446 1405 3496 romana,
1457 3435 1570 3494 ,ut
1610 3427 1713 3486 fiat
1743 3427 1916 3485 nobis
1948 3444 2162 3503 corpus
2195 3429 2256 3484 et
2286 3425 2532 3502 sanguis
2564 3424 2859 3495 Christi;‘
2906 3423 3006 3482 vel

379 3519 454 3576 ut
483 3518 548 3575 in
578 3518 833 3594 quadam
865 3518 1049 3578 missa
1079 3515 1603 3576 mozzarabica
1633 3516 1888 3593 legitur:
1939 3516 2313 3584 ,Precamur,
2362 3516 2432 3572 ut
2464 3514 2560 3572 hic
2589 3514 2779 3589 panis,
2826 3530 3003 3588 quem

379 3608 621 3684 signum
654 3608 846 3666 crucis
878 3608 1054 3678 coxit,
1087 3609 1148 3664 et
1177 3606 1274 3663 hic
1307 3605 1472 3675 calix,
1506 3623 1684 3680 quem
1717 3605 1984 3664 torcular
2001 3603 2287 3680 passionis
2306 3603 2608 3678 expressit,
2641 3601 3001 3661 benedictio-

379 3715 515 3755 nem
559 3699 702 3756 tuae
747 3696 1083 3755 divinitatis
1127 3695 1423 3769 accipiant
1465 3712 1782 3770 veramque
1815 3695 2070 3753 salutem
2102 3691 2480 3752 sumentibus
2530 3691 2882 3767 praebeant:
2932 3694 3005 3748 ut

384 3785 730 3861 quicunque
760 3785 971 3845 exinde
1002 3783 1454 3861 sumpserimuS,
1487 3784 1801 3858 specialem
1821 3783 2075 3861 gratiam
2094 3780 2374 3857 consequi
2405 3798 2751 3842 mereamur.
2767 3787 2795 3817 ‘
2836 3779 3000 3838 Cete-

391 3893 526 3934 rum
555 3872 622 3938 4.
652 3876 805 3934 bene
836 3875 1164 3952 distinguit
1193 3874 1532 3950 Lingens
1555 3869 1606 3954 2)
1639 3873 1800 3931 inter
1828 3871 2110 3949 epiclesin
2141 3870 2633 3947 liturgicam,
2679 3887 2830 3945 qnae
2876 3867 3001 3928 scil.

606 4137 641 4204 ¹)
671 4135 910 4189 Mansi
948 4136 1075 4189 coll.
1116 4151 1271 4190 conc.
1311 4140 1396 4196 31.
1442 4141 1576 4190 1045
1614 4151 1655 4186 s.
1707 4133 1791 4187 Cf.
1836 4132 2412 4187 Turrecremata
2464 4130 2524 4183 in
2576 4145 2730 4182 conc.
2778 4125 2999 4180 florent.

391 4214 782 4269 Hardouin
811 4215 902 4280 IX,
931 4221 1035 4272 963
1062 4233 1129 4269 ss.
1157 4218 1217 4269 et
1241 4218 1347 4272 974
1372 4232 1411 4271 s.

599 4298 638 4366 ²)
665 4295 935 4351 Zeitschr.
962 4296 1001 4349 f.
1027 4297 1084 4349 k.
1112 4296 1307 4350 Theol.
1335 4296 1436 4349 XX
1462 4299 1659 4366 (1896),
1687 4299 1793 4350 748
1819 4311 1920 4352 ss.;
1963 4294 2092 4346 XXI
2116 4295 2317 4364 (1897),
2346 4296 2611 4346 50--106.
2661 4286 2744 4342 Cf.
2785 4286 2854 4340 de
2894 4287 3001 4340 hac

385 4375 715 4441 quaestione
742 4380 833 4430 sat
855 4376 1105 4447 implexa
1143 4376 1187 4429 B
1204 4393 1234 4430 e
1251 4393 1333 4430 ne
1351 4376 1562 4430 dictu
1579 4393 1604 4428 s
1631 4375 1777 4429 XIV.
1805 4375 1874 4429 de
1901 4373 2176 4428 sacrificio
2204 4372 2408 4426 missae
2436 4370 2472 4423 l.
2500 4377 2530 4423 2
2558 4386 2604 4422 c.
2636 4378 2700 4425 15
2727 4385 2782 4420 n.
2810 4374 2874 4424 16
2899 4384 3001 4428 εις

386 4455 432 4507 O
448 4455 552 4509 rsi
578 4456 639 4509 in
666 4457 887 4511 dissert.
915 4457 984 4510 de
1010 4456 1210 4527 liturg.
1237 4457 1487 4527 Spiritus
1514 4475 1555 4511 s.
1583 4456 1948 4512 invocatione
1971 4477 1984 4516 ς
2012 4455 2167 4509 Petri
2192 4453 2237 4505 B
2254 4471 2335 4507 en
2352 4469 2381 4506 e
2398 4453 2435 4505 d
2451 4468 2480 4506 e
2496 4450 2596 4506 tti
2622 4451 2700 4505 de.
2717 4448 3000 4520 augustis-

385 4537 529 4591 simo
555 4537 935 4591 eucharistiae
962 4541 1313 4592 sacramento
1351 4536 1767 4591 antirrheticon
1806 4536 2079 4590 adversus
2106 4534 2170 4587 R.
2198 4534 2258 4587 P.
2286 4533 2615 4587 Lebrunum
2655 4534 2712 4584 et
2740 4531 2871 4584 Eus.
2900 4529 3000 4584 Re-

388 4618 707 4672 naudotum
734 4617 796 4671 in
825 4618 1092 4673 thesauro
1120 4618 1156 4670 Z
1173 4617 1483 4672 acharia
1500 4635 1529 4673 e
1555 4620 1621 4682 X,
1651 4626 1752 4674 525
1780 4635 1882 4678 ss.;
1932 4616 1985 4669 H
2002 4633 2033 4669 o
2051 4637 2088 4687 p
2107 4634 2143 4685 p
2163 4632 2191 4668 e
2234 4614 2329 4668 die
2357 4613 2633 4685 Epiclesis
2660 4613 2761 4666 der
2785 4609 2998 4682 griech.

382 4699 501 4755 und
528 4699 968 4754 orientalischen
996 4698 1254 4770 Liturgie
1295 4699 1416 4753 und
1456 4699 1557 4752 der
1589 4705 1729 4752 rom.
1757 4696 2394 4760 Consecrationscanon,
2422 4693 2833 4748 Schaffhausen
2864 4697 3001 4747 1864
