3538 5364
512 281 644 346 236
1032 272 1217 326 Tract.
1249 272 1337 325 IX.
1366 270 1435 324 de
1462 270 1827 324 eucharistia.
1854 269 2213 324 Praestantia
2241 268 2640 324 eucharistiae.

514 462 655 519 licet
698 460 876 519 etiam
923 458 1096 534 panis
1143 457 1378 515 dicatur
1410 457 1639 516 ratione
1673 456 1892 532 speciei
1922 459 2215 526 externae,
2267 459 2330 514 et
2377 456 2547 530 panis
2591 456 2864 515 coelestis
2909 456 3142 515 ratione

511 550 777 619 ‚vii-tutis,
811 567 934 624 qua
965 547 1145 606 vitam
1168 546 1542 622 spiritualem
1562 548 1874 605 conservat
1903 548 1965 605 et
1994 547 2207 622 auget3
2240 560 2302 608 e.
2335 545 2568 604 ratione
2600 544 2885 615 sacrificii,
2917 544 2983 603 in
3016 563 3138 620 quo

508 639 843 709 conficitur,
895 636 1228 706 oblati0,
1280 638 1715 695 sacramentum
1765 635 1987 704 altaris,
2039 652 2243 693 mensa
2289 634 2528 693 Domini
2590 647 2637 696 1.
2684 634 2811 697 Cor.
2871 645 2967 702 10,
3023 643 3095 697 21
3125 656 3138 701 ς

511 725 568 790 f.
604 728 832 787 ratione
864 744 1126 785 summae
1145 724 1361 783 Christi
1396 725 1461 783 in
1489 742 1598 784 nos
1636 723 1992 794 dilectioniS,
2025 724 2196 799 cujus
2230 728 2324 782 est
2355 723 2605 794 fructuS,
2640 727 2702 781 et
2732 723 2997 793 effectae,
3032 725 3140 799 qui

507 822 605 876 est
636 817 873 875 dilectio
906 814 1152 885 socialis,
1199 815 1370 890 cujus
1415 818 1508 873 est
1553 813 1893 889 symbolum
1938 816 2001 872 et
2045 831 2236 883 causa,
2288 813 2384 872 vel
2434 812 2666 871 ratione
2696 813 3138 888 adiuncturum,

509 925 662 981 quae
683 906 848 964 illius
877 904 1328 963 celebrationem
1350 903 1493 961 olim
1517 902 1972 973 comitabantur,
2007 898 2241 986 ἀγάπης
2276 916 2345 980 g.
2379 903 2609 961 ratione
2630 901 2967 972 effectuum,
2984 921 3138 977 quos

512 995 804 1071 producit,
840 994 1247 1063 viaticum,
1282 992 1618 1051 communio
1649 996 1758 1053 etc.
1824 992 1906 1051 cf.
1938 992 2191 1050 Thomas
2226 999 2285 1054 3.
2320 1011 2376 1066 p.
2414 1010 2468 1066 q.
2507 1000 2585 1054 73
2621 1010 2673 1054 a.
2709 1001 2777 1060 43
2813 990 3136 1060 Oswald,

513 1086 619 1143 Die
655 1084 849 1160 dogm.
881 1083 1069 1141 Lehre
1100 1100 1218 1141 von
1249 1082 1365 1140 den
1398 1081 1815 1140 Sacramenten
1847 1086 1891 1140 t.
1936 1093 1957 1143 1
1998 1100 2054 1156 p.
2090 1092 2125 1143 4
2160 1085 2191 1153 ξ
2234 1092 2255 1143 1
2296 1098 2353 1142 ιι.
2390 1092 2446 1143 4.
2482 1112 2566 1125 -—
2598 1080 2848 1156 Insuper
2878 1080 3139 1139 efferunt

509 1180 709 1249 patres
740 1172 1129 1232 eucharistiae
1161 1174 1595 1230 sacramentum
1626 1170 1978 1247 praedicatis
2018 1189 2196 1245 quam
2244 1169 2882 1229 honorificentissimis:
2927 1170 3140 1228 dicunt

508 1264 670 1321 enim
704 1262 859 1321 illud
887 1280 1010 1320 non
1041 1262 1233 1320 solum
1266 1263 1557 1330 sanctum,
1593 1262 2054 1329 sacrosanctum,
2090 1259 2193 1317 sed
2228 1261 2291 1317 et
2320 1258 2784 1329 sanctissimum,
2819 1258 3135 1327 ineffabile,

511 1352 802 1423 divinum,
853 1351 1309 1420 divinissimum,
1355 1350 1748 1420 tremendum,
1796 1354 2058 1431 φρικτόν,
2107 1348 2484 1418 horrendum,
2537 1347 2759 1423 ,quod‚
2812 1350 2883 1405 ut
2927 1347 3139 1405 scribit

506 1441 1113 1517 chrysostomus
1158 1440 1312 1501 hom.
1351 1449 1423 1502 81
1466 1438 1529 1496 in
1561 1437 1768 1501 Mat-th.
1803 1457 1860 1498 n.
1896 1449 1952 1509 5,
1999 1437 2195 1514 angeli
2230 1436 2500 1496 videntes
2532 1437 2772 1495 horrore
2803 1437 3135 1513 replentur,

507 1548 616 1588 nec
646 1530 938 1604 respicere
969 1529 1193 1587 audent
1223 1530 1467 1603 propter
1497 1531 1905 1602 erumpentem
1938 1527 2147 1585 exinde
2180 1526 2613 1603 splendorem.‘

689 1652 756 1717 2.
793 1648 1266 1714 praestantiam
1301 1648 1488 1729 hujus
1519 1646 1908 1712 sacramenti
1955 1653 2228 1712 testatur
2273 1652 2623 1728 apparatus
2668 1646 3135 1725 liturgicuS,

510 1776 641 1839 quo
676 1756 1062 1820 eucharistia
1112 1755 1338 1836 quovis
1389 1755 1607 1818 seculo
1640 1755 1705 1818 in
1735 1753 2022 1819 Ecclesia
2070 1754 2374 1818 universa
2417 1753 2743 1818 celebrata
2775 1751 2903 1817 suit
2967 1753 3136 1817 Vere

509 1864 687 1929 enim
719 1862 840 1926 dici
872 1869 1109 1943 potest,
1162 1862 1590 1927 eucharistiae
1640 1862 2143 1927 celebrationem
2192 1862 2387 1926 totius
2432 1861 2639 1925 cultus
2686 1867 2753 1925 et
2782 1861 2954 1925 vitae
2984 1861 3134 1925 reli-

508 1972 735 2052 giosae
767 1988 909 2035 esse
946 1976 1237 2035 centrum
1270 1978 1336 2035 et
1366 1966 1541 2034 velut
1579 1987 1691 2033 cor
1723 1976 1788 2034 et
1818 1970 2117 2033 animam.
2180 1968 2359 2033 Tolle
2388 1968 2512 2033 hoc
2543 1972 3023 2033 sacramentum
3054 1985 3134 2031 ex

509 2078 812 2153 Ecclesia,
847 2083 911 2140 et
941 2076 1109 2140 illico
1141 2077 1514 2156 languescet
1546 2077 1826 2141 fidelium
1872 2078 2080 2158 pietas
2113 2084 2176 2141 et
2207 2076 2482 2152 devotio,
2528 2076 2941 2139 imminuetur
2974 2093 3133 2138 con-

506 2186 910 2249 cursantium
945 2184 1026 2248 ad
1063 2184 1375 2266 templum
1426 2184 1787 2267 frequentia
1818 2190 1883 2248 et
1915 2184 2232 2248 alacritas
2296 2182 2416 2247 Ubi
2449 2182 2841 2248 eucharistia
2870 2181 3132 2245 confici-

511 2299 630 2368 tur,
666 2298 1135 2370 congregantur
1168 2290 1448 2372 undique
1481 2291 1732 2365 fideles;
1765 2297 1837 2354 ut
1867 2291 1973 2354 illa
1993 2291 2307 2370 condigne
2326 2290 2700 2365 celebretur,
2722 2307 2946 2353 omnes
2965 2288 3134 2353 inter

507 2417 579 2461 se
613 2405 865 2463 certant
896 2404 1068 2463 artes
1099 2397 1413 2474 liberaleS,
1448 2399 1774 2479 eriguntur
1806 2406 1938 2464 tam
1971 2398 2310 2477 magnifica
2341 2396 2598 2478 templa,
2630 2403 2942 2478 parantur
2972 2414 3133 2460 vasa

509 2506 810 2586 pretiosa,
843 2511 1106 2569 curatur
1136 2524 1392 2569 summa
1422 2505 1782 2582 munditieS,
1833 2506 2101 2586 exigitur
2150 2511 2334 2568 tanta
2381 2505 2447 2567 in
2496 2504 2802 2568 ministris
2832 2505 3033 2568 virtus
3066 2512 3132 2569 et

510 2612 773 2694 puritas,
807 2611 1138 2696 multiplex
1170 2612 1577 2694 distinguitur
1609 2612 2047 2677 ministrorum
2093 2612 2270 2690 ord0,
2316 2610 2786 2693 praemittenda
2818 2619 2916 2677 est
2948 2630 3129 2676 com-

514 2720 950 2794 municaturis
987 2720 1041 2783 si
1075 2720 1140 2782 in
1173 2725 1347 2784 statu
1380 2726 1529 2784 sunt
1560 2721 1828 2802 peccati,
1864 2721 2125 2785 alterius
2145 2720 2535 2785 sacramenti
2564 2721 2908 2801 susceptiO,
2937 2738 3130 2803 prae·

507 2826 809 2891 scribitur
839 2826 1291 2906 rigidissimum
1325 2828 1614 2908 corporis
1659 2827 2003 2909 jejunium3
2056 2847 2135 2892 ex
2185 2828 2310 2892 hoc
2358 2827 2664 2910 mysterio
2714 2828 3031 2892 redundat
3062 2828 3128 2891 in

507 2933 757 3010 altaria,
790 2951 966 3008 vasa,
1004 2933 1248 3014 templa
1286 2933 1579 3012 dignitas,
1613 2952 1781 3016 quae
1815 2936 2044 2999 eadem
2075 2934 2283 2999 reddit
2313 2935 2699 2999 veneranda.

688 3065 871 3134 Quam
905 3066 980 3123 ob
1014 3084 1137 3123 rem
1171 3065 1504 3141 Optatus
1536 3083 1656 3125 non
1689 3067 1818 3124 sine
1848 3067 2091 3126 horrore
2122 3067 2320 3138 refert,
2363 3084 2518 3143 qnae
2558 3066 2893 3125 donatistae
2924 3070 3130 3125 contra

505 3155 930 3213 catholicorum
963 3154 1170 3213 altaria
1215 3155 1461 3231 egerint.
1525 3155 1722 3224 ,Quid
1767 3157 1944 3226 enim,
1990 3156 2194 3232 inquit
2223 3155 2320 3226 VI,
2374 3168 2426 3219 1.
2475 3164 2533 3226 2,
2580 3159 2707 3214 tam
2752 3156 3125 3233 sacrilegum,

509 3262 687 3318 quam
718 3243 928 3301 altaria
958 3244 1064 3301 Dei
1099 3242 1185 3324 (in
1230 3244 1451 3319 quibus
1483 3248 1544 3303 et
1576 3263 1680 3304 vos
1711 3244 2033 3321 aliquando
2065 3241 2397 3326 obtulistis)
2430 3244 2718 3322 frangere,
2766 3244 2987 3316 radere,
3034 3264 3127 3303 re-

504 3335 781 3391 movere?
825 3332 891 3389 in
935 3332 1156 3408 quibus
1202 3337 1263 3391 et
1291 3337 1429 3392 vota
1458 3335 1667 3411 populi
1698 3338 1760 3393 et
1791 3333 2053 3393 membra
2084 3334 2299 3394 Christi
2331 3336 2565 3410 portata
2595 3337 2765 3394 sunt:
2812 3353 2931 3409 quo
2965 3334 3124 3392 Deus

508 3421 884 3497 omnipotens
929 3423 1237 3481 invocatus
1284 3423 1396 3493 sit;
1444 3442 1562 3498 quo
1610 3423 1951 3499 postulatus
1998 3423 2373 3483 descenderit
2404 3423 2665 3499 Spiritus
2698 3418 2841 3503 a.¹):
2887 3423 3047 3483 unde
3093 3443 3129 3481 a

506 3509 716 3568 multis
749 3513 810 3568 et
840 3510 1060 3587 pignus
1093 3513 1307 3571 salutis
1339 3515 1629 3584 aeternae,
1669 3516 1732 3572 et
1762 3513 1954 3571 tutela
1985 3513 2121 3572 fidei
2153 3517 2214 3572 et
2246 3531 2377 3588 spes
2407 3512 2856 3572 resurrectionis
2888 3515 3128 3588 accepta

503 3601 598 3657 est
631 3645 643 3656 .
677 3643 691 3656 .
726 3643 738 3656 .
773 3599 930 3669 Quid
960 3605 1051 3659 est
1084 3601 1244 3659 enim
1276 3601 1459 3660 altare
1490 3602 1606 3661 nisi
1639 3601 1809 3661 sedes
1843 3605 1904 3659 et
1935 3602 2199 3677 corporis
2232 3606 2294 3660 et
2326 3602 2639 3678 sanguinis
2674 3602 2937 3661 Christi?
2969 3602 3127 3661 Haec

503 3688 702 3746 omnia
733 3688 899 3748 furor
929 3692 1127 3749 vester
1156 3694 1265 3748 aut
1293 3691 1460 3762 rasit,
1507 3693 1613 3750 ant
1657 3690 1853 3767 fregit,
1900 3693 2005 3749 aut
2047 3692 2314 3753 removit.
2348 3713 2353 3718 ’
2380 3692 2503 3750 Hoc
2547 3690 2737 3767 igitur
2767 3691 3125 3767 inexpiabile

505 3776 687 3849 nefas,
723 3777 775 3836 si
810 3777 882 3837 de
915 3778 1115 3854 aliqua
1134 3781 1363 3839 ratione
1383 3779 1706 3851 descendit,
1740 3798 1860 3839 uno
1891 3780 2063 3840 modo
2083 3780 2208 3839 fieri
2227 3780 2439 3839 debuit
2468 3825 2483 3839 .
2518 3827 2531 3839 .
2565 3826 2578 3839 .
2612 3779 2766 3849 Quid
2797 3798 2904 3839 vos
2938 3779 3124 3839 offen-

504 3862 990 3938 derat’ChristuS,
1038 3869 1209 3944 cujus
1256 3868 1380 3928 illic
1424 3888 1531 3946 per
1574 3872 1734 3930 certa
1778 3873 2077 3928 momenta
2107 3888 2322 3947 corpus
2364 3873 2425 3928 et
2456 3870 2699 3948 sanguis
2728 3869 3125 3928 habitabant?

556 4000 568 4012 .
602 4001 614 4013 .
649 3956 773 4015 Hoc
803 3956 977 4016 modo
1001 3957 1253 4032 judaeos
1287 3959 1429 4017 estis
1460 3958 1703 4018 imitati:
1749 3958 1842 4017 illi
1886 3959 2222 4033 injecerunt
2251 3979 2461 4018 manus
2491 3959 2724 4018 Christo
2756 3959 2822 4017 in
2854 3976 3056 4018 cruce:
3090 3979 3125 4017 a

503 4045 672 4103 vobis
703 4064 1016 4122 percussus
1047 4048 1141 4104 est
1170 4047 1234 4105 in
1263 4047 1441 4106 altari
1473 4092 1486 4106 .
1518 4093 1531 4107 .
1568 4093 1580 4106 .
1626 4049 1753 4107 Hoc
1796 4051 1996 4107 tamen
2040 4048 2295 4107 immane
2324 4049 2554 4108 facinus
2587 4067 2621 4106 a
2650 4047 2821 4107 vobis
2853 4048 3119 4125 gemina-

503 4137 634 4192 tum
665 4139 775 4204 est,
809 4135 952 4193 dum
984 4134 1252 4212 fregistis
1284 4136 1463 4195 etiam
1495 4137 1720 4208 calices,
1755 4137 1972 4196 Christi
2005 4138 2317 4215 sanguinis
2348 4142 2743 4214 portatore8.‘
2780 4171 2862 4182 —-
2898 4137 3122 4196 Secun-

503 4223 643 4281 dum
676 4223 768 4281 Ch
787 4242 912 4298 rys
931 4226 1302 4284 ostomnm
1334 4244 1472 4285 vero
1505 4229 1675 4285 tanta
1705 4245 1775 4285 ex
1807 4227 2194 4285 eucharistiae
2214 4226 2608 4287 celebratione
2640 4226 2904 4304 dignitas
2935 4227 3000 4285 in
3031 4246 3119 4298 ea,

721 4429 758 4496 ¹)
790 4426 895 4481 Hic
920 4429 1224 4485 manifesto
1251 4431 1489 4502 respicit
1514 4431 1670 4486 illam
1697 4431 1946 4500 Spiritus
1962 4450 2003 4485 s.
2020 4431 2459 4497 invocationem,
2477 4450 2592 4502 qua
2608 4433 2668 4488 in
2683 4433 2942 4502 antiquis
2962 4449 3118 4504 prae-

504 4505 699 4558 sertim
723 4504 1020 4577 liturgiis
1005 4526 1126 4579 ipse
1153 4510 1472 4577 invocatur,
1502 4515 1602 4573 „ut
1615 4511 1926 4567 adveniens
1943 4515 2157 4578 sancta,
2172 4513 2325 4567 bona
2340 4518 2397 4568 et
2410 4513 2656 4584 gloriosa
2675 4530 2779 4568 sua
2796 4513 3120 4584 praesentia

503 4584 817 4640 sanctificet
840 4592 899 4641 et
924 4591 1270 4645 transmutet
1295 4591 1588 4662 proposita
1613 4595 1671 4646 et
1696 4595 1893 4647 sancta
1908 4593 2059 4648 dona
2075 4594 2215 4649 ista
2200 4613 2260 4647 in
2278 4593 2467 4666 ipsum
2485 4612 2691 4665 corpus
2706 4597 2764 4650 et
2778 4594 3117 4666 sanguinem

505 4669 727 4720 nostrae
753 4667 1160 4736 liberationis,⁶⁸
1194 4675 1263 4727 ut
1288 4672 1577 4742 legimus
1562 4691 1624 4726 ιιι
1650 4673 1895 4744 liturgia
1919 4676 2061 4730 alex
2090 4693 2131 4730 s.
2160 4675 2205 4728 G
2224 4692 2291 4728 re
2308 4694 2346 4745 g
2363 4693 2394 4729 o
2410 4694 2439 4728 r
2456 4675 2475 4728 i
2492 4676 2511 4728 i
2538 4675 2695 4745 apud
2722 4675 2770 4728 R
2786 4692 2815 4729 e
2833 4694 2869 4729 n
2887 4691 2921 4728 a
2938 4693 2974 4728 u
2990 4674 3028 4727 d
3045 4692 3077 4729 o
3095 4682 3122 4728 t

504 4744 840 4810 l.e.1,195.
894 4749 1156 4806 Cf.infra
1185 4755 1264 4807 th.
1297 4759 1418 4809 226.
