3538 5364
1357 274 1416 325 et
1441 275 1645 325 natura
1671 271 2034 325 characteris.
2873 276 3013 342 23⁵(

382 458 755 534 baptismum
785 461 850 518 et
879 458 1126 517 formam
1144 458 1427 534 baptismi
1458 476 1639 517 sensu
1668 458 1862 517 activo
1894 460 1956 516 et
1984 456 2206 516 causali
2240 456 2440 532 potuit
2472 475 2677 516 vocare
2709 457 3005 516 characte-

381 567 529 609 rem.
597 547 759 617 Quae
803 547 1235 607 animadversio
1266 566 1405 622 prae
1437 546 1627 605 oculis
1667 547 1955 606 habeatur
1997 544 2071 604 ad
2116 545 2534 621 explicandum
2578 551 2808 606 textum
2854 565 3001 605 non·

382 636 536 695 nihil
564 637 891 707 difficilem,
924 636 1028 712 qui
1059 636 1280 714 legitur
1311 636 1375 695 in
1404 637 1536 711 ejus
1568 653 1738 695 serm.
1771 634 1844 695 ad
1875 634 2259 694 caesariensis
2292 634 2570 694 ecclesiae
2601 634 2832 711 plebem
2865 654 2922 700 n.
2948 644 3005 697 2.

563 762 714 827 275.
744 757 892 823 Jam
923 756 1318 839 inquiramus
1350 756 1416 819 in
1445 755 1761 821 rationem
1795 762 1862 820 et
1893 763 2194 819 naturam
2225 754 2603 819 characteris
2633 771 3007 819 sacramen-

383 863 546 927 talis.
579 860 940 928 Statuimus
975 864 1036 930 l.
1071 863 1510 927 characterem
1550 879 1692 928 esse
1739 861 2185 927 entitatem
2226 879 2342 926 seu
2392 861 2766 943 qualitatem
2800 877 3005 944 quan-

382 970 536 1033 dam
568 969 829 1043 realem,
864 988 1031 1052 quae
1064 970 1347 1033 animam
1379 969 1584 1052 ipsam
1617 968 1827 1046 afficit,
1861 988 1993 1033 non
2025 968 2407 1035 relationem
2453 964 2706 1033 tantum
2737 966 3005 1032 rationis

383 1082 450 1142 et
480 1076 1077 1142 denominationem
1108 1095 1284 1142 mere
1315 1077 1626 1142 moralem
1642 1083 1706 1142 et
1720 1084 2054 1142 externam
2074 1083 2142 1140 ut
2161 1081 2260 1141 est
2276 1076 2669 1151 doctoratus,
2686 1074 2786 1140 vel
2803 1075 3005 1157 depu-

382 1181 697 1246 tationem
759 1181 844 1245 ad
892 1198 1111 1245 sacras
1160 1183 1466 1257 actiones,
1518 1189 1589 1247 ut
1639 1183 1938 1264 opinatur
1987 1181 2040 1246 D
2059 1182 2441 1257 uranduS,
2492 1181 2591 1246 vel
2641 1187 3007 1264 respectum

380 1288 627 1353 realem
657 1288 1055 1353 extrinsecus
1087 1289 1341 1355 animae
1374 1289 1825 1355 advenientem
1858 1296 2196 1354 causatum
2244 1308 2285 1354 a
2333 1290 2468 1356 Deo
2500 1289 2564 1353 in
2597 1289 3009 1370 susceptione

380 1396 777 1460 sacramenti
807 1395 1197 1472 initerabiliS,
1227 1404 1299 1460 ut
1329 1402 1550 1462 censet
1581 1393 1885 1461 Scotus
1918 1396 1983 1460 in
2018 1401 2076 1464 4.
2114 1395 2287 1463 Sent.
2323 1398 2380 1461 d.
2415 1403 2455 1466 6
2488 1417 2545 1480 q.
2587 1400 2683 1462 10.

563 1506 691 1566 Hoc
719 1508 926 1566 saltem
959 1512 1096 1583 post
1123 1507 1441 1567 concilium
1471 1508 1579 1567 tri
1599 1508 1652 1566 d.
1684 1508 1831 1568 adeo
1877 1512 1972 1566 est
2015 1513 2247 1568 certum
2276 1509 2588 1584 theologis,
2637 1509 2709 1566 ut
2750 1510 3006 1566 temera-

380 1596 540 1655 rium
559 1597 715 1655 soret
744 1597 803 1654 id
835 1615 1082 1673 negare:
1116 1596 1278 1672 quod
1297 1598 1683 1673 comprobant
1713 1612 1781 1660 a.
1816 1598 2059 1674 singula
2079 1600 2198 1658 fere
2218 1599 2412 1668 verba,
2446 1597 2668 1673 quibus
2688 1595 3005 1655 concilium

381 1687 777 1744 characterem
812 1686 851 1747 1.
885 1704 933 1745 c.
965 1685 1258 1744 describit.
1323 1686 1481 1746 Dicit
1511 1687 1686 1748 illum
1718 1687 2056 1762 signum,
2104 1691 2166 1745 et
2205 1688 2308 1762 qui
2331 1687 2443 1745 lem
2476 1685 2913 1762 spirituale
2944 1690 3013 1744 et

381 1774 824 1833 indelebile
853 1773 1201 1851 animaeque
1234 1775 1718 1850 impressum,
1752 1795 1905 1850 quae
1934 1776 2268 1851 praedicata
2297 1776 2369 1835 de
2400 1795 2563 1835 mera
2592 1774 2878 1834 relatione
2909 1773 3007 1833 vel

381 1863 863 1922 denominatione
894 1869 1136 1922 externa
1166 1863 1334 1923 valde
1367 1865 1689 1942 improprie
1720 1865 2110 1924 affirmantur.
2158 1865 2225 1923 Id
2262 1866 2512 1940 probant
2545 1862 2615 1928 b.
2651 1867 2888 1939 patrum
2919 1861 3005 1921 ef-

382 1952 522 2022 fata,
555 1952 1002 2023 similitudines,
1035 1953 1257 2029 quibus
1289 1953 1682 2013 characterem
1713 1952 2092 2023 describunt;
2140 1972 2402 2021 munera,
2436 1972 2588 2029 quae
2620 1952 2675 2011 ei
2703 1950 3005 2021 tribuunt,

381 2060 442 2099 n.
476 2049 636 2110 272;
681 2041 896 2117 probat
940 2055 1002 2106 (3.
1033 2042 1445 2119 theologorum
1477 2043 1710 2102 scholae
1741 2061 2099 2113 consensus3
2147 2042 2361 2102 suadet
2405 2038 2475 2107 d.
2519 2046 2582 2100 et
2626 2040 2797 2110 illud,
2845 2040 3005 2117 quod

381 2130 545 2189 Deus
589 2130 672 2189 sit
714 2149 820 2189 ens
868 2130 1119 2189 maxime
1163 2130 1338 2200 reale,
1384 2133 1559 2208 cujus
1604 2132 1978 2208 operationes
2023 2131 2202 2190 realia
2231 2132 2585 2207 relinquunt
2617 2130 2888 2207 vestigia,
2935 2134 3009 2188 ut

380 2224 551 2295 patet
583 2237 652 2277 ex
683 2220 814 2296 ejus
845 2238 1060 2288 amore,
1106 2238 1225 2296 quo
1270 2238 1380 2280 nos
1410 2225 1612 2298 gratos
1645 2220 1841 2291 habet,
1886 2239 1953 2279 ex
1991 2222 2437 2297 justificatione,
2471 2218 2803 2295 adoptione,
2851 2237 3007 2294 quae

381 2308 514 2366 sine
544 2309 772 2386 gratiae
802 2309 1124 2368 habitualis
1155 2310 1384 2368 animae
1415 2310 1778 2369 inhaerentis
1808 2328 2058 2384 eamque
2080 2311 2319 2386 penitus
2339 2308 2681 2368 innovantis
2701 2308 3005 2366 infusione

379 2415 505 2456 non
535 2398 709 2461 fiunt.

561 2518 630 2586 2.
667 2516 1121 2582 Charaeterem
1153 2535 1296 2582 esse
1327 2518 1698 2600 qualitatem
1724 2517 1777 2582 's
1794 2538 1891 2600 up
1908 2537 2045 2583 ern
2062 2524 2200 2582 atu
2216 2537 2248 2581 r
2264 2518 2390 2583 ale
2406 2536 2490 2593 m,
2534 2523 2713 2599 patet
2756 2536 2835 2582 ex
2869 2518 3005 2599 ejus

381 2642 587 2689 causa
615 2621 1087 2706 supernaturali
1120 2631 1184 2689 et
1215 2642 1292 2689 ex
1325 2625 1743 2702 connexione,
1778 2644 1972 2709 quam
2003 2626 2204 2692 habet
2236 2644 2385 2690 cum
2416 2625 2638 2707 gratia.

571 2753 635 2819 3.
666 2748 824 2813 Eum
855 2750 1206 2815 consistere
1237 2752 1304 2814 in
1334 2750 1614 2833 quadam
1646 2768 1682 2814 c
1703 2770 1850 2815 ons
1869 2752 2305 2818 ecratione
2336 2756 2754 2833 permanente
2786 2767 2828 2812 a
2858 2768 3007 2830 gra-

383 2859 477 2921 tia
516 2857 838 2932 distincta,
870 2856 1109 2938 passim
1141 2856 1330 2922 docet
1362 2856 1528 2938 Aug
1547 2858 1892 2921 ustinus.
1955 2859 2049 2921 Ita
2092 2858 2413 2924 disserens
2458 2857 2539 2922 de
2583 2856 3008 2921 sacramentis

381 2964 685 3046 baptismi
717 2971 784 3029 et
814 2963 1085 3027 ordinis:
1127 2962 1518 3045 ,Utrumque
1548 2972 2031 3028 sacramentum
2073 2971 2190 3041 est,
2223 2965 2427 3047 inquit
2458 2971 2685 3029 contra
2717 2981 2812 3044 ep.
2846 2961 3005 3026 Par-

381 3089 534 3134 men
565 3071 633 3147 11,
676 3075 751 3140 13
785 3089 846 3134 n.
882 3074 987 3146 28,
1018 3079 1083 3134 et
1115 3070 1395 3152 quadam
1425 3071 1918 3136 consecratione
1952 3080 2293 3155 utrumque
2326 3072 2571 3135 homini
2602 3071 2821 3135 datur:
2853 3069 3006 3133 illud

381 3194 534 3241 cum
563 3177 942 3259 baptizatur,
975 3177 1144 3241 istud
1176 3196 1322 3241 cum
1356 3177 1722 3253 ordinatur3
1757 3178 2031 3262 ideoque
2063 3179 2128 3244 in
2159 3178 2481 3243 catholica
2499 3185 2843 3260 utrumque
2874 3196 3007 3242 non

380 3284 532 3348 licet
560 3283 847 3359 iterari3‘
887 3290 953 3349 et
983 3284 1063 3349 de
1094 3284 1268 3365 bapt.
1300 3283 1399 3360 lv,
1435 3290 1515 3353 21
1551 3304 1610 3347 n.
1644 3289 1759 3352 29:
1807 3283 2060 3368 ,Usque
2094 3287 2259 3350 adeo
2291 3303 2486 3350 nemo
2520 3284 2715 3349 debet
2745 3283 2810 3349 in
2842 3302 3006 3367 quo-

378 3390 537 3455 libet
565 3389 859 3474 profectu
891 3389 1208 3455 interioris
1238 3390 1535 3467 hominis,
1573 3391 1626 3454 si
1660 3390 1824 3456 sorte
1857 3399 2008 3457 ante
2040 3392 2432 3474 baptismum
2467 3409 2673 3474 usque
2705 3391 2789 3455 ad
2819 3390 3004 3473 spiri-

380 3497 626 3563 tualem
658 3497 1047 3562 intellectum
1078 3499 1186 3580 pio
1217 3498 1411 3562 corde
1444 3497 1799 3578 profecerit,
1834 3507 2255 3564 contemnere
2287 3505 2784 3574 sacramentum,
2832 3498 3007 3581 quod

381 3602 822 3667 ministrorum
855 3621 1050 3685 opere
1082 3602 1498 3686 corporaliter
1529 3603 1890 3682 adhibetur,
1924 3604 2037 3670 sed
2069 3623 2185 3686 per
2215 3605 2341 3668 hoc
2357 3605 2527 3669 Deus
2546 3605 2823 3669 hominis
2844 3623 3008 3668 con-

384 3711 815 3775 secrationem
845 3710 1258 3791 spiritualiter
1289 3717 1649 3793 operatum

561 3839 751 3909 Quam
783 3839 1280 3898 consecrationem
1311 3844 1512 3915 patres
1543 3841 1645 3899 alii
1678 3840 1812 3898 aliis
1845 3840 2194 3899 describunt
2226 3840 2440 3908 verbis,
2492 3844 2564 3899 ut
2608 3857 2741 3897 cum
2788 3837 3005 3897 docent

383 3931 464 4006 (n.
502 3933 655 4008 272)
685 3929 1020 3987 charactere
1051 3946 1158 3987 nos
1188 3928 1381 3986 addici
1414 3929 1631 3988 Christi
1678 3928 1967 3999 familiam
2016 3929 2188 3987 illum
2236 3948 2365 3988 esse
2412 3931 2825 3987 ornamentum
2872 3945 3001 3986 coe-

380 4019 548 4087 leste,
594 4035 716 4093 quo
761 4035 1151 4095 agnoscamur
1183 4021 1254 4076 ut
1291 4018 1656 4093 pertinentes
1693 4018 1766 4076 ad
1802 4018 2088 4077 familiam
2123 4019 2257 4086 Dei;
2303 4018 2619 4094 imaginem
2667 4019 2730 4075 et
2772 4023 3000 4075 contor-

381 4108 703 4165 mationem
734 4108 807 4165 ad
832 4107 1163 4167 Dominum.
1212 4105 1302 4164 Ita
1326 4108 1452 4182 jam
1485 4106 1934 4166 Theodotus
1966 4112 2173 4166 auctor
2191 4107 2640 4166 vetustissimus
2662 4106 2820 4181 apud
2851 4105 3003 4164 Cle·

381 4201 710 4255 mentem
742 4196 886 4255 alex.
920 4194 982 4276 (†
1003 4214 1056 4269 p.
1076 4216 1126 4253 a.
1151 4197 1304 4275 217)
1337 4196 1399 4254 in
1421 4195 1729 4272 Excerptis
1761 4216 1821 4259 n.
1846 4207 1959 4259 86:
1994 4198 2179 4265 ,Cum
2207 4196 2458 4255 Domino
2490 4195 2789 4254 numisma
2820 4195 3011 4253 fuerit

380 4285 668 4353 oblatum,
713 4283 862 4342 dixit
907 4284 1026 4353 ille,
1075 4303 1197 4342 non
1229 4286 1401 4360 cujus
1433 4284 1584 4343 illud
1610 4286 1768 4361 juris
1799 4289 1909 4356 est,
1958 4284 2078 4355 sed,
2125 4287 2296 4360 cujus
2329 4289 2423 4344 est
2452 4285 2646 4362 imago
2692 4302 2757 4342 ac
2797 4302 3003 4360 super-

381 4374 628 4450 scriptio
647 4370 884 4455 (Matth.
909 4381 1008 4443 22,
1034 4371 1186 4453 2o)?
1219 4374 1495 4444 Caesaris,
1528 4378 1599 4432 ut
1629 4377 1802 4451 cnjus
1823 4380 1998 4442 esset,
2033 4373 2122 4431 illi
2158 4374 2414 4436 daretur.
2450 4373 2545 4432 Sic
2580 4375 2759 4432 etiam
2791 4372 3005 4442 fidelis,

379 4463 489 4521 Dei
533 4481 750 4521 nomen
794 4481 903 4537 per
933 4463 1228 4521 Christum
1275 4462 1390 4520 sibi
1435 4467 1909 4537 superscriptum
1940 4462 2135 4532 habet,
2171 4462 2460 4538 Spiritum
2493 4468 2691 4521 autem
2739 4463 2808 4520 ut
2853 4463 3001 4520 ima-

378 4552 601 4629 ginem.
649 4551 807 4620 Quin
838 4557 900 4609 et
931 4556 1096 4610 muta
1124 4551 1403 4609 animalia
1432 4570 1536 4627 per
1567 4552 1943 4629 signaculum
1965 4550 2309 4623 Ostendant,
2341 4552 2513 4627 cujus
2532 4549 3004 4626 unumquodque

379 4660 562 4717 pecus
607 4640 706 4711 sit,
753 4645 935 4715 atque
980 4660 1048 4700 ex
1096 4641 1265 4717 signo
1298 4641 1405 4698 hoc
1437 4640 1831 4700 vindicantur.
1900 4642 1995 4699 Sic
2038 4641 2214 4700 etiam
2247 4640 2459 4710 anima,
2501 4659 2653 4714 quae
2685 4639 2879 4697 fidelis
2912 4644 3005 4697 est

377 4748 655 4806 quaeque
685 4730 955 4806 sigillum
988 4729 1257 4788 veritatis
1303 4730 1543 4805 accepit,
1591 4731 1874 4807 stigmata
1918 4729 2137 4789 Christi
2183 4747 2383 4787 secum
2428 4732 2686 4804 portat-.‘
2734 4763 2820 4770 -—
2866 4728 3002 4803 Cy-
