3538 5364
1638 273 1829 330 IndeX.

420 516 617 569 Thesis
644 521 764 575 237.
789 520 855 573 In
881 520 1157 575 sacrificio
1184 522 1561 578 eucharistico
1590 522 1849 577 Christus
1875 527 1962 577 est
1984 524 2227 579 offerens
2246 523 2603 597 principalis,
2632 541 2713 579 sa-

842 608 1037 664 cerdos
1066 627 1197 664 vero
1224 610 1596 665 secundarius
1622 614 1681 666 et
1706 612 2101 667 ministerialis

1435 709 1744 769 Articulus
1776 709 2009 768 tertius.

952 807 1046 861 De
1085 809 1524 863 efticientia
1561 809 1943 864 sacrificii
1982 810 2497 869 eucharistici.

420 891 613 947 'rhesis
640 897 759 948 238.
781 894 1124 951 Sacrificium
1134 897 1333 952 missae
1348 899 1433 951 est
1446 898 1817 962 lati-euticum‚
1836 897 2283 961 eucharisticum,
2297 900 2750 969 propitiatorium

843 986 901 1038 et
925 984 1373 1056 impetrator-ium
1448 1027 1462 1041 .

770 1072 806 1127 S
825 1090 854 1128 c
870 1074 910 1126 h
925 1091 957 1129 o
975 1073 1023 1126 l
1009 1093 1027 1127 1
1044 1091 1076 1128 o
1091 1094 1143 1129 n.
1171 1076 1250 1130 De
1277 1076 1530 1131 sacrificii
1555 1077 1759 1131 missae
1785 1078 1974 1131 fructu
2083 1118 2096 1131 .

774 1163 810 1217 S
828 1163 1026 1218 oholi
1045 1180 1129 1218 on
1157 1183 1238 1235 pr
1253 1167 1592 1220 acticum.
1621 1166 1912 1221 Concionis
1940 1170 2333 1238 argumentum
2409 1206 2421 1219 .

1410 1272 1689 1340 Sectio
1738 1282 2055 1359 quarta.

1148 1382 1252 1449 De
1286 1384 1745 1453 sacramento
1780 1384 2302 1469 poenitentiae.

1595 1488 1804 1572 Caput
1833 1489 1873 1554 I.

724 1594 813 1648 De
839 1595 1136 1664 potestate
1164 1597 1472 1653 Ecclesiae
1500 1597 1643 1652 data
1665 1597 2015 1653 remittendi
2042 1599 2104 1653 et
2128 1598 2430 1653 retinendi
2455 1598 2723 1668 peccata.

423 1679 616 1758 {rhesis
643 1683 765 1736 239.
793 1682 1042 1736 Christus
1082 1683 1239 1739 dedit
1280 1684 1558 1740 Ecclesiae
1600 1687 1936 1757 potestatem
1978 1686 2306 1741 remittendi
2355 1685 2740 1754 retinendique

843 1775 1102 1841 peccata,
1154 1774 1477 1828 distinctam
1515 1791 1549 1828 a
1578 1775 1704 1845 jure
1739 1774 2066 1844 baptizandi
2116 1776 2203 1830 vel
2252 1775 2628 1830 annunciandi
2666 1792 2747 1829 re·

845 1863 1165 1917 missionem
1189 1868 1545 1934 peccatorum
1608 1907 1620 1919 .

773 1949 1132 2007 Scholion
1185 1954 1223 2006 Ι.
1251 1954 1331 2008 De
1355 1952 1598 2015 formula
1623 1955 1917 2010 solvere
1943 1957 2000 2010 et
2024 1956 2265 2026 ligare

773 2038 809 2094 S
827 2057 857 2093 c
872 2040 909 2094 h
927 2058 959 2095 o
975 2041 1033 2094 11
1049 2058 1080 2095 o
1096 2061 1135 2096 n
1162 2042 1226 2097 11.
1254 2043 1336 2097 De
1360 2045 1648 2112 potestate
1672 2044 1890 2114 ligandi
1928 2086 1942 2098 .

801 2133 885 2186 C
900 2148 931 2186 o
946 2152 973 2186 r
988 2148 1020 2186 o
1037 2133 1108 2187 ll.
1135 2134 1289 2189 Haec
1315 2136 1563 2204 potestas
1588 2136 1675 2188 est
1700 2134 2083 2189 ministerialis
2253 2175 2265 2188 .
2572 2178 2585 2189 .

421 2219 614 2275 'rhesis
640 2226 760 2276 240.
788 2210 1042 2277 Potestas
1066 2223 1389 2278 remittendi
1414 2224 1807 2295 retinendique
1830 2226 2057 2295 peccata
2079 2225 2164 2279 est
2180 2224 2464 2293 judicialis
2574 2266 2586 2278 .

421 2310 613 2365 'rhesis
640 2315 759 2367 241.
785 2313 1039 2368 Potestas
1064 2313 1303 2368 clavium
1330 2314 1401 2367 ad
1429 2318 1617 2368 omnia
1643 2315 2058 2385 baptizatorum
2084 2315 2317 2385 peccata
2340 2330 2398 2367 se
2423 2313 2671 2368 extendit
2732 2353 2744 2366 .

419 2400 618 2454 Thesis
646 2405 765 2455 242.
793 2386 1092 2458 Dii-tinctio
1129 2404 1190 2457 in
1227 2406 1460 2473 peccata
1494 2403 1857 2459 remissibilia
1894 2406 1953 2458 et
1988 2402 2392 2458 irremissibilia
2428 2403 2743 2473 Scripturae

843 2495 1178 2562 patrumque
1207 2494 1545 2547 testimoniis
1570 2493 1758 2548 fulciri
1784 2494 1981 2562 nequit
2091 2538 2104 2551 .

418 2578 613 2634 Thesis
640 2583 761 2634 243.
788 2580 1036 2635 Ecclesia
1062 2600 1348 2650 nunquam
1373 2583 1479 2636 rite
1507 2582 1792 2651 dispositis
1816 2582 2034 2636 veniam
2060 2564 2291 2651 negavit

422 2667 623 2723 'rhesis
652 2673 770 2724 244.
797 2654 1043 2724 Ecclesia
1067 2688 1179 2726 non
1198 2671 1412 2726 habet
1387 2689 1481 2742 Jus
1507 2671 1819 2742 denegandi
1845 2672 2066 2726 veniam
2090 2671 2197 2725 rite
2224 2670 2510 2742 dispositis
2572 2719 2584 2730 ,

771 2761 806 2814 S
825 2776 853 2814 c
868 2760 906 2814 h
922 2761 1019 2815 ol
1005 2781 1023 2815 1
1041 2779 1073 2816 o
1090 2781 1143 2821 ιι.
1172 2760 1619 2843 Exeeptionibus
1647 2760 1855 2814 satisfit
1932 2800 1944 2813 .

1555 2869 1763 2951 Caput
1794 2869 1859 2932 11.

1473 2979 1558 3032 De
1588 2975 1972 3034 contritione.

770 3067 1154 3121 Poenitcntiae
1179 3067 1481 3121 necessitas

422 3155 613 3210 Thesis
640 3162 760 3211 245.
787 3156 1061 3211 Contritio
1106 3157 1340 3211 caritate
1384 3158 1634 3226 perfecta
1676 3155 2002 3210 reconciliat
2048 3159 2399 3225 peccatorem
2448 3155 2563 3209 Deo
2615 3156 2746 3208 ante

842 3245 1248 3314 susceptionem
1275 3245 1747 3298 sacramentorum
1774 3258 1885 3296 non
1911 3244 2102 3296 tamen
2128 3242 2246 3296 sine
2271 3245 2401 3296 voto
2427 3242 2745 3301 recurrendi

841 3333 912 3387 ad
937 3335 1278 3402 potestatem
1304 3333 1545 3387 clavium
1609 3377 1620 3389 .

771 3420 1131 3476 Scholion
1173 3424 1210 3476 1.
1252 3420 1531 3476 contritio
1570 3377 1819 3490 perfecta
1857 3421 1921 3471 ut
1956 3419 2222 3488 justificet
2259 3420 2539 3474 includere
2569 3371 2747 3474 debet

695 3591 704 3596 -
842 3512 1188 3565 sacramenti
1202 3513 1384 3565 votum
1448 3554 1461 3567 .

769 3600 1125 3656 Scholion
1154 3601 1219 3654 11.
1249 3601 1431 3666 Quare
1470 3600 1862 3653 recurrendum
1899 3599 1974 3651 sit
2012 3599 2080 3652 ad
2127 3600 2463 3669 potestatem
2507 3599 2745 3653 clavium

840 3692 1003 3744 venia
1027 3692 1379 3761 peccatorum
1406 3691 1638 3758 accepta

769 3779 805 3833 S
822 3797 852 3834 c
868 3780 904 3833 h
922 3796 953 3833 o
968 3779 1026 3833 11
1042 3795 1074 3833 o
1091 3798 1126 3833 n
1153 3778 1244 3835 ΙΙΙ.
1274 3779 1545 3832 Contritio
1573 3795 1687 3831 non
1713 3778 1948 3846 requirit
1972 3731 2179 3847 gradus
2205 3778 2579 3832 intensionis.

767 3868 962 3937 Neque
988 3871 1197 3922 certam
1222 3868 1487 3938 temporis
1514 3868 1865 3922 durationem
1927 3907 1941 3921 .

770 3960 1054 4024 Quaenam
1081 3959 1285 4012 caritas
1315 3958 1632 4027 requiratur
1659 3957 1730 4011 ad
1756 3957 2146 4011 contritionem
2173 3957 2473 4027 perfectam
2568 4002 2580 4014 .

420 4048 615 4103 Thesis
641 4052 762 4103 246.
788 4049 850 4102 Ιιι
878 4050 1225 4103 sacramento
1252 4064 1363 4102 non
1389 4047 1693 4118 requiritur
1717 4047 1978 4102 contritio
2004 4047 2251 4118 perfecta

769 4137 986 4192 Sufficit
1012 4137 1084 4192 ad
1108 4139 1518 4192 sacramentum
1543 4136 1923 4208 poenitentiae
1949 4137 2167 4191 attritio
2250 4177 2262 4189 .

767 4228 846 4282 De
873 4227 1165 4281 attritione
1192 4245 1258 4281 ex
1284 4230 1439 4281 metu
1464 4227 1669 4281 inferni
1742 4268 1753 4280 .

768 4317 915 4370 Num
943 4317 1259 4386 requiratur
1285 4316 1520 4370 initialis
1546 4316 1769 4370 dilectio

1557 4422 1763 4505 Caput
1795 4423 1886 4486 111.

1140 4532 1224 4587 De
1255 4531 1628 4589 confessione
1654 4529 1904 4597 ejusque
1930 4531 2313 4586 necessltate.

413 4636 605 4691 Thesis
632 4640 750 4693 247.
779 4637 995 4692 Fideles
1020 4640 1283 4693 tenentur
1321 4653 1597 4693 recurrere
1637 4638 1706 4690 ad
1747 4639 2087 4706 potestatem
2113 4637 2350 4690 clavium
2392 4638 2462 4691 ad
2490 4638 2741 4692 obtinen-

838 4729 968 4781 dam
993 4728 1377 4783 remissionem
1403 4729 1757 4798 peccatorum
1785 4726 2043 4781 letalium
2083 4769 2093 4779 .

2903 285 3031 349 703

2824 454 2962 526 Pag.

2930 623 3035 673 406

2928 995 3035 1045 408

2924 1085 3032 1133 410

2927 1176 3035 1223 414

2926 1870 3032 1922 417

2925 1959 3029 2008 422

2925 2048 3034 2098 423

2928 2141 3035 2189 424

2927 2232 3034 2279 424

2927 2319 3034 2369 426

2929 2497 3032 2549 427

2927 2586 3031 2637 432

2927 2677 3033 2728 436

2927 2767 3031 2817 438

2924 3069 3031 3119 443

2924 3339 3028 3386 445

2925 3516 3031 3564 448

2925 3697 3031 3745 448

2924 3783 3031 3834 449

2886 3872 2889 3874 ’
2924 3876 3027 3923 452

2924 3965 3028 4013 452

2923 4056 3029 4102 454

2922 4143 3029 4192 456

2923 4229 3029 4279 456

2921 4321 3028 4370 459

2920 4731 3023 4784 462
