3538 5364
941 297 1140 352 'l'hesis
1168 297 1454 351 CCLVIII.
1483 297 1862 368 Episcopatus
1889 300 1977 351 est
2000 300 2434 354 sacramentum.
2861 302 2990 368 537

377 485 563 543 solam
596 484 992 543 extensionem
1023 484 1485 559 presbyteratus,
1542 501 1648 542 seu
1697 485 1768 541 ut
1817 483 1920 541 alii
1970 483 2318 559 loquuntur,
2372 482 2701 558 simplicem
2746 483 2996 559 deputa·

374 574 597 633 tionem
630 573 1025 632 extrinsecam
1074 572 1147 631 ad
1193 573 1424 647 aliquas
1457 571 1794 631 functiones
1841 589 1948 629 seu
1992 571 2343 638 ministeria,
2394 571 2614 647 quibus
2645 573 2992 648 peragendis

376 680 498 722 non
549 670 675 721 erat
725 662 973 720 idoneus
1017 661 1348 738 presbyter.
1411 661 1631 719 Verum
1677 660 1974 720 sententia
2018 679 2179 720 nunc
2223 660 2509 736 temporis
2555 661 2884 720 communis
2934 666 2995 719 et

379 751 617 810 omnino
649 751 904 809 tenenda
935 751 1076 809 haec
1126 754 1246 809 est:
1299 750 1702 827 episcopatum
1748 751 1811 808 et
1854 748 2124 808 ordinem
2168 768 2294 809 esse
2340 750 2532 825 specie
2577 750 2929 808 distinctum
2964 771 2994 808 a

376 840 794 917 presbyteratu
829 835 974 921 (quo
1012 839 1317 899 confertur
1356 841 1496 915 jure
1529 838 1731 898 divino
1763 858 1833 898 ex
1865 857 2040 914 opere
2072 842 2315 915 operato
2348 857 2502 897 nova
2533 842 2794 914 potestas
2830 858 2994 914 pres·

377 929 603 1005 byteris
635 947 754 987 non
787 930 1117 987 communis
1149 932 1328 1004 atque
1359 927 1552 1005 gratia
1584 922 1863 1009 ideoque)
1898 931 1960 987 et
1989 932 2481 986 sacramentum.‘
2532 931 2680 987 Sane
2702 928 2997 988 sententia

377 1019 517 1076 haec
563 1022 652 1077 est
692 1018 1170 1077 Bellarmino
1212 1017 1285 1076 de
1331 1016 1454 1077 ord.
1487 1035 1533 1077 c.
1572 1026 1604 1080 5
1640 1017 1997 1085 certissima3
2050 1017 2224 1076 Petro
2276 1018 2453 1076 Soto
2500 1016 2573 1075 de
2618 1018 2741 1075 ord.
2788 1017 2920 1074 lect.
2958 1026 2993 1078 4
3076 1039 3081 1044 ·

378 1109 539 1166 certa
569 1107 682 1165 fide
713 1106 1102 1177 admittenda,
1135 1107 1270 1165 aliis
1306 1107 1390 1165 ita
1411 1107 1622 1164 saltem
1644 1110 1819 1176 certa,
1854 1110 1926 1164 ut
1958 1105 2284 1164 secundum
2305 1106 2475 1164 Mich.
2508 1106 2662 1163 Med
2682 1106 2809 1164 ina
2841 1105 2994 1181 peri-

379 1197 649 1255 culosum
681 1197 760 1254 sit
792 1197 1156 1255 contrarium
1188 1195 1518 1258 defendere.

555 1320 704 1384 566.
743 1315 1312 1383 Demonstratss).
1349 1311 1671 1376 Probatur
1705 1312 1765 1382 1.
1801 1333 1879 1376 ex
1913 1312 2123 1378 verbis
2156 1333 2202 1376 5.
2235 1312 2415 1378 Pauli
2448 1315 2533 1399 (n.
2556 1316 2731 1401 549),
2765 1313 2998 1396 quibus

377 1422 780 1503 potissimum
814 1421 1092 1501 theologi
1124 1420 1404 1501 probant
1435 1418 1911 1483 ordinationem
1958 1438 2103 1484 esse
2134 1427 2645 1496 sacramentum3
2698 1439 2848 1484 nam
2882 1420 2998 1484 ad-

376 1528 642 1591 modum
672 1526 1007 1610 probabile
1040 1534 1154 1604 est,
1188 1527 1290 1606 agi
1321 1526 1411 1590 ibi
1445 1526 1526 1590 de
1559 1526 1969 1591 ordinatione
1990 1526 2312 1592 Timothei
2346 1528 2410 1590 in
2444 1546 2591 1592 eum
2623 1528 2998 1602 ministrum,

377 1637 583 1719 qualis
616 1643 767 1700 tunc
799 1635 914 1700 fuit
946 1640 1010 1700 et
1041 1635 1221 1717 cujus
1254 1652 1489 1698 munus
1539 1635 1603 1698 in
1652 1634 1938 1716 epistolis
1985 1635 2067 1698 ad
2113 1635 2321 1717 ipsum
2347 1634 2578 1716 jugiter
2609 1652 2764 1715 prae
2798 1632 2999 1697 oculis

375 1744 575 1809 habet
604 1741 959 1825 apostolus,
993 1742 1073 1808 de
1107 1742 1518 1806 ordinatione
1552 1742 1683 1804 scil.
1718 1741 1786 1805 in
1818 1742 2206 1823 episcopum.

553 1869 617 1935 2.
653 1864 871 1931 Simile
903 1873 1350 1948 argumentum
1395 1865 1752 1947 colligimus
1786 1884 1866 1930 ex
1899 1873 2155 1948 patrum
2188 1866 2393 1931 effatis
2428 1866 2513 1950 (n.
2548 1867 2723 1950 550),
2771 1864 3001 1947 quibus

376 1974 733 2049 ostenditur
766 1973 1088 2037 ordinatio
1140 1991 1284 2037 esse
1328 1979 1838 2036 sacramentum:
1886 1973 2199 2054 siquidem
2245 1971 2609 2054 frequenter
2654 1972 3002 2036 admodum

376 2098 588 2145 sermo
621 2084 685 2143 in
719 2079 841 2143 illis
875 2085 975 2144 est
1006 2079 1086 2143 de
1121 2079 1612 2143 consecratione
1645 2079 1707 2142 in
1742 2080 2128 2161 episcopum.

556 2209 786 2279 Quibus
829 2209 979 2268 adde
1024 2209 1304 2268 Leonis
1351 2209 1426 2268 M.
1470 2208 1651 2268 verba
1682 2227 1857 2268 serm.
1899 2220 1920 2271 l
1978 2209 2043 2267 in
2088 2209 2282 2271 anniv.
2328 2211 2616 2284 assumpt.
2663 2227 2806 2267 suae
2837 2228 2894 2267 n.
2938 2221 3000 2271 l:

381 2299 568 2368 ¹¹,Cum
601 2299 782 2373 hujus
814 2298 1003 2357 divini
1035 2296 1347 2357 sacerdotii
1380 2301 1816 2357 sacramentum
1862 2298 2038 2356 etiam
2083 2298 2157 2356 ad
2206 2297 2491 2357 humanas
2530 2298 2802 2373 pervenit
2833 2298 3000 2356 func-

377 2390 591 2458 tiones,
642 2406 762 2446 non
810 2406 917 2463 per
965 2386 1415 2464 generationum
1448 2387 1751 2445 tramitem
1785 2387 2066 2463 curritur,
2115 2405 2221 2446 nec
2266 2387 2427 2463 quod
2474 2406 2605 2446 caro
2650 2391 2712 2446 et
2756 2389 3000 2463 sangnis

377 2477 616 2547 creavit,
654 2476 901 2553 eligitur
932 2470 1117 2558 (sicut
1148 2476 1211 2534 in
1245 2475 1311 2534 V.
1342 2472 1462 2558 Τ.);
1497 2476 1601 2534 sed
1635 2478 1897 2534 cessante
1928 2476 2241 2553 privilegio
2273 2480 2513 2551 patrum
2546 2480 2607 2534 et
2638 2476 2998 2535 familiarum

377 2566 583 2624 ordine
616 2565 1045 2641 praetermisso,
1079 2583 1177 2623 eos
1211 2568 1468 2623 rectores
1500 2565 1759 2624 Ecclesia
1790 2564 2019 2641 accipit,
2053 2583 2202 2641 quos
2235 2565 2497 2640 Spiritus
2532 2583 2576 2624 s.
2607 2565 2999 2642 praeparavit,

378 2660 451 2715 ut
493 2655 558 2714 in
604 2656 826 2731 populo
871 2653 1202 2731 adoptionis
1236 2654 1360 2724 Dei,
1409 2655 1582 2730 cujus
1628 2654 1988 2713 universitas
2018 2654 2397 2714 sacerdotalis
2429 2665 2609 2730 atque
2640 2654 2857 2732 regalis
2889 2661 2999 2725 est,

377 2763 499 2804 non
531 2744 943 2821 praerogativa
972 2749 1243 2802 terrenae
1276 2744 1522 2820 originis
1557 2743 1826 2803 obtineat
1855 2744 2216 2813 unctionem,
2264 2744 2367 2802 sed
2412 2744 2680 2890 diggatio
2728 2745 3000 2804 coelestis

377 2834 607 2924 gratiae
640 2834 850 2916 gignat
878 2833 1289 2903 antistitem‘;
1341 2837 1403 2891 et
1452 2833 1632 2891 verba
1682 2833 1940 2891 auctoris
1987 2833 2395 2909 antiquissimi
2435 2833 2473 2893 l.
2561 2853 2593 2892 e
2638 2833 3001 2892 aleatoribus

377 2942 425 2981 c.
463 2933 531 2986 3:
581 2922 914 2991 ‚Quoniam
951 2921 1212 2998 episcopi
1245 2921 1401 2979 idem
1435 2918 1500 3001 (f.
1533 2922 1709 2992 item;
1758 2922 2033 2980 Hartel
2080 2940 2215 2980 cum
2261 2922 2396 2981 aliis
2443 2922 2593 2999 legit
2623 2923 3000 2997 Episcopium

378 3013 414 3075 i.
448 3011 521 3087 e.)
556 3012 844 3087 Spiritum
878 3029 923 3069 s.
956 3029 1061 3087 per
1090 3010 1533 3086 impositionem
1564 3030 1779 3069 manus
1813 3012 2004 3070 cordis
2037 3011 2361 3088 excipimus
2393 3011 2663 3087 hospitio,
2697 3011 2996 3071 cohabita·

375 3101 493 3159 tori
525 3103 726 3160 nostro
757 3100 986 3158 nullam
1018 3099 1379 3158 moestitiam
1410 3109 1869 3176 proponamus.‘

557 3220 619 3288 3.
652 3218 773 3283 Vel
804 3219 1207 3283 consecratio
1241 3219 1307 3283 in
1339 3220 1718 3301 episcopum
1753 3226 1853 3284 est
1883 3238 2060 3285 mere
2092 3221 2599 3295 caeremonialia
2631 3237 3002 3285 sacramen-

379 3324 507 3389 tale
540 3324 865 3407 quoddam
896 3326 1315 3391 institutionis
1339 3327 1824 3392 ecclesiastIcae
1844 3327 2010 3390 sicut
2040 3328 2445 3392 consecratio
2467 3327 2741 3405 abbatia
2773 3327 2874 3391 vel
2907 3335 3005 3391 est

375 3433 535 3496 ritus
568 3431 793 3497 efficax
827 3451 907 3497 ex
932 3433 1079 3514 jure
1112 3432 1328 3496 divino
1378 3433 1957 3498 excellentissimae
2003 3433 2343 3516 cujusdam
2374 3436 2730 3515 potestatis
2763 3434 2845 3498 de
2877 3452 3005 3517 qua

377 3540 620 3619 egimus
656 3540 819 3604 thesi
850 3541 1279 3621 praecedenti.
1345 3538 1412 3604 Si
1461 3540 1631 3617 illud,
1680 3547 1943 3604 corruet
1994 3540 2287 3604 doctrina
2320 3541 2639 3604 catholica
2670 3541 2749 3605 de
2782 3541 3004 3604 discri-

377 3647 548 3710 mine
581 3647 747 3712 inter
797 3646 1210 3729 presbyteros
1243 3653 1308 3712 et
1340 3648 1678 3728 episcopos
1731 3665 1812 3711 ex
1855 3647 1997 3728 jure
2043 3647 2345 3721 divin0‚
2394 3646 2698 3727 pendebit
2745 3633 2915 3712 enim
2965 3664 3004 3709 a

377 3752 518 3819 sola
550 3755 960 3818 caeremonia
981 3754 1456 3820 ecclesiasticae
1496 3754 1943 3818 institutionis:
1977 3762 2040 3819 et
2070 3754 2219 3817 hinc
2252 3753 2555 3834 explicari
2589 3771 2721 3816 non
2753 3754 3003 3834 poterit,

379 3879 579 3942 quare
610 3861 714 3925 vel
744 3862 1088 3943 episcopus
1120 3862 1408 3926 nondum
1441 3861 1783 3925 ordinatus
1804 3879 2134 3942 nunquam
2167 3860 2425 3924 ordines
2456 3859 2665 3923 valide
2697 3857 3003 3935 conferre,

375 3967 480 4032 vel
511 3967 688 4031 solus
721 3968 1058 4049 episcopus
1093 3968 1396 4033 ordinare
1428 3968 1650 4051 possit.
1715 3966 1784 4032 Si
1827 3987 1980 4033 vero
2028 3968 2404 4033 conceditur
2453 3967 3004 4032 consecrationem

377 4074 442 4136 in
475 4074 850 4156 episcopum
895 4094 1037 4140 esse
1077 4080 1225 4158 jure
1257 4076 1475 4140 divino
1524 4095 1606 4141 ex
1653 4094 1848 4158 opere
1890 4081 2157 4158 operato
2205 4075 2531 4141 efficacem
2577 4074 3005 4139 conferendae

377 4179 1034 4261 praecellentissimae
1078 4184 1438 4265 potestati5‚
1490 4183 1711 4264 negari
1756 4200 1889 4246 non
1932 4183 2169 4264 poterit
2212 4182 2468 4246 collatio
2519 4181 2716 4245 etiam
2761 4181 3005 4260 gratiae

379 4304 511 4349 una
542 4304 691 4350 cum
724 4288 847 4351 illa.
912 4286 980 4352 Si
1013 4289 1183 4353 enim
1215 4289 1423 4369 gratia
1454 4308 1587 4354 non
1617 4295 1890 4369 negatur
1919 4288 2208 4352 diaconis
2230 4288 2312 4351 ad
2332 4288 2601 4369 simplex
2634 4288 2794 4351 min
2813 4288 2879 4350 is
2899 4294 3006 4352 te-

379 4393 619 4469 rium,
664 4412 797 4457 non
842 4394 1182 4475 negabitur
1227 4396 1544 4477 episcopis
1587 4395 1669 4459 ad
1716 4396 2082 4476 regimen
2132 4393 2471 4458 Ecclesiae.
2534 4393 2676 4473 Qua
2708 4395 2772 4458 in
2804 4413 2874 4458 re
2906 4395 3006 4458 vel

381 4500 500 4580 ipsi
531 4502 743 4581 graeci
774 4501 1111 4566 nobiscum
1142 4502 1448 4568 sentiunt.

561 4648 708 4712 567.
742 4641 1258 4713 corollarium.
1293 4644 1383 4707 Ex
1416 4643 1706 4710 thesibus
1738 4644 1996 4707 statutis
2028 4650 2260 4723 sponte
2295 4661 2416 4706 sua
2448 4645 2861 4726 consequitur
2896 4661 3006 4707 ve-

381 4750 539 4813 ritas
570 4766 710 4813 can.
735 4755 775 4820 6
810 4769 965 4815 sess.
988 4756 1104 4820 23:
1148 4748 1252 4825 „Si
1284 4750 1425 4833 quis
1458 4751 1703 4825 dixerit,
1736 4751 1802 4813 in
1831 4749 2114 4815 Ecclesia
2147 4750 2467 4814 catholica
2498 4769 2630 4815 non
2663 4769 2805 4815 esse
2836 4750 3011 4814 hier-
