3538 5364
463 297 595 360 332
1219 288 1403 341 'Prae-t.
1432 287 1524 340 IX.
1552 286 1620 340 de
1650 286 2015 341 eucharistia.
2044 285 2335 354 Principia

464 495 604 534 vera
636 478 731 534 est
761 468 1016 557 carol).‘
1050 475 1189 532 Pas
1210 473 1312 532 ch.
1345 474 1677 533 Radbertus
1708 474 1781 532 de
1815 492 1971 549 corp.
2004 476 2068 532 et
2098 492 2260 551 sang.
2292 474 2533 533 Domini
2564 492 2612 537 c.
2645 484 2715 540 43
2763 473 3082 532 Cerber-

463 569 592 623 tus
622 563 907 622 remensis
941 560 1172 643 (postea
1203 563 1507 639 Sylvester
1538 563 1611 621 11.
1644 559 1679 629 †
1720 556 1915 644 1003)
1950 562 2014 620 in
2046 562 2085 625 l.
2117 562 2189 621 de
2221 582 2377 639 corp.
2408 566 2471 621 et
2502 582 2664 641 sang.
2686 561 2942 632 Domini,
2975 561 3083 620 ubi

466 673 524 711 n.
561 664 598 715 4
631 655 768 728 post
797 652 1096 711 laudatam
1133 652 1335 710 Pasch.
1385 652 1672 710 Radberti
1717 651 2044 711 doctrinam
2093 652 2335 710 statuit:
2406 652 2565 719 ,Nos
2598 697 2650 711 ..
2686 701 2699 714 .
2732 649 3085 726 simpliciter

466 743 772 811 fateamur,
806 742 949 817 qnia
979 740 1242 818 figura
1273 744 1364 799 est
1397 735 1827 823 (eucharistia),
1875 741 2018 799 dum
2062 741 2230 816 panis
2277 744 2340 798 et
2387 742 2595 801 vinum
2627 744 2792 800 extra
2821 739 3079 808 videtur,

463 832 723 890 verita
741 849 769 888 s
801 833 1017 901 autem,
1052 831 1196 889 dnm
1226 848 1440 905 corpus
1472 833 1535 890 et
1566 831 1813 907 sanguis
1847 829 2068 889 Christi
2098 830 2163 888 in
2193 830 2445 889 veritate
2476 831 2729 889 interius
2760 829 3080 891 creditur.‘

465 921 830 978 —Petrus
850 938 1048 981 vener.
1069 918 1129 996 (†
1155 914 1347 1002 1156)
1379 920 1508 978 adv.
1526 919 2048 978 Petrobrussianos
2075 922 2281 978 contra
2306 920 2387 990 id,
2418 920 2579 995 quod
2595 919 2824 991 dicunt,
2840 918 3085 977 missam

467 1009 616 1067 nihil
658 1026 786 1067 esse
834 1003 1116 1088 (Migne
1169 1018 1309 1079 189,
1364 1005 1547 1089 915):
1622 1010 1865 1077 ,Manet
1923 1010 2083 1067 tecta
2141 1008 2361 1067 veritas
2410 1010 2604 1067 carnis
2653 1011 2717 1067 et
2776 1007 3085 1084 sanguinis

466 1098 718 1156 honesta
745 1097 920 1173 panis
951 1101 1011 1156 et
1043 1098 1173 1155 vini
1206 1098 1421 1173 specie,
1453 1101 1526 1156 ut
1557 1100 1620 1155 et
1649 1097 1793 1157 usui
1825 1099 2091 1156 humano
2123 1097 2644 1167 condescendatur,
2678 1102 2740 1157 et
2758 1096 2903 1156 fides
2921 1115 3086 1155 exer-

464 1190 684 1258 ceatur,
719 1190 781 1244 et
810 1187 1093 1246 meritum
1125 1190 1436 1263 augeatur.
1500 1187 1645 1245 Inde
1677 1189 1790 1256 est,
1828 1187 1991 1261 quod
2012 1189 2440 1245 sacramentum
2463 1187 2838 1263 mysterium,
2860 1185 3085 1261 species

464 1279 529 1334 et
560 1275 751 1353 figura
780 1278 1043 1346 vocatur,
1077 1276 1219 1351 quia
1248 1277 1413 1334 intra
1442 1276 1568 1347 hoc,
1622 1276 1784 1351 quod
1829 1276 2084 1334 exterior
2128 1275 2316 1335 forma
2345 1277 2612 1346 nunciat,
2660 1276 2854 1335 virtus
2886 1274 3088 1333 divina

467 1383 675 1423 verum
707 1383 924 1440 corpus
957 1368 1019 1423 et
1049 1365 1403 1442 sanguinem
1435 1364 1846 1440 Redemptoris
1872 1366 2191 1424 occultat.‘
2227 1398 2315 1409 --
2348 1364 2756 1424 Durandus
2786 1365 2878 1425 ab.
2911 1366 3086 1425 troar.

467 1454 506 1516 l.
540 1473 586 1516 c.
619 1474 675 1529 p.
711 1464 744 1517 5
782 1473 838 1511 n.
882 1449 1369 1536 17(Mig.149‚
1412 1455 1579 1516 1391
1615 1451 1685 1531 a.)
1733 1457 1795 1512 et
1825 1453 2041 1529 Hugo
2075 1473 2110 1512 a
2141 1471 2189 1512 s.
2224 1453 2462 1513 Victore
2507 1454 2578 1513 de
2625 1472 2766 1516 sacr.
2812 1453 2851 1511 l.
2887 1462 2922 1514 2
2956 1472 3012 1528 p.
3048 1465 3084 1512 8

467 1561 518 1605 c.
555 1554 609 1605 7.
646 1552 702 1614 8,
737 1543 843 1619 qui
862 1542 1022 1602 inter
1040 1543 1156 1602 alia
1177 1544 1336 1602 lectu
1358 1542 1713 1620 dignissima
1744 1543 1832 1601 ita
1863 1542 2070 1600 habet:
2106 1542 2294 1611 ,Cum
2320 1562 2511 1602 unum
2532 1544 2615 1603 sit
2634 1544 3086 1610 sacramentum,

469 1633 587 1690 tria
618 1632 703 1691 ibi
733 1632 986 1691 discreta
1016 1636 1468 1708 proponuntur:
1521 1631 1742 1707 species
1776 1631 2054 1690 videlicet
2084 1631 2358 1702 visibilis,
2391 1635 2452 1691 et
2482 1633 2703 1691 veritas
2721 1630 2995 1707 vcorporis
3027 1634 3090 1689 et

475 1722 668 1780 virtus
715 1722 943 1797 gratiae
994 1720 1337 1797 spiritualis.
1399 1720 1585 1780 Aliud
1634 1722 1728 1779 est
1777 1720 1937 1779 enim
1985 1720 2242 1779 visibilis
2291 1721 2535 1796 species,
2582 1739 2734 1796 quae
2767 1719 3090 1780 visibiliter

470 1810 770 1881 cernitur-3
802 1810 966 1868 aliud
1000 1813 1093 1868 est
1124 1812 1347 1869 veritas
1382 1809 1644 1886 corporis
1677 1812 1739 1867 et
1773 1809 2102 1887 sanguiniS,
2153 1829 2306 1885 quae
2350 1810 2461 1869 sub
2508 1809 2736 1870 visibili
2768 1808 2964 1884 specie
2994 1808 3087 1866 in-

471 1899 795 1958 visibiliter
827 1899 1105 1969 creditur,
1140 1903 1319 1975 atque
1370 1899 1535 1958 aliud
1566 1899 1764 1975 gratia
1804 1899 2156 1974 spiritualis,
2201 1917 2353 1974 quae
2397 1918 2534 1958 cum
2578 1917 2818 1973 corpore
2864 1900 2926 1956 et
2955 1916 3088 1956 san-

466 1988 651 2065 guine
683 1987 1070 2047 invisibiliter
1100 1992 1162 2047 et
1193 1988 1595 2064 spiritualiter
1622 1988 1970 2064 percipitur.
2034 1987 2202 2057 Quod
2235 1989 2390 2046 enim
2424 1988 2713 2058 videmuS,
2748 1987 2969 2062 species
3001 1990 3091 2045 est

468 2077 641 2153 panis
673 2080 736 2135 et
765 2076 920 2146 vini3
970 2078 1127 2152 quod
1160 2080 1359 2136 autem
1391 2076 1502 2136 sub
1535 2077 1733 2152 specie
1765 2077 1871 2135 illa
1902 2076 2214 2146 credimuS,
2248 2095 2453 2135 verum
2500 2094 2715 2153 corpus
2747 2075 2971 2134 Christi
3002 2077 3092 2134 est

468 2169 532 2224 et
562 2184 740 2224 verus
774 2167 1017 2243 sanguis
1040 2166 1096 2224 J.
1119 2166 1357 2236 Christi,
1391 2165 1550 2243 quod
1582 2166 1870 2243 pependit
1899 2167 1963 2223 in
1994 2184 2166 2225 cruce
2198 2168 2261 2225 et
2291 2166 2395 2240 qui
2427 2167 2600 2225 fluxit
2632 2166 2703 2223 de
2735 2166 2936 2225 latere.
2970 2165 3092 2224 Nec

470 2274 577 2330 per
606 2273 817 2330 panem
865 2259 926 2313 et
971 2255 1180 2314 vinum
1228 2273 1444 2331 corpus
1491 2257 1552 2312 et
1598 2255 1952 2331 sanguinem
1983 2258 2221 2313 tantum
2254 2254 2576 2332 significari
2606 2254 2935 2316 credimus:
2988 2254 3092 2313 sed

473 2344 588 2402 sub
620 2344 825 2419 specie⁴
846 2344 1014 2420 panis
1045 2360 1107 2403 et
1134 2345 1264 2403 vini
1293 2364 1501 2403 verum
1534 2362 1748 2419 corpus
1782 2346 1844 2401 et
1873 2363 2083 2402 verum
2115 2344 2466 2419 sanguinem
2497 2343 2843 2412 consecrari,
2877 2347 2939 2403 et
2958 2361 3091 2419 spe-

473 2433 624 2492 ciem
656 2433 898 2508 quidem
931 2433 1232 2493 visibilem
1265 2434 1697 2493 sacramentum
1733 2427 2024 2514 (signum)
2072 2451 2197 2491 esse
2242 2434 2368 2492 veri
2414 2433 2674 2508 corporis
2704 2436 2765 2492 et
2794 2433 2922 2491 veri
2954 2450 3094 2491 san-

472 2522 706 2599 guinis;
740 2540 954 2599 corpus
986 2526 1187 2582 autem
1220 2526 1281 2580 et
1312 2522 1664 2600 sanguinem
1697 2526 2129 2580 sacramentum
2166 2517 2455 2604 (signum)
2502 2539 2630 2580 esse
2662 2522 2886 2599 gratiae
2918 2521 3095 2598 spiri-

471 2612 696 2670 tualis«
732 2614 839 2671 etc.
873 2645 960 2653 —
991 2612 1149 2689 Lege
1180 2612 1538 2688 praeclaram
1572 2628 1618 2672 s,
1649 2610 1997 2668 Anselmi
2028 2611 2067 2667 1.
2104 2622 2140 2672 4
2174 2629 2263 2688 ep.
2304 2621 2443 2673 106.
2477 2610 2667 2680 Quare
2699 2611 2850 2669 calix
2881 2610 3094 2669 eucha-

471 2701 711 2761 risticus
744 2702 861 2760 dici
892 2704 1088 2777 potest
1117 2698 1266 2785 αἴμα
1298 2707 1530 2785 νοητόν,
1563 2702 1875 2775 mysticus,
1909 2719 2028 2759 non
2049 2701 2122 2759 ad
2144 2700 2543 2759 exclusionem
2565 2700 2878 2777 sanguinis
2898 2700 3093 2770 realis,

479 2791 582 2849 sed
604 2791 676 2849 ad
702 2791 1106 2850 exclusionem
1137 2789 1702 2848 visibilitatis:
1739 2789 2092 2866 sanguinem
2113 2790 2269 2848 enim
2290 2808 2421 2848 esse
2439 2790 2503 2848 in
2520 2790 2879 2849 eucharistia
2905 2789 3094 2849 oculis

476 2897 596 2938 non
627 2880 918 2948 videmus,
957 2879 1061 2937 sed
1094 2878 1208 2937 fide
1240 2878 1555 2949 credimus,
1588 2896 1654 2936 ac
1686 2877 1936 2954 proinde
1965 2882 2166 2937 mente
2197 2878 2576 2954 concipimus.
2638 2879 2721 2938 Cf.
2751 2879 3095 2956 Perpetuite

477 2968 522 3038 I,
562 2979 593 3030 7
617 2986 677 3027 .c.
716 2966 868 3049 52⁸&
901 2967 977 3033 II,
1017 2978 1052 3029 4
1090 2985 1137 3025 c.
1174 2977 1244 3038 73
1292 2967 1398 3038 ΙΙΙ,
1440 2979 1464 3030 1
1507 2985 1555 3025 c.
1591 2977 1665 3037 23
1713 2967 2140 3045 Gregorius
2173 2968 2333 3045 berg.
2364 2971 2439 3028 tr.
2471 2968 2543 3027 de
2574 2968 2743 3027 verit.
2777 2986 2933 3044 corp.
2965 2968 3092 3026 Chr.

469 3075 517 3116 e.
558 3068 632 3118 10
669 3075 870 3131 opusc.
904 3056 1157 3114 XXXIX.

652 3177 718 3241 5.
756 3175 980 3240 Patres
1021 3175 1292 3241 subinde
1324 3182 1580 3257 negant,
1601 3194 1720 3240 nos
1740 3194 1918 3240 man
1937 3175 2239 3243 ducare
2272 3194 2504 3259 corpus
2526 3176 2776 3253 Christi,
2810 3176 2963 3241 dum
2989 3174 3093 3239 alii

474 3281 709 3345 diserte
741 3281 1079 3358 affirmant,
1126 3300 1245 3345 nos
1291 3281 1444 3346 illud
1490 3301 1604 3347 ore
1645 3302 1759 3347 seu
1795 3301 1946 3348 vere
1979 3283 2371 3349 manducare
2404 3284 2485 3370 (n.
2523 3286 2733 3370 354⁷).
2782 3282 2962 3362 Quae
2991 3300 3092 3347 re-

477 3396 795 3452 vocantur
840 3388 922 3452 ad
973 3389 1400 3466 harmoniam,
1449 3390 1504 3452 si
1559 3395 1835 3466 notetur,
1884 3391 2558 3455 manducationis
2604 3391 2865 3455 nomine
2909 3389 3097 3470 plura

480 3495 872 3575 pauciorave
903 3514 1094 3577 posse
1125 3495 1584 3578 comprehendi
1615 3502 1681 3560 et
1713 3496 1992 3577 intelligi.
2056 3494 2123 3561 Si
2156 3515 2235 3561 ea
2265 3497 2632 3578 intelligitur
2661 3498 2864 3580 phys
2883 3493 3095 3561 iolo-

479 3600 657 3680 gice
690 3618 836 3665 cum
870 3601 1301 3666 functionibus
1333 3601 1537 3666 solitis
1571 3602 1913 3666 attritionis
1945 3604 2250 3681 dentium,
2270 3611 2509 3685 gustuS,
2542 3605 2930 3685 digestioniS,
2950 3623 3096 3670 cor-

487 3708 724 3790 poralis
757 3710 1127 3774 nutritionis
1159 3717 1297 3785 etc.,
1319 3728 1470 3774 vere
1488 3715 1777 3790 negatur,
1797 3729 1917 3774 nos
1938 3708 2173 3775 Christi
2191 3729 2424 3793 corpus
2445 3712 2868 3776 manducare:
2887 3728 3096 3793 neque

481 3816 654 3879 enim
686 3823 784 3881 est
820 3816 1003 3881 cibus
1034 3816 1347 3880 naturalis
1382 3823 1448 3880 et
1468 3816 1837 3898 corporaliS,
1858 3818 1970 3882 sed
2002 3817 2508 3900 supernaturalis
2542 3825 2607 3882 et
2635 3816 2997 3898 spiritualis.
3032 3813 3099 3880 Si

697 4041 730 4106 ¹)
762 4038 823 4089 In
855 4037 891 4091 l.
919 4037 988 4090 de
1008 4053 1160 4107 corp.
1192 4039 1251 4089 et
1282 4053 1441 4106 sang.
1470 4034 1703 4090 Domini
1729 4037 1806 4107 (M
1823 4037 1843 4090 i
1860 4056 1897 4107 g
1914 4054 1997 4090 ne
2029 4045 2144 4101 118,
2173 4041 2297 4110 817)
2323 4037 2495 4092 aliam
2521 4037 2693 4090 etiam
2716 4035 2908 4089 reddit
2929 4035 3097 4090 ratio-

475 4132 622 4178 nem,
652 4117 726 4169 ob
751 4133 924 4184 quam
953 4114 1300 4170 eucharistia
1326 4115 1444 4168 dici
1470 4115 1651 4185 possit
1675 4116 1922 4185 signum,
1950 4132 2098 4184 quae
2126 4134 2242 4170 non
2272 4119 2357 4170 est
2371 4115 2701 4184 infrequens
2717 4116 2872 4187 apud
2890 4119 3094 4185 patres.

486 4195 870 4260 „Notandum,
897 4196 1112 4264 inquit,
1139 4196 1294 4265 quod
1322 4195 1488 4265 panis
1517 4195 1614 4250 ille
1639 4200 1894 4251 sacratus
1920 4199 1979 4250 et
2002 4197 2149 4251 calix
2177 4215 2201 4250 s
2217 4197 2238 4250 i
2254 4214 2394 4267 gna
2433 4197 2719 4252 dicuntur.
2748 4196 2879 4250 Non
2904 4198 3093 4249 autem

475 4275 583 4328 hoc
612 4278 894 4343 quantum
922 4276 995 4329 ad
1023 4293 1252 4331 carnem
1279 4276 1494 4331 Christi
1521 4278 1579 4329 et
1603 4276 1943 4344 sanguinem
1982 4275 2377 4347 accipiendum
2405 4279 2520 4336 est;
2560 4276 2715 4344 quod
2753 4277 2945 4329 tamen
2974 4276 3100 4343 qui-

477 4355 611 4408 dam
639 4370 826 4409 errore
852 4355 1112 4410 sensibus
1139 4357 1327 4411 carnis
1354 4356 1588 4412 omnino
1615 4355 1815 4420 dediti,
1842 4360 2031 4411 mente
2058 4356 2274 4412 coecati
2300 4355 2663 4413 stolidissime
2703 4358 2941 4426 putant;
2974 4356 3095 4425 J‘am

476 4437 631 4490 enim
659 4453 866 4506 corpus
893 4437 1107 4491 Christi
1133 4442 1192 4492 et
1216 4439 1453 4509 sanguis
1480 4453 1593 4491 non
1622 4441 1810 4492 essent
1835 4478 1847 4491 .
1877 4478 1889 4491 .
1917 4478 1931 4491 .
1958 4438 2053 4492 sed
2080 4439 2152 4492 ad
2180 4436 2617 4493 similitudinem
2642 4437 2991 4492 sumentium
3016 4454 3099 4492 re·

475 4533 610 4570 vera
638 4516 803 4586 signa
830 4517 1121 4582 dicuntur,
1149 4519 1301 4572 sicut
1326 4518 1479 4571 enim
1506 4516 1691 4587 paniS,
1739 4519 1843 4586 qui
1888 4522 2140 4573 sacratus
2185 4519 2251 4572 fit
2294 4535 2500 4587 corpus
2526 4516 2756 4581 Christi,
2799 4534 2864 4571 ex
2898 4517 3102 4572 multis

473 4598 668 4667 granis
695 4600 760 4651 fit
787 4616 936 4652 unus
963 4598 1147 4668 panis,
1175 4603 1234 4653 et
1259 4601 1430 4668 potus
1456 4597 1571 4662 ille,
1620 4596 1723 4666 qui
1773 4600 2160 4653 sanctificatus
2204 4598 2453 4652 efficitur
2497 4597 2732 4668 sanguis
2758 4597 2984 4663 Christi,
3028 4615 3097 4651 ex

474 4677 675 4731 multis
699 4677 881 4731 acinis
908 4678 974 4731 fit
993 4695 1146 4731 unus
1166 4682 1364 4748 potus:
1393 4679 1473 4732 sic
1499 4693 1693 4732 omnes
1719 4677 1894 4749 digne
1921 4681 2208 4734 sumentes
2232 4678 2343 4731 hoc
2370 4680 2782 4732 sacramentum
2809 4693 2874 4730 ex
2898 4677 3100 4730 multis

485 4775 664 4810 unum
695 4774 900 4828 corpus
925 4757 988 4810 in
1017 4756 1243 4811 Christo
1271 4758 1602 4812 efficiuntur
1629 4761 1765 4811 etc.“
1823 4758 1906 4813 Cf.
1932 4758 2097 4830 Perp.
2124 4759 2194 4812 de
2221 4758 2277 4811 la
2304 4758 2387 4812 foi
2412 4759 2479 4822 II,
2507 4760 2571 4820 7;
2595 4756 2689 4819 111,
2716 4763 2750 4811 4
2775 4771 2820 4810 c.
2854 4762 2878 4809 l
2907 4773 2976 4812 ss.
