3538 5364
560 244 686 309 162
974 236 1159 291 Tract.
1186 236 1334 288 VIII.
1360 234 1429 288 de
1450 234 1884 305 justificatione.
1913 232 2112 288 Thasia
2139 233 2322 291 CCHI.
2351 234 2420 286 de
2449 232 2734 286 consortio

559 423 839 488 cidamuS.
887 422 1039 481 Hinc
1072 422 1385 480 damnatae
1417 439 1585 496 prop.
1618 421 1764 478 Eck
1784 420 2004 479 hardi
2047 431 2154 483 10:
2196 420 2360 487 ,Nos
2392 419 2888 477 transformamur
2918 420 3194 478 totaliter

561 512 624 569 in
658 513 843 569 Deum
881 515 941 569 et
972 512 1379 570 convertimur
1409 510 1473 567 in
1504 529 1672 579 eum;
1720 509 1879 567 sicut
1925 510 1986 567 in
2020 514 2387 567 sacramento
2419 508 2807 568 eucharistiae
2840 509 3011 583 panis
3044 527 3189 568 con-

557 601 814 658 vertitur
847 602 909 658 in
940 619 1155 676 corpus
1190 599 1443 657 Christi:
1493 599 1577 657 sic
1624 617 1733 674 ego
1781 601 2091 657 convertor
2127 598 2191 655 in
2223 617 2377 667 eum,
2425 597 2583 672 quod
2618 599 2745 671 ipse
2777 604 3058 673 operatur
3092 617 3189 656 me

557 708 731 749 suum
766 709 906 760 esse,
941 709 1146 758 unum,
1181 708 1300 747 non
1334 689 1601 757 simile3‘
1652 696 1738 751 13.
1774 691 1835 746 et
1871 697 1923 750 5.
1958 688 2129 748 Mich.
2163 687 2513 745 Molinos.

733 811 796 876 2.
828 814 1108 887 Plerique
1138 813 1401 890 theologi
1434 813 1743 887 reperiunt
1776 813 1886 870 hoc
1918 811 2281 870 consortium
2330 811 2393 868 in
2439 810 2681 886 speciali
2727 814 2787 868 ct
2821 812 3185 885 supernatu-

556 903 665 961 rali
697 902 1282 960 assimilatione
1318 902 1571 960 hominis
1602 921 1735 960 cum
1761 903 1897 969 Deo,
1933 900 1993 958 vi
2027 901 2199 974 cujus
2225 900 2597 975 justificatus
2619 899 2891 957 redditur
2910 917 3190 973 expressa

555 992 749 1068 imago
784 996 845 1049 et
877 991 1210 1049 similitudo
1244 992 1365 1061 Dei,
1400 1010 1518 1049 non
1551 994 1789 1049 tantum
1819 989 2078 1058 moralis,
2127 989 2228 1047 sed
2274 993 2336 1047 et
2382 989 2639 1065 physica,
2683 987 3185 1062 supernaturalis.

553 1081 833 1142 formalia.
883 1080 1051 1149 Quod
1070 1081 1503 1155 comparatione
1534 1080 1799 1139 illustrat
1833 1081 1930 1137 Dr.
1962 1079 2002 1136 J
2017 1097 2240 1155 ungm
2261 1097 2436 1145 ann,
2472 1077 2576 1153 qui
2609 1077 2995 1135 distinctione
3028 1076 3189 1134 facta

554 1170 712 1227 inter
744 1170 1084 1246 vestigium,
1132 1169 1736 1243 repraesentationem
1784 1171 1845 1226 et
1891 1167 2367 1234 similitudinem,
2422 1166 2629 1224 scribit
2678 1167 2751 1224 de
2800 1167 2992 1242 gratia
3037 1186 3094 1241 p.
3146 1175 3181 1227 2

554 1276 601 1317 c.
643 1271 665 1322 1
708 1279 757 1316 a.
800 1271 818 1320 1
849 1281 862 1319 ε
913 1260 1047 1327 ,Ita
1078 1258 1499 1335 vestigium
1520 1302 1532 1325 ,
1568 1258 1728 1334 quod
1760 1258 1934 1315 homo
1968 1257 2030 1314 in
2062 1261 2220 1315 terra
2249 1255 2556 1331 relinquit,
2591 1255 2792 1330 aliqua
2824 1255 3053 1313 ratione
3089 1273 3184 1312 re-

555 1348 882 1407 motissima
930 1367 1065 1406 eum
1117 1348 1291 1405 nobis
1351 1367 1420 1406 ex
1479 1352 1647 1423 parte
1697 1346 1964 1415 exhibet;
2025 1364 2157 1419 rep
2178 1345 2612 1404 raesentati
2633 1364 2665 1403 o
2713 1344 3000 1419 quaedam
3053 1345 3186 1417 ejus

555 1436 824 1506 habetur,
858 1455 993 1495 cum
1027 1437 1327 1495 coloribus
1361 1438 1553 1512 ipsius
1587 1437 1816 1512 effigies
1849 1435 1912 1493 in
1945 1435 2064 1493 tela
2085 1435 2471 1512 depingitur:
2505 1434 2610 1491 sed
2643 1434 2835 1491 multo
2870 1434 3056 1507 major
3087 1432 3186 1490 si·

555 1526 926 1583 militudo
958 1525 1184 1583 relucet
1216 1544 1282 1583 ex
1317 1525 1556 1599 speculo
1589 1524 1974 1594 nitidissimO,
2029 1525 2184 1598 quod
2218 1523 2639 1599 perfectissime
2671 1522 2842 1581 nobis
2878 1522 3182 1580 hominem

554 1615 742 1673 veluti
779 1616 1075 1672 viventem
1123 1614 1197 1671 ob
1244 1616 1445 1672 oculos
1495 1615 1679 1689 ponit.
1749 1612 1938 1671 Simili
1975 1614 2147 1671 modo
2182 1615 2484 1670 creaturae
2516 1612 2887 1670 irrationales
2921 1610 3184 1686 vestigia

555 1703 841 1777 quaedam
870 1703 1206 1760 divinarum
1228 1703 1657 1778 perfectionum
1692 1722 1831 1777 prae
1865 1721 1926 1760 se
1959 1701 2186 1769 ferunt;
2221 1703 2524 1776 majorem,
2559 1701 2672 1758 etsi
2705 1701 3181 1769 remotissimam,

555 1792 1016 1850 similitudinem
1062 1809 1194 1849 cum
1240 1793 1357 1849 Deo
1401 1792 1757 1850 naturaliter
1789 1791 1968 1849 habet
1999 1791 2194 1848 anima
2225 1791 2564 1857 rationalis;
2612 1795 2674 1847 at
2718 1789 2913 1865 gratia
2959 1789 3181 1847 sancti-

554 1880 765 1938 ficante
797 1886 1003 1938 ornata
1035 1886 1095 1938 et
1126 1880 1393 1939 deificata
1425 1882 1613 1939 veluti
1648 1881 1955 1956 speculum
2002 1886 2108 1948 est,
2156 1899 2224 1937 ex
2271 1899 2388 1953 quo
2434 1880 2717 1937 divinitas
2762 1879 2890 1953 ipsa
2933 1880 3182 1936 relucet.

556 1970 631 2026 Et
664 1969 1157 2043 quemadmodum
1189 1970 1494 2045 purissimi
1527 1970 1791 2046 crystalli
1823 1970 2040 2046 globus
2075 1972 2235 2027 lucet
2265 1974 2444 2044 atque
2478 1968 2813 2044 resplendet
2845 1968 3036 2026 veluti
3069 1967 3178 2033 sol,

555 2058 698 2115 dum
732 2059 872 2116 solis
906 2059 1056 2116 radii
1088 2066 1267 2133 atque
1299 2060 1399 2116 lux
1434 2060 1497 2117 in
1530 2078 1597 2117 eo
1631 2060 2027 2135 colliguntur3
2077 2059 2161 2117 ita
2193 2062 2254 2117 et
2285 2060 2482 2117 anima
2515 2062 2722 2115 ornata
2752 2058 2945 2133 gratia
2977 2057 3182 2115 divino

555 2146 785 2223 fulgore
817 2147 1161 2223 resplendet
1191 2150 1251 2206 et
1283 2148 1639 2207 deificatum«

733 2266 798 2333 3.
848 2271 909 2331 Si
954 2292 1218 2348 quaeraS,
1268 2294 1555 2350 quaenam
1592 2275 1673 2331 sit
1703 2274 1810 2331 illa
1843 2274 2043 2332 divina
2073 2274 2374 2350 perfectio,
2411 2293 2589 2348 quam
2623 2272 2814 2349 gratia
2846 2271 3182 2329 formaliter

546 2378 611 2417 ac
641 2361 882 2436 physice
914 2362 1251 2437 participat,
1287 2364 1482 2421 variae
1516 2366 1657 2420 sunt
1692 2364 2044 2425 sententiae.
2092 2363 2537 2421 Praetermissis
2572 2361 2890 2420 sententiis
2924 2360 3177 2435 quibus-

549 2449 684 2507 dam
716 2449 1130 2510 subtilioribus
1177 2457 1237 2509 et
1280 2452 1395 2510 fere
1429 2452 1760 2527 antiquatis
1794 2472 1918 2509 rem
1953 2454 2037 2509 ita
2070 2453 2324 2526 explicat
2357 2452 2636 2510 Suarez
2672 2451 2778 2509 VII
2813 2469 2859 2511 c.
2904 2462 2923 2511 l
2967 2469 3023 2508 n.
3062 2458 3177 2511 30:

551 2539 810 2606 ,Divina
840 2542 1102 2598 essentia
1132 2540 1363 2598 ratione
1396 2541 1613 2614 objecti
1647 2541 2051 2617 intelligibilis
2089 2542 2151 2599 in
2185 2560 2246 2598 se
2280 2546 2342 2599 et
2371 2561 2477 2616 per
2509 2542 2793 2599 visionem
2828 2539 3178 2598 intuitivam

549 2627 621 2687 ad
656 2628 842 2705 ipsam
878 2630 982 2688 Dei
1016 2630 1335 2689 essentiam
1370 2630 1709 2689 immediate
1742 2630 2136 2698 terminatam,
2186 2630 2330 2690 adeo
2374 2637 2466 2690 est
2511 2632 2736 2689 elevata
2783 2632 2843 2687 et
2881 2628 3178 2687 excellens

549 2718 776 2776 ratione
808 2720 1160 2794 purissimae
1192 2719 1556 2777 actualitatis
1590 2723 1651 2777 et
1683 2721 2207 2779 immaterialitatis
2241 2739 2400 2789 suae,
2448 2725 2518 2779 ut
2563 2741 2596 2776 a
2640 2719 2808 2777 nulla
2838 2718 3179 2776 substantia

547 2807 938 2866 intellectuali
973 2809 1167 2882 possit
1198 2808 1668 2865 connaturaliter
1713 2810 1902 2867 videri
1949 2810 2065 2867 nisi
2108 2830 2141 2866 a
2188 2829 2249 2867 se
2295 2810 2443 2884 ipsa,
2512 2810 2622 2867 Per
2660 2809 2907 2886 gratiam
2945 2827 3085 2866 vero
3117 2813 3179 2865 et

548 2897 703 2954 dona
735 2897 1214 2971 supernaturalia
1246 2898 1516 2954 elevatur
1561 2899 1781 2955 natura
1826 2905 2021 2955 creata
2065 2899 2493 2956 intellectualis
2538 2900 2608 2955 ad
2654 2898 3176 2974 participationem

548 2984 714 3042 illius
748 2985 968 3059 gradus
1001 2985 1541 3044 intellectualitatis
1576 2986 1828 3055 divinae,
1879 2987 1943 3044 in
1989 3006 2108 3062 quo
2143 2989 2336 3061 possit
2369 2989 2670 3063 objectum
2701 2987 2853 3044 illud
2889 2985 3175 3060 intelligi-

549 3073 670 3131 bile
703 3073 939 3131 divinae
971 3075 1260 3133 essentiae
1291 3075 1354 3132 in
1390 3094 1451 3132 se
1484 3075 1765 3133 intueri.‘
1820 3076 1901 3133 cf.
1927 3081 1986 3133 et
2020 3077 2396 3134 Schiffini
2428 3096 2483 3138 n.
2517 3087 2653 3137 184.
2681 3110 2761 3117 —-
2785 3076 2970 3132 Paulo
3003 3093 3175 3133 secus

551 3162 878 3236 Ripalda
923 3162 977 3220 d.
1024 3173 1102 3224 ⁴20
1140 3182 1185 3225 S.
1228 3174 1320 3226 14.
1355 3183 1411 3226 n.
1451 3172 1561 3225 72:
1610 3165 2034 3239 ,Participatio
2081 3165 2438 3235 divinitatis,
2489 3185 2638 3239 quae
2684 3165 2911 3241 gratiae
2949 3164 3175 3239 justifi-

549 3251 737 3308 cantis
772 3252 1009 3325 propria
1042 3257 1148 3320 est,
1183 3253 1245 3310 in
1278 3272 1344 3311 eo
1378 3257 1468 3311 est
1500 3254 1630 3322 sita,
1668 3254 1828 3329 quod
1860 3255 2174 3312 conveniat
2204 3255 2531 3313 formaliter
2562 3273 2695 3313 cum
2730 3262 2944 3310 natura
2975 3252 3178 3310 divina

548 3339 740 3414 quoad
774 3358 903 3398 esse
935 3341 1183 3414 primam
1219 3341 1469 3400 radicem
1503 3343 1688 3401 totius
1723 3343 2047 3401 honestatis
2081 3343 2335 3413 moralis,
2382 3345 2734 3402 removendo
2767 3362 2938 3401 omne
2971 3360 3174 3417 pecca·

548 3433 675 3485 tum
711 3435 770 3485 et
804 3429 1137 3502 praebendo
1172 3430 1516 3488 facultatem
1548 3433 1617 3488 a·l
1652 3433 1848 3490 omnia
1878 3433 2120 3507 piet-atis
2153 3451 2218 3490 ac
2248 3432 2538 3490 bonitatis
2561 3432 2799 3490 moralis
2823 3439 3058 3506 opera.<t
3085 3465 3171 3473 —-

549 3515 709 3584 Quae
742 3516 892 3575 duae
925 3519 1255 3577 sententiae
1288 3529 1497 3578 mutuo
1532 3539 1593 3578 se
1626 3523 1927 3596 complent
1957 3528 2017 3579 et
2050 3522 2382 3596 perficiunt,
2422 3541 2555 3580 cum
2589 3523 2740 3579 ratio
2772 3520 3049 3596 imaginis
3082 3520 3173 3577 di-

548 3607 718 3663 vinae
749 3606 812 3663 in
847 3607 1084 3665 homine
1117 3608 1398 3682 respiciat
1431 3610 1804 3667 intellectum
1837 3617 1898 3666 et
1931 3611 2330 3668 voluntatem:
2367 3630 2548 3685 quare
2581 3615 2641 3667 et
2674 3610 2990 3685 perfectior
3023 3610 3174 3667 assi-

547 3694 776 3753 milatio
808 3701 1082 3754 naturam
1117 3697 1385 3773 perficiet
1415 3706 1711 3772 quatenus
1746 3704 1838 3756 est
1871 3699 2033 3757 radix
2067 3700 2383 3774 utriusque
2417 3700 2739 3757 facultatis.
2792 3700 3001 3757 Merito
3033 3717 3175 3775 ergo

545 3784 779 3841 dicetur
811 3786 960 3843 hanc
992 3786 1481 3844 assimilationem
1514 3789 1838 3847 consistere
1875 3788 1938 3846 in
1971 3789 2096 3846 vita
2128 3788 2526 3858 deiformi,
2579 3791 2750 3860 cuius
2782 3789 3082 3846 inchoatio
3113 3793 3178 3846 et

548 3874 862 3946 explicatio
895 3877 1236 3933 continetur
1268 3876 1498 3934 actibus
1534 3876 1830 3934 virtutum
1863 3877 2346 3954 theologicarum,
2389 3878 2821 3936 consummatio
2855 3877 3082 3935 visione
3114 3883 3176 3934 et

546 3961 831 4020 fruitione
865 3964 989 4028 Dei,
1038 3965 1142 4038 qui
1190 3968 1358 4022 actus
1397 3965 1617 4022 habent
1653 3968 1836 4024 Deum
1871 3986 1977 4040 pro
2012 3967 2239 4042 objecto
2273 3967 2564 4024 materiali
2610 3972 2671 4024 et
2718 3967 2965 4035 formali,
3016 3967 3174 4023 sicut

548 4056 714 4108 actus
749 4053 903 4110 vitae
937 4053 1200 4111 divinae:
1234 4053 1392 4112 unde
1414 4054 1706 4130 principia
1727 4056 1993 4128 proxima
2015 4058 2462 4130 proportionata
2495 4056 2774 4134 (virtutes
2806 4056 3171 4132 theologicas

546 4135 803 4221 infusas)
829 4141 1077 4216 exigunt
1108 4147 1169 4200 et
1201 4143 1413 4201 horum
1434 4143 1705 4213 radicem,
1740 4163 1892 4220 quae
1914 4150 2006 4202 est
2028 4147 2215 4202 instar
2234 4144 2462 4202 altioris
2485 4149 2731 4203 naturae
2764 4145 2802 4202 i.
2835 4164 2882 4202 e.
2915 4145 3168 4220 gratiam

546 4230 608 4286 in
635 4229 1062 4303 justificatione
1085 4231 1357 4295 infusam.
1409 4233 1574 4290 Sicut
1592 4252 1730 4308 ergo
1752 4237 1967 4290 natura
1987 4233 2185 4291 divina
2217 4239 2307 4291 est
2337 4234 2501 4292 radix
2536 4240 2596 4291 et
2629 4234 2992 4309 principium
3017 4234 3170 4291 vitae

547 4318 810 4376 divinae:
859 4320 944 4376 ita
989 4321 1180 4395 gratia
1225 4322 1671 4396 regeneratione
1717 4323 1947 4379 animae
1995 4325 2424 4381 communicata
2470 4327 2562 4381 est
2607 4323 2967 4398 principium
3015 4323 3170 4380 vitae

547 4407 865 4476 deiformia,
914 4412 975 4466 et
1020 4415 1265 4468 eatenus
1315 4411 1567 4468 habetur
1596 4411 1948 4469 assimilatio
1983 4411 2085 4469 illa
2116 4412 2382 4486 specialis
2413 4417 2474 4469 et
2506 4431 2780 4487 expressa
2813 4412 3170 4473 divinitatis.

724 4511 790 4579 4.
828 4515 1104 4574 Admissa
1136 4518 1241 4574 hac
1287 4517 1523 4592 speciali
1558 4518 1950 4576 similitudine
1982 4519 2222 4592 plenius
2254 4522 2452 4577 tamen
2487 4520 2720 4577 divinae
2752 4523 3001 4577 naturae
3035 4538 3167 4592 par-

547 4603 950 4678 ticipationem
985 4607 1240 4681 explicat
1271 4607 1617 4676 Lessius,
1666 4608 1837 4681 cujus
1885 4608 2062 4664 verba
2094 4627 2274 4682 supra
2305 4628 2362 4666 n.
2404 4619 2521 4671 190
2559 4628 2608 4667 a.
2640 4609 2998 4667 audivimus.
3062 4608 3168 4667 Cui

548 4694 874 4752 sententiae
908 4709 972 4756 a.
1012 4696 1322 4770 suffragari
1358 4695 1638 4753 videntur
1671 4702 1868 4770 patres
1903 4699 2252 4772 praesertim
2283 4698 2494 4774 graeci,
2543 4698 2646 4772 qui
2680 4699 2899 4773 passim
2936 4697 3165 4767 docent,
