3538 5364
575 284 704 348 212
1062 274 1244 327 Tract.
1270 274 1362 327 IX.
1387 272 1456 326 de
1485 271 1867 327 sacramentis,
1896 272 2326 325 Sacramentum
2356 273 2443 324 est
2467 270 2716 340 signum.

575 466 696 534 tur,
728 456 1081 522 secundum
1102 473 1265 538 quos
1296 459 1776 518 sacramentum
1798 457 1899 516 est
1931 451 2279 529 ,invisibilis
2312 451 2557 531 gratiae
2577 450 2842 515 visibilis
2877 450 3107 525 forma,
3127 458 3197 515 ut

575 565 711 645 eius
757 562 1239 627 similitudinem
1289 568 1470 642 gerat
1517 566 1580 624 et
1623 577 1823 623 causa
1870 559 2154 623 exsistat‘
2206 558 2279 644 (s.
2312 557 2665 622 Thomas
2712 576 2813 640 op.
2846 558 2919 622 V.
2970 558 3050 624 de
3084 565 3195 622 art.

574 670 718 734 fidei
765 676 831 734 et
861 686 1021 732 sacr.
1053 667 1375 732 Ecclesiae
1406 687 1465 749 p.
1501 667 1600 753 2);
1645 666 1961 746 colligitur
1992 666 2061 735 b.
2096 684 2175 729 ex
2207 672 2467 746 patrum
2513 664 2736 742 effatiS,
2783 665 2894 748 qui
2940 683 3089 729 cum
3122 666 3198 729 de

575 777 649 840 iis
679 777 922 852 ritibuS,
968 794 1131 858 quos
1162 780 1571 838 sacramenta
1603 771 1890 849 dicimuS,
1939 772 2303 854 loquuntur,
2351 770 2573 836 sedulo
2609 771 3005 852 distinguunt
3036 773 3197 836 inter

576 883 962 948 elementum
994 880 1238 946 visibile
1285 887 1351 945 et
1382 882 1769 945 elementum
1820 877 2138 944 invisibile
2174 880 2304 944 scil.
2339 877 2611 961 Spiritus
2656 880 2864 942 sancti
2909 880 3200 959 gratiam,

576 1007 740 1072 quae
771 990 941 1053 intus
973 986 1135 1054 latet
1166 995 1230 1053 et
1258 988 1365 1052 illo
1401 988 1839 1063 adumbratur,
1872 992 1945 1050 ut
1966 1006 2022 1049 n.
2046 989 2213 1055 2552
2249 986 2641 1061 videbimus;
2674 987 2988 1066 colligitur
3020 1006 3087 1054 c.
3122 1005 3199 1050 ex

575 1096 848 1162 decretis
880 1095 1375 1175 tumEugenii
1404 1094 1504 1159 IV.
1525 1112 1641 1176 pro
1664 1094 1942 1158 armenis
1977 1093 2061 1178 (n.
2085 1095 2261 1181 278),
2297 1099 2436 1157 tum
2455 1091 2707 1156 concilii
2739 1092 2918 1157 trid.
2953 1110 3109 1155 sess.
3146 1097 3201 1169 7,

576 1205 930 1268 secundum
961 1221 1126 1285 quae
1159 1207 1567 1266 sacramenta
1599 1202 1873 1280 gratiam
1904 1200 2279 1279 significant,
2328 1219 2523 1283 quam
2554 1197 2658 1264 vel
2699 1198 3053 1274 conserunt,
3102 1197 3204 1262 vel

577 1309 904 1393 quondam
933 1310 1163 1375 saltem
1195 1308 1651 1374 conferendam
1687 1307 1785 1393 (ut
1817 1315 2228 1373 sacramenta
2260 1307 2333 1371 V.
2368 1307 2463 1394 T.)
2494 1306 2946 1389 praefigurant.

752 1436 820 1503 4.
856 1432 1119 1515 Signum
1161 1433 1641 1515 practicam,
1689 1451 1822 1496 non
1854 1432 2321 1512 speculativum
2371 1439 2624 1496 tantum
2657 1439 2722 1497 et
2753 1431 3202 1506 theoreticum,

577 1548 647 1605 ut
676 1547 826 1605 sunt
841 1540 1044 1606 verba
1076 1546 1139 1605 et
1169 1539 1499 1619 imagines,
1530 1537 1643 1602 sed
1663 1537 1840 1619 quod
1872 1539 2287 1604 sanctitatem
2323 1558 2456 1603 non
2486 1540 2695 1603 solum
2727 1537 3056 1618 significet,
3089 1537 3207 1602 sed

578 1654 643 1712 et
671 1667 794 1712 usu
826 1666 941 1712 seu
971 1648 1112 1729 ipsa
1143 1646 1572 1728 applicatione
1606 1644 1917 1720 conferat,
1948 1646 2099 1708 hinc
2132 1652 2470 1711 consecret
2501 1647 2707 1729 sitque
2739 1652 3087 1726 propterea
3118 1646 3206 1708 ri-

577 1763 681 1821 tus
711 1775 845 1819 non
877 1753 1127 1829 steriliS,
1174 1753 1288 1817 sed
1319 1752 1546 1817 efficax
1577 1752 1957 1816 sanctitatis.
2020 1751 2223 1816 Porro
2258 1750 2573 1833 duplicem
2620 1751 3012 1834 distinguere
3060 1752 3213 1817 licet

578 1862 1021 1926 sanctitatem:
1068 1859 1357 1936 alteram,
1404 1877 1571 1942 quae
1604 1859 1811 1939 gratia
1842 1859 2208 1923 continetur
2251 1859 2731 1934 sanctificante:
2777 1859 3052 1924 alteram
3083 1859 3208 1922 im-

577 1969 943 2051 perfectam,
975 1968 1267 2048 legalem,
1298 1965 1465 2030 illius
1498 1966 1815 2042 umbram,
1848 1984 2015 2049 quae
2048 1967 2112 2029 in
2134 1967 2415 2048 quadam
2436 1967 2929 2031 consecratione
2950 1966 3035 2030 ad
3066 1966 3208 2030 cul-

577 2083 715 2140 tum
760 2076 1043 2138 divinum
1089 2074 1190 2138 vel
1236 2073 1540 2153 singulari
1586 2073 2041 2154 conjunctione
2092 2090 2240 2136 cum
2274 2073 2407 2138 Deo
2455 2073 2766 2137 consistit.
2831 2074 3015 2137 Hanc
3046 2091 3212 2138 con-

578 2181 870 2247 ferebant
918 2186 1326 2245 sacramenta
1357 2180 1430 2244 V.
1464 2180 1898 2245 Testamenti:
1946 2179 2121 2244 illam
2170 2180 2510 2245 conferunt
2555 2187 2965 2246 sacramenta
2996 2197 3213 2245 novae

577 2289 778 2370 LegiS,
812 2307 1006 2370 quam
1037 2307 1261 2353 eorum
1280 2288 1695 2369 praecipuam
1730 2295 1801 2351 et
1819 2288 2142 2369 propriam
2162 2289 2686 2369 praerogativam
2718 2289 2783 2352 in
2803 2288 3024 2370 primis
3053 2288 3210 2368 reji-

578 2395 756 2458 ciunt
783 2400 1234 2475 protestanteS,
1266 2393 1379 2457 sed
1403 2412 1521 2457 nos
1541 2394 1965 2457 sacramentis
2000 2413 2120 2458 suo
2156 2413 2519 2459 asseremus
2558 2394 2703 2459 loco
2727 2396 2811 2481 (n.
2834 2395 3009 2481 278).
3042 2394 3212 2457 Hinc

575 2501 775 2584 liquet
806 2508 1284 2564 sacramentum
1315 2498 1615 2579 distingui
1664 2518 1705 2562 a
1749 2520 1780 2563 s
1800 2500 2017 2564 acris
2026 2501 2207 2576 icio,
2253 2501 2424 2583 quod
2457 2508 2521 2566 et
2554 2502 2768 2583 ipsum
2804 2508 2903 2567 est
2934 2501 3212 2580 signum,

578 2606 872 2672 sacrificii
890 2607 1020 2671 scil.
1054 2606 1403 2681 invisibiliS,
1435 2624 1562 2689 quo
1583 2606 1781 2669 homo
1808 2625 1878 2672 se
1909 2605 2104 2671 refert
2136 2606 2216 2670 ad
2240 2606 2442 2671 Deum
2462 2614 2803 2692 tamquam
2824 2607 2908 2671 ad
2928 2608 3210 2689 primum

580 2717 867 2780 omnium
911 2714 1288 2796 principium
1335 2719 1400 2778 et
1445 2713 1638 2777 finem
1670 2712 1981 2790 ultimum,
2033 2722 2097 2778 et
2143 2715 2287 2778 ideo
2319 2715 2621 2796 primario
2668 2714 2940 2781 refertur
2973 2714 3059 2778 ad
3093 2714 3212 2778 Dei

579 2822 839 2898 cultum,
872 2841 1004 2885 non
1037 2822 1120 2884 ad
1151 2821 1468 2884 cultorum
1500 2820 1617 2883 Dei
1648 2820 2243 2885 sanctificationem.
2309 2820 2396 2885 Cf.
2444 2822 2540 2886 Fr
2562 2821 2896 2887 anzelin
2930 2821 3010 2886 de
3043 2839 3213 2884 sacr.

580 2931 666 2993 th.
709 2938 774 3004 13
810 2928 1023 3009 Lugo
1057 2928 1137 2991 de
1169 2945 1328 2990 sacr.
1363 2927 1421 2989 d.
1463 2935 1485 2996 1
1529 2947 1577 2990 s.
1610 2933 1668 2996 3.

760 3054 823 3119 ὅ.
841 3053 930 3117 De
945 3053 1196 3116 ratione
1216 3053 1605 3115 sacramenti
1621 3057 1737 3127 est,
1753 3056 1824 3114 ut
1841 3052 1924 3114 sit
1939 3051 2191 3131 signum
2213 3051 2574 3116 divinitu
2591 3071 2622 3114 s
2654 3051 3035 3129 institutum,
3055 3052 3219 3133 quia

581 3160 695 3225 Dei
717 3166 816 3224 est
834 3158 1270 3240 praescribere
1301 3160 1478 3235 ritus,
1511 3158 1620 3241 qui
1651 3159 1781 3221 sint
1800 3157 1984 3239 signa
2008 3157 2293 3222 efficacia
2322 3158 2849 3222 sanctificationis
2883 3157 2959 3222 cf.
2993 3179 3053 3222 n.
3076 3156 3215 3226 284

581 3286 662 3330 ss.
697 3264 1173 3345 Sunttheologi,
1196 3265 1304 3347 qui
1324 3268 1390 3336 6.
1413 3267 1687 3346 exigant,
1705 3272 1777 3329 ut
1809 3270 2292 3328 sacramentum
2312 3264 2394 3328 sit
2411 3265 2661 3346 signum
2692 3284 2809 3330 seu
2842 3266 3001 3330 ritus
3033 3284 3213 3347 per-

581 3379 881 3454 petuae
925 3371 1356 3448 institutionis
1405 3391 1483 3437 eo
1517 3372 1689 3454 quod
1721 3378 1969 3455 spectet
2003 3372 2085 3434 ad
2119 3372 2358 3435 cultum
2401 3370 2771 3451 religiosum
2805 3372 3212 3436 ordinarium

581 3485 647 3543 et
678 3478 979 3542 divinitus
1024 3479 1405 3556 institutum,
1451 3479 1515 3542 in
1562 3497 1689 3561 quo
1738 3496 1964 3543 omnes
1998 3478 2216 3542 fideles
2265 3485 2330 3542 et
2360 3478 2683 3543 Ecclesiae
2716 3478 3013 3543 membra
3045 3498 3209 3543 con-

581 3587 845 3651 veniant
876 3591 941 3650 et
971 3604 1099 3668 quo
1133 3586 1197 3649 in
1231 3593 1488 3649 coetum
1517 3584 1883 3666 religiosum
1920 3583 2319 3665 colligantur.

764 3732 909 3799 250.
944 3727 1189 3807 Quibus
1223 3729 1588 3809 praemissis
1633 3727 1869 3809 poterit
1916 3733 2399 3792 sacramentum
2431 3726 2502 3790 N.
2536 3727 2602 3790 T.
2637 3727 2884 3792 definiri
2916 3745 3063 3791 cum
3098 3746 3221 3792 ca-

587 3836 897 3901 techismo
929 3853 1266 3899 romano
1299 3854 1356 3915 p.
1392 3837 1433 3901 2
1465 3853 1517 3897 c.
1558 3841 1590 3902 1
1624 3854 1683 3897 n.
1717 3838 1793 3902 5:
1862 3833 2010 3908 ³,Est
2038 3833 2367 3898 invisibilis
2400 3835 2643 3914 gratiae
2674 3834 2919 3899 visibile
2952 3836 3209 3915 signum

585 3942 669 4006 ad
699 3948 988 4005 nostram
1014 3941 1535 4021 justificationem
1569 3941 1996 4017 institutum«,
2033 3958 2226 4023 quam
2246 3940 2535 4022 pluribus
2558 3941 2883 4021 explicans
2905 3942 3043 4006 aliis
3065 3963 3215 4007 ver-

583 4049 682 4111 bis
715 4068 773 4111 n.
815 4053 894 4116 10
926 4048 1018 4112 ita
1047 4048 1376 4128 proponit:
1436 4047 1604 4122 ,Res
1638 4047 1932 4112 sensibus
1978 4048 2290 4128 subjecta,
2337 4065 2503 4128 quae
2551 4066 2631 4111 ex
2663 4046 2778 4112 Dei
2809 4048 3219 4114 institutione

587 4155 946 4218 sanctitatis
978 4159 1043 4217 et
1068 4153 1350 4233 justitiae
1382 4159 1518 4218 tum
1552 4154 2007 4234 significandae
2038 4159 2176 4218 tum
2211 4153 2587 4218 efficiendae
2622 4155 2750 4216 vim
2783 4154 3049 4232 habet&<
3109 4158 3219 4221 vel

585 4260 960 4326 brevissime
992 4262 1168 4337 ,ritus
1202 4261 1427 4344 efficax
1457 4263 1732 4343 gratiae.‘
1798 4262 1853 4325 A
1901 4262 2145 4326 Petro
2194 4260 2557 4325 Lombardo
2604 4261 2901 4327 definitur
2932 4262 3033 4326 IV.
3067 4262 3216 4328 dist„

592 4374 625 4435 1
660 4388 718 4449 p.
760 4374 791 4436 1
827 4385 879 4430 c.
912 4373 985 4435 4:
1033 4345 1577 4441 '„Sacramentum
1608 4369 1865 4451 proprie
1901 4369 2150 4445 dicitur,
2205 4368 2379 4451 quod
2412 4369 2503 4432 ita
2534 4369 2789 4450 signum
2835 4376 2935 4434 est
2966 4371 3219 4449 gratiae

590 4474 702 4539 Dei
734 4481 798 4538 et
830 4474 1161 4538 invisibilis
1207 4477 1450 4556 gratiae
1482 4476 1710 4552 forma,
1755 4483 1827 4539 ut
1868 4476 2066 4556 ipsius
2099 4475 2443 4556 imaginem
2476 4482 2657 4555 gerat
2703 4482 2767 4541 et
2797 4493 3065 4539 causam
3099 4495 3221 4540 ex-

588 4581 835 4644 sistatss‘
877 4600 1071 4664 quam
1099 4602 1150 4672 s.
1184 4582 1531 4646 Thomas
1577 4591 1649 4647 ut
1692 4583 2262 4664 completissimam
2308 4582 2550 4646 laudat.
2617 4582 2704 4646 Cf.
2739 4580 2991 4647 Sasse
3024 4583 3223 4646 insti-

592 4689 869 4753 tutiones
900 4689 1090 4754 theol.
1124 4689 1203 4754 de
1235 4707 1396 4753 sacr.
1432 4696 1457 4752 t
1486 4688 1509 4752 l
1544 4690 1628 4752 th.
1670 4699 1719 4757 1.
