3538 5364
582 248 671 312 46
1058 236 1241 292 Tract.
1272 235 1418 290 vm.
1448 235 1516 288 de
1543 234 1748 306 gratia.
1778 232 1976 289 Thesis
2002 233 2342 290 CLXXXIII.
2370 233 2571 302 Neque
2598 233 2735 287 fides

585 424 641 482 si
671 443 812 500 prae
842 422 1030 482 oculis
1063 422 1379 493 habentur,
1413 420 1721 497 apparebit
1750 419 2109 497 ambiguitas
2139 423 2202 478 et
2230 419 2460 478 falsitas
2490 437 2657 495 prop.
2693 429 2792 481 44.
2828 429 2936 481 45.
2977 427 3085 480 49.
3124 427 3228 480 50.

592 523 691 577 54.
729 522 827 575 55.
865 522 961 575 56.
1000 522 1100 575 57.
1137 519 1216 575 58
1251 514 1312 569 61
1346 520 1426 574 60
1462 508 1892 579 Quesnelli.
1939 508 2021 573 Cf.
2053 509 2407 567 Fontana
2435 509 2613 567 Bulla
2643 507 3013 584 Unigenitus
3046 506 3223 565 theo·

588 601 778 679 logice
809 603 1185 677 propugnata
1214 600 1278 658 in
1307 599 1411 659 has
1441 618 1638 675 prop.;
1671 598 2043 657 Palmieri
2078 597 2162 660 th.
2197 607 2298 660 21.

765 723 869 790 52·
900 720 1158 788 'rhesis
1204 717 1680 787 CLXXXIII·
1718 741 1953 807 Neque
1960 740 2138 803 fides
2152 740 2553 793 necessaria
2566 743 2666 792 est
2686 740 2782 793 ad
2798 751 2984 805 opus
3005 737 3230 791 ethice

584 834 870 897 bonum,
906 832 1197 898 ideoque
1234 844 1379 884 non
1415 832 1660 885 omnia
1701 844 1919 897 opera
1954 830 2350 894 infidelium
2388 834 2553 883 sunt
2592 843 2681 884 ex
2716 842 2863 883 sese
2899 832 3230 894 peccata.

765 935 1209 1002 Declaratlo.
1243 938 1449 997 'rhesis
1465 938 1757 998 statuitur
1772 942 1979 998 contra
1997 938 2435 1008 Lutherum,
2464 938 2591 997 Cal
2607 938 2734 995 vin
2751 956 2887 1006 um,
2926 938 2979 996 Β
2997 937 3066 1010 aj
3089 955 3228 1005 11111,

588 1031 764 1105 cujus
796 1046 964 1104 prop.
1005 1038 1081 1091 15
1117 1030 1240 1087 est:
1291 1027 1546 1095 »01111116
1576 1028 1909 1088 infidelium
1941 1047 2118 1104 opera
2145 1030 2387 1104 peccata
2415 1029 2575 1098 sunt,
2622 1029 2685 1084 et
2719 1025 3231 1103 philosophorum

589 1118 845 1176 virtutes
893 1118 1120 1187 vitia;‘
1172 1120 1378 1175 contra
1426 1116 1913 1187 Jansenium3
1964 1120 2168 1175 contra
2215 1135 2381 1193 prop.
2433 1117 2507 1175 ab
2555 1115 3012 1174 Alexandro
3069 1112 3230 1172 vm.

588 1207 930 1265 damnatam
963 1226 1019 1264 n.
1046 1216 1116 1270 8:
1153 1206 1250 1275 ,N
1253 1224 1444 1265 ecesse
1477 1209 1571 1264 est
1600 1206 1900 1265 infidelem
1930 1206 1995 1264 in
2026 1207 2187 1264 omni
2206 1225 2379 1281 opere
2398 1213 2711 1282 peccare;«
2747 1209 2960 1263 contra
2994 1202 3228 1272 Ques-

596 1314 683 1354 ne
704 1296 909 1366 llum,
953 1296 1122 1371 cujus
1154 1313 1315 1371 prop.
1351 1304 1430 1357 42
1467 1300 1529 1354 et
1563 1305 1642 1359 48
1678 1295 1883 1355 eodem
1914 1294 2263 1354 inficiuntur
2293 1313 2507 1355 errore.
2575 1293 2655 1356 Cf.
2702 1293 2773 1352 de
2805 1294 3030 1351 horum
3064 1309 3229 1350 erro—

589 1385 760 1443 ribus
792 1388 1062 1443 accurate
1092 1383 1484 1443 disserentem
1515 1384 1661 1442 113111
1678 1404 1705 1443 6
1723 1387 1751 1442 t
1781 1385 1876 1443 die
1905 1384 2119 1443 Werke
2151 1384 2275 1443 und
2304 1383 2629 1460 Tugenden
2660 1383 2765 1441 der
2795 1381 3233 1459 Unglaubigen

592 1470 627 1540 ἓ
664 1483 697 1535 2
735 1491 810 1534 ss,
875 1472 1204 1548 Loquimur
1232 1476 1435 1531 autem
1471 1470 1532 1536 l.
1568 1472 1639 1532 de
1671 1472 1786 1555 fide
1817 1473 2053 1549 proprie
2085 1473 2258 1544 dicta,
2293 1472 2750 1548 supernaturali,
2800 1472 2866 1529 in
2899 1489 3094 1529 sensu
3125 1469 3231 1528 ad-

593 1561 1005 1632 versariorum,
1052 1561 1160 1637 qui
1205 1561 1322 1620 imo
1371 1562 1724 1638 plerumque
1769 1582 1898 1621 eam
1942 1562 2208 1639 exigunt,
2255 1580 2410 1638 quae
2444 1581 2550 1638 per
2579 1560 2885 1620 caritatem
2918 1562 3231 1636 operatur.

594 1650 1077 1710 Praescindimus
1111 1651 1282 1709 modo
1315 1646 1382 1713 2.
1417 1670 1452 1708 a
1483 1652 1856 1725 quaestione,
1895 1670 2041 1709 1111111
2072 1650 2277 1726 aliqua
2306 1652 2518 1710 saltem
2549 1650 2741 1727 gratia
2772 1649 3116 1708 necessaria
3150 1647 3236 1706 sit

596 1740 671 1799 ad
701 1759 876 1815 opera
906 1739 1097 1798 ethice
1125 1740 1310 1809 bona;
1360 1741 1598 1798 nomine
1646 1736 1710 1802 3.
1746 1741 2053 1815 peccati
2083 1740 2481 1817 intelligimus
2512 1742 2822 1815 peccatum
2855 1738 3197 1797 formale
3216 1780 3230 1806 ,

592 1829 829 1905 proprie
848 1828 1095 1901 dictum,
1131 1829 1292 1904 quod
1310 1829 1580 1904 operanti
1598 1830 1934 1906 imputetur
1962 1828 2037 1887 ad
2068 1829 2322 1904 culpam.
2369 1829 2638 1904 Denique
2669 1823 2735 1892 4.
2767 1845 2891 1886 non
2915 1827 3236 1901 loquimur

599 1918 672 1977 de
704 1919 930 1988 facto,
962 1937 1109 1976 num
1142 1917 1412 1976 infideles
1444 1917 1515 1977 de
1547 1918 1704 1977 sacto
1735 1937 1967 1993 semper
1995 1923 2269 1994 peccent:
2304 1919 2413 1977 hoc
2442 1919 2601 1977 enim
2622 1917 2939 1976 decernere
2959 1915 3073 1974 Dei
3106 1919 3232 1985 est3

599 2006 700 2066 sed
735 2007 807 2066 de
829 2007 855 2083 j
874 2025 1026 2077 ure,
1060 2026 1203 2065 num
1225 2026 1374 2083 opus
1405 2026 1474 2066 eo
1505 2008 1649 2083 ipso,
1668 2008 1846 2082 'quod
1865 2025 1986 2066 11011
2005 2011 2094 2066 est
2124 2026 2192 2067 ex
2224 2007 2356 2078 fide,
2389 2009 2634 2083 propter
2653 2006 2848 2064 solum
2867 2004 3016 2063 fidei
3037 2004 3232 2063 defec-

597 2098 745 2167 tum,
768 2096 852 2155 sit
867 2099 1189 2171 peccatum.
1211 2095 1418 2154 Thesis
1439 2115 1559 2156 non
1579 2101 1672 2155 est
1690 2097 1764 2155 de
1784 2095 1916 2168 fide,
1936 2096 2008 2154 ad
2029 2096 2363 2156 doctrinam
2381 2103 2581 2155 tamen
2602 2094 2959 2154 catholicam
2981 2096 3234 2169 spectat.

777 2217 879 2282 53.
914 2214 1486 2283 Demonstratio.
1554 2214 1614 2283 1.
1646 2213 1933 2280 Assertio
1982 2222 2207 2278 nostra
2256 2214 2568 2295 probatur
2616 2231 2694 2278 ex
2746 2213 2983 2276 divinis
3029 2213 3234 2277 literis

596 2320 817 2384 Matth.
851 2326 911 2398 5,
943 2326 1062 2389 46:
1108 2323 1180 2388 Si
1223 2321 1485 2406 diliqitis
1513 2342 1632 2404 e03,
1664 2323 1773 2405 qui
1802 2342 1906 2384 vos
1936 2321 2226 2407 diliqunt,
2270 2341 2458 2407 quam
2504 2321 2838 2385 mercedem
2868 2318 3237 2385 habebitis?

599 2426 822 2490 Nonne
852 2432 908 2489 et
931 2426 1262 2510 publicani
1292 2430 1402 2491 hoe
1432 2429 1721 2510 faciunt!
1760 2434 1816 2491 et
1860 2429 1915 2490 si
1943 2429 2367 2491 salutaveritis
2414 2425 2656 2508 fratres
2687 2436 2921 2491 vestros
2955 2433 3230 2509 tantum,

600 2534 754 2618 quid
785 2534 1057 2617 amplius
1083 2534 1348 2616 facitis?
1377 2534 1601 2598 Nonne
1630 2542 1684 2598 et
1714 2534 1942 2596 ethnici
1960 2533 2070 2596 hoc
2087 2533 2383 2614 faciunt?
2415 2531 2732 2615 Supponit
2751 2552 2902 2613 ergo
2930 2531 3232 2598 Christus

598 2641 891 2708 ethnicos
921 2640 1191 2707 subinde
1224 2640 1461 2724 aliquid
1488 2640 1716 2717 facere,
1739 2640 1910 2723 quod
1940 2640 2232 2722 quamvis
2257 2658 2486 2722 parum
2514 2647 2627 2717 est,
2651 2641 3229 2722 reprehensionem

600 2755 819 2814 tamen
838 2767 970 2812 non
990 2753 1209 2813 meret.
1237 2785 1313 2795 —
1340 2747 1523 2811 Rom.
1552 2753 1605 2823 1,
1628 2753 1714 2818 20
1732 2746 2143 2828 reprehendit
2159 2745 2396 2811 Paulus
2426 2747 2708 2827 gentileS,
2731 2749 3002 2831 quicum
3023 2748 3233 2812 Deum

599 2858 1033 2939 coynovissent,
1084 2875 1210 2919 non
1258 2857 1417 2917 sicut
1451 2854 1654 2918 Deum
1699 2855 2222 2938 qlorifi'eaverunt.
2285 2852 2598 2936 Supponit
2651 2873 2800 2934 ergo
2834 2872 2952 2918 eos
2987 2853 3230 2937 aliquid

600 2963 755 3026 boni
785 2980 1092 3043 peragere
1135 2962 1437 3042 potuisse,
1483 2961 1766 3044 alioquin
1812 2980 1925 3025 eos
1956 2981 2087 3026 non
2118 2961 2630 3043 reprehenderet,
2679 2961 2851 3043 quod
2884 2961 3043 3025 illud
3076 2979 3232 3041 neg-

601 3068 886 3134 lexerint.
908 3107 994 3116 —
1015 3068 1195 3131 Rom.
1219 3073 1277 3144 2,
1303 3071 1417 3136 151
1454 3068 1609 3131 Cum
1630 3070 1792 3133 enim
1806 3075 2034 3154 pente-3,
2053 3089 2210 3154 quae
2228 3071 2411 3150 leqem
2433 3089 2554 3134 non
2576 3069 2822 3144 habent,
2838 3067 3230 3132 naturaliter

602 3197 697 3259 ea,
728 3195 888 3258 quae
917 3175 1068 3258 leqis
1098 3180 1267 3258 sunt,
1294 3175 1565 3257 faciunt,
1598 3176 1902 3258 ejusmodi
1920 3174 2108 3258 leqem
2142 3196 2267 3240 non
2285 3175 2572 3240 habentes
2591 3178 2716 3259 ipsi
2735 3174 2853 3238 sibi
2873 3182 3028 3239 eunt
3047 3175 3228 3260 lexl).

603 3279 743 3361 Quo
776 3280 921 3344 loco
955 3281 1216 3345 nomine
1242 3284 1518 3364 qentium
1551 3281 1608 3344 si
1639 3299 1771 3344 non
1804 3282 2140 3360 exclusive,
2174 3282 2479 3346 inclusive
2524 3282 2754 3347 saltem
2806 3281 3230 3362 designantur

604 3393 826 3467 gentes
858 3385 980 3450 fide
1014 3387 1225 3452 adhuc
1257 3388 1635 3454 destitutae:
1683 3389 1761 3453 de
1793 3390 1892 3453 his
1924 3407 2078 3454 vero
2113 3389 2347 3454 diserte
2392 3389 2723 3470 apostolus
2756 3388 2923 3465 dicit,
2961 3406 3077 3454 eas
3112 3386 3228 3451 ali-

607 3511 734 3576 qua
766 3493 996 3558 saltem
1016 3494 1172 3575 legis
1193 3502 1540 3576 praecepta
1560 3495 1830 3560 subinde
1850 3513 2124 3562 servare.
2145 3535 2232 3544 —
2253 3495 2619 3560 Provocant
2636 3495 2924 3559 nonnulli
2945 3492 3231 3573 theologi

603 3600 687 3665 ad
718 3600 825 3664 Ex.
866 3606 919 3677 1,
954 3605 1058 3679 20,
1092 3601 1202 3666 ubi
1233 3602 1312 3668 de
1345 3602 1798 3668 obstetricibus
1828 3603 2245 3684 probabiliter
2274 3603 2561 3679 ethniciS,
2594 3621 2761 3685 quae
2780 3600 3229 3666 misericordia

828 3817 861 3884 ¹)
891 3813 973 3868 Cf.
1000 3814 1069 3866 de
1095 3813 1205 3868 hoc
1243 3811 1572 3867 testimonio
1614 3814 1649 3866 S
1666 3831 1703 3866 11
1720 3829 1755 3866 a.
1771 3831 1801 3866 r
1816 3829 1844 3866 6
1861 3831 1890 3866 z
1929 3832 2012 3883 gr.
2042 3814 2081 3877 Ι,
2107 3819 2159 3877 8,
2200 3811 2302 3867 ubi
2343 3831 2381 3882 q
2396 3831 2433 3867 u
2451 3813 2472 3865 i
2488 3832 2526 3867 n
2545 3831 2582 3882 q
2599 3831 2637 3866 u
2654 3829 2684 3867 e
2725 3811 3230 3882 interpretationes

603 3894 893 3962 expendit.
909 3895 1057 3949 Sunt
1070 3895 1241 3958 enim,
1261 3891 1363 3961 qui
1384 3910 1514 3946 cum
1541 3894 1591 3946 A
1608 3912 1645 3947 u
1661 3913 1701 3964 g
1716 3912 1754 3947 u
1772 3910 1797 3946 6
1814 3895 1840 3946 t
1853 3894 1875 3947 i
1888 3913 1926 3950 n
1943 3910 1974 3948 o
2001 3894 2261 3964 gentium
2277 3893 2507 3948 nomine
2524 3897 2724 3964 gentes
2738 3893 2811 3946 ad
2827 3892 2997 3946 fidem
3015 3889 3230 3946 Christi

604 3990 902 4029 conversas
928 3972 1288 4044 intelligant;
1314 3972 1416 4028 alii
1442 3972 1792 4044 intelligunt
1814 3977 2013 4044 gentes
2040 3991 2149 4028 non
2180 3973 2528 4037 idololatras,
2555 3974 2652 4027 sed
2675 3989 2821 4040 quae
2847 3987 2916 4025 ex
2942 3971 3054 4025 fide
3077 3969 3228 4024 vive-

609 4055 762 4116 bant,
791 4053 910 4107 sive
936 4053 1156 4108 fuerint
1179 4052 1545 4118 christianae,
1572 4054 1689 4108 sive
1717 4069 1831 4109 non
1858 4052 2092 4117 fuerint,
2127 4057 2194 4107 ut
2218 4053 2250 4107 J
2256 4056 2346 4118 ob,
2372 4054 2457 4107 ita
2484 4053 2529 4106 T
2546 4053 2661 4107 016
2677 4056 2755 4106 tu
2773 4070 2799 4105 s
2840 4051 2900 4105 in
2943 4066 3226 4105 summam

606 4149 649 4186 s.
677 4133 926 4187 Thomae
953 4152 1007 4202 q.
1044 4142 1059 4188 1
1092 4150 1144 4187 a.
1178 4143 1232 4196 l;
1260 4132 1362 4187 alii
1386 4149 1481 4186 eas
1506 4135 1750 4199 tantum,
1778 4150 1925 4202 quae
1953 4134 2190 4188 fuerunt
2209 4133 2444 4202 quidem
2466 4133 2677 4196 fideles,
2704 4133 2800 4186 sed
2829 4149 2946 4186 non
2969 4129 3228 4185 christia-

608 4229 732 4277 nae,
758 4211 843 4266 ita
886 4214 921 4266 S
939 4212 1126 4266 alme
1143 4231 1217 4268 ro
1237 4231 1305 4274 n:
1349 4211 1453 4266 alii
1495 4214 1692 4284 gentes
1738 4213 1848 4267 fide
1893 4213 2215 4279 destitutas,
2257 4213 2340 4266 ita
2368 4210 2606 4282 plurimi
2650 4213 2839 4282 patres
2866 4213 2925 4264 61
2949 4206 3226 4278 theologi,

609 4309 782 4361 quam
826 4292 1359 4364 interpretationem
1405 4293 1655 4348 Ecclesia
1697 4310 1731 4346 a
1776 4292 2178 4364 pelagianismi
2230 4291 2552 4363 suspicione
2603 4291 2809 4347 liberat
2857 4288 3226 4345 damnatione

609 4391 771 4445 prop.
812 4380 880 4429 22
921 4374 1047 4444 Baj
1066 4374 1106 4439 i,
1147 4374 1390 4442 ideoque
1430 4374 1863 4443 aequivalenter
1902 4391 2097 4428 sanam
2125 4373 2396 4437 declarat,
2440 4375 2500 4428 et
2524 4374 2646 4444 ipse
2673 4390 2714 4429 s.
2747 4376 2903 4443 Aug
2921 4391 2957 4426 u
2975 4368 3126 4425 stin
3146 4386 3184 4421 u
3201 4384 3225 4419 s

609 4454 896 4525 approbat
920 4455 989 4508 de
1015 4453 1152 4525 spir.
1179 4457 1238 4507 et
1262 4454 1346 4508 lit.
1374 4471 1420 4508 6.
1448 4458 1533 4511 27.
1562 4462 1655 4514 281
1684 4455 1720 4509 l.
1750 4462 1782 4510 2
1810 4455 1878 4509 de
1905 4471 2068 4508 serm.
2096 4454 2256 4508 Dom.
2284 4453 2346 4506 in
2372 4454 2566 4507 monte
2594 4471 2648 4510 n.
2678 4459 2764 4519 32,
2809 4454 2879 4507 cf.
2922 4450 3151 4505 Ernst
3187 4448 3224 4500 1.

610 4550 655 4586 6.
684 4542 710 4599 5
736 4536 771 4590 7
788 4555 800 4594 1
827 4533 872 4586 Β
890 4534 948 4588 61
967 4533 1034 4587 la
1050 4552 1144 4588 rm
1163 4534 1238 4586 in
1255 4552 1292 4587 11
1310 4552 1335 4588 6
1362 4535 1431 4588 de
1458 4551 1540 4605 gr.
1569 4537 1627 4588 et
1651 4533 1753 4588 lib.
1768 4536 1889 4588 arb.
1912 4535 1974 4599 V,
1992 4544 2055 4596 43
2081 4534 2185 4588 alii
2211 4534 2281 4588 de
2308 4533 2581 4604 gentibus
2607 4535 2747 4590 haec
2772 4532 3228 4603 interpretantur

610 4615 684 4667 ad
711 4614 1133 4684 oppositionem
1151 4615 1515 4684 judaeorum,
1560 4614 1696 4670 hinc
1740 4615 1810 4669 de
1854 4615 2141 4686 gentibus,
2185 4615 2305 4669 sive
2341 4615 2465 4684 jam
2510 4617 2697 4669 essent
2739 4614 3084 4669 christianae
3111 4609 3226 4664 sive

609 4695 799 4748 essent
823 4695 1013 4749 adhuc
1039 4695 1298 4751 infideles
1316 4717 1327 4755 ς
1356 4696 1438 4749 ita
1463 4696 1499 4749 S
1518 4714 1555 4749 u
1572 4713 1605 4749 a
1621 4713 1648 4748 r
1664 4712 1693 4749 e
1710 4715 1754 4752 z.
