3538 5364
1135 293 1465 348 necessaria.
1495 292 1944 363 Exceptionibus
1969 292 2189 347 satisfit.
2834 303 2965 366 455

526 493 671 546 470.
726 476 1096 545 Scholion.
1166 480 1612 556 Exceptionibus
1661 481 1885 553 satisfit.
1936 513 2022 523 —
2074 480 2307 556 Opponi
2360 474 2421 542 l.
2471 483 2668 556 thesL
2720 501 2768 549 ῃ.
2799 487 2849 538 tr
2870 501 2963 538 um

345 572 677 642 auctoritaS,
716 571 818 645 qui
848 571 1381 629 reconciliationem
1415 569 1736 645 peccatoris
1768 569 2084 628 conferunt
2115 587 2248 627 cum
2270 569 2472 628 Lazari
2493 571 2963 632 resuscitatione.

345 660 426 719 Cf.
476 661 819 718 Morinus
864 659 909 729 I,
963 669 1015 722 Ἰ.
1079 659 1245 718 Unde
1291 660 1562 718 inferunt
1607 658 1957 717 adversarii:
2011 659 2166 717 sicut
2216 659 2469 734 apostoli
2516 678 2634 718 non
2681 659 2962 717 Lazarum

343 755 665 818 mortuum,
699 750 801 807 sed
824 749 944 824 jam
980 769 1014 807 a
1045 749 1273 808 Christo
1307 749 1727 807 resuscitatum
1760 749 2068 807 solverunt
2099 749 2191 809 JO.
2236 759 2329 818 11,
2369 757 2481 810 44:
2516 749 2601 806 ita
2634 748 2965 806 sacerdotes

346 839 480 896 illos
500 844 736 897 tantum
758 840 1003 913 possunt
1024 839 1342 906 absolvere,
1378 856 1526 913 quos
1549 838 1703 895 Deus
1731 838 1926 914 gratia
1956 857 2062 896 sua
2085 839 2212 913 jam
2246 857 2281 896 a
2311 841 2499 896 morte
2531 837 2829 907 excitavit,
2864 857 2966 895 seu

335 931 461 1003 jam
495 929 676 991 vivos,
739 928 920 1003 Atqui
955 931 1223 1003 peccator
1255 927 1612 986 contritione
1646 926 1907 1001 perfecta
1938 926 2268 985 destitutus
2305 927 2499 985 adhuc
2543 929 2632 985 est
2677 930 2965 985 mortuus,

344 1018 501 1093 Ergo
534 1016 762 1075 absolvi
796 1035 914 1075 non
947 1017 1183 1092 poterit.
1251 1016 1442 1086 Quare
1474 1017 1548 1074 ad
1580 1016 2012 1074 absolutionem
2046 1017 2299 1074 validam
2332 1017 2657 1091 requiritur
2688 1016 2967 1074 contritio

345 1106 620 1180 perfecta,
668 1125 787 1181 qua
823 1107 947 1180 jam
996 1110 1168 1164 antea
1215 1106 1561 1165 vivificetur.
1629 1105 1847 1163 Verum
1880 1105 2048 1163 facile
2081 1105 2337 1163 solvitur
2368 1105 2705 1174 difficultas,
2753 1105 2963 1163 distin·

344 1194 581 1271 guendo
613 1195 769 1253 inter
800 1195 982 1252 vitam
1001 1196 1381 1264 habitualem,
1418 1193 1752 1270 perfectam,
1788 1214 1939 1270 quae
1959 1196 2151 1271 gratia
2171 1195 2574 1253 sanctificante
2594 1194 2962 1253 continetur:

344 1289 406 1342 et
436 1285 855 1359 imperfectam,
890 1284 1199 1352 initialem,
1234 1303 1385 1360 quae
1418 1283 1690 1342 consistit
1722 1284 1782 1340 in
1815 1284 2047 1342 actibus
2066 1283 2430 1342 salutaribus
2450 1303 2516 1342 ex
2538 1284 2732 1360 gratia
2750 1282 2966 1341 actuali

343 1379 407 1432 et
450 1374 858 1450 cooperatione
891 1374 1065 1431 liberi
1096 1374 1325 1431 arbitrii
1356 1373 1651 1449 profectis,
1703 1375 1764 1431 et
1812 1372 2030 1448 quibus
2075 1373 2250 1433 homo
2281 1374 2503 1448 aspirat
2535 1378 2596 1431 et
2628 1371 2966 1447 disponitur

343 1463 418 1521 ad
468 1463 648 1521 vitam
697 1462 1078 1525 habitualem.
1141 1463 1306 1520 Hanc
1353 1462 1651 1538 duplicem
1696 1463 1877 1520 vitam
1925 1463 2077 1521 bene
2124 1463 2440 1538 distinguit
2471 1462 2964 1538 Augustinus

343 1570 514 1610 serm.
551 1560 629 1615 89
665 1570 711 1609 c.
750 1562 783 1612 6
819 1555 880 1609 et
911 1552 971 1609 in
1005 1553 1095 1610 Ps.
1139 1561 1255 1613 102
1291 1571 1460 1609 serm.
1498 1560 1531 1612 2
1574 1571 1631 1610 n.
1670 1562 1723 1613 3.
1792 1551 1923 1610 Huc
1967 1555 2194 1626 spectat
2238 1570 2401 1629 prop.
2454 1562 2533 1613 64
2582 1551 2752 1627 Baji
2798 1550 2965 1608 dam·

340 1645 511 1699 nata:
561 1641 754 1708 ,Item
801 1645 861 1697 et
907 1641 1010 1699 illa
1053 1641 1352 1700 distinctio
1385 1640 1643 1715 duplicis
1676 1640 2101 1710 vivificationiS,
2154 1641 2413 1712 alterius,
2467 1659 2585 1715 qua
2634 1639 2969 1698 vivificatur

341 1733 627 1804 peccator,
675 1730 816 1787 dum
864 1730 918 1787 ei
961 1730 1324 1805 poenitentia
1368 1732 1428 1787 et
1475 1730 1631 1787 vitae
1679 1748 1866 1788 novae
1901 1731 2269 1805 propositum
2302 1735 2363 1788 et
2395 1729 2689 1788 inchoatio
2721 1747 2828 1804 per
2860 1729 2966 1786 Dei

343 1819 594 1895 gratiam
625 1820 980 1893 inspiratur:
1031 1820 1294 1888 alterius,
1347 1837 1465 1893 qua
1509 1818 1861 1888 vivificatur,
1913 1819 2018 1895 qui
2063 1838 2196 1878 vere
2233 1819 2598 1894 justificatur
2642 1821 2702 1876 et
2744 1818 2968 1893 palmes

344 1908 518 1966 vivus
565 1907 627 1965 in
674 1908 795 1966 vite
843 1908 1070 1966 Christo
1117 1908 1388 1977 eflicitur,
1438 1908 1662 1982 pariter
1693 1909 2096 1966 commentitia
2144 1913 2237 1966 est
2282 1912 2343 1966 et
2381 1908 2697 1983 Scripturis
2728 1907 2967 1965 minime

343 2005 734 2072 congruenS.‘
787 1997 972 2071 Atqui
1006 1997 1127 2055 vita
1156 1997 1416 2064 initialis,
1449 2016 1566 2055 non
1599 2015 1739 2055 vero
1774 1998 1900 2055 vita
1930 1997 2205 2071 perfecta,
2240 1997 2312 2055 ad
2343 1997 2777 2055 absolutionem
2798 2014 2968 2070 prae-

342 2085 687 2161 requiritnr,
722 2089 782 2142 et
815 2087 992 2160 hujus
1024 2090 1228 2144 auctor
1260 2091 1350 2144 est
1381 2087 1559 2145 etiam
1583 2087 1756 2144 Dens
1792 2087 1919 2144 Nisi
1952 2087 2112 2144 enim
2146 2087 2302 2144 Deus
2333 2086 2626 2161 peccatori
2660 2085 2966 2143 inclamet:

345 2175 531 2250 Surye
561 2177 661 2251 qui
690 2177 928 2250 dormis,
964 2182 1015 2232 et
1044 2194 1287 2252 exsurye
1318 2195 1356 2233 a
1387 2177 1635 2233 mortuis
1665 2175 1875 2251 Ephes.
1914 2186 1968 2243 5,
2012 2186 2107 2246 14,
2160 2179 2432 2250 peccator
2461 2176 2536 2233 ad
2567 2174 2964 2233 remissionem

342 2269 720 2339 peccatorum
755 2264 1230 2339 consequendam
1263 2283 1325 2322 se
1360 2264 1670 2340 disponere
1703 2282 1822 2322 non
1852 2268 2065 2341 posset.

523 2399 667 2451 471.
702 2388 1037 2464 Opponitur
1076 2384 1139 2453 ⁶2.
1171 2387 1494 2446 auctoritas
1525 2389 1791 2464 plurium
1825 2389 2240 2464 theologorum
2289 2389 2520 2448 scholae
2565 2408 2671 2465 per
2715 2390 2832 2447 tria
2876 2409 2963 2449 se-

342 2478 495 2550 cula,
541 2478 646 2553 qui
691 2477 1105 2536 contritionem
1150 2478 1469 2553 exigebant
1515 2497 1623 2552 pro
1670 2477 1993 2536 obtinenda
2024 2478 2415 2538 absolutione.
2446 2513 2534 2521 —
2567 2478 2788 2536 Verum
2834 2483 2967 2555 post

342 2563 655 2625 concilium
688 2567 864 2628 trid.
909 2567 1118 2626 horum
1153 2567 1352 2642 opinio
1397 2571 1486 2625 est·
1531 2567 1871 2628 deserenda.
1936 2567 2208 2626 Ceterum
2255 2567 2348 2625 hic
2393 2568 2807 2644 theologorum
2852 2586 2965 2625 nu-

343 2674 543 2715 merus
574 2660 995 2733 exaggeratur:
1042 2675 1178 2715 nam
1225 2659 1363 2714 ante
1410 2675 1566 2715 conc.
1614 2656 2010 2715 tridentinum
2045 2660 2135 2715 sat
2167 2657 2495 2715 communis
2527 2656 2644 2716 fuit
2675 2657 2966 2715 sententia

342 2766 386 2803 3.
418 2745 736 2803 Thomae
766 2742 813 2826 ¹)
847 2750 908 2803 et
941 2745 1152 2804 Scoti
1185 2746 1500 2804 sacerdotis
1533 2746 1905 2805 absolutione
1939 2746 2123 2804 deleri
2158 2750 2411 2821 peccata,
2446 2750 2516 2805 ut
2547 2747 2738 2821 liquet
2769 2746 2861 2804 vel
2896 2764 2963 2803 ex

344 2834 588 2892 Lutheri
619 2834 895 2893 dicteriis.
959 2835 1042 2892 Ex
1089 2835 1160 2893 iis
1206 2854 1361 2903 vem,
1407 2835 1479 2892 ad
1524 2854 1672 2910 quos
1705 2835 2025 2893 adversarii
2056 2838 2392 2911 provocant,
2445 2835 2548 2893 alii
2601 2835 2693 2893 vel
2742 2840 2963 2911 negant

341 2923 618 2982 ministro
652 2923 905 2982 clavium
939 2923 1227 2982 virtutem
1259 2924 1777 3000 principalem
1811 2924 2155 2982 remittendi
2175 2928 2430 3000 peccata,
2464 2943 2584 2983 non
2617 2942 2755 2982 vero
2788 2923 2965 2982 mini-

341 3013 642 3071 sterialem
676 3011 769 3093 (cf.
819 3031 864 3069 S.
911 3013 1228 3071 Thomas
1262 3014 1322 3070 in
1358 3023 1414 3074 4.
1448 3014 1502 3071 d.
1543 3022 1617 3076 18
1652 3032 1706 3089 q.
1747 3025 1774 3076 1
1816 3033 1866 3073 a.
1904 3023 1937 3077 3
1973 3014 2078 3072 sol.
2121 3025 2142 3074 1
2188 3013 2261 3071 ad
2304 3010 2380 3094 1),
2427 3017 2488 3071 et
2532 3014 2666 3071 aliis
2714 3014 2772 3071 in
2820 3013 2963 3071 locis

342 3102 500 3160 haud
536 3102 783 3160 obscure
816 3101 1026 3160 docent
1056 3105 1418 3160 sacramento
1451 3103 1849 3178 poenitentiae
1882 3102 2065 3160 deleri
2099 3106 2353 3177 peccata,
2401 3102 2630 3161 etiamsi
2675 3103 2806 3177 quis
2845 3119 2964 3159 non

343 3191 422 3248 sit
458 3191 778 3261 contritus:
825 3190 927 3274 alii
972 3210 1090 3266 ῃρῃ
1134 3191 1276 3264 satis
1308 3190 1464 3249 inter
1509 3210 1568 3249 se
1615 3191 2014 3253 consentiunt.
2081 3192 2384 3249 Immerito
2415 3194 2613 3250 autem
2648 3191 2967 3249 adversarii

342 3280 416 3337 ad
449 3280 556 3338 hos
588 3284 913 3356 provocant
943 3281 1266 3357 theologos,
1300 3298 1434 3337 cum
1469 3281 1530 3338 hi
1564 3284 1852 3338 tueantur
1883 3298 2018 3338 cum
2052 3281 2309 3339 Ecclesia
2341 3281 2629 3339 catholica
2660 3279 2964 3339 contritio-

341 3387 477 3427 nem
511 3369 755 3427 caritate
788 3369 1097 3427 formatam
1124 3368 1452 3445 justificare
1483 3373 1647 3427 extra
1678 3373 2134 3439 sacramentum,
2169 3370 2329 3445 quod
2363 3369 2479 3444 ipsi
2509 3388 2725 3446 negare
2756 3370 2965 3427 solent.

523 3494 731 3568 Neque
763 3495 834 3553 ad
870 3514 967 3554 eos
1009 3514 1328 3572 provocare
1362 3499 1613 3571 possunt
1658 3497 2214 3571 protestantes
2257 3513 2366 3570 pro
2414 3494 2811 3553 confirmando
2859 3512 2965 3551 suo

341 3584 626 3659 figmento
659 3583 731 3641 de
764 3588 1057 3660 potestate
1090 3584 1361 3654 clavium,
1397 3602 1548 3659 quae
1580 3586 1815 3641 tantum
1853 3583 1934 3641 sit
1968 3583 2473 3642 declarativa.
2541 3583 2758 3640 Omnes
2805 3583 2965 3640 enim

340 3688 404 3734 a.
436 3672 835 3731 admittebant
853 3674 1279 3748 poenitentiam
1302 3692 1507 3731 verum
1530 3691 1652 3731 esse
1674 3675 2112 3731 sacramentum
2145 3672 2219 3731 ad
2253 3673 2506 3730 salutem
2538 3671 2961 3739 necessarium:

342 3758 411 3825 b.
443 3762 871 3820 confessionem
905 3780 1028 3820 esse
1052 3764 1187 3837 jure
1222 3762 1421 3819 divino
1454 3761 1527 3818 ad
1560 3762 1810 3819 salutem
1844 3761 2262 3830 necessariam:
2311 3776 2375 3824 c.
2419 3760 2835 3819 contritionem
2868 3778 2964 3816 ea·

339 3858 516 3909 tenus
548 3853 786 3909 tantum
818 3852 1120 3909 remittere
1153 3855 1409 3926 peccata,
1459 3853 1754 3924 quatenus
1800 3856 2010 3909 votum
2056 3850 2474 3925 complectitur
2503 3847 2846 3906 recurrendi
2892 3847 2964 3905 ad

341 3940 596 3998 clavium
630 3943 1017 4014 potestatem3
1070 3937 1140 4004 d.
1193 3941 1449 3999 clavium
1498 3941 1856 4013 potestatem
1899 3959 2018 3998 non
2064 3958 2191 3998 esse
2224 3942 2457 3997 tantum
2490 3937 2869 3996 theoreticam
2905 3939 2965 3994 et

341 4027 718 4103 inefficacem,
754 4029 856 4087 sed
891 4030 1126 4088 omnino
1158 4030 1508 4105 practicam:
1554 4028 1841 4087 docebant
1885 4028 2044 4087 enim
2090 4028 2148 4086 vi
2197 4029 2376 4103 hujus
2408 4026 2718 4101 potestatis
2749 4025 2963 4084 habere

341 4116 676 4176 sacerdotes
700 4119 804 4194 jus
837 4140 893 4181 α.
926 4119 1270 4194 imponendi
1293 4118 1742 4187 satisfactiones,
1781 4118 1832 4198 β.
1864 4117 2206 4176 remittendi
2236 4118 2448 4175 saltem
2479 4119 2711 4173 reatum
2743 4133 2964 4189 poenae

342 4206 438 4264 vel
471 4210 742 4265 aeternae
779 4203 891 4289 (ita
921 4208 1138 4284 Hugo
1168 4228 1202 4265 a
1233 4226 1278 4266 s.
1312 4208 1547 4266 Victore
1566 4207 1638 4266 de
1655 4225 1799 4270 sacr.
1833 4208 1870 4269 l.
1907 4217 1940 4268 2
1976 4228 2031 4283 p.
2062 4217 2135 4268 14
2172 4225 2215 4268 c.
2255 4203 2317 4285 8)
2353 4206 2445 4263 vel
2479 4203 2819 4278 temporalis
2850 4198 2965 4284 (ita

341 4295 778 4354 Richardus
828 4315 861 4354 a
911 4318 956 4360 s,
1006 4296 1243 4355 Victore
1288 4297 1361 4355 de
1406 4300 1619 4374 potest.
1666 4296 1767 4373 lig.
1818 4299 1881 4354 et
1929 4296 2071 4355 solV.
2125 4314 2169 4353 c.
2208 4305 2277 4364 6;
2328 4292 2769 4352 Alexander
2801 4289 2961 4372 hal.),

339 4407 392 4460 γ.
426 4384 763 4443 conferendi
796 4386 1021 4461 gratiae
1052 4390 1442 4462 augmentum
1477 4381 1591 4467 (ita
1621 4379 1840 4466 Biel'),
1888 4389 1995 4443 aut
2026 4385 2279 4461 gratiam
2311 4383 2619 4451 actualem,
2666 4401 2785 4457 qua
2827 4399 2960 4456 pec-

341 4475 513 4531 cator
543 4492 665 4531 non
698 4475 841 4532 satis
873 4474 1200 4550 dispositus
1232 4474 1518 4533 reddatur
1548 4475 1895 4549 dispositus,
1945 4492 2051 4531 seu
2098 4492 2183 4543 ,ex
2231 4473 2438 4530 attrito
2483 4473 2587 4529 fiat
2627 4470 2960 4539 contritus‘,

569 4694 601 4760 ¹)
630 4688 710 4742 De
731 4706 774 4742 s.
801 4689 845 4742 Τ
862 4690 898 4742 h
917 4707 948 4742 o
965 4708 1020 4742 m
1036 4707 1070 4742 a
1087 4707 1116 4743 e
1157 4688 1418 4743 doctrina
1444 4689 1514 4744 cf.
1544 4689 1713 4745 Mich.
1755 4689 1799 4741 Β
1818 4708 1854 4743 u
1874 4706 1902 4741 c
1918 4689 1957 4743 h
1977 4690 2013 4742 b
2034 4705 2062 4743 e
2080 4707 2106 4741 r
2122 4708 2160 4760 g
2177 4706 2205 4743 e
2224 4707 2281 4742 r:
2332 4686 2435 4740 Die
2463 4686 2828 4755 Wirkungen
2868 4685 2965 4737 des

343 4769 866 4823 Busssacramentes
894 4770 1040 4823 nach
1068 4770 1168 4823 der
1193 4770 1373 4823 Lehre
1400 4770 1497 4823 des
1524 4771 1581 4823 h.
1609 4770 1854 4825 Thomas
1882 4787 1932 4822 v,
1961 4772 2046 4835 A„
2075 4769 2352 4838 Freiburg
2386 4774 2536 4824 1901.
