<?xml version="1.0" encoding="UTF-8"?>
<!DOCTYPE html PUBLIC "-//W3C//DTD XHTML 1.0 Transitional//EN"
    "http://www.w3.org/TR/xhtml1/DTD/xhtml1-transitional.dtd">
<html xmlns="http://www.w3.org/1999/xhtml" xml:lang="en" lang="en">
 <head>
  <title>
</title>
<meta http-equiv="Content-Type" content="text/html;charset=utf-8" />
  <meta name='ocr-system' content='tesseract 3.04.00' />
  <meta name='ocr-capabilities' content='ocr_page ocr_carea ocr_par ocr_line ocrx_word'/>
</head>
<body>
  <div class='ocr_page' id='page_1' title='image "./theologiaedogma00hurtgoog_0314.png"; bbox 0 0 3538 5364; ppageno 0'>
   <div class='ocr_carea' id='block_1_1' title="bbox 499 265 2357 339">
    <p class='ocr_par' dir='ltr' id='par_1_1' title="bbox 499 265 2357 339">
     <span class='ocr_line' id='line_1_1' title="bbox 499 265 2357 339; baseline 0.004 -25"><span class='ocrx_word' id='word_1_1' title='bbox 499 278 632 339; x_wconf 75' lang='lat'>302</span> <span class='ocrx_word' id='word_1_2' title='bbox 1277 267 1466 321; x_wconf 83' lang='lat' dir='ltr'>Tracl.</span> <span class='ocrx_word' id='word_1_3' title='bbox 1496 266 1587 319; x_wconf 86' lang='lat' dir='ltr'>IX.</span> <span class='ocrx_word' id='word_1_4' title='bbox 1616 266 1684 320; x_wconf 90' lang='lat' dir='ltr'>de</span> <span class='ocrx_word' id='word_1_5' title='bbox 1712 265 2075 320; x_wconf 70' lang='lat' dir='ltr'><strong>eucharistia.</strong></span> <span class='ocrx_word' id='word_1_6' title='bbox 2103 266 2357 321; x_wconf 78' lang='lat' dir='ltr'>Solvitur</span> 
     </span>
    </p>
   </div>
   <div class='ocr_carea' id='block_1_2' title="bbox 493 450 3123 1682">
    <p class='ocr_par' dir='ltr' id='par_1_2' title="bbox 493 450 3123 1682">
     <span class='ocr_line' id='line_1_2' title="bbox 502 450 3123 534; baseline 0 -23"><span class='ocrx_word' id='word_1_7' title='bbox 502 456 575 514; x_wconf 87' lang='lat' dir='ltr'>lis</span> <span class='ocrx_word' id='word_1_8' title='bbox 620 456 778 514; x_wconf 91' lang='lat' dir='ltr'>enim</span> <span class='ocrx_word' id='word_1_9' title='bbox 826 456 997 514; x_wconf 82' lang='lat' dir='ltr'>homo</span> <span class='ocrx_word' id='word_1_10' title='bbox 1042 473 1163 513; x_wconf 91' lang='lat' dir='ltr'>non</span> <span class='ocrx_word' id='word_1_11' title='bbox 1207 454 1465 529; x_wconf 81' lang='lat' dir='ltr'>percipit</span> <span class='ocrx_word' id='word_1_12' title='bbox 1507 473 1592 522; x_wconf 89' lang='lat' dir='ltr'>ea,</span> <span class='ocrx_word' id='word_1_13' title='bbox 1639 473 1791 529; x_wconf 87' lang='lat' dir='ltr'>quae</span> <span class='ocrx_word' id='word_1_14' title='bbox 1837 458 1981 514; x_wconf 90' lang='lat' dir='ltr'>sunt</span> <span class='ocrx_word' id='word_1_15' title='bbox 2022 454 2279 532; x_wconf 82' lang='lat' dir='ltr'>Spiritus</span> <span class='ocrx_word' id='word_1_16' title='bbox 2312 454 2419 514; x_wconf 90' lang='lat' dir='ltr'>Dei</span> <span class='ocrx_word' id='word_1_17' title='bbox 2453 450 2536 534; x_wconf 89' lang='lat'>(1.</span> <span class='ocrx_word' id='word_1_18' title='bbox 2572 453 2696 512; x_wconf 86' lang='lat' dir='ltr'>Cor.</span> <span class='ocrx_word' id='word_1_19' title='bbox 2733 462 2791 531; x_wconf 84' lang='lat'>2,</span> <span class='ocrx_word' id='word_1_20' title='bbox 2835 450 2970 534; x_wconf 86' lang='lat'>14);</span> <span class='ocrx_word' id='word_1_21' title='bbox 3018 454 3123 513; x_wconf 85' lang='lat' dir='ltr'>sed</span> 
     </span>
     <span class='ocr_line' id='line_1_3' title="bbox 502 542 3121 620; baseline 0 -19"><span class='ocrx_word' id='word_1_22' title='bbox 502 544 898 620; x_wconf 81' lang='lat' dir='ltr'>spiritualiter</span> <span class='ocrx_word' id='word_1_23' title='bbox 929 543 966 602; x_wconf 91' lang='lat' dir='ltr'>i.</span> <span class='ocrx_word' id='word_1_24' title='bbox 998 561 1047 605; x_wconf 89' lang='lat' dir='ltr'>e.</span> <span class='ocrx_word' id='word_1_25' title='bbox 1081 561 1128 607; x_wconf 84' lang='lat' dir='ltr'>s.</span> <span class='ocrx_word' id='word_1_26' title='bbox 1161 542 1424 617; x_wconf 77' lang='lat' dir='ltr'>Spiritus</span> <span class='ocrx_word' id='word_1_27' title='bbox 1455 543 1864 602; x_wconf 80' lang='lat' dir='ltr'>illustratione</span> <span class='ocrx_word' id='word_1_28' title='bbox 1896 563 2044 619; x_wconf 84' lang='lat' dir='ltr'>opus</span> <span class='ocrx_word' id='word_1_29' title='bbox 2075 561 2203 602; x_wconf 89' lang='lat' dir='ltr'>esse</span> <span class='ocrx_word' id='word_1_30' title='bbox 2234 543 2308 601; x_wconf 88' lang='lat' dir='ltr'>ad</span> <span class='ocrx_word' id='word_1_31' title='bbox 2353 562 2422 601; x_wconf 88' lang='lat' dir='ltr'>ea</span> <span class='ocrx_word' id='word_1_32' title='bbox 2463 542 2848 619; x_wconf 88' lang='lat' dir='ltr'>percipienda</span> <span class='ocrx_word' id='word_1_33' title='bbox 2890 544 2952 601; x_wconf 88' lang='lat' dir='ltr'>et</span> <span class='ocrx_word' id='word_1_34' title='bbox 2997 561 3121 601; x_wconf 88' lang='lat' dir='ltr'>cre—</span> 
     </span>
     <span class='ocr_line' id='line_1_4' title="bbox 493 631 3121 708; baseline -0 -17"><span class='ocrx_word' id='word_1_35' title='bbox 493 633 706 703; x_wconf 82' lang='lat' dir='ltr'>denda,</span> <span class='ocrx_word' id='word_1_36' title='bbox 754 651 818 691; x_wconf 92' lang='lat' dir='ltr'>ac</span> <span class='ocrx_word' id='word_1_37' title='bbox 854 632 1093 691; x_wconf 89' lang='lat' dir='ltr'>nonnisi</span> <span class='ocrx_word' id='word_1_38' title='bbox 1125 631 1239 690; x_wconf 90' lang='lat' dir='ltr'>fide</span> <span class='ocrx_word' id='word_1_39' title='bbox 1269 632 1639 708; x_wconf 88' lang='lat' dir='ltr'>apprehensa</span> <span class='ocrx_word' id='word_1_40' title='bbox 1669 651 1737 691; x_wconf 91' lang='lat' dir='ltr'>ea</span> <span class='ocrx_word' id='word_1_41' title='bbox 1765 650 1896 693; x_wconf 88' lang='lat' dir='ltr'>esse</span> <span class='ocrx_word' id='word_1_42' title='bbox 1928 632 2241 702; x_wconf 89' lang='lat' dir='ltr'>salutaria;</span> <span class='ocrx_word' id='word_1_43' title='bbox 2290 651 2408 707; x_wconf 89' lang='lat' dir='ltr'>quo</span> <span class='ocrx_word' id='word_1_44' title='bbox 2454 650 2632 691; x_wconf 89' lang='lat' dir='ltr'>sensu</span> <span class='ocrx_word' id='word_1_45' title='bbox 2664 631 2937 692; x_wconf 83' lang='lat' dir='ltr'>Christus</span> <span class='ocrx_word' id='word_1_46' title='bbox 2969 633 3121 691; x_wconf 85' lang='lat' dir='ltr'>dixit</span> 
     </span>
     <span class='ocr_line' id='line_1_5' title="bbox 500 721 3120 798; baseline -0 -18"><span class='ocrx_word' id='word_1_47' title='bbox 500 724 677 781; x_wconf 89' lang='lat' dir='ltr'>Petro</span> <span class='ocrx_word' id='word_1_48' title='bbox 709 722 918 781; x_wconf 86' lang='lat' dir='ltr'>Matth.</span> <span class='ocrx_word' id='word_1_49' title='bbox 960 732 1056 791; x_wconf 85' lang='lat'>16,</span> <span class='ocrx_word' id='word_1_50' title='bbox 1098 730 1207 785; x_wconf 83' lang='lat'>17:</span> <span class='ocrx_word' id='word_1_51' title='bbox 1243 721 1395 779; x_wconf 80' lang='lat' dir='ltr'>Caro</span> <span class='ocrx_word' id='word_1_52' title='bbox 1426 729 1477 779; x_wconf 82' lang='lat' dir='ltr'>et</span> <span class='ocrx_word' id='word_1_53' title='bbox 1508 724 1750 798; x_wconf 76' lang='lat' dir='ltr'>sanquis</span> <span class='ocrx_word' id='word_1_54' title='bbox 1781 741 1897 780; x_wconf 82' lang='lat' dir='ltr'>non</span> <span class='ocrx_word' id='word_1_55' title='bbox 1927 724 2197 782; x_wconf 81' lang='lat' dir='ltr'>revelavit</span> <span class='ocrx_word' id='word_1_56' title='bbox 2222 723 2345 796; x_wconf 79' lang='lat' dir='ltr'>tibi,</span> <span class='ocrx_word' id='word_1_57' title='bbox 2376 723 2477 780; x_wconf 84' lang='lat' dir='ltr'>sed</span> <span class='ocrx_word' id='word_1_58' title='bbox 2509 722 2685 779; x_wconf 78' lang='lat' dir='ltr'>Pater</span> <span class='ocrx_word' id='word_1_59' title='bbox 2714 740 2896 798; x_wconf 83' lang='lat' dir='ltr'>meus,</span> <span class='ocrx_word' id='word_1_60' title='bbox 2930 723 3030 798; x_wconf 81' lang='lat' dir='ltr'>qui</span> <span class='ocrx_word' id='word_1_61' title='bbox 3057 723 3120 779; x_wconf 83' lang='lat' dir='ltr'>in</span> 
     </span>
     <span class='ocr_line' id='line_1_6' title="bbox 493 809 3120 888; baseline 0 -19"><span class='ocrx_word' id='word_1_62' title='bbox 493 813 662 870; x_wconf 79' lang='lat' dir='ltr'>coelis</span> <span class='ocrx_word' id='word_1_63' title='bbox 704 819 799 873; x_wconf 77' lang='lat' dir='ltr'>est.</span> <span class='ocrx_word' id='word_1_64' title='bbox 847 845 934 854; x_wconf 94' lang='lat'>—</span> <span class='ocrx_word' id='word_1_65' title='bbox 979 809 1135 868; x_wconf 87' lang='lat' dir='ltr'>Aliis</span> <span class='ocrx_word' id='word_1_66' title='bbox 1181 810 1421 869; x_wconf 83' lang='lat' dir='ltr'>videtur</span> <span class='ocrx_word' id='word_1_67' title='bbox 1464 809 1729 869; x_wconf 87' lang='lat' dir='ltr'>Christus</span> <span class='ocrx_word' id='word_1_68' title='bbox 1776 810 2127 888; x_wconf 81' lang='lat' dir='ltr'>significare,</span> <span class='ocrx_word' id='word_1_69' title='bbox 2175 830 2410 870; x_wconf 88' lang='lat' dir='ltr'>carnem</span> <span class='ocrx_word' id='word_1_70' title='bbox 2455 829 2625 870; x_wconf 91' lang='lat' dir='ltr'>suam</span> <span class='ocrx_word' id='word_1_71' title='bbox 2670 828 2775 885; x_wconf 90' lang='lat' dir='ltr'>per</span> <span class='ocrx_word' id='word_1_72' title='bbox 2819 829 2884 869; x_wconf 89' lang='lat' dir='ltr'>se</span> <span class='ocrx_word' id='word_1_73' title='bbox 2929 810 3120 886; x_wconf 82' lang='lat' dir='ltr'>ipsam</span> 
     </span>
     <span class='ocr_line' id='line_1_7' title="bbox 499 898 3119 977; baseline -0.001 -18"><span class='ocrx_word' id='word_1_74' title='bbox 499 919 618 960; x_wconf 90' lang='lat' dir='ltr'>non</span> <span class='ocrx_word' id='word_1_75' title='bbox 651 900 979 967; x_wconf 77' lang='lat' dir='ltr'>vivificare3</span> <span class='ocrx_word' id='word_1_76' title='bbox 1026 900 1175 958; x_wconf 88' lang='lat' dir='ltr'>hanc</span> <span class='ocrx_word' id='word_1_77' title='bbox 1207 900 1675 976; x_wconf 85' lang='lat' dir='ltr'>praerogativam</span> <span class='ocrx_word' id='word_1_78' title='bbox 1709 901 1763 959; x_wconf 92' lang='lat' dir='ltr'>ei</span> <span class='ocrx_word' id='word_1_79' title='bbox 1798 919 1918 959; x_wconf 90' lang='lat' dir='ltr'>non</span> <span class='ocrx_word' id='word_1_80' title='bbox 1955 903 2289 977; x_wconf 81' lang='lat' dir='ltr'>competere</span> <span class='ocrx_word' id='word_1_81' title='bbox 2319 900 2440 959; x_wconf 90' lang='lat' dir='ltr'>nisi</span> <span class='ocrx_word' id='word_1_82' title='bbox 2470 900 2700 958; x_wconf 89' lang='lat' dir='ltr'>ratione</span> <span class='ocrx_word' id='word_1_83' title='bbox 2732 898 2982 975; x_wconf 89' lang='lat' dir='ltr'>spiritus</span> <span class='ocrx_word' id='word_1_84' title='bbox 3013 918 3119 958; x_wconf 88' lang='lat' dir='ltr'>seu</span> 
     </span>
     <span class='ocr_line' id='line_1_8' title="bbox 495 985 3121 1072; baseline -0 -25"><span class='ocrx_word' id='word_1_85' title='bbox 495 989 854 1059; x_wconf 81' lang='lat' dir='ltr'>divinitatis,</span> <span class='ocrx_word' id='word_1_86' title='bbox 889 990 984 1048; x_wconf 89' lang='lat' dir='ltr'>cui</span> <span class='ocrx_word' id='word_1_87' title='bbox 1018 988 1386 1065; x_wconf 79' lang='lat' dir='ltr'>hypostatice</span> <span class='ocrx_word' id='word_1_88' title='bbox 1417 992 1509 1047; x_wconf 89' lang='lat' dir='ltr'>est</span> <span class='ocrx_word' id='word_1_89' title='bbox 1540 989 1711 1048; x_wconf 82' lang='lat' dir='ltr'>unita</span> <span class='ocrx_word' id='word_1_90' title='bbox 1744 985 1984 1072; x_wconf 74' lang='lat'>(355⁴).</span> <span class='ocrx_word' id='word_1_91' title='bbox 2014 1024 2100 1033; x_wconf 89' lang='lat'>—-</span> <span class='ocrx_word' id='word_1_92' title='bbox 2134 988 2304 1060; x_wconf 84' lang='lat' dir='ltr'>Quod</span> <span class='ocrx_word' id='word_1_93' title='bbox 2342 990 2395 1048; x_wconf 87' lang='lat' dir='ltr'>si</span> <span class='ocrx_word' id='word_1_94' title='bbox 2440 988 2766 1066; x_wconf 88' lang='lat' dir='ltr'>quaeritur,</span> <span class='ocrx_word' id='word_1_95' title='bbox 2813 1005 2932 1064; x_wconf 90' lang='lat' dir='ltr'>quo</span> <span class='ocrx_word' id='word_1_96' title='bbox 2963 1007 3121 1047; x_wconf 82' lang='lat' dir='ltr'>nexu</span> 
     </span>
     <span class='ocr_line' id='line_1_9' title="bbox 498 1077 3119 1155; baseline -0.001 -18"><span class='ocrx_word' id='word_1_97' title='bbox 498 1098 632 1137; x_wconf 90' lang='lat' dir='ltr'>cum</span> <span class='ocrx_word' id='word_1_98' title='bbox 677 1078 1168 1155; x_wconf 77' lang='lat' dir='ltr'>praecedentibus</span> <span class='ocrx_word' id='word_1_99' title='bbox 1215 1078 1563 1137; x_wconf 80' lang='lat' dir='ltr'>cohaereant</span> <span class='ocrx_word' id='word_1_100' title='bbox 1596 1077 1775 1137; x_wconf 84' lang='lat' dir='ltr'>verba</span> <span class='ocrx_word' id='word_1_101' title='bbox 1807 1078 2024 1138; x_wconf 85' lang='lat' dir='ltr'>Christi</span> <span class='ocrx_word' id='word_1_102' title='bbox 2057 1098 2109 1142; x_wconf 79' lang='lat' dir='ltr'>v,</span> <span class='ocrx_word' id='word_1_103' title='bbox 2146 1090 2261 1142; x_wconf 86' lang='lat'>63:</span> <span class='ocrx_word' id='word_1_104' title='bbox 2311 1080 2378 1137; x_wconf 88' lang='lat' dir='ltr'>Si</span> <span class='ocrx_word' id='word_1_105' title='bbox 2420 1097 2552 1155; x_wconf 77' lang='lat' dir='ltr'>erqo</span> <span class='ocrx_word' id='word_1_106' title='bbox 2596 1078 2855 1136; x_wconf 79' lang='lat' dir='ltr'>videritis</span> <span class='ocrx_word' id='word_1_107' title='bbox 2900 1077 3119 1136; x_wconf 81' lang='lat' dir='ltr'>Filium</span> 
     </span>
     <span class='ocr_line' id='line_1_10' title="bbox 493 1166 3115 1244; baseline -0 -19"><span class='ocrx_word' id='word_1_108' title='bbox 493 1170 743 1228; x_wconf 73' lang='lat' dir='ltr'>hominis</span> <span class='ocrx_word' id='word_1_109' title='bbox 773 1169 1161 1226; x_wconf 79' lang='lat' dir='ltr'>ascendentem</span> <span class='ocrx_word' id='word_1_110' title='bbox 1193 1167 1291 1225; x_wconf 83' lang='lat' dir='ltr'>ubi</span> <span class='ocrx_word' id='word_1_111' title='bbox 1320 1174 1446 1225; x_wconf 77' lang='lat' dir='ltr'>erat</span> <span class='ocrx_word' id='word_1_112' title='bbox 1467 1167 1695 1242; x_wconf 75' lang='lat' dir='ltr'>prius?</span> <span class='ocrx_word' id='word_1_113' title='bbox 1739 1166 1963 1244; x_wconf 86' lang='lat' dir='ltr'>duplici</span> <span class='ocrx_word' id='word_1_114' title='bbox 2010 1167 2181 1227; x_wconf 89' lang='lat' dir='ltr'>modo</span> <span class='ocrx_word' id='word_1_115' title='bbox 2227 1168 2278 1227; x_wconf 90' lang='lat' dir='ltr'>is</span> <span class='ocrx_word' id='word_1_116' title='bbox 2323 1185 2510 1227; x_wconf 90' lang='lat' dir='ltr'>nexus</span> <span class='ocrx_word' id='word_1_117' title='bbox 2555 1166 2833 1242; x_wconf 89' lang='lat' dir='ltr'>explicari</span> <span class='ocrx_word' id='word_1_118' title='bbox 2863 1167 3115 1243; x_wconf 88' lang='lat' dir='ltr'>poterit:</span> 
     </span>
     <span class='ocr_line' id='line_1_11' title="bbox 499 1256 3117 1334; baseline -0 -19"><span class='ocrx_word' id='word_1_119' title='bbox 499 1258 594 1316; x_wconf 92' lang='lat' dir='ltr'>vel</span> <span class='ocrx_word' id='word_1_120' title='bbox 639 1258 741 1328; x_wconf 89' lang='lat' dir='ltr'>ita,</span> <span class='ocrx_word' id='word_1_121' title='bbox 789 1260 853 1316; x_wconf 92' lang='lat' dir='ltr'>ut</span> <span class='ocrx_word' id='word_1_122' title='bbox 903 1256 1176 1316; x_wconf 87' lang='lat' dir='ltr'>Christus</span> <span class='ocrx_word' id='word_1_123' title='bbox 1208 1258 1615 1331; x_wconf 82' lang='lat' dir='ltr'>provocaverit</span> <span class='ocrx_word' id='word_1_124' title='bbox 1645 1257 1720 1314; x_wconf 89' lang='lat' dir='ltr'>ad</span> <span class='ocrx_word' id='word_1_125' title='bbox 1749 1256 2069 1334; x_wconf 81' lang='lat' dir='ltr'>gloriosam</span> <span class='ocrx_word' id='word_1_126' title='bbox 2102 1276 2270 1317; x_wconf 89' lang='lat' dir='ltr'>suam</span> <span class='ocrx_word' id='word_1_127' title='bbox 2303 1257 2724 1326; x_wconf 86' lang='lat' dir='ltr'>ascensionem,</span> <span class='ocrx_word' id='word_1_128' title='bbox 2772 1274 2891 1330; x_wconf 91' lang='lat' dir='ltr'>quo</span> <span class='ocrx_word' id='word_1_129' title='bbox 2932 1256 3117 1315; x_wconf 90' lang='lat' dir='ltr'>credi-</span> 
     </span>
     <span class='ocr_line' id='line_1_12' title="bbox 498 1336 3116 1424; baseline 0 -21"><span class='ocrx_word' id='word_1_130' title='bbox 498 1347 620 1405; x_wconf 83' lang='lat' dir='ltr'>bile</span> <span class='ocrx_word' id='word_1_131' title='bbox 650 1346 924 1405; x_wconf 88' lang='lat' dir='ltr'>redderet</span> <span class='ocrx_word' id='word_1_132' title='bbox 954 1348 1190 1405; x_wconf 91' lang='lat' dir='ltr'>tantum</span> <span class='ocrx_word' id='word_1_133' title='bbox 1223 1346 1609 1421; x_wconf 83' lang='lat' dir='ltr'>mysterium3</span> <span class='ocrx_word' id='word_1_134' title='bbox 1656 1346 1752 1404; x_wconf 82' lang='lat' dir='ltr'>vel</span> <span class='ocrx_word' id='word_1_135' title='bbox 1796 1365 1866 1404; x_wconf 89' lang='lat' dir='ltr'>ea</span> <span class='ocrx_word' id='word_1_136' title='bbox 1896 1345 2066 1418; x_wconf 81' lang='lat' dir='ltr'>dixit,</span> <span class='ocrx_word' id='word_1_137' title='bbox 2113 1352 2184 1405; x_wconf 89' lang='lat' dir='ltr'>ut</span> <span class='ocrx_word' id='word_1_138' title='bbox 2215 1350 2461 1424; x_wconf 86' lang='lat' dir='ltr'>augeret</span> <span class='ocrx_word' id='word_1_139' title='bbox 2492 1345 2765 1421; x_wconf 82' lang='lat' dir='ltr'>mysterii</span> <span class='ocrx_word' id='word_1_140' title='bbox 2795 1336 3116 1404; x_wconf 83' lang='lat' dir='ltr'>difficulta-</span> 
     </span>
     <span class='ocr_line' id='line_1_13' title="bbox 493 1434 3117 1511; baseline -0 -17"><span class='ocrx_word' id='word_1_141' title='bbox 493 1439 637 1508; x_wconf 88' lang='lat' dir='ltr'>tem,</span> <span class='ocrx_word' id='word_1_142' title='bbox 670 1436 840 1511; x_wconf 89' lang='lat' dir='ltr'>quasi</span> <span class='ocrx_word' id='word_1_143' title='bbox 872 1435 1125 1494; x_wconf 89' lang='lat' dir='ltr'>diceret:</span> <span class='ocrx_word' id='word_1_144' title='bbox 1172 1435 1298 1493; x_wconf 87' lang='lat' dir='ltr'>Hoc</span> <span class='ocrx_word' id='word_1_145' title='bbox 1328 1434 1489 1509; x_wconf 90' lang='lat' dir='ltr'>quod</span> <span class='ocrx_word' id='word_1_146' title='bbox 1519 1434 1757 1493; x_wconf 86' lang='lat' dir='ltr'>locutus</span> <span class='ocrx_word' id='word_1_147' title='bbox 1792 1454 1927 1494; x_wconf 89' lang='lat' dir='ltr'>sum</span> <span class='ocrx_word' id='word_1_148' title='bbox 1956 1454 2064 1496; x_wconf 84' lang='lat' dir='ltr'>vos</span> <span class='ocrx_word' id='word_1_149' title='bbox 2097 1436 2468 1504; x_wconf 87' lang='lat' dir='ltr'>scandalizat,</span> <span class='ocrx_word' id='word_1_150' title='bbox 2515 1453 2649 1495; x_wconf 89' lang='lat' dir='ltr'>cum</span> <span class='ocrx_word' id='word_1_151' title='bbox 2692 1434 2883 1493; x_wconf 89' lang='lat' dir='ltr'>adhuc</span> <span class='ocrx_word' id='word_1_152' title='bbox 2914 1434 3117 1493; x_wconf 84' lang='lat' dir='ltr'>vobis-</span> 
     </span>
     <span class='ocr_line' id='line_1_14' title="bbox 494 1522 3117 1601; baseline -0.001 -18"><span class='ocrx_word' id='word_1_153' title='bbox 494 1542 630 1583; x_wconf 87' lang='lat' dir='ltr'>cum</span> <span class='ocrx_word' id='word_1_154' title='bbox 665 1542 816 1594; x_wconf 92' lang='lat' dir='ltr'>sum,</span> <span class='ocrx_word' id='word_1_155' title='bbox 850 1527 911 1582; x_wconf 92' lang='lat' dir='ltr'>et</span> <span class='ocrx_word' id='word_1_156' title='bbox 940 1523 1177 1582; x_wconf 89' lang='lat' dir='ltr'>facilius</span> <span class='ocrx_word' id='word_1_157' title='bbox 1209 1523 1470 1601; x_wconf 83' lang='lat' dir='ltr'>intelligi</span> <span class='ocrx_word' id='word_1_158' title='bbox 1504 1523 1712 1599; x_wconf 88' lang='lat' dir='ltr'>possit,</span> <span class='ocrx_word' id='word_1_159' title='bbox 1747 1526 2042 1599; x_wconf 91' lang='lat' dir='ltr'>quomodo</span> <span class='ocrx_word' id='word_1_160' title='bbox 2062 1544 2344 1601; x_wconf 85' lang='lat' dir='ltr'>praesens</span> <span class='ocrx_word' id='word_1_161' title='bbox 2367 1523 2783 1601; x_wconf 85' lang='lat' dir='ltr'>praesentibus</span> <span class='ocrx_word' id='word_1_162' title='bbox 2815 1522 2918 1582; x_wconf 91' lang='lat' dir='ltr'>det</span> <span class='ocrx_word' id='word_1_163' title='bbox 2947 1542 3117 1582; x_wconf 88' lang='lat' dir='ltr'>suam</span> 
     </span>
     <span class='ocr_line' id='line_1_15' title="bbox 493 1612 2706 1682; baseline -0.001 -10"><span class='ocrx_word' id='word_1_164' title='bbox 493 1616 774 1672; x_wconf 82' lang='lat' dir='ltr'>carnem?</span> <span class='ocrx_word' id='word_1_165' title='bbox 838 1612 995 1682; x_wconf 87' lang='lat' dir='ltr'>Quid</span> <span class='ocrx_word' id='word_1_166' title='bbox 1027 1613 1254 1682; x_wconf 82' lang='lat' dir='ltr'>dicetiS,</span> <span class='ocrx_word' id='word_1_167' title='bbox 1289 1630 1422 1671; x_wconf 90' lang='lat' dir='ltr'>cum</span> <span class='ocrx_word' id='word_1_168' title='bbox 1457 1632 1550 1671; x_wconf 92' lang='lat' dir='ltr'>me</span> <span class='ocrx_word' id='word_1_169' title='bbox 1580 1612 1861 1672; x_wconf 79' lang='lat' dir='ltr'>videbitis</span> <span class='ocrx_word' id='word_1_170' title='bbox 1894 1615 2308 1674; x_wconf 86' lang='lat' dir='ltr'>ascendentem</span> <span class='ocrx_word' id='word_1_171' title='bbox 2340 1615 2405 1672; x_wconf 91' lang='lat' dir='ltr'>in</span> <span class='ocrx_word' id='word_1_172' title='bbox 2436 1614 2706 1674; x_wconf 76' lang='lat' dir='ltr'>coelum?</span> 
     </span>
    </p>
   </div>
   <div class='ocr_carea' id='block_1_3' title="bbox 491 1737 3115 2529">
    <p class='ocr_par' dir='ltr' id='par_1_3' title="bbox 491 1737 3115 2529">
     <span class='ocr_line' id='line_1_16' title="bbox 678 1737 3106 1813; baseline -0.004 -11"><span class='ocrx_word' id='word_1_173' title='bbox 678 1748 822 1801; x_wconf 83' lang='lat'><strong>337.</strong></span> <span class='ocrx_word' id='word_1_174' title='bbox 856 1738 1192 1813; x_wconf 81' lang='lat' dir='ltr'>Difficultas</span> <span class='ocrx_word' id='word_1_175' title='bbox 1221 1755 1290 1795; x_wconf 78' lang='lat' dir='ltr'>ex</span> <span class='ocrx_word' id='word_1_176' title='bbox 1322 1737 1662 1813; x_wconf 73' lang='lat' dir='ltr'>Auyustim.</span> <span class='ocrx_word' id='word_1_177' title='bbox 1696 1772 1782 1782; x_wconf 90' lang='lat'>—</span> <span class='ocrx_word' id='word_1_178' title='bbox 1814 1738 2061 1799; x_wconf 83' lang='lat' dir='ltr'>Gravior</span> <span class='ocrx_word' id='word_1_179' title='bbox 2090 1742 2179 1798; x_wconf 84' lang='lat' dir='ltr'>est</span> <span class='ocrx_word' id='word_1_180' title='bbox 2210 1739 2548 1809; x_wconf 75' lang='lat' dir='ltr'>difficultas,</span> <span class='ocrx_word' id='word_1_181' title='bbox 2596 1756 2747 1813; x_wconf 91' lang='lat' dir='ltr'>quae</span> <span class='ocrx_word' id='word_1_182' title='bbox 2778 1737 3008 1812; x_wconf 90' lang='lat' dir='ltr'>petitur</span> <span class='ocrx_word' id='word_1_183' title='bbox 3037 1754 3106 1793; x_wconf 88' lang='lat' dir='ltr'>ex</span> 
     </span>
     <span class='ocr_line' id='line_1_17' title="bbox 495 1825 3114 1904; baseline -0.001 -19"><span class='ocrx_word' id='word_1_184' title='bbox 495 1827 692 1885; x_wconf 88' lang='lat' dir='ltr'>verbis</span> <span class='ocrx_word' id='word_1_185' title='bbox 714 1846 759 1888; x_wconf 94' lang='lat' dir='ltr'>s.</span> <span class='ocrx_word' id='word_1_186' title='bbox 780 1825 1206 1904; x_wconf 82' lang='lat' dir='ltr'>Augustini,</span> <span class='ocrx_word' id='word_1_187' title='bbox 1239 1825 1343 1900; x_wconf 90' lang='lat' dir='ltr'>qui</span> <span class='ocrx_word' id='word_1_188' title='bbox 1372 1825 1675 1903; x_wconf 86' lang='lat' dir='ltr'>legitimae</span> <span class='ocrx_word' id='word_1_189' title='bbox 1694 1827 2205 1904; x_wconf 79' lang='lat' dir='ltr'>interpretationis</span> <span class='ocrx_word' id='word_1_190' title='bbox 2226 1828 2467 1888; x_wconf 87' lang='lat' dir='ltr'>tradens</span> <span class='ocrx_word' id='word_1_191' title='bbox 2488 1829 2802 1904; x_wconf 88' lang='lat' dir='ltr'>praecepta</span> <span class='ocrx_word' id='word_1_192' title='bbox 2830 1825 2902 1884; x_wconf 93' lang='lat' dir='ltr'>de</span> <span class='ocrx_word' id='word_1_193' title='bbox 2932 1825 3114 1884; x_wconf 88' lang='lat' dir='ltr'>doctr.</span> 
     </span>
     <span class='ocr_line' id='line_1_18' title="bbox 491 1913 3113 1995; baseline -0.002 -20"><span class='ocrx_word' id='word_1_194' title='bbox 491 1917 696 1978; x_wconf 84' lang='lat' dir='ltr'>christ.</span> <span class='ocrx_word' id='word_1_195' title='bbox 727 1916 829 1987; x_wconf 93' lang='lat' dir='ltr'>III,</span> <span class='ocrx_word' id='word_1_196' title='bbox 874 1928 940 1979; x_wconf 92' lang='lat'>11</span> <span class='ocrx_word' id='word_1_197' title='bbox 983 1913 1221 1974; x_wconf 88' lang='lat' dir='ltr'>scribit:</span> <span class='ocrx_word' id='word_1_198' title='bbox 1273 1915 1376 1983; x_wconf 77' lang='lat' dir='ltr'>,Si</span> <span class='ocrx_word' id='word_1_199' title='bbox 1421 1917 1798 1991; x_wconf 84' lang='lat' dir='ltr'>praeceptiva</span> <span class='ocrx_word' id='word_1_200' title='bbox 1841 1919 1934 1977; x_wconf 90' lang='lat' dir='ltr'>est</span> <span class='ocrx_word' id='word_1_201' title='bbox 1978 1919 2198 1978; x_wconf 90' lang='lat' dir='ltr'>locutio</span> <span class='ocrx_word' id='word_1_202' title='bbox 2244 1920 2349 1977; x_wconf 89' lang='lat' dir='ltr'>aut</span> <span class='ocrx_word' id='word_1_203' title='bbox 2392 1916 2690 1995; x_wconf 88' lang='lat' dir='ltr'>flagitium</span> <span class='ocrx_word' id='word_1_204' title='bbox 2735 1918 2841 1973; x_wconf 91' lang='lat' dir='ltr'>aut</span> <span class='ocrx_word' id='word_1_205' title='bbox 2884 1914 3113 1972; x_wconf 88' lang='lat' dir='ltr'>facinus</span> 
     </span>
     <span class='ocr_line' id='line_1_19' title="bbox 497 2004 3115 2085; baseline -0.001 -22"><span class='ocrx_word' id='word_1_206' title='bbox 497 2009 717 2077; x_wconf 69' lang='lat' dir='ltr'>vetans,</span> <span class='ocrx_word' id='word_1_207' title='bbox 752 2008 856 2063; x_wconf 85' lang='lat' dir='ltr'>aut</span> <span class='ocrx_word' id='word_1_208' title='bbox 886 2004 1356 2064; x_wconf 85' lang='lat' dir='ltr'>beneficientiam</span> <span class='ocrx_word' id='word_1_209' title='bbox 1380 2004 1617 2079; x_wconf 88' lang='lat' dir='ltr'>jubens,</span> <span class='ocrx_word' id='word_1_210' title='bbox 1662 2025 1785 2065; x_wconf 91' lang='lat' dir='ltr'>non</span> <span class='ocrx_word' id='word_1_211' title='bbox 1830 2010 1923 2066; x_wconf 90' lang='lat' dir='ltr'>est</span> <span class='ocrx_word' id='word_1_212' title='bbox 1966 2008 2238 2085; x_wconf 82' lang='lat' dir='ltr'>figurata.</span> <span class='ocrx_word' id='word_1_213' title='bbox 2300 2006 2361 2066; x_wconf 90' lang='lat' dir='ltr'>Si</span> <span class='ocrx_word' id='word_1_214' title='bbox 2411 2010 2612 2065; x_wconf 90' lang='lat' dir='ltr'>autem</span> <span class='ocrx_word' id='word_1_215' title='bbox 2664 2004 2957 2081; x_wconf 83' lang='lat' dir='ltr'>flagitium</span> <span class='ocrx_word' id='word_1_216' title='bbox 3009 2006 3115 2062; x_wconf 84' lang='lat' dir='ltr'>aut</span> 
     </span>
     <span class='ocr_line' id='line_1_20' title="bbox 491 2092 3112 2171; baseline 0.002 -20"><span class='ocrx_word' id='word_1_217' title='bbox 491 2094 726 2153; x_wconf 84' lang='lat' dir='ltr'>facinus</span> <span class='ocrx_word' id='word_1_218' title='bbox 758 2094 998 2153; x_wconf 88' lang='lat' dir='ltr'>videtur</span> <span class='ocrx_word' id='word_1_219' title='bbox 1019 2092 1249 2169; x_wconf 90' lang='lat' dir='ltr'>jubere,</span> <span class='ocrx_word' id='word_1_220' title='bbox 1296 2096 1403 2151; x_wconf 90' lang='lat' dir='ltr'>aut</span> <span class='ocrx_word' id='word_1_221' title='bbox 1447 2094 1775 2154; x_wconf 83' lang='lat' dir='ltr'>utilitatem</span> <span class='ocrx_word' id='word_1_222' title='bbox 1807 2100 1915 2155; x_wconf 90' lang='lat' dir='ltr'>aut</span> <span class='ocrx_word' id='word_1_223' title='bbox 1942 2096 2413 2157; x_wconf 90' lang='lat' dir='ltr'>beneficientiam</span> <span class='ocrx_word' id='word_1_224' title='bbox 2445 2099 2663 2165; x_wconf 82' lang='lat' dir='ltr'>vetare,</span> <span class='ocrx_word' id='word_1_225' title='bbox 2710 2093 2965 2171; x_wconf 87' lang='lat' dir='ltr'>figurata</span> <span class='ocrx_word' id='word_1_226' title='bbox 3007 2096 3112 2155; x_wconf 86' lang='lat' dir='ltr'>est.</span> 
     </span>
     <span class='ocr_line' id='line_1_21' title="bbox 501 2182 3113 2260; baseline -0 -20"><span class='ocrx_word' id='word_1_227' title='bbox 501 2184 635 2242; x_wconf 76' lang='lat' dir='ltr'>Nisi</span> <span class='ocrx_word' id='word_1_228' title='bbox 679 2184 1180 2260; x_wconf 71' lang='lat' dir='ltr'>manducaveritis,</span> <span class='ocrx_word' id='word_1_229' title='bbox 1235 2182 1453 2257; x_wconf 90' lang='lat' dir='ltr'>inquit,</span> <span class='ocrx_word' id='word_1_230' title='bbox 1506 2201 1740 2243; x_wconf 83' lang='lat' dir='ltr'>carnem</span> <span class='ocrx_word' id='word_1_231' title='bbox 1773 2186 1915 2245; x_wconf 80' lang='lat' dir='ltr'>Filii</span> <span class='ocrx_word' id='word_1_232' title='bbox 1957 2188 2178 2245; x_wconf 79' lang='lat' dir='ltr'>homini</span> <span class='ocrx_word' id='word_1_233' title='bbox 2223 2190 2350 2256; x_wconf 71' lang='lat' dir='ltr'>etc„</span> <span class='ocrx_word' id='word_1_234' title='bbox 2401 2185 2631 2243; x_wconf 82' lang='lat' dir='ltr'>facinus</span> <span class='ocrx_word' id='word_1_235' title='bbox 2677 2183 2771 2242; x_wconf 87' lang='lat' dir='ltr'>vel</span> <span class='ocrx_word' id='word_1_236' title='bbox 2816 2182 3113 2259; x_wconf 84' lang='lat' dir='ltr'>flagitium</span> 
     </span>
     <span class='ocr_line' id='line_1_22' title="bbox 493 2271 3111 2351; baseline -0 -21"><span class='ocrx_word' id='word_1_237' title='bbox 493 2273 733 2331; x_wconf 85' lang='lat' dir='ltr'>videtur</span> <span class='ocrx_word' id='word_1_238' title='bbox 755 2272 983 2349; x_wconf 86' lang='lat' dir='ltr'>jubere.</span> <span class='ocrx_word' id='word_1_239' title='bbox 1031 2271 1252 2349; x_wconf 83' lang='lat' dir='ltr'>Figura</span> <span class='ocrx_word' id='word_1_240' title='bbox 1280 2290 1421 2349; x_wconf 90' lang='lat' dir='ltr'>ergo</span> <span class='ocrx_word' id='word_1_241' title='bbox 1452 2275 1545 2330; x_wconf 89' lang='lat' dir='ltr'>est</span> <span class='ocrx_word' id='word_1_242' title='bbox 1574 2275 1941 2350; x_wconf 85' lang='lat' dir='ltr'>praecipiens</span> <span class='ocrx_word' id='word_1_243' title='bbox 1963 2276 2223 2351; x_wconf 89' lang='lat' dir='ltr'>passioni</span> <span class='ocrx_word' id='word_1_244' title='bbox 2246 2274 2482 2334; x_wconf 91' lang='lat' dir='ltr'>Domini</span> <span class='ocrx_word' id='word_1_245' title='bbox 2513 2291 2644 2332; x_wconf 87' lang='lat' dir='ltr'>esse</span> <span class='ocrx_word' id='word_1_246' title='bbox 2674 2272 3111 2331; x_wconf 89' lang='lat' dir='ltr'>communican-</span> 
     </span>
     <span class='ocr_line' id='line_1_23' title="bbox 491 2360 3110 2438; baseline -0.001 -19"><span class='ocrx_word' id='word_1_247' title='bbox 491 2361 638 2420; x_wconf 91' lang='lat' dir='ltr'>dum</span> <span class='ocrx_word' id='word_1_248' title='bbox 672 2365 733 2421; x_wconf 91' lang='lat' dir='ltr'>et</span> <span class='ocrx_word' id='word_1_249' title='bbox 764 2362 1029 2421; x_wconf 80' lang='lat' dir='ltr'>suaviter</span> <span class='ocrx_word' id='word_1_250' title='bbox 1058 2367 1238 2437; x_wconf 89' lang='lat' dir='ltr'>atque</span> <span class='ocrx_word' id='word_1_251' title='bbox 1267 2360 1507 2419; x_wconf 86' lang='lat' dir='ltr'>utiliter</span> <span class='ocrx_word' id='word_1_252' title='bbox 1536 2361 1602 2419; x_wconf 90' lang='lat' dir='ltr'>in</span> <span class='ocrx_word' id='word_1_253' title='bbox 1632 2364 1919 2424; x_wconf 89' lang='lat' dir='ltr'>memoria</span> <span class='ocrx_word' id='word_1_254' title='bbox 1948 2364 2404 2433; x_wconf 87' lang='lat' dir='ltr'>recondendum,</span> <span class='ocrx_word' id='word_1_255' title='bbox 2455 2363 2614 2438; x_wconf 91' lang='lat' dir='ltr'>quod</span> <span class='ocrx_word' id='word_1_256' title='bbox 2658 2379 2793 2421; x_wconf 85' lang='lat' dir='ltr'>caro</span> <span class='ocrx_word' id='word_1_257' title='bbox 2838 2362 2969 2436; x_wconf 87' lang='lat' dir='ltr'>ejus</span> <span class='ocrx_word' id='word_1_258' title='bbox 3002 2378 3110 2435; x_wconf 89' lang='lat' dir='ltr'>pro</span> 
     </span>
     <span class='ocr_line' id='line_1_24' title="bbox 494 2450 2077 2529; baseline 0.003 -20"><span class='ocrx_word' id='word_1_259' title='bbox 494 2451 665 2510; x_wconf 90' lang='lat' dir='ltr'>nobis</span> <span class='ocrx_word' id='word_1_260' title='bbox 697 2451 968 2510; x_wconf 82' lang='lat' dir='ltr'>crucifixa</span> <span class='ocrx_word' id='word_1_261' title='bbox 998 2455 1060 2510; x_wconf 93' lang='lat' dir='ltr'>et</span> <span class='ocrx_word' id='word_1_262' title='bbox 1089 2451 1402 2509; x_wconf 86' lang='lat' dir='ltr'>vulnerata</span> <span class='ocrx_word' id='word_1_263' title='bbox 1431 2450 1570 2512; x_wconf 69' lang='lat' dir='ltr'>sit-‚¹</span> <span class='ocrx_word' id='word_1_264' title='bbox 1632 2452 2077 2529; x_wconf 88' lang='lat' dir='ltr'>Respondemus</span> 
     </span>
    </p>
   </div>
   <div class='ocr_carea' id='block_1_4' title="bbox 479 2557 3109 4331">
    <p class='ocr_par' dir='ltr' id='par_1_4' title="bbox 479 2557 3109 4331">
     <span class='ocr_line' id='line_1_25' title="bbox 678 2557 3109 2635; baseline -0.004 -13"><span class='ocrx_word' id='word_1_265' title='bbox 678 2557 738 2622; x_wconf 87' lang='lat' dir='ltr'>l.</span> <span class='ocrx_word' id='word_1_266' title='bbox 773 2560 865 2619; x_wconf 89' lang='lat' dir='ltr'>his</span> <span class='ocrx_word' id='word_1_267' title='bbox 897 2576 1017 2617; x_wconf 90' lang='lat' dir='ltr'>non</span> <span class='ocrx_word' id='word_1_268' title='bbox 1046 2558 1249 2635; x_wconf 87' lang='lat' dir='ltr'>negari</span> <span class='ocrx_word' id='word_1_269' title='bbox 1282 2558 1502 2616; x_wconf 87' lang='lat' dir='ltr'>realem</span> <span class='ocrx_word' id='word_1_270' title='bbox 1533 2561 1797 2635; x_wconf 87' lang='lat' dir='ltr'>corporis</span> <span class='ocrx_word' id='word_1_271' title='bbox 1829 2563 2045 2621; x_wconf 86' lang='lat' dir='ltr'>Christi</span> <span class='ocrx_word' id='word_1_272' title='bbox 2074 2563 2138 2620; x_wconf 93' lang='lat' dir='ltr'>in</span> <span class='ocrx_word' id='word_1_273' title='bbox 2169 2561 2526 2621; x_wconf 85' lang='lat' dir='ltr'>eucharistia</span> <span class='ocrx_word' id='word_1_274' title='bbox 2555 2557 2948 2635; x_wconf 87' lang='lat' dir='ltr'>praesentiam</span> <span class='ocrx_word' id='word_1_275' title='bbox 2981 2573 3109 2613; x_wconf 90' lang='lat' dir='ltr'>ora-</span> 
     </span>
     <span class='ocr_line' id='line_1_26' title="bbox 492 2646 3107 2728; baseline -0.003 -19"><span class='ocrx_word' id='word_1_276' title='bbox 492 2652 727 2728; x_wconf 89' lang='lat' dir='ltr'>lemque</span> <span class='ocrx_word' id='word_1_277' title='bbox 758 2649 1023 2726; x_wconf 87' lang='lat' dir='ltr'>ejusdem</span> <span class='ocrx_word' id='word_1_278' title='bbox 1056 2646 1589 2719; x_wconf 87' lang='lat' dir='ltr'>manducationem,</span> <span class='ocrx_word' id='word_1_279' title='bbox 1624 2651 1694 2708; x_wconf 90' lang='lat' dir='ltr'>ut</span> <span class='ocrx_word' id='word_1_280' title='bbox 1725 2653 1891 2726; x_wconf 89' lang='lat' dir='ltr'>patet</span> <span class='ocrx_word' id='word_1_281' title='bbox 1920 2670 1987 2711; x_wconf 89' lang='lat' dir='ltr'>ex</span> <span class='ocrx_word' id='word_1_282' title='bbox 2021 2651 2154 2711; x_wconf 87' lang='lat' dir='ltr'>aliis</span> <span class='ocrx_word' id='word_1_283' title='bbox 2188 2670 2233 2711; x_wconf 91' lang='lat' dir='ltr'>s.</span> <span class='ocrx_word' id='word_1_284' title='bbox 2266 2650 2522 2711; x_wconf 88' lang='lat' dir='ltr'>doctoris</span> <span class='ocrx_word' id='word_1_285' title='bbox 2554 2648 2718 2711; x_wconf 88' lang='lat' dir='ltr'>locis.</span> <span class='ocrx_word' id='word_1_286' title='bbox 2781 2646 2871 2705; x_wconf 89' lang='lat' dir='ltr'>Ita</span> <span class='ocrx_word' id='word_1_287' title='bbox 2900 2664 2988 2709; x_wconf 81' lang='lat' dir='ltr'>ex.</span> <span class='ocrx_word' id='word_1_288' title='bbox 3020 2663 3107 2722; x_wconf 83' lang='lat' dir='ltr'>gr.</span> 
     </span>
     <span class='ocr_line' id='line_1_27' title="bbox 492 2735 3107 2823; baseline -0.003 -24"><span class='ocrx_word' id='word_1_289' title='bbox 492 2760 666 2800; x_wconf 90' lang='lat' dir='ltr'>serm.</span> <span class='ocrx_word' id='word_1_290' title='bbox 708 2752 825 2805; x_wconf 88' lang='lat'>143</span> <span class='ocrx_word' id='word_1_291' title='bbox 877 2736 938 2820; x_wconf 85' lang='lat' dir='ltr'>(a</span> <span class='ocrx_word' id='word_1_292' title='bbox 982 2737 1122 2795; x_wconf 84' lang='lat' dir='ltr'>Mai</span> <span class='ocrx_word' id='word_1_293' title='bbox 1168 2735 1329 2795; x_wconf 90' lang='lat' dir='ltr'>edito</span> <span class='ocrx_word' id='word_1_294' title='bbox 1368 2736 1432 2794; x_wconf 92' lang='lat' dir='ltr'>in</span> <span class='ocrx_word' id='word_1_295' title='bbox 1462 2755 1616 2796; x_wconf 81' lang='lat' dir='ltr'>nova</span> <span class='ocrx_word' id='word_1_296' title='bbox 1645 2739 1755 2798; x_wconf 87' lang='lat' dir='ltr'>PP.</span> <span class='ocrx_word' id='word_1_297' title='bbox 1790 2740 1933 2805; x_wconf 90' lang='lat' dir='ltr'>bibl.</span> <span class='ocrx_word' id='word_1_298' title='bbox 1965 2746 2008 2800; x_wconf 89' lang='lat' dir='ltr'>t.</span> <span class='ocrx_word' id='word_1_299' title='bbox 2049 2738 2108 2823; x_wconf 88' lang='lat' dir='ltr'>l)</span> <span class='ocrx_word' id='word_1_300' title='bbox 2142 2761 2199 2801; x_wconf 89' lang='lat' dir='ltr'>n.</span> <span class='ocrx_word' id='word_1_301' title='bbox 2236 2750 2305 2803; x_wconf 85' lang='lat'>3:</span> <span class='ocrx_word' id='word_1_302' title='bbox 2354 2740 2667 2810; x_wconf 84' lang='lat' dir='ltr'>,Christus</span> <span class='ocrx_word' id='word_1_303' title='bbox 2699 2754 2839 2814; x_wconf 88' lang='lat' dir='ltr'>ergo</span> <span class='ocrx_word' id='word_1_304' title='bbox 2871 2741 3107 2812; x_wconf 86' lang='lat' dir='ltr'>praesto</span> 
     </span>
     <span class='ocr_line' id='line_1_28' title="bbox 487 2825 3104 2901; baseline -0.002 -13"><span class='ocrx_word' id='word_1_305' title='bbox 487 2833 584 2889; x_wconf 88' lang='lat' dir='ltr'>est</span> <span class='ocrx_word' id='word_1_306' title='bbox 616 2831 680 2889; x_wconf 91' lang='lat' dir='ltr'>in</span> <span class='ocrx_word' id='word_1_307' title='bbox 712 2848 931 2898; x_wconf 88' lang='lat' dir='ltr'>mensa,</span> <span class='ocrx_word' id='word_1_308' title='bbox 966 2826 1231 2884; x_wconf 87' lang='lat' dir='ltr'>Christus</span> <span class='ocrx_word' id='word_1_309' title='bbox 1264 2825 1391 2899; x_wconf 91' lang='lat' dir='ltr'>ipse</span> <span class='ocrx_word' id='word_1_310' title='bbox 1424 2825 1509 2883; x_wconf 91' lang='lat' dir='ltr'>ibi</span> <span class='ocrx_word' id='word_1_311' title='bbox 1542 2827 1844 2901; x_wconf 88' lang='lat' dir='ltr'>occiditur,</span> <span class='ocrx_word' id='word_1_312' title='bbox 1893 2831 2162 2890; x_wconf 88' lang='lat' dir='ltr'>Christus</span> <span class='ocrx_word' id='word_1_313' title='bbox 2193 2831 2552 2899; x_wconf 90' lang='lat' dir='ltr'>immolatur,</span> <span class='ocrx_word' id='word_1_314' title='bbox 2600 2828 2869 2887; x_wconf 84' lang='lat' dir='ltr'>Christus</span> <span class='ocrx_word' id='word_1_315' title='bbox 2914 2826 2999 2885; x_wconf 93' lang='lat' dir='ltr'>ibi</span> <span class='ocrx_word' id='word_1_316' title='bbox 3044 2827 3104 2883; x_wconf 91' lang='lat' dir='ltr'>in</span> 
     </span>
     <span class='ocr_line' id='line_1_29' title="bbox 494 2915 3109 2996; baseline -0.002 -19"><span class='ocrx_word' id='word_1_317' title='bbox 494 2938 601 2978; x_wconf 89' lang='lat' dir='ltr'>suo</span> <span class='ocrx_word' id='word_1_318' title='bbox 633 2938 876 2995; x_wconf 87' lang='lat' dir='ltr'>corpore</span> <span class='ocrx_word' id='word_1_319' title='bbox 907 2919 968 2975; x_wconf 90' lang='lat' dir='ltr'>et</span> <span class='ocrx_word' id='word_1_320' title='bbox 999 2915 1290 2991; x_wconf 87' lang='lat' dir='ltr'>sanguine</span> <span class='ocrx_word' id='word_1_321' title='bbox 1322 2915 1600 2974; x_wconf 87' lang='lat' dir='ltr'>sumitur.</span> <span class='ocrx_word' id='word_1_322' title='bbox 1661 2918 1797 2994; x_wconf 90' lang='lat' dir='ltr'>Ipse</span> <span class='ocrx_word' id='word_1_323' title='bbox 1830 2920 1948 2989; x_wconf 89' lang='lat' dir='ltr'>ille,</span> <span class='ocrx_word' id='word_1_324' title='bbox 1998 2921 2103 2996; x_wconf 89' lang='lat' dir='ltr'>qui</span> <span class='ocrx_word' id='word_1_325' title='bbox 2152 2919 2462 2996; x_wconf 87' lang='lat' dir='ltr'>discipulis</span> <span class='ocrx_word' id='word_1_326' title='bbox 2493 2917 2667 2977; x_wconf 89' lang='lat' dir='ltr'>hodie</span> <span class='ocrx_word' id='word_1_327' title='bbox 2697 2936 2911 2993; x_wconf 89' lang='lat' dir='ltr'>panem</span> <span class='ocrx_word' id='word_1_328' title='bbox 2942 2915 3109 2974; x_wconf 87' lang='lat' dir='ltr'>dedit</span> 
     </span>
     <span class='ocr_line' id='line_1_30' title="bbox 491 3003 3105 3083; baseline -0.002 -17"><span class='ocrx_word' id='word_1_329' title='bbox 491 3014 551 3067; x_wconf 88' lang='lat' dir='ltr'>et</span> <span class='ocrx_word' id='word_1_330' title='bbox 583 3009 843 3078; x_wconf 90' lang='lat' dir='ltr'>calicem,</span> <span class='ocrx_word' id='word_1_331' title='bbox 877 3008 993 3066; x_wconf 88' lang='lat' dir='ltr'>iste</span> <span class='ocrx_word' id='word_1_332' title='bbox 1026 3004 1152 3078; x_wconf 91' lang='lat' dir='ltr'>ipse</span> <span class='ocrx_word' id='word_1_333' title='bbox 1184 3003 1358 3061; x_wconf 89' lang='lat' dir='ltr'>hodie</span> <span class='ocrx_word' id='word_1_334' title='bbox 1389 3010 1692 3065; x_wconf 90' lang='lat' dir='ltr'>consecrat</span> <span class='ocrx_word' id='word_1_335' title='bbox 1721 3011 1855 3068; x_wconf 90' lang='lat' dir='ltr'>ista.</span> <span class='ocrx_word' id='word_1_336' title='bbox 1922 3009 2055 3068; x_wconf 89' lang='lat' dir='ltr'>Non</span> <span class='ocrx_word' id='word_1_337' title='bbox 2087 3013 2179 3068; x_wconf 90' lang='lat' dir='ltr'>est</span> <span class='ocrx_word' id='word_1_338' title='bbox 2209 3009 2369 3068; x_wconf 88' lang='lat' dir='ltr'>enim</span> <span class='ocrx_word' id='word_1_339' title='bbox 2399 3009 2590 3077; x_wconf 90' lang='lat' dir='ltr'>homo,</span> <span class='ocrx_word' id='word_1_340' title='bbox 2629 3007 2736 3083; x_wconf 89' lang='lat' dir='ltr'>qui</span> <span class='ocrx_word' id='word_1_341' title='bbox 2765 3005 3105 3082; x_wconf 85' lang='lat' dir='ltr'>appositum</span> 
     </span>
     <span class='ocr_line' id='line_1_31' title="bbox 487 3092 3107 3175; baseline -0.001 -20"><span class='ocrx_word' id='word_1_342' title='bbox 487 3097 712 3156; x_wconf 79' lang='lat' dir='ltr'>Christi</span> <span class='ocrx_word' id='word_1_343' title='bbox 744 3113 959 3171; x_wconf 90' lang='lat' dir='ltr'>corpus</span> <span class='ocrx_word' id='word_1_344' title='bbox 992 3095 1054 3154; x_wconf 89' lang='lat' dir='ltr'>et</span> <span class='ocrx_word' id='word_1_345' title='bbox 1082 3092 1434 3169; x_wconf 86' lang='lat' dir='ltr'>sanguinem</span> <span class='ocrx_word' id='word_1_346' title='bbox 1466 3092 1716 3168; x_wconf 88' lang='lat' dir='ltr'>dedicet,</span> <span class='ocrx_word' id='word_1_347' title='bbox 1764 3098 1870 3158; x_wconf 90' lang='lat' dir='ltr'>sed</span> <span class='ocrx_word' id='word_1_348' title='bbox 1903 3098 2007 3158; x_wconf 87' lang='lat' dir='ltr'>ille</span> <span class='ocrx_word' id='word_1_349' title='bbox 2037 3099 2167 3175; x_wconf 93' lang='lat' dir='ltr'>ipse</span> <span class='ocrx_word' id='word_1_350' title='bbox 2197 3097 2489 3169; x_wconf 87' lang='lat' dir='ltr'>Christus,</span> <span class='ocrx_word' id='word_1_351' title='bbox 2538 3097 2643 3172; x_wconf 90' lang='lat' dir='ltr'>qui</span> <span class='ocrx_word' id='word_1_352' title='bbox 2674 3114 2783 3172; x_wconf 91' lang='lat' dir='ltr'>pro</span> <span class='ocrx_word' id='word_1_353' title='bbox 2815 3095 2984 3153; x_wconf 90' lang='lat' dir='ltr'>vobis</span> <span class='ocrx_word' id='word_1_354' title='bbox 3015 3098 3107 3152; x_wconf 87' lang='lat' dir='ltr'>est</span> 
     </span>
     <span class='ocr_line' id='line_1_32' title="bbox 486 3180 3105 3264; baseline -0.001 -20"><span class='ocrx_word' id='word_1_355' title='bbox 486 3185 822 3248; x_wconf 67' lang='lat' dir='ltr'>crucifixus</span> <span class='ocrx_word' id='word_1_356' title='bbox 887 3185 998 3244; x_wconf 89' lang='lat' dir='ltr'>Ore</span> <span class='ocrx_word' id='word_1_357' title='bbox 1030 3180 1346 3240; x_wconf 88' lang='lat' dir='ltr'>sacerdotis</span> <span class='ocrx_word' id='word_1_358' title='bbox 1377 3183 1561 3241; x_wconf 83' lang='lat' dir='ltr'>verba</span> <span class='ocrx_word' id='word_1_359' title='bbox 1590 3187 1992 3261; x_wconf 84' lang='lat' dir='ltr'>proferuntur,</span> <span class='ocrx_word' id='word_1_360' title='bbox 2037 3188 2356 3264; x_wconf 89' lang='lat' dir='ltr'>ipsumque</span> <span class='ocrx_word' id='word_1_361' title='bbox 2387 3204 2602 3263; x_wconf 89' lang='lat' dir='ltr'>corpus</span> <span class='ocrx_word' id='word_1_362' title='bbox 2634 3188 2695 3243; x_wconf 89' lang='lat' dir='ltr'>et</span> <span class='ocrx_word' id='word_1_363' title='bbox 2726 3184 2971 3261; x_wconf 90' lang='lat' dir='ltr'>sanguis</span> <span class='ocrx_word' id='word_1_364' title='bbox 3003 3183 3105 3242; x_wconf 92' lang='lat' dir='ltr'>Dei</span> 
     </span>
     <span class='ocr_line' id='line_1_33' title="bbox 487 3271 3104 3352; baseline -0.001 -19"><span class='ocrx_word' id='word_1_365' title='bbox 487 3275 710 3333; x_wconf 86' lang='lat' dir='ltr'>virtute</span> <span class='ocrx_word' id='word_1_366' title='bbox 757 3272 1177 3333; x_wconf 85' lang='lat' dir='ltr'>consecrantur</span> <span class='ocrx_word' id='word_1_367' title='bbox 1219 3274 1281 3328; x_wconf 88' lang='lat' dir='ltr'>et</span> <span class='ocrx_word' id='word_1_368' title='bbox 1323 3271 1576 3347; x_wconf 60' lang='lat' dir='ltr'>gratia«</span> <span class='ocrx_word' id='word_1_369' title='bbox 1643 3276 1916 3336; x_wconf 86' lang='lat' dir='ltr'>Ceterum</span> <span class='ocrx_word' id='word_1_370' title='bbox 1959 3277 2104 3336; x_wconf 86' lang='lat' dir='ltr'>adeo</span> <span class='ocrx_word' id='word_1_371' title='bbox 2135 3296 2344 3336; x_wconf 80' lang='lat' dir='ltr'>verum</span> <span class='ocrx_word' id='word_1_372' title='bbox 2376 3279 2469 3336; x_wconf 90' lang='lat' dir='ltr'>est</span> <span class='ocrx_word' id='word_1_373' title='bbox 2500 3294 2546 3334; x_wconf 78' lang='lat' dir='ltr'>S.</span> <span class='ocrx_word' id='word_1_374' title='bbox 2578 3273 3104 3352; x_wconf 86' lang='lat' dir='ltr'>Augustinum</span> 
     </span>
     <span class='ocr_line' id='line_1_34' title="bbox 487 3359 3101 3440; baseline -0.001 -18"><span class='ocrx_word' id='word_1_375' title='bbox 487 3383 607 3422; x_wconf 89' lang='lat' dir='ltr'>non</span> <span class='ocrx_word' id='word_1_376' title='bbox 638 3381 854 3439; x_wconf 88' lang='lat' dir='ltr'>negare</span> <span class='ocrx_word' id='word_1_377' title='bbox 886 3381 1085 3422; x_wconf 83' lang='lat' dir='ltr'>veram</span> <span class='ocrx_word' id='word_1_378' title='bbox 1118 3359 1311 3418; x_wconf 85' lang='lat' dir='ltr'>carnis</span> <span class='ocrx_word' id='word_1_379' title='bbox 1345 3360 1564 3421; x_wconf 88' lang='lat' dir='ltr'>Christi</span> <span class='ocrx_word' id='word_1_380' title='bbox 1597 3366 2107 3425; x_wconf 86' lang='lat' dir='ltr'>manducationem</span> <span class='ocrx_word' id='word_1_381' title='bbox 2139 3365 2309 3428; x_wconf 85' lang='lat' dir='ltr'>Joan.</span> <span class='ocrx_word' id='word_1_382' title='bbox 2347 3378 2403 3435; x_wconf 87' lang='grc'>6,</span> <span class='ocrx_word' id='word_1_383' title='bbox 2441 3375 2522 3429; x_wconf 85' lang='grc'>54</span> <span class='ocrx_word' id='word_1_384' title='bbox 2555 3382 2685 3423; x_wconf 88' lang='lat' dir='ltr'>esse</span> <span class='ocrx_word' id='word_1_385' title='bbox 2715 3366 3101 3440; x_wconf 87' lang='lat' dir='ltr'>praeceptam,</span> 
     </span>
     <span class='ocr_line' id='line_1_35' title="bbox 489 3449 3101 3531; baseline 0.001 -20"><span class='ocrx_word' id='word_1_386' title='bbox 489 3457 558 3511; x_wconf 89' lang='lat' dir='ltr'>ut</span> <span class='ocrx_word' id='word_1_387' title='bbox 587 3453 727 3511; x_wconf 86' lang='lat' dir='ltr'>inde</span> <span class='ocrx_word' id='word_1_388' title='bbox 756 3452 988 3513; x_wconf 84' lang='lat' dir='ltr'>refellat</span> <span class='ocrx_word' id='word_1_389' title='bbox 1018 3449 1413 3511; x_wconf 83' lang='lat' dir='ltr'>adversarium</span> <span class='ocrx_word' id='word_1_390' title='bbox 1446 3450 1595 3528; x_wconf 88' lang='lat' dir='ltr'>legis</span> <span class='ocrx_word' id='word_1_391' title='bbox 1641 3459 1702 3512; x_wconf 89' lang='lat' dir='ltr'>et</span> <span class='ocrx_word' id='word_1_392' title='bbox 1746 3455 2187 3531; x_wconf 85' lang='lat' dir='ltr'>prophetarum,</span> <span class='ocrx_word' id='word_1_393' title='bbox 2234 3455 2339 3530; x_wconf 91' lang='lat' dir='ltr'>qui</span> <span class='ocrx_word' id='word_1_394' title='bbox 2384 3455 2555 3514; x_wconf 80' lang='lat' dir='ltr'>factis</span> <span class='ocrx_word' id='word_1_395' title='bbox 2600 3452 2909 3512; x_wconf 88' lang='lat' dir='ltr'>nonnullis</span> <span class='ocrx_word' id='word_1_396' title='bbox 2941 3450 3007 3509; x_wconf 86' lang='lat' dir='ltr'>V.</span> <span class='ocrx_word' id='word_1_397' title='bbox 3038 3450 3101 3513; x_wconf 87' lang='grc' dir='ltr'>Τ.</span> 
     </span>
     <span class='ocr_line' id='line_1_36' title="bbox 483 3537 3099 3620; baseline -0.002 -20"><span class='ocrx_word' id='word_1_398' title='bbox 483 3541 913 3601; x_wconf 85' lang='lat' dir='ltr'>offendebatur.</span> <span class='ocrx_word' id='word_1_399' title='bbox 979 3542 1070 3601; x_wconf 87' lang='lat' dir='ltr'>Ita</span> <span class='ocrx_word' id='word_1_400' title='bbox 1100 3538 1258 3597; x_wconf 88' lang='lat' dir='ltr'>enim</span> <span class='ocrx_word' id='word_1_401' title='bbox 1293 3537 1503 3598; x_wconf 84' lang='lat' dir='ltr'>scribit</span> <span class='ocrx_word' id='word_1_402' title='bbox 1532 3540 1573 3606; x_wconf 88' lang='lat' dir='ltr'>l.</span> <span class='ocrx_word' id='word_1_403' title='bbox 1609 3550 1643 3603; x_wconf 85' lang='lat'><strong>2</strong></span> <span class='ocrx_word' id='word_1_404' title='bbox 1679 3561 1725 3603; x_wconf 89' lang='lat' dir='ltr'>c.</span> <span class='ocrx_word' id='word_1_405' title='bbox 1764 3556 1799 3606; x_wconf 81' lang='lat'>9</span> <span class='ocrx_word' id='word_1_406' title='bbox 1832 3564 1890 3603; x_wconf 93' lang='lat' dir='ltr'>n.</span> <span class='ocrx_word' id='word_1_407' title='bbox 1926 3554 2038 3609; x_wconf 84' lang='lat'>93:</span> <span class='ocrx_word' id='word_1_408' title='bbox 2084 3544 2237 3614; x_wconf 86' lang='lat' dir='ltr'>,Eat</span> <span class='ocrx_word' id='word_1_409' title='bbox 2268 3545 2442 3620; x_wconf 92' lang='lat' dir='ltr'>plane</span> <span class='ocrx_word' id='word_1_410' title='bbox 2473 3544 2588 3603; x_wconf 89' lang='lat' dir='ltr'>iste</span> <span class='ocrx_word' id='word_1_411' title='bbox 2617 3546 2776 3602; x_wconf 88' lang='lat' dir='ltr'>retro</span> <span class='ocrx_word' id='word_1_412' title='bbox 2808 3559 2939 3599; x_wconf 91' lang='lat' dir='ltr'>cum</span> <span class='ocrx_word' id='word_1_413' title='bbox 2973 3538 3099 3597; x_wconf 89' lang='lat' dir='ltr'>suis</span> 
     </span>
     <span class='ocr_line' id='line_1_37' title="bbox 487 3627 3103 3711; baseline -0.001 -23"><span class='ocrx_word' id='word_1_414' title='bbox 487 3630 784 3690; x_wconf 88' lang='lat' dir='ltr'>similibus</span> <span class='ocrx_word' id='word_1_415' title='bbox 819 3631 1015 3701; x_wconf 89' lang='lat' dir='ltr'>sociis,</span> <span class='ocrx_word' id='word_1_416' title='bbox 1052 3628 1158 3705; x_wconf 91' lang='lat' dir='ltr'>qui</span> <span class='ocrx_word' id='word_1_417' title='bbox 1190 3627 1497 3688; x_wconf 84' lang='lat' dir='ltr'>dixerunt:</span> <span class='ocrx_word' id='word_1_418' title='bbox 1549 3631 1757 3692; x_wconf 77' lang='lat' dir='ltr'>Durus</span> <span class='ocrx_word' id='word_1_419' title='bbox 1806 3641 1885 3692; x_wconf 77' lang='lat' dir='ltr'>est</span> <span class='ocrx_word' id='word_1_420' title='bbox 1933 3634 2023 3692; x_wconf 80' lang='lat' dir='ltr'>hic</span> <span class='ocrx_word' id='word_1_421' title='bbox 2072 3652 2277 3709; x_wconf 79' lang='lat' dir='ltr'>sernw,</span> <span class='ocrx_word' id='word_1_422' title='bbox 2330 3636 2461 3711; x_wconf 80' lang='lat' dir='ltr'>quis</span> <span class='ocrx_word' id='word_1_423' title='bbox 2495 3639 2681 3710; x_wconf 79' lang='lat' dir='ltr'>potest</span> <span class='ocrx_word' id='word_1_424' title='bbox 2724 3649 2849 3689; x_wconf 85' lang='lat' dir='ltr'>eum</span> <span class='ocrx_word' id='word_1_425' title='bbox 2893 3630 3103 3687; x_wconf 84' lang='lat' dir='ltr'>audire</span> 
     </span>
     <span class='ocr_line' id='line_1_38' title="bbox 482 3716 3100 3802; baseline -0.001 -25"><span class='ocrx_word' id='word_1_426' title='bbox 482 3716 681 3799; x_wconf 81' lang='lat' dir='ltr'>(Joan.</span> <span class='ocrx_word' id='word_1_427' title='bbox 718 3730 772 3792; x_wconf 82' lang='grc'>6,</span> <span class='ocrx_word' id='word_1_428' title='bbox 812 3716 966 3802; x_wconf 76' lang='lat'><strong>61)?</strong></span> <span class='ocrx_word' id='word_1_429' title='bbox 1030 3721 1153 3779; x_wconf 86' lang='lat' dir='ltr'>Nos</span> <span class='ocrx_word' id='word_1_430' title='bbox 1201 3718 1402 3775; x_wconf 86' lang='lat' dir='ltr'>autem</span> <span class='ocrx_word' id='word_1_431' title='bbox 1447 3722 1508 3777; x_wconf 94' lang='lat' dir='ltr'>et</span> <span class='ocrx_word' id='word_1_432' title='bbox 1553 3721 1968 3800; x_wconf 90' lang='lat' dir='ltr'>intelligamus</span> <span class='ocrx_word' id='word_1_433' title='bbox 2012 3724 2131 3782; x_wconf 91' lang='lat' dir='ltr'>duo</span> <span class='ocrx_word' id='word_1_434' title='bbox 2162 3723 2540 3783; x_wconf 81' lang='lat' dir='ltr'>Testamenta</span> <span class='ocrx_word' id='word_1_435' title='bbox 2582 3722 2647 3780; x_wconf 91' lang='lat' dir='ltr'>in</span> <span class='ocrx_word' id='word_1_436' title='bbox 2691 3718 2925 3779; x_wconf 91' lang='lat' dir='ltr'>duobus</span> <span class='ocrx_word' id='word_1_437' title='bbox 2958 3718 3100 3776; x_wconf 89' lang='lat' dir='ltr'>filiis</span> 
     </span>
     <span class='ocr_line' id='line_1_39' title="bbox 479 3806 3099 3885; baseline -0.001 -18"><span class='ocrx_word' id='word_1_438' title='bbox 479 3809 755 3869; x_wconf 89' lang='lat' dir='ltr'>Abrahae</span> <span class='ocrx_word' id='word_1_439' title='bbox 787 3809 1140 3885; x_wconf 88' lang='lat' dir='ltr'>duabusque</span> <span class='ocrx_word' id='word_1_440' title='bbox 1170 3806 1555 3867; x_wconf 90' lang='lat' dir='ltr'>mulieribus:</span> <span class='ocrx_word' id='word_1_441' title='bbox 1604 3811 1763 3870; x_wconf 87' lang='lat' dir='ltr'>sicut</span> <span class='ocrx_word' id='word_1_442' title='bbox 1794 3812 1942 3872; x_wconf 90' lang='lat' dir='ltr'>duos</span> <span class='ocrx_word' id='word_1_443' title='bbox 1985 3811 2049 3871; x_wconf 91' lang='lat' dir='ltr'>in</span> <span class='ocrx_word' id='word_1_444' title='bbox 2094 3831 2267 3871; x_wconf 91' lang='lat' dir='ltr'>carne</span> <span class='ocrx_word' id='word_1_445' title='bbox 2298 3830 2437 3882; x_wconf 92' lang='lat' dir='ltr'>una,</span> <span class='ocrx_word' id='word_1_446' title='bbox 2486 3812 2783 3871; x_wconf 87' lang='lat' dir='ltr'>Christum</span> <span class='ocrx_word' id='word_1_447' title='bbox 2814 3811 2875 3867; x_wconf 89' lang='lat' dir='ltr'>et</span> <span class='ocrx_word' id='word_1_448' title='bbox 2903 3807 3099 3866; x_wconf 89' lang='lat' dir='ltr'>Eccle-</span> 
     </span>
     <span class='ocr_line' id='line_1_40' title="bbox 485 3895 3100 3979; baseline -0 -23"><span class='ocrx_word' id='word_1_449' title='bbox 485 3899 652 3969; x_wconf 86' lang='lat' dir='ltr'>siam,</span> <span class='ocrx_word' id='word_1_450' title='bbox 686 3899 823 3958; x_wconf 90' lang='lat' dir='ltr'>istis</span> <span class='ocrx_word' id='word_1_451' title='bbox 853 3899 1218 3966; x_wconf 78' lang='lat' dir='ltr'>nolentibus,</span> <span class='ocrx_word' id='word_1_452' title='bbox 1265 3895 1393 3954; x_wconf 88' lang='lat' dir='ltr'>sine</span> <span class='ocrx_word' id='word_1_453' title='bbox 1437 3897 1564 3957; x_wconf 91' lang='lat' dir='ltr'>ulla</span> <span class='ocrx_word' id='word_1_454' title='bbox 1593 3901 1996 3960; x_wconf 82' lang='lat' dir='ltr'>obscoenitate</span> <span class='ocrx_word' id='word_1_455' title='bbox 2027 3901 2470 3979; x_wconf 88' lang='lat' dir='ltr'>cognoscimus;</span> <span class='ocrx_word' id='word_1_456' title='bbox 2517 3901 2677 3960; x_wconf 89' lang='lat' dir='ltr'>sicut</span> <span class='ocrx_word' id='word_1_457' title='bbox 2716 3897 3100 3957; x_wconf 84' lang='lat' dir='ltr'>mediatorem</span> 
     </span>
     <span class='ocr_line' id='line_1_41' title="bbox 485 3984 3100 4050; baseline -0.001 -5"><span class='ocrx_word' id='word_1_458' title='bbox 485 3988 590 4046; x_wconf 91' lang='lat' dir='ltr'>Dei</span> <span class='ocrx_word' id='word_1_459' title='bbox 635 3990 697 4047; x_wconf 89' lang='lat' dir='ltr'>et</span> <span class='ocrx_word' id='word_1_460' title='bbox 741 3988 1051 4047; x_wconf 90' lang='lat' dir='ltr'>hominum</span> <span class='ocrx_word' id='word_1_461' title='bbox 1085 3984 1383 4046; x_wconf 87' lang='lat' dir='ltr'>Christum</span> <span class='ocrx_word' id='word_1_462' title='bbox 1415 3985 1626 4046; x_wconf 86' lang='lat' dir='ltr'>Jesum</span> <span class='ocrx_word' id='word_1_463' title='bbox 1672 4009 1909 4049; x_wconf 87' lang='lat' dir='ltr'>carnem</span> <span class='ocrx_word' id='word_1_464' title='bbox 1954 4009 2122 4050; x_wconf 90' lang='lat' dir='ltr'>suam</span> <span class='ocrx_word' id='word_1_465' title='bbox 2167 3990 2340 4050; x_wconf 90' lang='lat' dir='ltr'>nobis</span> <span class='ocrx_word' id='word_1_466' title='bbox 2384 3987 2858 4050; x_wconf 89' lang='lat' dir='ltr'>manducandam</span> <span class='ocrx_word' id='word_1_467' title='bbox 2891 3985 3100 4044; x_wconf 90' lang='lat' dir='ltr'>biben-</span> 
     </span>
     <span class='ocr_line' id='line_1_42' title="bbox 484 4074 3100 4155; baseline -0.001 -20"><span class='ocrx_word' id='word_1_468' title='bbox 484 4075 747 4152; x_wconf 90' lang='lat' dir='ltr'>dumque</span> <span class='ocrx_word' id='word_1_469' title='bbox 781 4078 1131 4155; x_wconf 87' lang='lat' dir='ltr'>sanguinem</span> <span class='ocrx_word' id='word_1_470' title='bbox 1163 4076 1403 4136; x_wconf 88' lang='lat' dir='ltr'>dantem</span> <span class='ocrx_word' id='word_1_471' title='bbox 1434 4074 1596 4136; x_wconf 92' lang='lat' dir='ltr'>fideli</span> <span class='ocrx_word' id='word_1_472' title='bbox 1625 4079 1799 4139; x_wconf 87' lang='lat' dir='ltr'>corde</span> <span class='ocrx_word' id='word_1_473' title='bbox 1829 4082 2008 4155; x_wconf 89' lang='lat' dir='ltr'>atque</span> <span class='ocrx_word' id='word_1_474' title='bbox 2039 4099 2140 4140; x_wconf 91' lang='lat' dir='ltr'>ore</span> <span class='ocrx_word' id='word_1_475' title='bbox 2186 4079 2564 4155; x_wconf 89' lang='lat' dir='ltr'>suscipimus,</span> <span class='ocrx_word' id='word_1_476' title='bbox 2610 4077 2880 4154; x_wconf 84' lang='lat' dir='ltr'>quamvis</span> <span class='ocrx_word' id='word_1_477' title='bbox 2910 4075 3100 4134; x_wconf 88' lang='lat' dir='ltr'>horri-</span> 
     </span>
     <span class='ocr_line' id='line_1_43' title="bbox 479 4165 3101 4248; baseline -0 -25"><span class='ocrx_word' id='word_1_478' title='bbox 479 4165 665 4224; x_wconf 88' lang='lat' dir='ltr'>bilius</span> <span class='ocrx_word' id='word_1_479' title='bbox 698 4166 987 4237; x_wconf 90' lang='lat' dir='ltr'>videatur,</span> <span class='ocrx_word' id='word_1_480' title='bbox 1034 4167 1354 4225; x_wconf 86' lang='lat' dir='ltr'>humanam</span> <span class='ocrx_word' id='word_1_481' title='bbox 1385 4182 1618 4225; x_wconf 85' lang='lat' dir='ltr'>carnem</span> <span class='ocrx_word' id='word_1_482' title='bbox 1665 4169 2038 4248; x_wconf 86' lang='lat' dir='ltr'>manducare,</span> <span class='ocrx_word' id='word_1_483' title='bbox 2087 4189 2265 4245; x_wconf 89' lang='lat' dir='ltr'>quam</span> <span class='ocrx_word' id='word_1_484' title='bbox 2307 4169 2631 4245; x_wconf 87' lang='lat' dir='ltr'>perimere;</span> <span class='ocrx_word' id='word_1_485' title='bbox 2676 4169 2738 4226; x_wconf 90' lang='lat' dir='ltr'>et</span> <span class='ocrx_word' id='word_1_486' title='bbox 2781 4165 3101 4224; x_wconf 85' lang='lat' dir='ltr'>humanam</span> 
     </span>
     <span class='ocr_line' id='line_1_44' title="bbox 483 4253 2541 4331; baseline 0.002 -20"><span class='ocrx_word' id='word_1_487' title='bbox 483 4255 836 4330; x_wconf 87' lang='lat' dir='ltr'>sanguinem</span> <span class='ocrx_word' id='word_1_488' title='bbox 869 4258 1095 4329; x_wconf 90' lang='lat' dir='ltr'>potare,</span> <span class='ocrx_word' id='word_1_489' title='bbox 1130 4274 1309 4331; x_wconf 89' lang='lat' dir='ltr'>quam</span> <span class='ocrx_word' id='word_1_490' title='bbox 1339 4253 1649 4315; x_wconf 49' lang='lat' dir='ltr'>sundere}</span> <span class='ocrx_word' id='word_1_491' title='bbox 1717 4259 1799 4317; x_wconf 86' lang='lat' dir='ltr'>cf.</span> <span class='ocrx_word' id='word_1_492' title='bbox 1829 4259 2068 4317; x_wconf 88' lang='lat' dir='ltr'>Pesch</span> <span class='ocrx_word' id='word_1_493' title='bbox 2103 4258 2180 4317; x_wconf 89' lang='lat' dir='ltr'>VI</span> <span class='ocrx_word' id='word_1_494' title='bbox 2208 4276 2267 4316; x_wconf 93' lang='lat' dir='ltr'>n.</span> <span class='ocrx_word' id='word_1_495' title='bbox 2304 4267 2427 4322; x_wconf 83' lang='grc'>632</span> <span class='ocrx_word' id='word_1_496' title='bbox 2464 4276 2541 4316; x_wconf 86' lang='lat' dir='ltr'>ss.</span> 
     </span>
    </p>
   </div>
   <div class='ocr_carea' id='block_1_5' title="bbox 481 4358 3100 4798">
    <p class='ocr_par' dir='ltr' id='par_1_5' title="bbox 481 4358 3100 4798">
     <span class='ocr_line' id='line_1_45' title="bbox 659 4358 3099 4441; baseline -0.001 -20"><span class='ocrx_word' id='word_1_497' title='bbox 659 4358 723 4426; x_wconf 70' lang='lat'>2.</span> <span class='ocrx_word' id='word_1_498' title='bbox 770 4361 914 4419; x_wconf 88' lang='lat' dir='ltr'>Eam</span> <span class='ocrx_word' id='word_1_499' title='bbox 958 4362 1093 4419; x_wconf 83' lang='lat' dir='ltr'>vult</span> <span class='ocrx_word' id='word_1_500' title='bbox 1137 4380 1180 4420; x_wconf 90' lang='lat' dir='ltr'>s.</span> <span class='ocrx_word' id='word_1_501' title='bbox 1227 4363 1433 4422; x_wconf 86' lang='lat' dir='ltr'>doctor</span> <span class='ocrx_word' id='word_1_502' title='bbox 1477 4364 1773 4422; x_wconf 82' lang='lat' dir='ltr'>exclusam</span> <span class='ocrx_word' id='word_1_503' title='bbox 1806 4365 2339 4435; x_wconf 88' lang='lat' dir='ltr'>manducationem,</span> <span class='ocrx_word' id='word_1_504' title='bbox 2386 4382 2539 4441; x_wconf 89' lang='lat' dir='ltr'>quae</span> <span class='ocrx_word' id='word_1_505' title='bbox 2583 4366 2714 4423; x_wconf 87' lang='lat' dir='ltr'>tota</span> <span class='ocrx_word' id='word_1_506' title='bbox 2756 4363 2875 4421; x_wconf 90' lang='lat' dir='ltr'>oris</span> <span class='ocrx_word' id='word_1_507' title='bbox 2907 4379 3099 4420; x_wconf 89' lang='lat' dir='ltr'>come-</span> 
     </span>
     <span class='ocr_line' id='line_1_46' title="bbox 487 4448 3100 4533; baseline 0 -27"><span class='ocrx_word' id='word_1_508' title='bbox 487 4449 681 4507; x_wconf 83' lang='lat' dir='ltr'>stione</span> <span class='ocrx_word' id='word_1_509' title='bbox 713 4448 1064 4533; x_wconf 77' lang='lat' dir='ltr'>absolvitur,</span> <span class='ocrx_word' id='word_1_510' title='bbox 1099 4450 1172 4509; x_wconf 89' lang='lat' dir='ltr'>ad</span> <span class='ocrx_word' id='word_1_511' title='bbox 1204 4451 1474 4511; x_wconf 88' lang='lat' dir='ltr'>altiorem</span> <span class='ocrx_word' id='word_1_512' title='bbox 1507 4452 1779 4529; x_wconf 83' lang='lat' dir='ltr'>mysterii</span> <span class='ocrx_word' id='word_1_513' title='bbox 1808 4453 2268 4531; x_wconf 87' lang='lat' dir='ltr'>intelligentiam</span> <span class='ocrx_word' id='word_1_514' title='bbox 2301 4472 2421 4512; x_wconf 92' lang='lat' dir='ltr'>non</span> <span class='ocrx_word' id='word_1_515' title='bbox 2452 4453 2733 4530; x_wconf 91' lang='lat' dir='ltr'>assurgit,</span> <span class='ocrx_word' id='word_1_516' title='bbox 2768 4453 2829 4510; x_wconf 93' lang='lat' dir='ltr'>et</span> <span class='ocrx_word' id='word_1_517' title='bbox 2858 4470 2976 4510; x_wconf 91' lang='lat' dir='ltr'>non</span> <span class='ocrx_word' id='word_1_518' title='bbox 3009 4452 3100 4508; x_wconf 91' lang='lat' dir='ltr'>est</span> 
     </span>
     <span class='ocr_line' id='line_1_47' title="bbox 485 4538 3097 4618; baseline 0.001 -23"><span class='ocrx_word' id='word_1_519' title='bbox 485 4538 722 4613; x_wconf 90' lang='lat' dir='ltr'>signum</span> <span class='ocrx_word' id='word_1_520' title='bbox 756 4538 955 4610; x_wconf 92' lang='lat' dir='ltr'>simul,</span> <span class='ocrx_word' id='word_1_521' title='bbox 1004 4539 1339 4615; x_wconf 89' lang='lat' dir='ltr'>symbolum</span> <span class='ocrx_word' id='word_1_522' title='bbox 1371 4560 1439 4599; x_wconf 88' lang='lat' dir='ltr'>ac</span> <span class='ocrx_word' id='word_1_523' title='bbox 1468 4542 1639 4600; x_wconf 83' lang='lat' dir='ltr'>velut</span> <span class='ocrx_word' id='word_1_524' title='bbox 1668 4545 1851 4617; x_wconf 85' lang='lat' dir='ltr'>typus</span> <span class='ocrx_word' id='word_1_525' title='bbox 1883 4543 2353 4602; x_wconf 88' lang='lat' dir='ltr'>manducationis</span> <span class='ocrx_word' id='word_1_526' title='bbox 2385 4542 2740 4618; x_wconf 88' lang='lat' dir='ltr'>spiritualis.</span> <span class='ocrx_word' id='word_1_527' title='bbox 2806 4539 3097 4615; x_wconf 87' lang='lat' dir='ltr'>Semetip-</span> 
     </span>
     <span class='ocr_line' id='line_1_48' title="bbox 482 4624 3099 4706; baseline 0 -22"><span class='ocrx_word' id='word_1_528' title='bbox 482 4644 616 4685; x_wconf 91' lang='lat' dir='ltr'>sum</span> <span class='ocrx_word' id='word_1_529' title='bbox 646 4627 945 4703; x_wconf 87' lang='lat' dir='ltr'>explicans</span> <span class='ocrx_word' id='word_1_530' title='bbox 975 4628 1061 4686; x_wconf 86' lang='lat' dir='ltr'>ita</span> <span class='ocrx_word' id='word_1_531' title='bbox 1092 4629 1300 4688; x_wconf 88' lang='lat' dir='ltr'>scribit</span> <span class='ocrx_word' id='word_1_532' title='bbox 1330 4630 1401 4687; x_wconf 92' lang='lat' dir='ltr'>de</span> <span class='ocrx_word' id='word_1_533' title='bbox 1431 4624 1539 4688; x_wconf 80' lang='lat' dir='ltr'>hac</span> <span class='ocrx_word' id='word_1_534' title='bbox 1570 4632 1699 4706; x_wconf 88' lang='lat' dir='ltr'>ipsa</span> <span class='ocrx_word' id='word_1_535' title='bbox 1727 4651 1794 4690; x_wconf 92' lang='lat' dir='ltr'>re</span> <span class='ocrx_word' id='word_1_536' title='bbox 1825 4635 1899 4694; x_wconf 87' lang='lat' dir='ltr'>tr.</span> <span class='ocrx_word' id='word_1_537' title='bbox 1938 4641 2014 4696; x_wconf 80' lang='lat'>27</span> <span class='ocrx_word' id='word_1_538' title='bbox 2048 4632 2111 4690; x_wconf 89' lang='lat' dir='ltr'>in</span> <span class='ocrx_word' id='word_1_539' title='bbox 2130 4632 2301 4696; x_wconf 85' lang='lat' dir='ltr'>Joan.</span> <span class='ocrx_word' id='word_1_540' title='bbox 2322 4651 2380 4697; x_wconf 87' lang='lat' dir='ltr'>n.</span> <span class='ocrx_word' id='word_1_541' title='bbox 2404 4641 2471 4694; x_wconf 85' lang='lat'>2:</span> <span class='ocrx_word' id='word_1_542' title='bbox 2507 4633 2686 4701; x_wconf 85' lang='lat' dir='ltr'>,Non</span> <span class='ocrx_word' id='word_1_543' title='bbox 2717 4628 3099 4688; x_wconf 90' lang='lat' dir='ltr'>crediderunt</span> 
     </span>
     <span class='ocr_line' id='line_1_49' title="bbox 481 4713 3097 4798; baseline 0.001 -25"><span class='ocrx_word' id='word_1_544' title='bbox 481 4713 950 4798; x_wconf 69' lang='lat' dir='ltr'>(capharnaitae)</span> <span class='ocrx_word' id='word_1_545' title='bbox 984 4717 1212 4792; x_wconf 91' lang='lat' dir='ltr'>aliquid</span> <span class='ocrx_word' id='word_1_546' title='bbox 1244 4737 1525 4796; x_wconf 88' lang='lat' dir='ltr'>magnum</span> <span class='ocrx_word' id='word_1_547' title='bbox 1558 4719 1852 4779; x_wconf 88' lang='lat' dir='ltr'>dicentem</span> <span class='ocrx_word' id='word_1_548' title='bbox 1900 4724 1960 4779; x_wconf 92' lang='lat' dir='ltr'>et</span> <span class='ocrx_word' id='word_1_549' title='bbox 2006 4721 2203 4780; x_wconf 85' lang='lat' dir='ltr'>verbis</span> <span class='ocrx_word' id='word_1_550' title='bbox 2234 4722 2357 4779; x_wconf 87' lang='lat' dir='ltr'>illis</span> <span class='ocrx_word' id='word_1_551' title='bbox 2389 4721 2648 4796; x_wconf 88' lang='lat' dir='ltr'>aliquam</span> <span class='ocrx_word' id='word_1_552' title='bbox 2679 4719 2930 4796; x_wconf 88' lang='lat' dir='ltr'>gratiam</span> <span class='ocrx_word' id='word_1_553' title='bbox 2967 4735 3097 4776; x_wconf 88' lang='lat' dir='ltr'>coo-</span> 
     </span>
    </p>
   </div>
  </div>
 </body>
</html>
