3538 5364
616 302 750 369 484
1319 295 1502 347 Tract.
1533 294 1624 347 IX.
1653 293 1723 347 de
1749 293 2126 364 poenitentia.
2154 293 2526 359 Quaestiones

615 476 885 540 bibitam
915 474 1418 540 satisfactionem
1450 475 1670 539 datam
1701 473 1896 539 fuisse
1928 474 2416 554 absolutionem,
2450 484 2522 542 ut
2554 477 2969 554 moribundiS,
3003 479 3236 560 poeni-

615 583 898 648 tentibus
915 584 1288 648 imminente
1307 601 1480 647 nova
1516 583 1980 665 persecutione,
2011 583 2114 648 vel
2145 583 2199 647 si
2232 583 2405 665 quod
2437 583 2765 665 specimen
2796 585 3072 650 eximiae
3103 586 3234 649 vir-

615 691 769 755 tutis
801 691 1166 767 edidissent,
1197 688 1299 755 vel
1329 690 1382 753 si
1415 708 1496 754 ex
1528 689 1727 753 dilata
1756 688 2164 755 absolutione
2195 691 2424 755 merito
2446 690 2782 754 timeretur
2804 692 3107 770 schisma,
3126 692 3232 757 vel

616 798 674 862 si
702 817 782 864 ex
813 797 1216 861 absolutione
1247 815 1399 860 mox
1428 813 1743 860 concessa
1787 815 1935 877 spes
1980 796 2312 878 affulgeret
2354 796 2571 877 magni
2618 796 2777 861 lucri
2810 797 3231 885 (spiritualis).

613 904 777 986 Ergo
808 904 1094 969 Ecclesia
1122 904 1389 985 antiqua
1420 920 1553 966 non
1585 903 1840 967 censuit
1867 903 2001 967 sive
2037 921 2113 967 ex
2145 905 2237 969 rei
2270 912 2523 981 natura,
2565 904 2700 968 sive
2732 922 2811 968 ex
2836 905 2982 986 jure
3014 906 3232 970 divino

613 1010 1151 1093 praemittendam
1181 1010 1553 1075 necessario
1589 1027 1734 1074 esse
1767 1009 2158 1073 absolutioni
2190 1009 2715 1074 satisfactionem.
2766 1009 2981 1089 Quare
3012 1012 3232 1077 Eccle-

613 1118 712 1181 sia
741 1118 905 1182 sicut
936 1117 1260 1200 quondam
1287 1116 1478 1197 justis
1523 1116 1604 1180 de
1650 1116 1864 1179 causis
1909 1133 2105 1198 saepe
2153 1115 2614 1197 praeexigebat
2645 1117 3151 1184 satisfactionem
3168 1122 3232 1205 ¹),

610 1226 704 1289 ita
731 1225 968 1306 poterit
997 1211 1192 1287 modo
1225 1229 1529 1288 contenta
1559 1223 1698 1286 solo
1731 1223 2122 1304 poenitentis
2154 1223 2485 1304 proposito
2531 1229 2682 1288 ante
2726 1223 3233 1290 satisfactionem

613 1332 967 1396 concedere
999 1330 1487 1395 absolutionem.
1550 1328 1693 1408 Qua
1726 1329 1792 1392 in
1823 1330 2005 1411 praxi

790 1458 856 1524 3.
888 1456 1173 1521 Ecclesia
1202 1456 1487 1520 imitatur
1505 1455 1728 1531 Deum,
1764 1456 1873 1538 qui
1893 1462 2232 1521 contentus
2254 1456 2392 1521 solo
2427 1458 2758 1539 proposito
2795 1459 3232 1523 satisfaciendi

611 1563 891 1646 perfecte
922 1564 1212 1627 contritis
1243 1569 1512 1645 peccata
1545 1563 1891 1627 condonat.

795 1703 938 1758 502.
986 1687 1353 1758 Scholion.
1429 1694 1796 1765 Quaestiones
1839 1694 1907 1751 de
1949 1696 2352 1769 satisfactione.
2386 1730 2472 1739 —-
2504 1696 2685 1754 Plura
2716 1696 2789 1754 de
2822 1694 3231 1754 satisfactione

613 1783 818 1860 quaeri
849 1783 1058 1854 solent,
1092 1801 1244 1858 quae
1275 1782 1478 1861 paucis
1509 1782 1907 1858 expediemus,
1975 1782 2293 1852 Quaeritur

794 1869 853 1936 l.
883 1891 1174 1948 quaenam
1217 1871 1343 1930 sint
1386 1872 1888 1930 conditiones
1933 1872 2295 1931 necessariae
2325 1875 2458 1931 tum
2504 1892 2572 1931 ex
2619 1876 2787 1950 parte
2831 1874 3045 1948 operia,
3093 1875 3229 1932 tum

609 1980 681 2022 ex
724 1964 893 2063 parte
936 1961 1238 2038 operantis
1281 1960 1357 2019 ad
1385 1960 1865 2020 satisfactionem.
1911 1961 2292 2037 Respondent
2320 1962 2598 2040 theologi,
2628 1963 2866 2021 easdem
2898 1962 3231 2039 generatim

609 2051 854 2126 requiri,
885 2069 1037 2126 quae
1065 2050 1139 2109 ad
1170 2050 1530 2108 meritum
1564 2045 1649 2131 (n.
1673 2057 1798 2110 226
1824 2047 1960 2133 ss.;)
1994 2049 2255 2126 insuper,
2288 2051 2341 2109 si
2374 2069 2564 2110 sermo
2596 2055 2686 2110 est
2717 2052 2790 2110 de
2821 2051 3230 2110 satisfactione

609 2158 718 2217 pro
749 2158 938 2217 poena
967 2157 1075 2199 seu
1105 2139 1176 2198 de
1205 2139 1613 2214 redemptione
1645 2157 1884 2213 poenae,
1936 2139 2111 2216 exigi,
2162 2143 2235 2197 ut
2278 2157 2427 2215 opus
2475 2140 2559 2199 sit
2599 2141 2803 2216 aliquo
2833 2140 3009 2199 modo
3048 2159 3229 2240 poe-

609 2230 800 2288 nale.
862 2228 1014 2288 Nam
1044 2229 1151 2286 hac
1181 2227 1582 2286 satisfactione
1613 2230 2026 2303 praevenimus
2051 2229 2312 2304 judicem
2359 2232 2422 2287 et
2463 2230 2800 2289 voluntarie
2832 2230 3122 2306 punimus
3169 2231 3231 2287 in

608 2316 783 2377 nobis
814 2322 1134 2395 peccatum,
1167 2335 1275 2393 pro
1307 2335 1426 2392 quo
1456 2316 1721 2391 alioquin
1752 2316 1912 2375 Deus
1945 2335 2055 2375 nos
2088 2317 2442 2392 punivisset.
2489 2319 2570 2377 cf.
2603 2337 2649 2377 a.
2681 2319 3001 2378 Thomas
3034 2320 3232 2395 suppl.

610 2427 668 2485 q.
705 2417 781 2471 15
817 2427 866 2466 a.
904 2418 958 2470 1.
1021 2406 1292 2465 Ceterum
1337 2406 1402 2463 in
1445 2405 1744 2482 praesenti
1788 2406 1994 2464 ordine
2039 2424 2211 2464 omne
2254 2407 2477 2466 bonum
2517 2426 2668 2483 opus
2701 2412 2944 2484 propter
2975 2410 3230 2466 naturae

608 2500 841 2557 nostrae
869 2496 1281 2555 infirmitatem
1313 2494 1943 2571 concupiscentiaeque
1972 2496 2428 2571 repugnantiam
2460 2497 2599 2571 plus
2631 2498 2902 2556 minusve
2949 2500 3047 2555 est
3090 2516 3228 2573 poe-

607 2587 760 2656 nale,
790 2586 930 2645 hinc
962 2584 1437 2643 satisfactorium.
1504 2583 1846 2642 Notandum
1893 2601 2032 2642 vero
2077 2588 2186 2653 est,
2232 2603 2379 2660 opus
2426 2588 2735 2644 externum
2783 2604 3005 2662 augere
3054 2587 3226 2645 satis-

607 2676 879 2736 factionis
910 2674 1215 2745 virtutem,
1248 2673 1388 2750 quia
1419 2676 1601 2750 auget
1618 2673 2039 2749 poenalitatem
2070 2692 2235 2733 secus
2265 2693 2332 2733 ac
2362 2674 2426 2733 in
2454 2676 2685 2746 merito,
2720 2675 2876 2751 quod
2911 2695 3099 2751 opere
3133 2696 3219 2735 ex·

606 2769 796 2836 terno,
830 2764 1036 2824 ceteris
1056 2763 1321 2840 paribuS,
1357 2763 1566 2821 saltem
1587 2763 1916 2821 secundum
1934 2763 2139 2839 plures
2159 2763 2465 2840 theologos
2498 2783 2621 2823 non
2651 2769 2908 2842 augetur
2938 2759 3026 2847 (n.
3055 2772 3210 2835 228).

783 2887 852 2954 2.
904 2889 1240 2958 Quaeritur,
1291 2888 1514 2964 quibus
1562 2888 1914 2963 praesertim
1964 2889 2243 2964 operibus
2294 2889 2566 2948 satisfieri
2616 2889 2822 2964 possit.
2889 2889 3227 2964 Respondet-

606 2999 762 3040 conc.
809 2978 1336 3038 tridentinum
1381 2996 1524 3041 sese.
1566 2989 1640 3039 14
1675 2995 1801 3052 cap.
1838 2988 1905 3039 9:
1956 2978 2180 3047 ,Docet
2222 2982 2525 3053 praeterea
2571 2996 2616 3036 s.
2662 2978 2946 3054 synoduS,
2995 2982 3228 3037 tantam

825 3171 862 3239 ¹)
890 3166 1011 3221 Hoc
1036 3165 1281 3219 dicimus
1307 3164 1368 3218 in
1395 3165 1718 3235 hypothesi.
1760 3165 1809 3218 si
1850 3181 1983 3218 vera
2024 3165 2101 3219 sit
2137 3164 2423 3219 sententia
2463 3164 2844 3219 communiter
2870 3182 2905 3218 a
2937 3166 3227 3236 theologis

604 3250 848 3316 recepta,
875 3245 1294 3301 absolutionem
1321 3261 1355 3297 a
1381 3245 1629 3314 peccatis
1655 3245 1794 3299 olim
1821 3246 2159 3313 plerumque
2187 3246 2380 3298 datam
2408 3261 2524 3298 non
2551 3243 2726 3298 fuisse
2749 3243 2862 3298 nisi
2882 3243 2944 3297 in
2967 3245 3083 3300 fine
3104 3246 3224 3298 diu-

603 3330 806 3382 turnae
833 3325 1222 3397 poenitentiae
1250 3326 1339 3379 vel
1365 3341 1541 3395 prope
1567 3325 1735 3379 finem
1762 3342 1850 3381 ex.
1876 3343 1961 3395 gr.
1988 3327 2119 3394 post
2155 3326 2477 3379 absolutam
2504 3322 2731 3378 tertiam
2759 3325 3071 3379 stationem
3099 3327 3225 3379 sub-

602 3406 914 3463 strationis.
941 3406 1154 3461 Verum
1174 3406 1314 3459 haec
1334 3405 1617 3460 sententia
1639 3405 1964 3460 nullatenus
1992 3404 2219 3458 videtur
2241 3422 2403 3475 posse
2424 3404 2668 3475 probari.
2697 3403 2835 3469 Quis
2859 3405 3013 3459 enim
3038 3407 3225 3474 putet,

601 3488 1020 3544 absolutionem
1041 3485 1307 3555 pluribus
1326 3485 1492 3539 annis
1514 3486 1689 3539 fuisse
1709 3486 2027 3555 sejunctam
2047 3501 2081 3537 a
2101 3488 2466 3555 peccatorum
2483 3484 2835 3540 confessione
2857 3502 2956 3539 seu
2979 3486 3220 3540 formam

599 3585 638 3622 a
651 3567 886 3623 materia
902 3588 916 3632 ;
942 3569 998 3621 et
1017 3564 1129 3619 nisi
1146 3568 1393 3619 statuere
1424 3565 1665 3618 velimus
1682 3563 2070 3633 poenitentem
2102 3563 2422 3633 obligatum
2439 3562 2612 3617 fuisse
2634 3563 2722 3617 bis
2740 3563 2938 3619 eadem
2960 3564 3221 3619 confiteri

599 3650 849 3720 peccata,
876 3647 1030 3715 quod
1057 3644 1400 3708 inauditum,
1429 3644 1714 3712 quomodo
1741 3643 2024 3713 potuisset
2063 3643 2320 3697 sacerdos
2358 3644 2650 3698 absolvere
2675 3645 3090 3714 poenitentem,
3117 3644 3219 3712 qui

597 3731 733 3782 ante
757 3722 986 3795 aliquot
1008 3742 1188 3779 annos
1213 3723 1324 3778 sibi
1349 3725 1637 3778 confessus
1664 3722 1815 3776 fuit?
1866 3722 2015 3787 Quid
2043 3721 2091 3775 si
2116 3723 2392 3787 sacerdos,
2426 3722 2521 3776 cui
2546 3723 2846 3792 poenitens
2872 3739 2978 3776 sua
3003 3724 3220 3777 confes·

598 3825 694 3861 sus
736 3809 823 3862 est
848 3808 1096 3877 peccata.
1141 3804 1370 3857 interim
1411 3806 1723 3856 moreretur
1738 3812 1760 3857 ἱ)
1812 3801 1995 3867 Quare
2040 3802 2144 3856 illa
2187 3801 2473 3856 absolutio
2518 3807 2575 3855 et
2615 3802 3025 3867 reconciliatio,
3073 3818 3217 3871 quae

597 3887 761 3943 finita
775 3885 1132 3958 poenitentia
1147 3883 1389 3937 solemni
1409 3883 1670 3947 dabatur,
1698 3882 1814 3936 fuit
1838 3883 2065 3935 tantum
2092 3900 2122 3936 c
2137 3898 2170 3934 a
2186 3897 2216 3934 e
2233 3900 2260 3934 r
2275 3898 2304 3935 e
2322 3900 2376 3934 m
2393 3898 2425 3936 o
2442 3882 2517 3935 ni
2534 3884 2601 3937 al
2616 3882 2638 3935 i
2654 3900 2679 3935 s
2697 3903 2709 3936 ε
2736 3898 2868 3937 nam
2894 3881 3055 3937 illam
3082 3883 3214 3935 dare

596 3968 816 4023 solebat
839 3969 1159 4037 episcopus,
1187 3964 1289 4034 qui
1314 3967 1462 4017 certe
1487 3979 1603 4017 non
1629 3963 1886 4017 omnium
1928 3962 2219 4032 lapsorum
2252 3961 2519 4016 audierat
2542 3962 2943 4027 confessiones,
2970 3978 3212 4031 eamque

595 4064 761 4118 saepe
788 4048 965 4101 dabat
988 4045 1251 4115 pluribus
1285 4043 1470 4100 simuL
1525 4042 1708 4108 Quare
1750 4042 2047 4113 probabile
2086 4042 2396 4096 admodum
2425 4042 2669 4107 videtur,
2710 4058 2930 4112 semper
2958 4042 3211 4114 viguisse

595 4129 815 4200 praxim
839 4127 1019 4193 illam,
1047 4141 1220 4195 quam
1265 4125 1516 4178 inculcat
1558 4141 1599 4176 s.
1628 4122 1672 4174 B
1689 4140 1721 4176 o
1737 4123 1813 4178 ni
1830 4123 1900 4174 fa
1917 4122 1976 4175 ti
1993 4140 2030 4174 u
2048 4138 2071 4174 s
2116 4121 2177 4175 in
2219 4121 2461 4176 concilio
2508 4123 2572 4176 le
2591 4140 2628 4192 p
2646 4122 2759 4175 tin
2776 4139 2804 4176 e
2821 4141 2859 4175 n
2877 4141 2902 4177 s
2920 4123 2940 4177 i
2985 4126 3058 4196 (a.
3088 4128 3209 4181 743)

595 4210 724 4263 stat.
750 4216 811 4265 31
838 4230 850 4263 ι
879 4206 1086 4270 „Curet
1100 4203 1497 4272 unusquisque
1513 4204 1810 4271 presbyter
1835 4220 1859 4254 s
1877 4205 1901 4254 t
1915 4218 1949 4254 a
1965 4201 2096 4254 tim
2124 4203 2255 4271 post
2278 4205 2569 4272 acceptam
2586 4202 2999 4256 confessionem
3017 4204 3211 4273 poeni·

594 4289 839 4344 tentium
866 4287 1126 4358 singulos
1152 4286 1287 4339 data
1315 4283 1569 4337 oratione
1594 4281 2001 4338 reconciliari.“
2045 4281 2206 4334 Hanc
2230 4297 2401 4349 porro
2427 4282 2770 4336 sententiam
2798 4281 3067 4351 pluribus
3092 4285 3210 4337 tue-

592 4371 688 4423 tur
714 4368 756 4422 F
772 4368 958 4422 rank
984 4367 1077 4421 die
1104 4364 1523 4434 Bussdisciplin
1549 4364 1649 4417 der
1674 4362 1885 4416 Kirche
1913 4362 1979 4415 V.
2010 4367 2059 4427 6,
2087 4364 2398 4429 praeeunte
2424 4364 2473 4414 A
2490 4381 2547 4415 m
2564 4379 2596 4417 o
2614 4380 2641 4414 r
2658 4365 2683 4416 t
2709 4362 2882 4415 theol.
2909 4363 3012 4417 ecl.
3041 4366 3113 4417 tr.
3138 4363 3205 4416 de

592 4448 804 4519 poenit.
830 4448 976 4519 disp.
1003 4458 1034 4504 5
1062 4465 1116 4515 q.
1142 4453 1176 4503 3
1202 4463 1292 4516 op.
1319 4444 1415 4509 ΙΙΙ,
1448 4448 1726 4500 199-216
1753 4445 2048 4513 Augustae
2076 4442 2142 4494 V.
2174 4445 2325 4505 1752,
2365 4441 2438 4494 W
2455 4442 2475 4495 i
2493 4458 2736 4497 seman
2776 4440 2870 4495 die
2912 4443 3205 4497 vornehm-

591 4532 715 4584 sten
743 4529 962 4582 Lehren
987 4527 1107 4580 und
1136 4524 1467 4579 Gebrauche
1511 4524 1611 4576 der
1636 4522 1797 4577 kath.
1825 4520 2031 4575 Kirche
2075 4538 2206 4591 pag.
2234 4529 2368 4581 443:
2413 4522 2650 4578 eandem
2692 4526 3017 4592 sequuntur
3059 4522 3209 4576 Pal-

589 4608 808 4663 mieri
833 4608 895 4662 in
912 4624 1044 4677 app.
1065 4606 1133 4659 de
1151 4606 1373 4675 indulg.
1400 4613 1427 4671 5
1454 4609 1516 4661 2;
1544 4603 1579 4657 S
1598 4602 1875 4656 chmitz
1903 4600 2181 4654 Katholik
2204 4608 2341 4657 1885
2358 4603 2399 4665 I,
2416 4608 2520 4659 349
2536 4619 2639 4661 ss,;
2665 4602 2908 4657 Wildt
2932 4601 3204 4657 Kir0hen·

589 4689 696 4743 lex.
723 4689 790 4753 11,
824 4693 988 4746 1608;
1043 4685 1085 4738 P
1103 4684 1272 4739 esch
1298 4684 1403 4736 VlI
1430 4702 1484 4737 n.
1515 4690 1619 4739 268
1645 4700 1713 4736 ss.
1761 4682 1844 4739 Cf.
1884 4682 1953 4735 de
1994 4680 2118 4750 ipsa
2158 4699 2323 4751 prop.
2364 4681 2493 4738 Nat.
2535 4686 2584 4735 A
2606 4682 2925 4737 lexande
2943 4701 2970 4736 r
3011 4683 3144 4737 diss.
3169 4690 3203 4739 9

588 4768 651 4822 in
674 4784 780 4823 sec.
807 4773 871 4827 3:
900 4764 1236 4819 Morinus
1263 4764 1304 4829 I,
1339 4770 1430 4821 19:
1458 4762 1555 4829 VI,
1583 4772 1680 4822 ⁶24:
1708 4763 1802 4827 IX,
1832 4769 1864 4820 6
1890 4779 1960 4815 ss.
