3538 5364
925 314 1122 370 Thesis
1149 314 1330 369 CCIX.
1358 311 1804 368 Protestantium
1830 327 2042 367 errores
2066 310 2429 367 refelluntur.
2636 361 2643 368 .
2860 317 2996 380 219

371 499 745 564 testantium
778 498 860 563 de
893 496 1311 562 sacramentis
1333 495 1722 577 approbaret
1752 511 2033 559 errores:
2066 493 2196 556 imo
2230 489 2647 557 revelationis
2668 491 2990 555 evidentia

366 607 632 671 inducta
677 624 810 670 non
855 604 1054 669 semel
1085 603 1444 667 doctrinam
1476 601 1860 665 catholicam
1893 599 2263 664 solemniter
2306 596 2598 680 professa
2643 604 2762 671 est,
2806 603 2880 661 ut
2923 597 2989 660 in

370 713 620 795 synodo
654 714 719 777 in
751 712 913 777 urbe
943 712 1130 793 Jassy
1175 728 1230 773 a.
1271 714 1439 779 1642
1483 707 1705 772 habita
1736 707 2071 771 declarans
2117 726 2173 788 q.
2207 708 2293 773 99
2338 709 2816 768 sacramentum
2849 722 2993 769 esse

373 820 894 894 ‚caeremoniam
926 834 1195 893 sacram,
1242 834 1407 898 quae
1452 815 1572 879 sub
1606 813 1812 878 forma
1841 813 2072 877 visibili
2101 812 2397 895 producit
2428 810 2538 876 Dei
2586 810 2856 891 gratiam
2891 810 2989 873 in-

363 927 682 991 visibilem
715 926 1116 1008 eandemque
1146 924 1212 987 in
1244 923 1529 987 animam
1560 922 1811 987 fidelem
1842 920 2170 1001 infundit}

544 1056 696 1119 256.
729 1052 986 1119 ThOSlS
1016 1048 1260 1119 CCIX·
1300 1071 1640 1123 Doctrina
1656 1067 2200 1135 protestantium
2231 1065 2317 1120 de
2345 1064 2727 1129 efficientia
2744 1076 2990 1117 sacra·

365 1165 794 1228 mentorum,
829 1168 1177 1228 quatenus
1213 1161 1362 1216 illis
1398 1161 1582 1214 hanc
1619 1173 1843 1213 tanam
1880 1160 2209 1211 asserunt
2235 1158 2587 1223 ver-tutem,
2613 1158 2798 1224 quod
2834 1157 2981 1209 sint

363 1254 470 1307 vel
506 1255 567 1307 1.
604 1256 815 1321 ciana
852 1258 918 1307 et
952 1259 1269 1319 tesserae,
1305 1253 1555 1321 quibus
1589 1265 1636 1303 a
1659 1251 1953 1318 joadaeis
1991 1254 2056 1303 et
2080 1248 2459 1315 vernilibus
2482 1249 2988 1303 discernantur

366 1345 784 1408 christiam,-
833 1344 940 1396 vel
975 1343 1040 1395 2.
1077 1343 1340 1409 nivilla,
1376 1343 1625 1408 quibus
1675 1342 1956 1398 divinae
1989 1339 2493 1406 promissiones
2530 1339 2991 1404 obsiqnentur

364 1447 447 1487 ac
475 1434 658 1498 fides
694 1437 943 1488 nostra
980 1434 1321 1486 excitetur
1358 1437 1423 1486 et
1460 1433 1953 1496 confir-metum
1988 1430 2095 1484 vel
2132 1429 2200 1483 3.
2237 1431 2466 1494 erana,
2505 1429 2756 1494 quibus
2782 1428 2987 1481 hovno

367 1524 720 1578 Ecclesiae
768 1536 839 1575 se
883 1522 1131 1587 probet
1182 1521 1637 1575 candidatum
1693 1524 1758 1573 et
1795 1519 2093 1573 militem
2148 1519 2429 1583 Christi,
2473 1518 2669 1583 falsa
2720 1518 2987 1571 censeri

364 1614 584 1678 debet,
619 1625 747 1665 nec
781 1611 928 1665 ullo
964 1611 1372 1677 Scriptus-ae
1409 1609 1807 1663 testimonio
1843 1610 2125 1662 innixa.

545 1715 1099 1783 Demonstratlo
1134 1734 1201 1799 p.
1233 1713 1295 1783 Ῐ.
1341 1718 1518 1776 Thasi
1545 1718 1652 1776 hac
1681 1717 1978 1794 triplicem
2000 1715 2372 1775 excludimus
2394 1716 2465 1774 de
2488 1718 2988 1774 sacramentorum

367 1810 630 1869 efficacia
674 1828 959 1878 errorem3
1020 1808 1248 1884 primus
1294 1811 1388 1866 est
1432 1807 2044 1876 socinianorum,
2092 1806 2242 1864 alter
2288 1805 2883 1863 lutheranorum
2930 1809 2993 1862 et

368 1898 1010 1969 calvinistarum,
1061 1898 1278 1956 tertius
1328 1896 1992 1974 zwinglianorum.
2058 1894 2271 1953 Contra
2318 1895 2574 1970 primum
2626 1898 2687 1951 et
2736 1893 2990 1952 alterum

368 1989 590 2047 statuit
633 1987 951 2046 concilium
994 1987 1174 2045 trid.
1221 2004 1363 2045 sess.
1401 1999 1432 2049 ’7
1478 2004 1603 2044 can.
1640 1996 1708 2049 6:
1762 1985 1869 2053 ,Si
1918 1984 2054 2059 quis
2106 1983 2339 2053 dixerit,
2392 1985 2756 2042 sacramenta
2805 2001 2992 2042 novae

366 2078 543 2155 Legis
574 2095 695 2135 non
726 2076 1028 2136 continere
1057 2077 1326 2153 gratiam,
1369 2094 1545 2151 quam
1580 2075 1935 2152 significant,
1968 2075 2075 2132 aut
2105 2072 2360 2149 gratiam
2393 2073 2579 2149 ipsam
2613 2090 2733 2130 non
2765 2091 2989 2148 ponen-

366 2168 533 2226 tibus
563 2165 787 2224 obicem
820 2184 942 2224 non
971 2166 1255 2241 conferre,
1287 2165 1454 2240 quasi
1486 2165 1653 2241 signa
1682 2167 1919 2223 tantum
1950 2165 2190 2221 externa
2222 2161 2346 2220 sint
2376 2164 2646 2237 acceptae
2679 2180 2784 2237 per
2815 2161 2990 2219 fidem

367 2257 595 2332 gratiae
626 2255 722 2314 vel
746 2255 1038 2329 justitiae,
1085 2257 1148 2313 et
1191 2257 1366 2313 notae
1405 2254 1694 2329 quaedam
1726 2253 2080 2312 christianae
2112 2250 2515 2326 professionis,
2562 2250 2784 2325 quibus
2832 2249 2990 2326 apud

369 2346 640 2404 homines
674 2343 1094 2403 discernuntur
1122 2342 1326 2402 fideles
1357 2344 1430 2401 ab
1462 2342 1821 2412 infidelibus,
1857 2344 1924 2401 A.
1960 2342 2056 2401 S.‘
2125 2339 2503 2399 Refelluntur
2548 2345 2746 2398 autem
2794 2340 2856 2397 hi
2899 2358 2990 2397 er·

368 2453 552 2505 rores,
588 2436 886 2507 quatenus
916 2433 1239 2491 excludunt
1269 2452 1303 2491 a
1334 2432 1716 2491 sacramentis
1736 2450 1970 2490 omnem
1992 2430 2170 2488 aliam
2192 2430 2476 2487 virtutem
2498 2429 2796 2487 corollarii
2818 2428 2994 2487 modo

367 2543 436 2582 ex
467 2523 628 2581 thesi
661 2522 1052 2597 praecedenti.

548 2612 860 2670 Praeterea
878 2629 1161 2689 urgemus
1194 2614 1400 2670 contra
1430 2610 1625 2687 prim
1643 2629 1759 2668 um
1792 2627 2068 2679 errorem,
2103 2608 2153 2666 si
2183 2609 2545 2665 sacramenta
2564 2608 2803 2665 tantum
2824 2605 2994 2682 signa

368 2702 721 2761 distinctiva
765 2704 926 2773 sunt,
971 2716 1035 2767 a.
1080 2720 1285 2760 eorum
1322 2719 1639 2760 numerum
1684 2701 1845 2758 ultra
1889 2699 1975 2757 fas
2022 2699 2247 2775 augeri,
2294 2716 2429 2756 cum
2461 2696 2736 2771 plurimis
2770 2696 2988 2754 ritibus

369 2791 679 2851 christiani
733 2810 767 2848 a
810 2809 927 2849 non
974 2790 1316 2849 christianis
1362 2793 1772 2857 secernantur3
1827 2786 1899 2852 b.
1950 2788 2278 2864 principem
2318 2785 2669 2845 sacramenti
2700 2785 2990 2844 rationem

368 2885 704 2956 competere
736 2879 1089 2955 professioni
1119 2879 1275 2954 fidei,
1324 2898 1458 2938 cum
1497 2879 1610 2937 fide
1639 2880 1891 2938 maxime
1921 2880 1995 2936 ab
2028 2877 2279 2935 invicem
2316 2877 2737 2951 sejungantur3
2785 2888 2849 2937 e.
2901 2893 2992 2932 sa—

368 2974 673 3028 cramenta
702 2969 778 3027 ab
810 2968 1151 3028 hominibus
1183 2968 1425 3028 institui
1456 2986 1645 3045 posse.

551 3058 812 3116 Alteri
843 3058 1028 3117 errori
1058 3073 1123 3121 a.
1155 3058 1510 3134 opponimus
1539 3060 1774 3133 praeter
1804 3056 1965 3115 dicta
1994 3074 2051 3114 n.
2077 3054 2240 3118 255⁸
2271 3054 2544 3124 absurda,
2579 3072 2730 3128 quae
2761 3072 2831 3111 ex
2866 3054 2995 3128 ipso

367 3151 740 3224 sequnntur:
774 3147 1049 3222 sequitur
1078 3148 1236 3206 enim
1270 3147 1538 3206 sufficere
1568 3146 1640 3205 ad
1674 3145 2029 3204 sacramenti
2060 3144 2504 3219 percipiendum
2526 3143 2808 3212 fructum,
2842 3142 2995 3200 illud

367 3243 610 3296 tantum
641 3236 843 3295 videre
874 3236 1044 3294 alteri
1082 3256 1130 3295 v.
1163 3255 1252 3314 gr.
1297 3235 1818 3302 administratum;
1866 3234 2119 3308 ideoque
2152 3233 2388 3292 unicam
2422 3232 2773 3290 sacramenti
2805 3231 2994 3289 admi·

365 3325 790 3384 nistrationem
820 3326 1099 3383 omnibus
1131 3342 1301 3402 posse
1331 3325 1606 3401 prodesse
1650 3323 2054 3391 adstantibus;
2112 3321 2408 3380 hominem
2456 3339 2630 3397 posse
2675 3321 2995 3379 instituere

369 3419 771 3474 sacramenta:
816 3433 955 3472 nam
1000 3433 1138 3473 sane
1185 3414 1314 3490 ipse
1359 3417 1556 3490 potest
1600 3412 1996 3472 determinare
2034 3411 2221 3469 ritum
2250 3413 2460 3486 aptum
2506 3411 2577 3468 ad
2624 3409 2992 3468 excitandam

367 3504 568 3563 fidem.

551 3593 888 3653 Secundum
933 3593 1260 3652 tertium
1303 3611 1558 3651 errorem
1591 3590 1860 3649 homines
1906 3609 2011 3665 per
2057 3593 2422 3648 sacramenta
2452 3592 2712 3666 agerent,
2760 3588 2849 3646 nil
2894 3607 2999 3664 pei·

367 3682 576 3740 eadem
606 3685 954 3758 operaretur
987 3683 1170 3750 Deus;
1204 3681 1365 3757 quod
1394 3681 1742 3740 adversatur
1774 3680 2068 3738 revelatae
2100 3678 2421 3748 doctrinae,
2456 3677 2784 3736 secundum
2820 3697 2998 3752 quam

371 3772 533 3829 Deus
579 3791 686 3847 per
727 3775 1094 3830 sacramenta
1124 3771 1428 3830 hominum
1459 3774 1741 3847 operatur
1773 3769 2044 3828 salutem.
2111 3768 2203 3826 Ad
2253 3769 2394 3826 haec
2444 3766 2724 3825 solemnis
2774 3766 3000 3842 pariter

367 3863 466 3918 est
495 3859 793 3919 Ecclesiae
826 3860 1110 3931 doctrina,
1157 3864 1523 3918 sacramenta
1567 3879 1602 3917 a
1647 3859 1966 3917 Salvatoris
2006 3858 2241 3917 meritis
2289 3875 2520 3916 omnem
2554 3874 2722 3914 suam
2755 3855 2997 3913 trahere

367 3950 513 4018 vim,
547 3949 708 4024 quod
741 3949 804 4006 in
836 3948 943 4007 illa
973 3949 1252 4024 opinione
1286 3948 1438 4007 serio
1469 3948 1715 4006 affimari
1751 3948 1984 4022 nequit.

556 4083 702 4137 257.
735 4069 1280 4136 Demonstrntlo
1313 4088 1382 4153 p.
1417 4068 1522 4135 ll.
1592 4072 1924 4131 Provocant
1955 4075 2354 4148 protestantes
2387 4071 2461 4128 ad
2494 4069 2637 4128 haec
2669 4071 2729 4127 et
2761 4070 3000 4146 gemina

367 4163 742 4221 testimonia:
775 4164 905 4220 Act.
943 4171 1039 4231 15,
1079 4172 1146 4224 9:
1195 4162 1339 4220 Fide
1359 4163 1694 4236 purificans
1725 4164 1904 4220 corda
1937 4180 2176 4232 eorum;
2216 4161 2380 4218 Rom.
2422 4171 2471 4230 l,
2515 4170 2625 4222 17:
2674 4158 2883 4217 Justus
2930 4178 2999 4217 ex

363 4253 485 4324 fide
526 4254 704 4323 vivit,·
761 4262 855 4322 10,
907 4261 963 4313 4.
1014 4261 1081 4322 8;
1147 4262 1200 4314 1.
1245 4251 1368 4311 Cor.
1425 4262 1520 4323 15,
1576 4263 1627 4314 1.
1666 4260 1732 4313 2:
1782 4251 1995 4309 Notum
2028 4251 2181 4308 vobis
2212 4251 2363 4322 facio
2396 4249 2795 4324 Evanyelium,
2849 4249 2999 4325 quod

359 4342 709 4416 praedicavi
740 4341 889 4399 vobis
922 4386 933 4397 .
970 4384 981 4396 .
1017 4385 1030 4398 .
1061 4359 1168 4415 per
1197 4341 1346 4417 quod
1376 4348 1426 4398 et
1458 4341 1768 4398 salvamini
1782 4361 1812 4412 ,·
1841 4340 1987 4415 Eph.
2013 4350 2067 4409 5,
2109 4348 2222 4408 263
2264 4351 2315 4400 1.
2347 4339 2503 4400 Petr.
2529 4347 2585 4408 3,
2625 4348 2692 4401 21
2740 4356 2818 4396 ss.
2854 4341 2996 4406 etc.;

367 4431 620 4506 insuper
650 4430 724 4488 ad
757 4429 954 4488 omnia
982 4429 1090 4488 illa
1120 4430 1477 4499 testimonia,
1512 4430 1735 4505 quibus
1767 4429 2052 4487 nituntur
2085 4427 2346 4504 probare,
2396 4428 2582 4486 solam
2616 4427 2788 4484 fldem
2813 4426 2997 4502 justi-

367 4520 544 4578 ficare
577 4515 755 4599 (quae
786 4517 856 4581 cf.
888 4538 946 4576 n.
988 4528 1105 4582 153
1143 4514 1268 4600 ss).
1322 4520 1545 4578 Verum
1575 4518 1833 4577 frustra:
1869 4521 2015 4576 sunt
2045 4516 2200 4574 enim
2239 4511 2302 4577 l.
2339 4516 2480 4573 haec
2512 4516 2855 4574 testimonia
2885 4514 2964 4573 af
2973 4546 2997 4557 -

366 4608 816 4679 firmantia,
862 4627 984 4667 non
1015 4608 1416 4678 excludentia3
1463 4607 1763 4666 affirmant
1793 4606 2034 4681 quidem
2067 4605 2206 4663 fidei
2239 4605 2312 4662 ad
2338 4604 2825 4678 justificationem
2859 4623 2996 4661 con·

366 4697 738 4773 sequendam
768 4697 1182 4755 necessitatem
1217 4700 1277 4755 et
1310 4697 1448 4767 vim,
1488 4716 1666 4772 quam
1697 4696 1859 4754 ultro
1891 4695 2300 4753 concedimus:
2348 4693 2451 4751 sed
2497 4694 2846 4751 nullatenus
2893 4711 2997 4750 ne—

362 4791 517 4865 gant
551 4790 1057 4846 sacramentorum
1088 4785 1424 4856 efficaciam,
1473 4805 1667 4862 neque
1699 4784 2027 4843 excludunt
2057 4802 2260 4844 eorum
2292 4782 2720 4841 necessitatem.
2787 4778 2849 4843 2.
2884 4781 2997 4838 Ex-
