3538 5364
1359 320 1400 356 s.
1430 301 1678 372 Spiritus
1705 302 1764 355 in
1789 300 1981 369 justis.
2847 307 2967 372 167

337 491 493 549 tiam
534 490 994 565 justificationis
1040 509 1159 548 non
1205 488 1505 547 habebant
1549 489 1608 546 vi
1654 489 1823 565 legiS,
1873 488 1974 546 sed
2020 488 2250 546 intuitu
2281 487 2631 545 meritorum
2663 485 2881 544 Christi
2915 489 2974 544 et

339 584 647 655 quatenus
678 579 795 637 fide
828 584 891 637 et
922 579 1167 637 caritate
1190 578 1537 653 spectabant
1559 579 1686 653 jam
1717 579 1788 635 ad
1811 578 1882 635 N.
1907 577 1987 645 T„
2010 578 2096 635 ita
2115 577 2389 645 etillam3
2423 572 2487 640 ⁶2.
2521 575 2758 634 concedi
2780 593 2973 650 posse,

340 669 573 746 gratiae
606 668 1034 726 abundantiam
1069 673 1129 727 et
1161 668 1420 743 Spiritus
1468 685 1513 725 s.
1559 668 2054 726 inhabitationem
2100 685 2219 725 non
2251 666 2439 724 fuisse
2471 665 2615 723 adeo
2647 665 2879 739 plenam
2915 668 2976 722 et

340 759 662 828 intensam,
709 761 782 816 ut
828 757 893 816 in
924 758 995 817 N.
1030 757 1092 821 Τ.
1138 756 1565 831 redemptionis
1598 758 1793 832 pretio
1816 757 1938 831 jam
1978 756 2312 831 persoluto;
2360 751 2422 819 3.
2471 755 2533 812 in
2579 754 2649 813 N.
2685 753 2746 810 Τ.
2779 753 2973 812 locum

342 848 566 905 habere
602 847 918 922 specialem
953 866 999 904 s.
1034 846 1290 922 Spiritus
1325 846 1836 915 inhabitationem,
1871 845 2066 921 qualis
2101 846 2165 903 in
2199 845 2263 906 V.
2295 845 2358 905 Τ.
2390 861 2511 901 non
2543 843 2675 913 suit,
2711 842 2836 900 scil.
2867 860 2974 917 per

342 938 715 994 sacramenta
746 936 1193 1005 consecratoria,
1228 935 1453 993 ordinis
1488 936 1834 1011 praesertim
1867 940 1927 993 et
1959 933 2437 995 confirmationis.

533 1073 679 1125 200.
715 1063 804 1121 De
836 1062 1247 1120 inhabitatione
1286 1082 1329 1118 s.
1367 1060 1643 1136 Spiritus.
1678 1096 1764 1107 —
1799 1063 1967 1122 Sicut
1998 1066 2196 1121 autem
2230 1059 2397 1117 facile
2430 1055 2722 1133 probatur
2752 1054 2971 1112 factum

347 1151 808 1210 inhabitationis
843 1151 1033 1209 sancti
1067 1150 1342 1225 Spiritus,
1376 1150 1462 1208 ita
1493 1151 1733 1213 difficile
1764 1158 1857 1210 est
1888 1153 2179 1230 explicare
2212 1149 2452 1208 modum
2487 1147 2666 1220 hujus
2698 1161 2973 1219 praesen-

343 1241 467 1299 tiae
500 1246 562 1300 et
594 1241 851 1303 unionis.
919 1239 1185 1298 Cavenda
1217 1241 1361 1297 sunt
1391 1238 1675 1302 nimirum
1724 1237 1783 1307 l.
1830 1243 1948 1301 duo
1981 1246 2338 1300 extrema.
2402 1237 2537 1294 Non
2583 1238 2668 1292 ita
2711 1233 2835 1291 scil.
2882 1235 2976 1290 est

344 1331 739 1401 extenuenda,
786 1335 857 1388 ut
902 1329 996 1387 vix
1043 1329 1454 1404 distinguatur
1493 1331 1567 1390 ab
1600 1352 1684 1403 ea,
1734 1352 1885 1407 quae
1918 1332 2170 1391 habetur
2200 1330 2259 1388 vi
2292 1322 2833 1400 omnipraesentiae,
2880 1322 2974 1379 vel

348 1420 684 1478 secundum
718 1419 1032 1494 specialem
1066 1418 1325 1493 aliquam
1358 1423 1776 1496 operationem,
1818 1423 1915 1479 vel
1958 1426 2252 1496 quatenus
2287 1415 2543 1489 Spiritus
2576 1431 2619 1471 s.
2655 1419 2747 1469 est
2778 1411 2974 1487 objec-

344 1514 482 1567 tum
517 1507 877 1584 cognitionis
910 1510 1145 1566 tantum
1176 1510 1498 1579 naturalis;
1546 1512 1735 1569 altera
1766 1530 1904 1568 vero
1937 1530 2002 1569 ex
2037 1515 2203 1582 parte
2236 1527 2303 1566 ea
2332 1523 2453 1563 non
2485 1507 2578 1561 est
2609 1502 2692 1559 ita
2724 1519 2973 1577 exagge-

345 1598 557 1665 randa,
606 1601 677 1656 ut
708 1598 786 1655 sit
819 1598 913 1655 vel
946 1597 1179 1655 dicatur
1211 1598 1517 1664 naturalis.
1567 1600 2002 1669 substantialis,
2036 1597 2426 1675 hypostatica,
2461 1592 2578 1650 nisi
2609 1591 2759 1648 forte
2791 1590 2972 1647 deno-

348 1687 606 1745 minatio
638 1689 881 1761 petatur
911 1705 978 1744 ex
1012 1685 1301 1755 termini8‚
1336 1689 1442 1761 qui
1473 1690 1787 1753 uniuntur.
1822 1708 1943 1747 non
1976 1709 2041 1747 ex
2077 1687 2345 1749 termino,
2382 1683 2484 1759 qui
2518 1700 2585 1739 ex
2616 1681 2724 1738 hac
2753 1679 2973 1737 unione

348 1776 575 1852 prodit.
643 1775 768 1833 Dici
800 1778 999 1834 tamen
1031 1772 1096 1836 2.
1133 1777 1326 1850 potest
1357 1778 1552 1849 realis,
1600 1779 1954 1855 ontologica‚
1990 1776 2371 1836 accidentalis
2404 1772 2659 1847 quidem,
2693 1768 2972 1837 relativa3

350 1865 612 1938 ideoque
646 1862 709 1926 3.
745 1864 1067 1922 maximum
1100 1868 1191 1922 est
1222 1863 1539 1926 discrimen
1572 1868 1731 1926 inter
1761 1868 1910 1926 hanc
1942 1868 2219 1926 unionem
2255 1869 2316 1922 et
2346 1862 2626 1922 unionem
2649 1858 2774 1916 sive
2799 1855 2972 1915 Verbi

351 1972 489 2012 cum
512 1954 773 2011 humana
792 1956 1009 2011 natura
1038 1958 1343 2026 assumpta
1375 1957 1500 2014 sive
1533 1957 1760 2015 animae
1792 1976 1924 2015 cum
1958 1975 2198 2031 corpore
2214 1954 2288 2031 ¹);
2324 1952 2395 2011 ad
2429 1956 2744 2023 utramque
2776 1952 2974 2004 tamen

351 2043 791 2117 quadamtenus
841 2042 1081 2104 accedit.
1141 2043 1307 2102 Sicut
1355 2046 1512 2104 enim
1565 2046 1792 2104 ratione
1823 2046 2060 2104 unionis
2092 2042 2494 2121 hypostaticae
2528 2037 2686 2095 filius
2719 2035 2975 2093 hominis

353 2136 448 2189 est
478 2132 669 2189 Filius
702 2132 807 2189 Dei
842 2132 1133 2190 naturalis
1179 2134 1239 2188 et
1283 2150 1457 2193 veru-³
1491 2135 1681 2193 Deus:
1730 2136 1816 2193 ita
1859 2136 2088 2194 ratione
2132 2134 2311 2208 hujus
2346 2128 2585 2189 unionis
2621 2125 2778 2183 filius
2812 2124 2974 2183 Adae

350 2221 628 2280 redditur
660 2215 896 2303 (saltem
926 2222 1100 2295 juxta
1130 2219 1413 2295 quosdam
1444 2220 1779 2305 theologos)
1829 2225 2055 2299 plene
2102 2223 2260 2280 filius
2305 2220 2411 2278 Dei
2449 2217 2763 2291 adoptivus
2795 2220 2973 2288 atque

353 2328 597 2368 consors
631 2311 869 2368 divinae
903 2314 1179 2379 naturae;
1226 2314 1286 2367 et
1333 2313 1489 2371 sicut
1520 2314 1748 2371 ratione
1781 2313 2020 2371 unionis
2055 2312 2285 2370 animae
2318 2328 2448 2367 cum
2485 2322 2725 2380 corpore
2758 2321 2972 2379 corpus

353 2400 505 2457 vivit
538 2399 721 2456 vitam
757 2399 1105 2457 animalem:
1154 2399 1239 2456 ita
1283 2401 1511 2460 ratione
1557 2402 1951 2460 inhabitantis
1987 2401 2246 2477 Spiritus
2282 2417 2325 2458 e.
2352 2396 2506 2472 justi
2542 2395 2758 2452 vivunt
2792 2393 2976 2451 vitam

353 2488 745 2563 spiritualem.
812 2488 967 2545 Hinc
1000 2489 1507 2563 Augustinus
1542 2492 1604 2549 in
1638 2491 1731 2549 Ps.
1772 2500 1848 2554 70
1886 2509 2056 2548 serm.
2095 2499 2128 2551 2
2164 2509 2220 2551 n.
2259 2498 2325 2551 3:
2375 2487 2582 2556 ,Duae
2620 2483 2778 2540 vitae
2812 2485 2973 2551 sunt,

353 2596 476 2635 una
507 2576 787 2651 corporis,
836 2577 1021 2634 altera
1064 2577 1322 2649 animae3
1376 2580 1535 2638 sicut
1579 2578 1703 2638 vita
1749 2579 2008 2653 corporis
2054 2584 2146 2636 est
2182 2577 2392 2645 anima,
2445 2574 2527 2633 sic
2577 2572 2703 2630 vita
2747 2572 2976 2629 animae

352 2666 590 2733 Deusz‘
639 2685 791 2740 quae
823 2666 1044 2741 passim
1078 2665 1314 2742 repetit.
1382 2668 1575 2738 Quare
1612 2663 1679 2731 4.
1717 2668 1977 2746 Spiritus
2026 2687 2071 2728 s,
2119 2666 2338 2742 illapsu
2369 2682 2474 2723 suo
2506 2680 2572 2721 ac
2605 2659 2976 2719 substantiae

351 2774 492 2813 suae
524 2756 922 2830 applicatione
946 2755 1100 2828 justi
1132 2756 1361 2817 animae
1394 2777 1455 2815 se
1489 2758 1773 2826 insinuat,
1823 2778 1944 2816 eam
1990 2757 2275 2833 pervadit,
2322 2773 2474 2813 nova
2517 2751 2640 2809 vita
2685 2750 2975 2824 novisque

350 2844 824 2919 proprietatibus
857 2845 1052 2906 donat.
1118 2844 1278 2913 Quae
1312 2846 1584 2905 doctrina
1615 2847 1834 2906 mirum
1882 2848 1943 2905 in
1990 2845 2229 2905 modum
2264 2845 2608 2902 illustratur
2638 2858 2706 2898 ex
2741 2841 2972 2897 sancto-

348 2952 483 2991 rum
515 2933 875 3010 biographia
907 2951 1026 2991 non
1059 2933 1251 2992 obiter
1280 2939 1481 2995 tamen
1514 2937 1796 3012 inspecta.

535 3069 682 3122 201.
730 3059 814 3117 De
861 3061 1221 3134 quaestione,
1268 3066 1476 3120 utrum
1510 3062 1650 3120 haec
1683 3062 1954 3137 specialis
1988 3059 2342 3118 inhabitatio
2376 3055 2626 3132 Spiritui
2660 3056 2862 3113 sancto
2896 3052 2978 3111 sit

348 3148 710 3224 propria,
745 3168 820 3206 an
851 3152 1085 3207 tantum
1121 3152 1666 3226 appropriata:
1706 3151 1871 3218 scias,
1906 3149 2366 3208 communiorem
2401 3165 2529 3205 esse
2560 3144 2971 3220 theologorum

348 3238 729 3306 sententiam,
764 3257 892 3296 eam
923 3241 1158 3297 tantum
1194 3240 1307 3314 ipsi
1339 3240 1724 3316 appropriari,
1759 3258 1890 3297 cum
1926 3257 2137 3316 graves
2170 3236 2369 3295 obsint
2390 3235 2789 3301 difficultates
2826 3233 2875 3291 si
2908 3251 2977 3290 ea

348 3326 604 3401 Spiritui
659 3345 704 3383 s.
755 3327 992 3402 propria
1041 3332 1359 3388 statuatur.
1426 3330 1557 3387 Non
1604 3333 1804 3386 tamen
1850 3327 2071 3385 desunt
2116 3325 2399 3402 theologi,
2446 3324 2551 3399 qui
2598 3322 2976 3380 distinctione

348 3417 506 3473 facta
539 3416 703 3473 inter
736 3415 1176 3474 inhabitati
1198 3436 1428 3486 onem,
1463 3437 1613 3493 quae
1634 3418 1962 3475 communis
1996 3420 2085 3474 est
2117 3415 2311 3473 tribus
2346 3413 2635 3488 personis,
2672 3415 2733 3469 et
2763 3411 2975 3469 unio·

344 3523 510 3562 nem
531 3548 545 3572 ,
580 3504 731 3561 hanc
764 3505 998 3579 proprie
1030 3506 1345 3564 convenire
1379 3506 1628 3581 Spiritui
1665 3511 1865 3564 sancto
1898 3507 2035 3581 plus
2069 3505 2342 3562 minusve
2374 3502 2590 3560 diserte
2623 3501 2973 3576 opinentur:

344 3610 456 3668 pro
477 3593 1103 3671 quasententiacitari
1126 3596 1322 3653 solent
1355 3596 1744 3664 Petavius,
1785 3594 2364 3661 Thomassinus,
2402 3592 2569 3650 Corn.
2602 3611 2636 3648 a
2666 3589 2972 3664 Lapide‚

347 3681 794 3758 Passaglia‚
830 3683 1238 3752 Schrader,
1274 3683 1665 3743 Scheeben
1700 3681 1896 3762 (Myst.
1931 3681 1963 3750 ἓ
2001 3693 2079 3745 29
2119 3680 2208 3758 s),
2257 3681 2655 3756 Matignon
2696 3684 2754 3737 et
2787 3679 2972 3736 Bor·

344 3771 707 3848 gianelli.
768 3771 838 3829 Ei
870 3772 1061 3830 favere
1093 3773 1374 3832 videntur
1406 3792 1473 3831 ea
1503 3774 1564 3831 in
1598 3773 1805 3847 primis
1841 3772 2180 3848 Scripturae
2213 3771 2387 3829 effata
2417 3769 2511 3828 JO.
2541 3779 2635 3836 14,
2678 3778 2751 3830 16
2790 3785 2835 3826 S.
2872 3776 2971 3835 25,

349 3869 467 3930 28;
508 3869 608 3930 15,
635 3869 737 3930 26,
771 3860 989 3934 quibus
1013 3862 1272 3936 Spiritus
1305 3882 1348 3921 s.
1371 3861 1592 3920 dicitur
1624 3862 1706 3920 ita
1737 3861 1813 3920 ad
1842 3880 1949 3920 nos
1980 3861 2158 3930 mitti,
2192 3864 2263 3918 ut
2280 3859 2469 3917 Filius
2503 3858 2724 3915 dicitur
2753 3856 2972 3914 missus

346 3950 414 4007 in
446 3953 758 4019 mun-lum,
806 3953 867 4007 et
897 3953 1131 4025 patrum
1168 3951 1454 4016 doctrina,
1504 3969 1611 4008 nos
1657 3970 1764 4026 per
1798 3950 2084 4026 Spiritum
2121 3969 2165 4007 s.
2198 3947 2481 4024 conjungi
2516 3946 2664 4004 Filio
2698 3949 2757 4005 et
2789 3945 2973 4003 Patri.

346 4037 559 4114 Neque
580 4044 891 4114 propterea
911 4039 1260 4110 timendum,
1294 4039 1723 4099 admittendam
1749 4058 1878 4098 esse
1907 4040 2062 4097 inter
2083 4038 2372 4114 Spiritum
2406 4055 2450 4093 s.
2483 4040 2544 4094 et
2568 4036 2769 4109 justos
2801 4035 2971 4092 unio-

344 4146 485 4185 nem
521 4128 985 4203 hypostaticam:
1038 4129 1181 4188 haec-
1230 4130 1387 4187 enim
1440 4130 1691 4187 habetur
1734 4129 1893 4187 inter
1937 4147 2247 4204 personam
2283 4126 2544 4183 divinam
2593 4128 2654 4182 et
2698 4129 2972 4182 naturam

346 4223 736 4292 assumptam,
771 4217 961 4275 locum
993 4221 1193 4277 autem
1226 4237 1348 4277 non
1379 4218 1557 4277 habet
1587 4219 1744 4276 inter
1775 4235 2070 4293 personas,
2103 4216 2373 4292 quamvis
2404 4214 2729 4272 arctissime
2761 4213 2973 4272 unian-

575 4461 610 4530 Ι)
638 4457 726 4510 Ad
754 4475 868 4512 rem
898 4477 936 4516 s.
967 4459 1115 4512 Tho
1136 4475 1279 4512 mas
1328 4468 1347 4514 l
1381 4477 1433 4527 q.
1468 4465 1567 4514 110
1593 4474 1643 4514 a.
1676 4467 1700 4514 l
1731 4458 1803 4510 ad
1832 4462 1895 4511 2:
1950 4456 2300 4518 „Dicendum
2342 4455 2496 4523 quod
2538 4454 2689 4508 Deus
2730 4456 2815 4506 est
2852 4453 2972 4506 vita

347 4538 577 4592 animae
606 4554 708 4607 per
736 4539 965 4592 modum
994 4555 1196 4592 causae
1224 4538 1541 4601 efficientis,
1581 4538 1678 4592 sed
1705 4538 1897 4592 anima
1924 4540 2009 4590 est
2034 4536 2154 4590 vita
2181 4535 2432 4606 corporis
2459 4553 2559 4606 per
2585 4534 2818 4588 modum
2845 4550 2972 4588 cau·

348 4635 441 4674 sae
471 4618 750 4673 formalis.
800 4619 953 4672 Inter
980 4619 1219 4672 formam
1259 4620 1453 4672 autem
1486 4620 1545 4672 et
1582 4617 1879 4671 materiam
1918 4636 2032 4672 non
2073 4616 2228 4672 cadit
2272 4616 2508 4684 aliquod
2535 4615 2807 4677 medium,
2835 4611 2972 4681 quia

350 4700 533 4752 forma
560 4715 663 4767 per
690 4698 957 4767 seipsam
999 4698 1274 4751 informat
1311 4698 1605 4752 materiam
1650 4697 1737 4750 vel
1779 4699 2116 4768 subjectum.
2169 4696 2275 4749 Sed
2318 4712 2493 4765 agens
2540 4695 2812 4747 informat
2846 4693 2972 4746 sub·

341 4780 562 4847 jectum
594 4795 710 4831 non
737 4795 838 4847 per
864 4796 1023 4832 suam
1053 4777 1455 4842 substantiam,
1483 4777 1579 4831 sed
1609 4793 1711 4846 per
1737 4778 1995 4840 formam,
2023 4792 2196 4844 quam
2225 4779 2423 4828 causat
2450 4775 2510 4827 in
2535 4774 2824 4826 materia.“
