3538 5364
1174 248 1389 305 oblatio
1418 247 1676 317 quinque
1703 248 1977 301 distincta
2005 248 2176 308 notis.
2859 254 2987 318 383

371 443 473 498 tur
506 434 759 498 actione
794 433 888 496 rei
920 431 1179 496 oblatae
1210 429 1672 505 consecrativa,
1706 429 1854 492 hinc
1903 448 2142 494 nomen
2186 427 2715 493 sacrificare:
2759 447 2988 492 conse-

366 541 589 625 cratio¹
617 558 776 604 vero
823 538 1114 603 consistit
1164 537 1380 620 aliqua
1424 536 1890 613 immutatione,
1938 554 2066 619 qua
2110 554 2212 601 res
2258 535 2479 600 oblata
2523 536 2590 598 in
2623 535 2736 599 Dei
2781 535 2988 599 hono-

372 666 509 711 rem
540 644 908 711 immoletur
939 645 1039 710 vel
1073 644 1505 710 destructione
1538 642 1638 707 vel
1670 643 2179 707 commutatione
2209 641 2275 705 in
2308 643 2552 719 meliuS,
2584 648 2654 705 ut
2686 661 2782 707 ex.
2817 662 2902 722 gr.
2923 642 2988 705 in

370 754 653 817 incenso.
687 752 861 817 Haec
892 769 1086 833 porro
1120 748 1496 824 immolatiO,
1526 748 1905 831 praesertim
1928 749 1981 811 si
2002 748 2452 825 destructione,
2473 756 2546 813 ut
2566 749 2694 815 sere
2715 768 2987 831 semper,

368 859 821 924 continebatur
854 885 909 925 α.
943 856 1473 938 significationem
1519 854 1717 920 habet
1760 854 2187 919 moralem:
2238 862 2335 920 est
2381 857 2550 919 enim
2583 856 2843 920 visibilis
2876 875 2987 920 ex-

368 967 613 1049 pressio
647 984 875 1030 sensus
907 963 1158 1040 interni,
1193 982 1320 1046 quo
1352 963 1550 1026 homo
1572 961 1906 1044 profitetur
1936 981 2260 1026 summum
2293 961 2408 1027 Dei
2440 963 2502 1025 in
2535 982 2606 1029 se
2638 963 2988 1028 dominium

370 1091 683 1155 suamque
716 1072 798 1135 ab
832 1073 972 1152 ipso
1005 1069 1519 1151 dependentiam,
1552 1069 1614 1131 vi
1647 1068 1832 1150 cujus
1866 1075 2123 1133 tenetur
2155 1088 2224 1133 se
2258 1075 2466 1133 totum
2498 1070 2820 1136 devovere
2853 1070 2988 1134 Deo

370 1181 695 1261 vitamque
726 1196 911 1241 suam
944 1194 1326 1241 consumere
1358 1177 1422 1239 in
1454 1176 1592 1256 ejus
1614 1175 1945 1252 honorem,
1980 1182 2045 1239 et
2077 1176 2131 1238 si
2164 1182 2262 1239 est
2293 1184 2613 1257 peccator,
2648 1177 2876 1241 offerre
2906 1177 2988 1239 ad

372 1306 519 1353 eum
549 1284 952 1367 placandum.
1015 1284 1226 1348 Habet
1258 1289 1310 1369 β.
1345 1281 1875 1363 significationem
1906 1302 1992 1365 sy
2014 1281 2470 1359 mbolicam,
2505 1291 2823 1366 quatenus
2855 1282 2988 1346 vic-

373 1394 531 1459 tima
561 1392 968 1457 substituitur
1000 1390 1321 1456 offerenti:
1368 1388 1539 1472 quod
1584 1388 1934 1470 colligimus
1985 1396 2123 1453 tum
2154 1407 2235 1454 ex
2267 1389 2411 1454 Lev.
2450 1394 2552 1465 17,
2591 1395 2701 1457 11:
2751 1392 2988 1454 Anima

368 1502 582 1566 carnis
608 1502 677 1563 in
708 1499 1015 1581 sanquine
1043 1504 1130 1561 est
1162 1504 1217 1560 et
1249 1516 1355 1580 eqo
1386 1496 1530 1560 dede·
1562 1496 1739 1558 illum
1771 1495 1954 1571 vebia,
1989 1502 2056 1557 ut
2086 1516 2276 1580 super
2307 1496 2511 1561 altare
2540 1500 2607 1561 in
2640 1518 2707 1560 eo
2739 1499 2991 1583 capietis

360 1630 489 1697 pro
521 1608 852 1671 animabus
883 1606 1121 1688 vestris,
1153 1611 1210 1667 et
1241 1605 1498 1686 sanquis
1519 1622 1642 1687 pro
1676 1604 1929 1666 animae
1951 1602 2209 1686 piaculo
2240 1604 2321 1666 sit
2332 1625 2360 1683 ;
2406 1610 2541 1668 tum
2587 1622 2666 1668 ex
2711 1604 2852 1681 ritu,
2884 1624 2989 1670 se-

373 1715 656 1779 cundum
688 1731 878 1797 quem
910 1713 982 1789 is,
1014 1730 1131 1794 pro
1166 1730 1293 1794 quo
1326 1710 1716 1775 offerebatur
1760 1709 2163 1785 sacrificium,
2211 1710 2511 1775 victimae
2557 1711 2836 1777 debebat
2868 1710 2988 1774 im-

377 1841 619 1905 ponere
640 1839 904 1884 manum
927 1820 1109 1901 quasi
1131 1818 1559 1882 translaturus
1591 1835 1712 1881 sua
1741 1817 1807 1880 in
1840 1835 1987 1882 eam
2018 1824 2316 1899 peccata3
2350 1818 2498 1882 hinc
2517 1819 2683 1883 ratio
2705 1817 2993 1882 redditur

372 1930 701 2005 materiae,
732 1945 928 2010 quam
958 1924 1285 1989 sacrificiis
1318 1925 1799 2005 assignavimus,
1852 1924 2117 2006 Insuper
2148 1953 2201 2010 γ.
2233 1924 2432 1989 habet
2460 1924 2989 2005 significationem

370 2036 845 2120 practicam,
877 2051 1029 2097 nam
1063 2033 1359 2098 victimae
1392 2032 1826 2098 destructione
1858 2032 2015 2097 reali
2047 2032 2365 2114 quaedam
2419 2038 2751 2097 exercetur
2784 2031 2986 2096 abne-

370 2145 562 2224 gatiO,
594 2141 1018 2217 mortificatiO,
1051 2139 1422 2217 satisfactiO,
1472 2158 1601 2223 qua
1648 2140 1845 2204 homo
1896 2158 2028 2203 non
2077 2141 2288 2204 solum
2339 2140 2688 2222 symbolice
2739 2141 2988 2221 peccati

370 2268 630 2314 sensum
663 2249 976 2330 exprimit,
1021 2248 1136 2312 sed
1184 2254 1248 2312 et
1293 2247 1462 2312 facto
1496 2248 1785 2329 spiritum
1818 2247 2031 2329 prodit
2062 2247 2499 2329 poenitentiae
2549 2247 2987 2311 renunciando

372 2364 552 2438 grato
588 2356 842 2420 cuidam
874 2355 1147 2436 objectO,
1196 2354 1367 2437 quod
1417 2354 1499 2418 ad
1531 2355 1740 2435 ipsum
1776 2360 2044 2435 spectat.
2077 2354 2147 2417 In
2178 2353 2251 2418 V.
2286 2353 2353 2417 T.
2405 2354 2492 2417 illi
2537 2355 2745 2417 inerat
2776 2359 2825 2420 δ.
2859 2354 2985 2434 sig-

370 2463 651 2527 nificatio
687 2481 943 2545 quoque
977 2461 1274 2543 typica,
1308 2468 1627 2543 quatenus
1647 2460 2087 2526 adumbrabat
2103 2456 2621 2527 substitutionem
2644 2460 2834 2536 illam,
2859 2479 2989 2542 qua

371 2588 442 2633 se
474 2569 802 2634 substituit
821 2568 934 2633 Dei
955 2567 1144 2631 Filius
1175 2586 1292 2649 pro
1324 2569 1607 2632 humano
1630 2586 1862 2648 genere
1884 2586 2018 2644 re0,
2051 2575 2122 2631 ut
2141 2568 2534 2633 ostendimus
2557 2575 2596 2632 t.
2620 2567 2683 2630 11.
2706 2586 2764 2630 n.
2789 2572 2913 2635 641
2938 2587 2986 2630 s,

372 2676 464 2742 Ea
494 2695 646 2742 vero
680 2676 1027 2742 destructio
1061 2684 1200 2742 erat
1231 2675 1604 2758 plerumque
1650 2676 1940 2759 physica,
1984 2675 2257 2742 subinde
2302 2684 2520 2740 tamen
2565 2682 2816 2739 tantum
2848 2694 2986 2739 mo-

372 2784 523 2847 ralis
555 2791 618 2849 et
648 2783 1066 2866 aequivalens
1098 2801 1214 2847 seu
1247 2783 1672 2864 consumptiO,
1706 2791 1780 2846 ut
1811 2784 1875 2847 in
1898 2782 2329 2859 libationibus
2362 2801 2507 2846 cum
2542 2782 2990 2847 effundebatur

373 2890 624 2966 vinum,
656 2890 927 2955 subinde
960 2898 1210 2956 tantum
1241 2890 1546 2974 partiaIiS,
1594 2908 1742 2953 cum
1789 2891 1919 2955 scil.
1952 2909 2102 2972 pars
2134 2890 2433 2955 victimae
2466 2889 2989 2962 comburebatur,

373 2997 501 3061 alia
531 3016 681 3078 pars
714 2997 1176 3064 comedebatur
1208 3004 1319 3062 aut
1351 3015 1392 3061 a
1421 2998 1870 3062 sacerdotibus
1903 2999 2234 3063 autetiam
2256 2997 2338 3062 ab
2360 2997 2808 3062 offerentibus:
2839 2995 2990 3059 hinc

374 3123 490 3168 ara
522 3113 660 3170 erat
691 3123 920 3169 mensa
950 3104 1080 3182 Dei,
1132 3112 1197 3170 et
1227 3105 1335 3188 qui
1384 3105 1895 3170 admittebantur
1945 3106 2028 3170 ad
2079 3106 2375 3170 victimae
2407 3104 2990 3179 manducationem,

377 3211 881 3277 admittebantur
931 3212 1013 3275 ad
1045 3230 1337 3277 mensam
1370 3212 1501 3289 Dei,
1549 3214 1613 3276 in
1656 3212 1907 3293 signum
1951 3212 2511 3287 reconciliationiS,
2557 3212 2877 3276 amicitiae
2929 3218 2995 3276 et

376 3318 819 3384 familiaritatis
849 3319 1201 3383 restitutae.
1264 3318 1407 3398 Quo
1440 3320 1507 3382 in
1538 3336 1693 3383 casu
1740 3320 2036 3383 victimae
2084 3318 2324 3382 oblatio
2357 3320 2677 3384 rationem
2708 3317 2994 3382 habebat

383 3433 519 3489 tum
552 3423 847 3490 sacrificii
880 3432 1016 3489 tum
1050 3426 1453 3491 sacramenti.
1488 3424 1575 3489 Cf.
1608 3425 2200 3490 Thomassinus
2233 3425 2311 3489 de
2344 3427 2652 3489 incarnat
2687 3426 2723 3489 1.
2750 3431 2829 3494 10
2850 3443 2902 3488 c.
2923 3431 2991 3498 6;

375 3532 642 3596 Weiss
673 3533 984 3614 Apologie
1016 3533 1083 3610 11,
1117 3538 1158 3602 2
1192 3535 1226 3618 ξ
1255 3538 1329 3601 11
1356 3530 2120 3616 ss.;Thalhofer§5.
2161 3528 2838 3616 11.12;Oswa1d§
2882 3538 2991 3606 19;

375 3637 570 3703 Gihr
602 3639 702 3704 die
734 3640 794 3704 h.
827 3637 1245 3706 Sacramente
1275 3640 1316 3716 I,
1349 3643 1480 3708 595
1513 3660 1595 3703 ss.

556 3799 701 3851 401.
735 3787 965 3858 Quibus
997 3790 1069 3848 ad
1102 3790 1426 3865 pleniorem
1460 3789 1548 3848 rei
1581 3790 1933 3848 tractionem
1963 3788 2105 3847 haec
2135 3792 2439 3867 praeterea
2470 3788 2794 3848 addantur:

559 3874 617 3941 l.
651 3877 1006 3936 Sacrificium
1038 3878 1331 3954 pertinere
1364 3877 1436 3936 ad
1469 3897 1658 3955 genus
1692 3878 2127 3955 signorum:
2177 3898 2355 3948 ,nam
2387 3878 2731 3937 sacrificium
2768 3877 2992 3937 visibile

376 3966 575 4042 inquit
606 3967 1106 4043 Augustinus
1149 3968 1218 4026 de
1252 3968 1360 4026 civ.
1392 3968 1499 4026 Dei
1532 3966 1599 4037 X,
1652 3977 1685 4031 5
1721 3968 1830 4026 col.
1872 3978 1966 4038 19,
2016 3967 2333 4026 invisibilis
2368 3967 2633 4026 sacrificii
2664 3985 2991 4026 sacramen-

375 4062 503 4113 tum
539 4056 579 4114 i.
610 4075 658 4119 e.
690 4073 922 4114 sacrum
956 4056 1196 4132 signum
1227 4061 1378 4119 est.‘
1447 4054 1728 4125 Quocirca
1757 4057 1821 4115 in
1855 4057 2012 4115 omni
2045 4057 2346 4129 sacrificio,
2392 4060 2463 4115 ut:
2500 4059 2593 4115 est:
2624 4075 2692 4115 ex
2725 4058 2856 4133 lege
2887 4076 2993 4114 na·

374 4150 544 4203 turae
594 4145 690 4203 vel
733 4144 1197 4203 determinatum
1241 4145 1623 4204 institutione
1670 4147 1946 4215 humana,
1997 4145 2259 4222 pretium
2309 4149 2369 4205 et
2418 4144 2678 4222 dignitas
2730 4145 2995 4204 sacrificii

374 4234 603 4291 externi
630 4234 858 4309 petitur
887 4253 955 4292 ex
986 4234 1252 4293 interno:
1287 4235 1446 4310 quod
1479 4236 1656 4294 etiam
1690 4235 1849 4294 valet
1879 4234 1953 4293 de
1985 4235 2280 4294 sacrificiis
2311 4235 2378 4293 V.
2411 4235 2471 4292 T.
2504 4235 2793 4294 divinitus
2825 4253 2994 4310 prae-

376 4322 594 4397 cepti83
628 4323 787 4381 unde
807 4321 879 4380 ad
902 4323 1267 4382 harmoniam
1287 4328 1645 4383 revocantur
1665 4324 2002 4400 Scripturae
2024 4329 2379 4400 patrumque
2413 4325 2604 4395 effata,
2638 4342 2790 4399 quae
2820 4325 2994 4383 modo

377 4413 715 4482 enunciant,
763 4411 952 4470 Deum
984 4412 1247 4471 voluisse
1279 4432 1347 4471 ea
1387 4414 1684 4484 sacrificia,
1730 4413 1902 4472 modo
1934 4432 2005 4471 ea
2035 4413 2296 4473 noluisse
2327 4416 2508 4489 atque
2540 4413 2656 4472 sibi
2686 4433 2754 4473 ea
2786 4414 2991 4490 displi-

376 4499 582 4558 cuisse.
640 4501 832 4558 Aliter
863 4519 1003 4560 vero
1036 4502 1396 4560 censendum
1429 4506 1534 4573 est,
1570 4503 1619 4560 si
1652 4502 1933 4561 sacrificio
1966 4504 2150 4578 major
2181 4503 2443 4581 dignitas
2476 4503 2623 4561 insit·
2654 4522 2722 4561 ex
2756 4504 2996 4579 speciali

377 4589 606 4648 ratione
637 4591 765 4648 tum
800 4590 1098 4649 offerentis
1131 4594 1262 4649 tum
1294 4591 1380 4649 rei
1419 4592 1667 4663 oblatae,
1714 4591 1968 4666 ideoque
2000 4610 2069 4649 ex
2102 4611 2274 4667 opere
2306 4596 2546 4669 operato
2590 4595 2663 4650 ut
2706 4592 2770 4649 in
2817 4593 2994 4651 sacri·

378 4677 508 4739 ficio
553 4679 780 4740 missae.
850 4680 909 4739 Si
955 4682 1155 4739 autem
1199 4680 1419 4739 veritas
1465 4680 1686 4738 dicitnr
1728 4699 1823 4738 res
1870 4680 2195 4757 significata
2238 4701 2377 4758 prae
2409 4682 2578 4758 signo
2609 4680 2994 4758 significante,
