3538 5364
623 286 747 351 118
1015 275 1200 329 Tract.
1227 274 1374 328 Vm.
1403 274 1473 326 de
1498 273 1703 344 gratia..
1727 270 2283 343 Semipelagianismi
2313 274 2447 325 nota.
2474 270 2812 323 excluditur.

612 461 754 522 ferri
787 461 1005 520 debent
1035 460 1191 518 inter
1220 458 1437 517 auxilia
1466 459 1692 535 gratiae
1724 506 1739 522 .
1772 507 1785 522 .
1817 506 1832 521 .
1866 459 1946 516 At
1978 458 2137 515 inter
2167 456 2413 516 affectus
2444 456 2751 514 absolutos
2782 458 2844 514 et
2875 455 3236 516 deliberatos

612 551 855 628 pietatis
898 559 1043 608 sunt
1086 548 1310 623 plures,
1358 549 1464 623 qui
1509 547 1764 606 efficacia
1807 547 2131 605 intrinseca
2161 548 2402 605 movent
2434 545 2799 604 voluntatem
2833 544 2906 602 ad
2937 546 3233 621 agendum

612 641 792 703 alios:
825 658 963 697 nam
995 640 1163 696 actus
1196 637 1329 712 piae
1360 636 1688 696 affectionis
1721 641 1920 695 movet
1940 636 2255 694 efficaciter
2273 634 2589 693 arbitrium
2623 633 2696 692 ad
2728 652 3038 694 assensum
3070 635 3231 697 fidei:

612 734 781 789 actus
814 727 1012 787 efficax
1044 726 1307 785 caritatis
1353 725 1426 783 ad
1471 725 1874 801 impletionem
1905 729 2383 800 praeceptorun13
2429 722 2687 781 intentio
2731 722 2933 782 efficax
2979 724 3117 783 finis
3160 724 3234 783 ad

611 817 961 877 electionem
991 814 1349 884 mediorum3
1383 817 1549 873 actus
1569 814 1883 873 offlam-iter
1901 815 2198 888 imperans
2231 812 2305 871 ad
2336 813 2723 888 imperatum3
2757 818 2924 871 actus
2958 812 3231 872 internus

612 907 688 966 ad
733 907 1023 965 actionem
1070 904 1434 963 meritoriam
1466 906 1785 962 externam.
1848 903 2002 978 Ergo
2049 902 2209 961 inter
2239 901 2461 961 auxilia
2490 901 2715 979 gratiae
2746 901 2985 960 admitti
3015 902 3237 962 debent

612 996 814 1070 aliqua
845 994 1168 1054 intrinsece
1199 993 1516 1054 efficacia.‘
1580 992 1659 1051 Cf.
1708 991 2080 1050 Palmieri
2128 992 2213 1050 th.
2273 1002 2365 1053 10.
2417 1000 2528 1061 ·ll;
2580 990 2975 1051 Scheeben
3022 988 3056 1057 ἓ
3107 1001 3230 1055 286

614 1105 670 1146 n.
705 1095 851 1150 815.

791 1187 853 1254 2.
888 1190 1211 1258 ,Infertur,
1254 1188 1640 1264 prosequitur
1671 1186 1827 1245 idem
1860 1186 2194 1263 theologus,
2236 1186 2408 1262 plura
2439 1186 2840 1264 Augustini
2873 1186 3233 1256 testimonia,

612 1299 763 1356 quae
794 1279 1102 1338 victoriam
1133 1277 1554 1347 tentationum,
1587 1280 2034 1351 praeceptorum
2065 1275 2550 1350 adimpletionem
2584 1276 2819 1351 aliaque
2850 1274 3116 1334 illustria
3146 1275 3231 1334 fa-

613 1370 813 1427 cinora
843 1368 1060 1427 referre
1094 1367 1376 1425 videntur
1404 1367 1466 1424 in
1500 1364 1817 1424 efficaciam
1840 1364 2222 1423 intrinsecam
2255 1364 2492 1423 divinae
2524 1365 2769 1441 gratiae,
2804 1383 2923 1439 qua
2953 1364 3233 1424 voluntas

614 1458 1030 1534 praemunitur
1059 1476 1095 1515 a
1123 1457 1262 1524 De0‚
1296 1455 1664 1514 manifestam
1684 1453 2232 1529 interpretationem
2255 1453 2487 1524 habere,
2522 1454 2572 1513 si
2603 1454 2783 1522 dicas,
2817 1473 2944 1512 eam
2977 1454 3233 1530 gratiam

613 1566 730 1606 non
765 1565 892 1605 esse
924 1546 1178 1621 primam
1210 1545 1562 1603 excitantem
1596 1547 1659 1601 et
1689 1546 2047 1618 operantem,
2095 1542 2195 1601 sed
2245 1543 2434 1601 solum
2484 1546 3031 1619 cooperantem
3075 1543 3233 1602 arbi-

610 1637 729 1695 trio
763 1635 831 1693 ad
868 1654 932 1694 ea
968 1634 1206 1711 egregia
1236 1633 1513 1703 facinora,
1559 1632 1837 1691 videlicet
1868 1632 1999 1707 pios
2029 1631 2361 1690 voluntatis
2393 1631 2639 1691 affectus
2672 1632 2980 1690 absolutos
3012 1635 3075 1690 et
3105 1631 3232 1690 effi·

609 1743 792 1792 caces,
843 1724 948 1798 qui
983 1724 1352 1782 voluntatem
1398 1721 1470 1780 ad
1516 1741 1585 1780 ea
1627 1720 1857 1799 agenda
1887 1720 2281 1796 praeveniunt
2312 1740 2378 1779 ex
2412 1721 2712 1797 prioribus
2744 1721 2981 1779 auxiliis
3014 1718 3264 1780 intrin-'

610 1832 743 1873 sece
794 1811 1300 1880 indifferentibus,
1369 1813 1430 1869 et
1488 1805 1689 1893 (quos)
1740 1809 2034 1868 Ecclesiae
2081 1813 2281 1886 patres
2331 1809 2491 1868 inter
2538 1810 2691 1868 dona
2739 1809 2846 1868 Dei
2896 1816 2957 1868 et
3004 1811 3234 1886 gratiae

610 1902 828 1961 auxilia
859 1906 1230 1959 recensent.‘
1295 1900 1451 1959 Haec
1494 1918 1634 1958 vero
1679 1899 1906 1976 gratiae
1953 1898 2171 1957 auxilia
2215 1918 2282 1957 ex
2330 1916 2459 1957 sese
2504 1899 2760 1958 efficacia
2804 1898 3028 1974 triplici
3060 1899 3234 1958 modo

607 1991 1073 2066 distinguuntur
1104 2008 1138 2047 a
1167 1989 1362 2066 gratia
1405 1989 1954 2047 thomistarum
1987 1988 2360 2063 aliorumque
2389 2007 2457 2047 ex
2492 2007 2554 2047 se
2585 1988 2823 2047 efficaci.
2885 1987 3034 2046 Nam
3070 2003 3136 2051 a.
3171 1988 3239 2046 hi.

610 2080 948 2154 loquuntur
979 2078 1050 2136 de
1081 2078 1276 2154 gratia
1305 2078 1741 2153 praeveniente,
1783 2095 1935 2151 quae
1969 2077 2029 2134 in
2063 2077 2296 2136 actibus
2329 2077 2604 2136 consistit
2635 2077 3078 2136 indeliberatis:
3127 2096 3235 2137 nos

608 2168 683 2226 de
718 2168 908 2243 gratia
937 2167 1276 2241 adjuvante.
1311 2170 1691 2242 cooperantez
1736 2162 1806 2230 b.
1839 2166 1929 2224 illi
1962 2165 2111 2224 hanc
2141 2166 2455 2226 efficaciam
2488 2166 2839 2225 adscribunt
2869 2166 3095 2243 gratiae
3126 2185 3233 2224 an·

610 2257 949 2316 tecedenter
979 2261 1042 2315 et
1071 2255 1537 2332 independenter
1555 2276 1589 2313 a
1606 2255 1935 2314 voluntatis
1954 2255 2390 2330 cooperatione:
2424 2274 2534 2314 nos
2554 2257 2801 2332 gratiae,
2825 2256 2922 2314 cui
2942 2259 3005 2314 et
3024 2274 3231 2329 quam-

607 2345 719 2405 diu
763 2345 1041 2405 voluntas
1087 2351 1466 2420 cooperatur-3
1515 2344 1607 2403 illi
1655 2357 1716 2408 c.
1765 2344 1915 2402 hanc
1958 2344 2247 2403 virtutem
2291 2344 2590 2403 victricem
2624 2344 2974 2403 adscribunt
3005 2345 3232 2421 gratiae

610 2435 795 2493 relate
843 2434 915 2493 ad
966 2435 1354 2497 voluntatem.
1403 2453 1582 2509 quam
1627 2432 1759 2509 ipsa
1788 2432 2295 2492 indeclinabiliter
2338 2433 2409 2492 ad
2456 2433 2750 2510 agendum
2785 2434 3076 2509 applicat:
3125 2451 3232 2492 nos

606 2523 909 2597 voluntati
940 2524 1178 2598 adjutae
1210 2542 1244 2582 a
1275 2522 1486 2599 gratia,
1521 2540 1675 2597 quae
1708 2521 1826 2596 ipsi
1859 2522 2143 2580 virtutem
2178 2541 2344 2580 suam
2378 2522 2788 2593 communicat,
2822 2527 2893 2581 ut
2924 2541 2994 2581 ea
3025 2522 3109 2581 sit
3137 2522 3232 2581 in·

609 2613 765 2672 victa
795 2616 857 2671 et
887 2613 1103 2672 victrix
1135 2612 1397 2671 omnium
1430 2611 1851 2680 tentationum,
1887 2628 2035 2687 quas
2066 2611 2327 2670 excitant
2357 2630 2509 2687 car0,
2542 2613 2822 2684 mundus,
2855 2611 3123 2671 daemon.

789 2740 970 2797 Porro
1003 2739 1161 2797 inter
1192 2738 1333 2795 haec
1364 2736 1692 2813 Augustini
1722 2736 2085 2807 testimonia,
2133 2755 2285 2811 quae
2317 2756 2436 2796 non
2470 2737 2540 2797 de
2572 2737 2764 2815 gratia
2793 2737 3230 2813 praeveniente,

609 2827 714 2886 sed
748 2828 820 2886 de
850 2828 1038 2904 gratia
1070 2847 1116 2885 a·
1130 2828 1390 2902 ljuvante
1421 2825 1611 2900 deque
1642 2826 1874 2884 actibus
1904 2844 2019 2884 non
2050 2826 2481 2892 indeliberatis‚
2515 2826 2618 2885 sed
2648 2827 2720 2885 de
2763 2826 3106 2886 deliberatis
3137 2827 3240 2885 in«

608 2917 806 2993 telligi
853 2916 1090 2985 debent,
1142 2934 1212 2974 ea
1257 2915 1320 2973 in
1369 2915 1580 2991 primis
1626 2915 1797 2986 refer,
1844 2915 1908 2972 in
1954 2914 2177 2990 quibus
2224 2915 2636 2976 delectationis
2682 2915 2999 2974 efficaciam
3032 2921 3228 2993 urget.

610 3005 761 3063 Eum
796 3005 953 3063 enim
989 3004 1173 3079 loqui.
1222 3004 1576 3079 plerumque
1623 3004 1852 3073 saltem,
1899 3003 1972 3061 de
2018 3003 2407 3064 delectatione
2453 3004 2928 3074 deliberata,
2979 3005 3232 3063 suadent

609 3112 783 3169 saepe
815 3093 1120 3168 adjuncta,
1155 3097 1225 3150 ut
1257 3110 1390 3151 cum
1425 3105 1488 3155 a.
1523 3092 1976 3152 delectationem
1997 3092 2200 3151 laudat
2230 3098 2292 3152 et
2320 3093 2586 3153 homines
2616 3093 2690 3152 ob
2710 3112 2838 3152 eam
2857 3095 3236 3154 commendat

609 3181 707 3240 vel
736 3182 1144 3256 reprehendit;
1192 3199 1326 3239 cum
1372 3178 1441 3244 b.
1476 3201 1605 3240 eam
1635 3181 1920 3257 proponit
1951 3185 2022 3240 ut
2052 3201 2314 3240 normam
2349 3183 2508 3242 vitae
2538 3190 2807 3248 nostraez
2855 3201 2993 3241 cum
3044 3197 3110 3246 c.
3158 3183 3231 3241 ad

611 3289 735 3329 eam
760 3271 977 3329 excitat
1009 3270 1100 3327 vel
1134 3270 1208 3328 ab
1240 3290 1310 3329 ea
1338 3270 1632 3341 deterret;
1665 3289 1802 3329 cum
1833 3268 1904 3333 (l.
1937 3290 2065 3329 eam
2087 3272 2368 3347 proponit
2386 3277 2456 3329 ut
2477 3271 2708 3346 gratiae
2727 3271 3023 3330 effectum.
3054 3271 3231 3331 Hisce

609 3360 765 3418 enim
813 3360 877 3418 in
922 3359 1220 3435 adjunctis
1250 3377 1441 3418 sermo
1475 3378 1604 3419 esse
1631 3360 1848 3435 nequit
1879 3359 1952 3417 de
1984 3359 2371 3419 delectatione
2404 3360 2809 3420 indeliberata.
2868 3361 2965 3420 Ita
3007 3361 3084 3419 de
3130 3362 3236 3421 de·

606 3448 924 3508 lectatione
957 3448 1281 3507 deliberata
1311 3466 1502 3507 sermo
1533 3453 1627 3508 est
1657 3449 1721 3508 in
1753 3448 1968 3508 celebri
2003 3448 2178 3507 effato
2200 3450 2262 3507 in
2294 3468 2382 3524 ep.
2415 3448 2488 3507 ad
2530 3450 2649 3511 Gal.
2682 3468 2733 3509 c.
2767 3461 2823 3519 6,
2870 3468 2991 3526 quo
3030 3451 3232 3525 janse-

607 3538 774 3596 niani
806 3542 1115 3613 tantopere
1148 3538 1220 3596 ad
1255 3538 1544 3596 haeresim
1576 3557 1743 3597 suam
1777 3537 2195 3596 stabiliendam
2226 3538 2591 3597 abutuntur:
2640 3537 2852 3609 ,Quod
2898 3539 3059 3597 enim
3105 3560 3229 3598 am·

605 3627 769 3703 plius
814 3645 929 3694 nos
968 3626 1240 3692 delectat,
1290 3626 1612 3686 secundum
1664 3627 1722 3685 id
1776 3645 2087 3702 operemur
2131 3645 2367 3686 necesse
2413 3630 2564 3685 est.‘
2632 3625 2711 3685 Ex
2752 3631 3037 3687 contextu
3067 3629 3233 3688 enim

608 3717 819 3791 liquet,
854 3735 900 3775 s.
933 3715 1231 3775 doctorem
1265 3716 1337 3774 de
1369 3716 1475 3774 tali
1509 3715 1676 3791 loqui
1705 3715 2127 3775 delectatione:
2174 3715 2333 3775 unde
2379 3715 2604 3775 corruit
2633 3719 2828 3775 totum
2862 3716 3229 3776 adversario·

608 3824 745 3863 rum
777 3811 1214 3882 argumentum.
1284 3806 1363 3863 De
1395 3804 1787 3863 delectatione
1826 3823 1965 3863 vero
2011 3805 2581 3875 indeliberata,
2629 3808 2716 3864 ita
2760 3809 3021 3865 testatur
3066 3807 3230 3866 Conf.

608 3894 766 3958 VIII.
804 3904 838 3957 8
875 3889 1154 3976 (Migne
1185 3893 1416 3965 XXXII,
1453 3903 1485 3957 '7
1497 3889 1640 3975 58):
1690 3895 1867 3963 ,Non
1911 3893 2192 3953 faciebam
2235 3894 2396 3971 quod
2440 3897 2503 3954 et
2532 3893 2982 3970 incomparabili
3014 3896 3231 3955 affectu

604 3983 863 4058 amplius
892 3983 1040 4040 mihi
1074 3982 1399 4057 placebat-.‘

798 4115 937 4170 132.
971 4101 1322 4171 Scholion
1357 4102 1481 4170 IV.
1547 4107 2110 4186 Semipeloqianismi
2153 4116 2288 4167 nota
2325 4109 2666 4168 excluditur.
2698 4142 2785 4151 ——
2821 4110 2974 4167 Sunt
3003 4110 3227 4183 plures,

605 4196 714 4272 qui
745 4206 1065 4272 opponant,
1082 4215 1201 4255 non
1234 4196 1491 4254 admissa
1522 4197 1714 4272 gratia
1746 4197 1839 4255 vel
1870 4197 2267 4257 necessitante
2301 4197 2389 4256 vel
2424 4217 2492 4255 ex
2525 4216 2585 4256 se
2616 4197 2854 4266 efficaci,
2902 4197 3228 4256 admitten-

607 4284 712 4343 das
774 4303 904 4343 esse
966 4283 1068 4344 has
1129 4286 1222 4344 vel
1274 4284 1498 4343 similes
1549 4284 1832 4344 formulas
1883 4286 2166 4362 loquendi
2215 4286 2862 4363 semipelagianis
2913 4287 3226 4356 solemnes,

612 4373 718 4442 ,in
750 4381 1030 4448 promptu
1074 4373 1245 4433 nobis
1291 4392 1421 4433 esse
1464 4374 1736 4443 salutem,
1784 4374 2103 4435 dummodo
2135 4376 2297 4434 illam
2329 4396 2373 4433 a·
2397 4375 2593 4450 cipere
2625 4375 2909 4446 velimus;
2960 4375 3230 4435 homines

610 4463 802 4539 gratia
832 4463 1077 4521 invitari
1123 4467 1185 4522 et
1228 4463 1443 4532 vocari,
1497 4463 1601 4521 sed
1647 4464 1885 4539 proprio
1923 4483 2220 4540 quemque
2252 4464 2499 4523 arbitrio
2531 4483 2741 4540 parere
2772 4465 3038 4534 vocanti3
3091 4484 3227 4541 gra·

607 4551 752 4609 tiam
800 4552 952 4610 nulli
1000 4571 1060 4611 se
1105 4551 1467 4621 subtrahere,
1517 4552 1618 4611 sed
1664 4553 1932 4611 volentes
1956 4555 2200 4630 juvare3
2248 4554 2436 4612 Deum
2481 4553 2822 4612 voluntates
2855 4557 3095 4613 nostras
3127 4572 3224 4613 ex·-

610 4648 917 4717 spectare‘
952 4644 1060 4705 etc.
1122 4641 1337 4700 Verum
1371 4641 1540 4699 facile
1571 4641 1980 4716 respondetur,
2014 4642 2295 4701 formulas
2329 4642 2431 4701 has
2461 4662 2580 4702 non
2613 4643 2884 4703 absolute
2917 4646 2978 4701 et
3008 4642 3227 4718 quovis

609 4748 792 4790 sensu
823 4749 953 4792 esse
996 4731 1190 4802 falsas,
1237 4749 1371 4788 nam
1412 4730 1589 4788 etiam
1621 4730 1778 4805 apud
1810 4736 2007 4806 patres
2040 4730 2220 4807 probe
2252 4731 2604 4791 orthodoxos
2636 4733 3036 4808 reperiuntur,
3084 4736 3146 4791 et
3189 4751 3227 4790 a
