3538 5364
574 256 698 321 158
1201 249 1270 302 de
1289 248 1722 319 justificatione.
1747 247 1946 303 Thesis
1973 243 2155 303 CCIII.
2183 242 2264 303 De
2290 250 2565 319 adoptiva

568 422 688 494 lnia
718 430 905 494 nobis
938 430 1158 493 similis
1204 424 1411 494 factus
1457 436 1572 506 est,
1619 437 1889 511 excepto
1934 437 2226 511 peccato,
2251 429 2582 494 ›ut'iritam
2607 431 3184 512 ‘supernaturalem

566 538 875 601 amissam
902 531 1094 600 'nobis
1126 536 1492 603 restitueret
1538 542 1734 618 atque
1766 536 1965 607 veluti
2009 535 2365 617 inspiraret.
2428 537 2506 600 Et
2536 538 2687 619 quia
2718 538 2928 618 gratia
2951 536 3180 621 J'ustifi-

564 640 758 707 cante
790 644 994 707 homo
1014 643 1305 708 redditur
1335 643 1696 708 membrum
1714 642 1965 706 -Christi
1993 626 2240 720 rivum,
2276 644 2488 709 dicere
2532 644 2772 725 poterit
2803 663 2951 708 cum
2983 643 3182 708 Paulo

566 750 704 814 Gal.
737 756 798 827 2,
832 756 949 819 20:
1022 749 1173 815 Vivo
1220 752 1450 833 autem,
1480 752 1792 833 jamnon
1822 771 1967 834 eqo:
2012 752 2160 814 vivit
2203 752 2344 815 vero
2389 752 2458 814 in
2488 772 2584 815 me
2617 751 2917 820 Christus,
2981 751 3184 815 Marii-

570 857 802 922 festum
835 863 1053 922 autem
1086 866 1202 933 est,
1225 876 1303 922 ex
1325 858 1781 939 conjunctione
1801 857 2078 922 fidelium
2112 875 2262 923 cum
2281 857 2534 923 Christo
2568 859 2796 940 capite,
2830 876 2996 941 quae
3028 875 3185 923 con·

566 972 935 1030 summatur
965 964 1173 1044 gratia
1203 963 1663 1040 sanctificante,
1694 963 2081 1044 singularem
2115 960 2480 1029 redundare
2511 965 2575 1027 in
2589 959 2979 1045 justificatos
2998 965 3185 1029 nob'i·

566 1071 815 1137 litatem
848 1079 913 1136 et
944 1071 1338 1151 dignitatem,
1371 1087 1567 1152 quam
1615 1070 2060 1181 incarnatione
2105 1089 2238 1134 non
2281 1072 2615 1152 supposita
2659 1072 2891 1136 ceteris
2922 1071 3186 1151 paribus

573 1197 902 1262 nunquam
927 1178 1085 1261 justi
1117 1183 1333 1242 essent
1365 1177 1597 1258 adepti.

752 1327 893 1390 188.
928 1320 1396 1385 Constituimur
1427 1319 1706 1400 insuper,
1757 1288 1931 1400 quod
1963 1324 2065 1382 est
2094 1299 2531 1400 praecipuum,
2564 1319 2772 1400 gratia
2795 1292 3188 1411 justificante

564 1428 736 1492 f111i
768 1410 882 1492 Dei
903 1419 1213 1508 adoptivi.
1220 1425 1518 1507 Adoptio
1552 1443 1593 1489 a
1624 1423 1940 1505 theologis
1970 1430 2324 1506 praeeunte
2356 1424 2658 1489 Thoma
2690 1430 2748 1494 3.
2780 1446 2839 1507 p.
2872 1445 2931 1508 q
2963 1430 3122 1495 2322.
3146 1432 3179 1494 1

565 1533 894 1600 definitur:
936 1532 1295 1608 Personae
1328 1538 1678 1596 extraneae
1711 1532 1775 1594 in
1809 1530 2004 1594 filium
2038 1538 2102 1611 et
2131 1530 2434 1595 heredem
2457 1533 2739 1623 gratuita
2758 1532 3180 1614 assumptio;‘

569 1649 634 1707 et
664 1642 728 1704 in
762 1660 856 1724 ep.
892 1658 1072 1704 cone.
1105 1631 1873 1703 francofordiensis
1906 1637 1989 1702 ad
2022 1638 2212 1720 episc.
2245 1638 2590 1721 Hispaniae
2621 1639 2916 1720 legimus:
2985 1638 3189 1718 ,Quid

568 1755 666 1813 est
699 1748 979 1829 adopti0,
1012 1746 1137 1811 nisi
1157 1746 1446 1817 caritatis
1466 1745 1813 1826 copulatio,
1833 1763 1961 1827 qua
1980 1751 2165 1826 pater
2184 1745 2530 1827 adoptione
2550 1745 2671 1809 sibi
2689 1746 2948 1827 copulat
2966 1745 3185 1823 filium,

568 1874 763 1936 quem
816 1873 933 1934 per
980 1854 1460 1934 generationem
1511 1871 1644 1916 non
1703 1852 1983 1917 habetP‘
2054 1850 2234 1916 Unde
2294 1852 2647 1933 colligimus
2700 1856 2761 1923 1.
2811 1853 3187 1918 filiationem

568 1962 942 2042 adoptivam
974 1960 1225 2024 differre
1260 1977 1299 2021 a
1330 1958 1644 2034 naturali3
1690 1958 1783 2022 ita
1817 1965 2033 2021 tamen
2064 1960 2128 2025 2.
2161 1958 2431 2034 differre,
2474 1964 2546 2023 u't
2578 1948 2660 2023 ad
2691 1960 2860 2024 hanc
2889 1961 3188 2041 proxime

571 2068 858 2144 accedat,
912 2066 1047 2148 ejus
1098 2066 1165 2129 in
1213 2067 1429 2130 locum
1479 2065 1785 2129 succedat
1834 2083 2108 2146 eamque
2158 2065 2522 2130 aemuletur
2568 2072 2641 2129 ut
2684 2067 2883 2147 ipsius
2913 2067 3187 2144 vicaria3

570 2176 636 2242 3.
671 2174 1071 2238 voluntatem
1104 2164 1510 2255 gratiamque
1542 2171 1910 2254 adoptantis
1932 2172 2251 2254 supplere,
2275 2173 2446 2255 quod
2467 2179 2742 2237 raturae
2762 2173 2975 2248 deest;
2999 2166 3188 2238 ideo*-

569 2299 695 2362 que
724 2281 792 2349 4.
826 2280 994 2344 hanc
1026 2280 1399 2359 dignitatem
1430 2286 1702 2345 naturae
1732 2298 1865 2342 non
1898 2297 2040 2342 esse
2084 2278 2361 2355 insitam,
2408 2279 2523 2343 sed
2569 2279 2652 2343 ad
2697 2297 2843 2347 eam
2874 2279 3186 2344 accedere

567 2393 635 2451 et
667 2404 934 2451 accessu
966 2405 1085 2450 suo
1120 2404 1265 2450 eam
1297 2386 1550 2450 elevare
1583 2385 1665 2448 ad
1698 2385 2135 2449 conditionem
2167 2384 2535 2449 indebitam.
2583 2384 2932 2449 Maximum
2962 2391 3186 2450 autem

568 2493 914 2557 discrimen
935 2498 1033 2557 est
1054 2493 1221 2557 inter
1242 2493 1658 2574 adoptionem
1678 2491 1964 2568 divinam>
1994 2497 2058 2556 et
2089 2492 2473 2555 humanam:
2503 2492 2667 2556 haec
2701 2492 2874 2575 enim·
2890 2513 2955 2560 a.
2979 2493 3187 2557 oritur

567 2618 649 2664 ex
680 2598 1046 2680 indigentia,
1079 2596 1188 2662 illa
1219 2616 1300 2662 ex
1331 2597 1637 2662 bonitatis
1670 2597 1924 2660 divinae
1957 2597 2370 2684 abundantia,
2406 2615 2536 2689 qua
2556 2597 2725 2662 Deus
2746 2597 2853 2661 filii
2872 2599 3185 2662 naturalis

568 2708 1046 2772 similitudinem
1097 2706 1406 2770 creaturis
1469 2704 1894 2769 rationalibus
1945 2706 2394 2770 communicat.
2461 2708 2527 2776 b.
2571 2705 2852 2788 Adoptio
2883 2706 3186 2792 humana

571 2816 875 2896 supponit
905 2821 1183 2878 naturae
1215 2811 1727 2887 similitudinem;
1773 2811 1990 2874 divina
2036 2812 2210 2876 illam
2241 2813 2691 2890 communicat,
2725 2821 3038 2896 quantum
3070 2832 3183 2878 ca-

570 2939 694 3002 pax
728 2928 826 2985 est
857 2927 1090 2985 natura
1122 2927 1370 2996 creata3
1424 2937 1489 2986 9.
1538 2917 1647 2982 illa
1692 2917 1762 2981 fit
1812 2924 2079 2982 externa
2129 2920 2588 3001 acceptatione,
2636 2920 2791 3003 quin
2837 2921 3184 3002 adoptatus

568 3028 953 3091 intrinsecus
988 3032 1283 3103 mutetur,
1316 3025 1715 3106 perficiatur;
1762 3025 1926 3089 haec
1971 3024 2040 3089 fit
2082 3028 2586 3106 regeneratione,
2633 3044 2763 3109 qua
2806 3027 3186 3092 immutatur

567 3134 915 3214 adoptatus
947 3152 1316 3222 novumque
1346 3132 1601 3221 [accipit
1633 3150 1779 3196 esse
1809 3131 2302 3215 xsupernaturale
2335 3131 2649 3198 infusione
2682 3135 2926 3215 gratiae
2957 3133 3183 3200 inhae-

568 3241 786 3316 rentiS,
819 3240 1180 3322 mirumque
1212 3241 1279 3303 in
1312 3240 1578 3303 modum
1608 3239 1958 3320 perficitur,
1989 3240 2157 3304 unde
2189 3240 2365 3320 prius
2398 3240 2668 3322 adaptat
2687 3257 2882 3323 quam
2901 3241 3180 3322 adoptet,

567 3354 637 3412 ut
668 3365 799 3410 non
832 3347 1041 3410 solum
1072 3347 1195 3430 filii
1225 3346 1347 3418 Dei
1377 3349 1792 3430 nominemur,
1835 3346 1949 3410 sed
1981 3354 2037 3410 et
2067 3349 2262 3426 sitnus
2294 3347 2379 3434 (1.
2410 3347 2508 3412 JO.
2540 3349 2718 3435 3,1).
2781 3347 2927 3412 Alia
2957 3347 3180 3412 discri-

572 3453 760 3517 minis
792 3454 1011 3550 capita
1041 3454 1285 3518 indicat
1314 3454 1532 3518 Mazz
1553 3455 1716 3527 ella
1748 3453 1807 3518 d.
1830 3459 1871 3523 5
1894 3472 1950 3518 a.
1972 3460 2028 3524 8.
2062 3454 2153 3518 De
2185 3456 2320 3536 ejus
2351 3456 2751 3568 praestantia
2781 3455 2855 3519 cf.
2890 3454 3180 3521 Schee-

565 3560 719 3625 ben
752 3565 785 3646 ξ
819 3566 903 3630 57
939 3581 1054 3637 55.;
1091 3566 1206 3637 87;
1238 3561 1583 3626 Terrien
1613 3562 1679 3643 la
1710 3578 1904 3642 grace
1936 3567 2000 3626 et
2028 3562 2092 3624 la
2121 3549 2385 3653 gloirei.
2426 3570 2456 3631 1
2494 3580 2545 3625 9.
2587 3570 2612 3629 l
2654 3582 2736 3626 ss

577 3773 582 3779 .
751 3709 896 3775 189.
934 3704 1368 3787 Adoptionem
1399 3705 1698 3770 effectum
1730 3722 1875 3769 esse
1899 3705 2389 3788 justificationis
2420 3711 2604 3786 patet
2633 3724 2701 3773 a.
2734 3724 2814 3769 ex
2844 3706 3039 3790 hujus
3061 3682 3179 3771 'de-

567 3812 857 3876 finitione
892 3812 1129 3877 tradita
1161 3830 1202 3875 a
1234 3812 1505 3876 concilio
1541 3812 1721 3875 trid.
1754 3830 1913 3902 sess.
1948 3816 1988 3880 6
2021 3831 2072 3874 c.
2106 3816 2181 3886 4;
2213 3811 2581 3876 continetur
2611 3811 2781 3876 enim
2807 3813 3180 3894 justificatio

569 3917 986 3983 translatione
1025 3919 1145 3993 ,ab
1178 3936 1258 3982 eo
1294 3924 1485 3994 statu,
1516 3919 1582 3981 in
1614 3937 1742 4000 quo
1772 3918 1971 3981 homo
2003 3918 2288 4008 nascitur
2319 3916 2483 3981 filius
2512 3917 2701 3999 primi
2732 3917 2961 3984 Adae
2945 3939 3011 3984 m
3041 3926 3180 3983 sta-

567 4032 700 4090 tum
731 4026 976 4106 gratiae
1009 4031 1072 4090 et
1104 4016 1470 4106 adoptionis
1502 4024 1776 4112 filiorum
1809 4025 1990 4102 Dei3‘
2031 4028 2099 4095 b.
2133 4044 2212 4090 ex
2243 4023 2612 4108 ScripturiS,
2640 4027 2994 4091 secundum
3016 4045 3181 4109 quas

556 4132 716 4213 justi
748 4150 973 4195 omnes
1005 4138 1157 4195 sunt
1183 4128 1297 4200 filii
1328 4132 1474 4209 Dei,
1521 4152 1582 4203 9.
1616 4151 1693 4196 ex
1728 4150 1824 4209 9ο,
1875 4133 2047 4217 quod
2072 4132 2502 4215 justificamur
2532 4134 3036 4214 regeneratione,
3067 4152 3178 4216 ge-

566 4226 915 4302 nerationis
948 4245 1166 4303 autem
1198 4240 1509 4303 terminus
1542 4247 1642 4304 est
1672 4203 2021 4328 filiatio:
2054 4258 2185 4303 non
2216 4258 2369 4305 vero
2401 4240 2526 4304 hoc
2558 4240 2625 4303 in
2657 4258 2814 4304 casu
2845 4241 3179 4317 naturaliS,

565 4350 637 4408 ut
669 4344 931 4409 evidens
964 4351 1091 4408 est:
1124 4337 1273 4426 ergo
1307 4346 1628 4428 adoptiva.
1660 4345 1802 4410 Huc
1821 4347 1889 4415 d.
1910 4346 2185 4427 pertinet
2212 4345 2506 4410 doctrina
2525 4353 2797 4428 patrum,
2820 4345 3047 4411 Filium
3067 4347 3181 4411 Dei

566 4451 802 4515 idcirco
836 4451 1074 4515 factum
1110 4471 1251 4517 esse
1283 4453 1482 4517 filium
1514 4453 1811 4529 hominis,
1857 4461 1929 4517 ut
1972 4472 2092 4516 nos
2142 4453 2438 4518 redderet
2469 4453 2631 4517 filios
2666 4452 2797 4529 Dei,
2831 4460 3025 4536 atque
3054 4453 3178 4518 hoc

566 4559 730 4622 inter
759 4558 968 4639 ipsum
1003 4566 1068 4622 et
1089 4558 1301 4638 justos
1352 4577 1497 4623 esse
1547 4558 1907 4636 discrimen,
1959 4559 2129 4642 quod
2178 4556 2282 4623 ille
2333 4565 2528 4623 natu
2548 4577 2636 4623 ra
2688 4559 2772 4623 sit
2802 4558 3012 4639 Filius,
3057 4553 3178 4623 nos

565 4664 911 4746 adoptione
946 4672 1010 4729 et
1041 4665 1327 4745 gratia.
