<?xml version="1.0" encoding="UTF-8"?>
<!DOCTYPE html PUBLIC "-//W3C//DTD XHTML 1.0 Transitional//EN"
    "http://www.w3.org/TR/xhtml1/DTD/xhtml1-transitional.dtd">
<html xmlns="http://www.w3.org/1999/xhtml" xml:lang="en" lang="en">
 <head>
  <title>
</title>
<meta http-equiv="Content-Type" content="text/html;charset=utf-8" />
  <meta name='ocr-system' content='tesseract 3.04.00' />
  <meta name='ocr-capabilities' content='ocr_page ocr_carea ocr_par ocr_line ocrx_word'/>
</head>
<body>
  <div class='ocr_page' id='page_1' title='image "./theologiaedogma00hurtgoog_0295.png"; bbox 0 0 3538 5364; ppageno 0'>
   <div class='ocr_carea' id='block_1_1' title="bbox 1252 248 3039 317">
    <p class='ocr_par' dir='ltr' id='par_1_1' title="bbox 1252 248 3039 317">
     <span class='ocr_line' id='line_1_1' title="bbox 1252 248 3039 317; baseline 0.008 -16"><span class='ocrx_word' id='word_1_1' title='bbox 1252 251 1340 302; x_wconf 88' lang='lat' dir='ltr'>est</span> <span class='ocrx_word' id='word_1_2' title='bbox 1365 265 1561 302; x_wconf 83' lang='lat' dir='ltr'>verum</span> <span class='ocrx_word' id='word_1_3' title='bbox 1589 248 1659 301; x_wconf 90' lang='lat' dir='ltr'>N.</span> <span class='ocrx_word' id='word_1_4' title='bbox 1687 249 1745 301; x_wconf 90' lang='lat' dir='ltr'>L.</span> <span class='ocrx_word' id='word_1_5' title='bbox 1774 250 2207 302; x_wconf 84' lang='lat' dir='ltr'>sacramentum.</span> <span class='ocrx_word' id='word_1_6' title='bbox 2906 252 3039 317; x_wconf 72' lang='lat'>:283</span> 
     </span>
    </p>
   </div>
   <div class='ocr_carea' id='block_1_2' title="bbox 407 434 3037 3190">
    <p class='ocr_par' dir='ltr' id='par_1_2' title="bbox 407 434 3037 3190">
     <span class='ocr_line' id='line_1_2' title="bbox 421 434 3035 511; baseline -0.001 -17"><span class='ocrx_word' id='word_1_7' title='bbox 421 437 754 507; x_wconf 77' lang='lat' dir='ltr'>Ecclesia3‘</span> <span class='ocrx_word' id='word_1_8' title='bbox 804 441 865 494; x_wconf 88' lang='lat' dir='ltr'>et</span> <span class='ocrx_word' id='word_1_9' title='bbox 909 437 1125 495; x_wconf 89' lang='lat' dir='ltr'>iterum</span> <span class='ocrx_word' id='word_1_10' title='bbox 1172 453 1219 497; x_wconf 88' lang='lat' dir='ltr'>c.</span> <span class='ocrx_word' id='word_1_11' title='bbox 1265 434 1355 497; x_wconf 90' lang='lat' dir='ltr'>lit.</span> <span class='ocrx_word' id='word_1_12' title='bbox 1399 435 1572 493; x_wconf 89' lang='lat' dir='ltr'>PetiL</span> <span class='ocrx_word' id='word_1_13' title='bbox 1617 435 1692 504; x_wconf 89' lang='lat'>11,</span> <span class='ocrx_word' id='word_1_14' title='bbox 1749 443 1899 497; x_wconf 83' lang='lat'>104:</span> <span class='ocrx_word' id='word_1_15' title='bbox 1949 435 2061 503; x_wconf 78' lang='lat' dir='ltr'>,In</span> <span class='ocrx_word' id='word_1_16' title='bbox 2106 435 2214 494; x_wconf 92' lang='lat' dir='ltr'>hoc</span> <span class='ocrx_word' id='word_1_17' title='bbox 2259 439 2567 511; x_wconf 86' lang='lat' dir='ltr'>unguento</span> <span class='ocrx_word' id='word_1_18' title='bbox 2600 440 3035 493; x_wconf 86' lang='lat' dir='ltr'>sacramentum</span> 
     </span>
     <span class='ocr_line' id='line_1_3' title="bbox 421 523 3037 601; baseline -0.002 -16"><span class='ocrx_word' id='word_1_19' title='bbox 421 526 759 585; x_wconf 86' lang='lat' dir='ltr'>chrismatis</span> <span class='ocrx_word' id='word_1_20' title='bbox 789 525 976 584; x_wconf 80' lang='lat' dir='ltr'>vultis</span> <span class='ocrx_word' id='word_1_21' title='bbox 1004 524 1411 601; x_wconf 87' lang='lat' dir='ltr'>interpretari:</span> <span class='ocrx_word' id='word_1_22' title='bbox 1446 523 1607 600; x_wconf 87' lang='lat' dir='ltr'>quod</span> <span class='ocrx_word' id='word_1_23' title='bbox 1639 523 1882 600; x_wconf 91' lang='lat' dir='ltr'>quidem</span> <span class='ocrx_word' id='word_1_24' title='bbox 1914 524 1978 582; x_wconf 90' lang='lat' dir='ltr'>in</span> <span class='ocrx_word' id='word_1_25' title='bbox 2010 543 2224 601; x_wconf 80' lang='lat' dir='ltr'>genere</span> <span class='ocrx_word' id='word_1_26' title='bbox 2246 524 2568 584; x_wconf 79' lang='lat' dir='ltr'>visibilium</span> <span class='ocrx_word' id='word_1_27' title='bbox 2591 524 3037 600; x_wconf 79' lang='lat' dir='ltr'>signaculorum</span> 
     </span>
     <span class='ocr_line' id='line_1_4' title="bbox 419 612 3035 689; baseline -0.001 -16"><span class='ocrx_word' id='word_1_28' title='bbox 419 618 859 674; x_wconf 86' lang='lat' dir='ltr'>sacrosanctum</span> <span class='ocrx_word' id='word_1_29' title='bbox 901 616 1007 684; x_wconf 90' lang='lat' dir='ltr'>est,</span> <span class='ocrx_word' id='word_1_30' title='bbox 1053 614 1214 672; x_wconf 89' lang='lat' dir='ltr'>sicut</span> <span class='ocrx_word' id='word_1_31' title='bbox 1246 612 1377 688; x_wconf 87' lang='lat' dir='ltr'>ipse</span> <span class='ocrx_word' id='word_1_32' title='bbox 1409 613 1801 688; x_wconf 74' lang='lat' dir='ltr'>baptismus.‘</span> <span class='ocrx_word' id='word_1_33' title='bbox 1837 646 1923 658; x_wconf 94' lang='lat'>--</span> <span class='ocrx_word' id='word_1_34' title='bbox 1955 613 2173 672; x_wconf 89' lang='lat' dir='ltr'>Eodem</span> <span class='ocrx_word' id='word_1_35' title='bbox 2205 614 2328 673; x_wconf 90' lang='lat' dir='ltr'>fere</span> <span class='ocrx_word' id='word_1_36' title='bbox 2360 615 2623 689; x_wconf 88' lang='lat' dir='ltr'>tempore</span> <span class='ocrx_word' id='word_1_37' title='bbox 2655 613 2791 671; x_wconf 92' lang='lat' dir='ltr'>Inn</span> <span class='ocrx_word' id='word_1_38' title='bbox 2810 630 2991 672; x_wconf 91' lang='lat' dir='ltr'>ocen</span> <span class='ocrx_word' id='word_1_39' title='bbox 3010 645 3035 656; x_wconf 91' lang='lat'>-</span> 
     </span>
     <span class='ocr_line' id='line_1_5' title="bbox 416 702 3037 781; baseline -0 -20"><span class='ocrx_word' id='word_1_40' title='bbox 416 704 579 763; x_wconf 88' lang='lat' dir='ltr'>tius</span> <span class='ocrx_word' id='word_1_41' title='bbox 625 704 671 764; x_wconf 93' lang='grc' dir='ltr'>Ι.</span> <span class='ocrx_word' id='word_1_42' title='bbox 718 703 934 762; x_wconf 84' lang='lat' dir='ltr'>statuit</span> <span class='ocrx_word' id='word_1_43' title='bbox 977 721 1066 779; x_wconf 90' lang='lat' dir='ltr'>ep.</span> <span class='ocrx_word' id='word_1_44' title='bbox 1103 712 1180 765; x_wconf 86' lang='lat'>25</span> <span class='ocrx_word' id='word_1_45' title='bbox 1217 703 1292 762; x_wconf 90' lang='lat' dir='ltr'>ad</span> <span class='ocrx_word' id='word_1_46' title='bbox 1324 702 1676 761; x_wconf 78' lang='lat' dir='ltr'>Decentium</span> <span class='ocrx_word' id='word_1_47' title='bbox 1706 722 1764 760; x_wconf 92' lang='lat' dir='ltr'>n.</span> <span class='ocrx_word' id='word_1_48' title='bbox 1801 714 1869 765; x_wconf 82' lang='lat'>6:</span> <span class='ocrx_word' id='word_1_49' title='bbox 1921 703 2044 772; x_wconf 82' lang='lat' dir='ltr'>‚De</span> <span class='ocrx_word' id='word_1_50' title='bbox 2089 703 2501 781; x_wconf 80' lang='lat' dir='ltr'>consignandis</span> <span class='ocrx_word' id='word_1_51' title='bbox 2534 720 2670 761; x_wconf 84' lang='lat' dir='ltr'>vero</span> <span class='ocrx_word' id='word_1_52' title='bbox 2704 702 3037 760; x_wconf 86' lang='lat' dir='ltr'>infantibus</span> 
     </span>
     <span class='ocr_line' id='line_1_6' title="bbox 415 790 3030 868; baseline -0.001 -16"><span class='ocrx_word' id='word_1_53' title='bbox 415 793 803 852; x_wconf 82' lang='lat' dir='ltr'>manifestum</span> <span class='ocrx_word' id='word_1_54' title='bbox 832 796 942 861; x_wconf 88' lang='lat' dir='ltr'>est,</span> <span class='ocrx_word' id='word_1_55' title='bbox 988 811 1110 851; x_wconf 91' lang='lat' dir='ltr'>non</span> <span class='ocrx_word' id='word_1_56' title='bbox 1138 791 1213 850; x_wconf 93' lang='lat' dir='ltr'>ab</span> <span class='ocrx_word' id='word_1_57' title='bbox 1243 792 1380 862; x_wconf 85' lang='lat' dir='ltr'>alic,</span> <span class='ocrx_word' id='word_1_58' title='bbox 1426 811 1602 867; x_wconf 91' lang='lat' dir='ltr'>quam</span> <span class='ocrx_word' id='word_1_59' title='bbox 1649 792 1723 851; x_wconf 89' lang='lat' dir='ltr'>ab</span> <span class='ocrx_word' id='word_1_60' title='bbox 1768 792 2042 868; x_wconf 88' lang='lat' dir='ltr'>episcopo</span> <span class='ocrx_word' id='word_1_61' title='bbox 2075 792 2202 851; x_wconf 87' lang='lat' dir='ltr'>fieri</span> <span class='ocrx_word' id='word_1_62' title='bbox 2234 793 2430 853; x_wconf 90' lang='lat' dir='ltr'>licere.</span> <span class='ocrx_word' id='word_1_63' title='bbox 2494 792 2643 850; x_wconf 86' lang='lat' dir='ltr'>Nam</span> <span class='ocrx_word' id='word_1_64' title='bbox 2675 790 3030 867; x_wconf 72' lang='lat' dir='ltr'>presbyteri,</span> 
     </span>
     <span class='ocr_line' id='line_1_7' title="bbox 415 880 3033 957; baseline -0 -18"><span class='ocrx_word' id='word_1_65' title='bbox 415 881 558 941; x_wconf 90' lang='lat' dir='ltr'>licet</span> <span class='ocrx_word' id='word_1_66' title='bbox 605 882 854 942; x_wconf 88' lang='lat' dir='ltr'>secundi</span> <span class='ocrx_word' id='word_1_67' title='bbox 903 882 1026 940; x_wconf 90' lang='lat' dir='ltr'>sint</span> <span class='ocrx_word' id='word_1_68' title='bbox 1074 881 1424 951; x_wconf 85' lang='lat' dir='ltr'>sacerdotes,</span> <span class='ocrx_word' id='word_1_69' title='bbox 1474 882 1857 957; x_wconf 82' lang='lat' dir='ltr'>pontificatus</span> <span class='ocrx_word' id='word_1_70' title='bbox 1907 885 2106 940; x_wconf 85' lang='lat' dir='ltr'>tamen</span> <span class='ocrx_word' id='word_1_71' title='bbox 2149 882 2372 957; x_wconf 79' lang='lat' dir='ltr'>apicem</span> <span class='ocrx_word' id='word_1_72' title='bbox 2419 899 2541 940; x_wconf 92' lang='lat' dir='ltr'>non</span> <span class='ocrx_word' id='word_1_73' title='bbox 2587 880 2822 939; x_wconf 88' lang='lat' dir='ltr'>habent.</span> <span class='ocrx_word' id='word_1_74' title='bbox 2908 881 3033 938; x_wconf 88' lang='lat' dir='ltr'>Hoc</span> 
     </span>
     <span class='ocr_line' id='line_1_8' title="bbox 414 970 3033 1049; baseline -0.001 -19"><span class='ocrx_word' id='word_1_75' title='bbox 414 975 612 1030; x_wconf 88' lang='lat' dir='ltr'>autem</span> <span class='ocrx_word' id='word_1_76' title='bbox 646 970 1022 1047; x_wconf 85' lang='lat' dir='ltr'>pontificium</span> <span class='ocrx_word' id='word_1_77' title='bbox 1071 971 1214 1029; x_wconf 90' lang='lat' dir='ltr'>solis</span> <span class='ocrx_word' id='word_1_78' title='bbox 1259 970 1466 1029; x_wconf 90' lang='lat' dir='ltr'>deberi</span> <span class='ocrx_word' id='word_1_79' title='bbox 1510 971 1821 1047; x_wconf 88' lang='lat' dir='ltr'>episcopis,</span> <span class='ocrx_word' id='word_1_80' title='bbox 1874 974 1943 1029; x_wconf 93' lang='lat' dir='ltr'>ut</span> <span class='ocrx_word' id='word_1_81' title='bbox 1991 972 2084 1029; x_wconf 83' lang='lat' dir='ltr'>vel</span> <span class='ocrx_word' id='word_1_82' title='bbox 2129 973 2480 1049; x_wconf 80' lang='lat' dir='ltr'>consignent</span> <span class='ocrx_word' id='word_1_83' title='bbox 2523 970 2617 1029; x_wconf 83' lang='lat' dir='ltr'>vel</span> <span class='ocrx_word' id='word_1_84' title='bbox 2663 970 3033 1028; x_wconf 79' lang='lat' dir='ltr'>Paracletum</span> 
     </span>
     <span class='ocr_line' id='line_1_9' title="bbox 414 1059 3036 1137; baseline -0.001 -18"><span class='ocrx_word' id='word_1_85' title='bbox 414 1061 709 1137; x_wconf 87' lang='lat' dir='ltr'>Spiritum</span> <span class='ocrx_word' id='word_1_86' title='bbox 752 1061 1012 1130; x_wconf 85' lang='lat' dir='ltr'>tradant,</span> <span class='ocrx_word' id='word_1_87' title='bbox 1058 1077 1179 1119; x_wconf 91' lang='lat' dir='ltr'>non</span> <span class='ocrx_word' id='word_1_88' title='bbox 1223 1060 1420 1119; x_wconf 90' lang='lat' dir='ltr'>solum</span> <span class='ocrx_word' id='word_1_89' title='bbox 1464 1060 1832 1119; x_wconf 90' lang='lat' dir='ltr'>consuetudo</span> <span class='ocrx_word' id='word_1_90' title='bbox 1863 1059 2253 1120; x_wconf 82' lang='lat' dir='ltr'>ecclesiastica</span> <span class='ocrx_word' id='word_1_91' title='bbox 2283 1061 2670 1131; x_wconf 88' lang='lat' dir='ltr'>demonstrat,</span> <span class='ocrx_word' id='word_1_92' title='bbox 2718 1078 2925 1118; x_wconf 84' lang='lat' dir='ltr'>verum</span> <span class='ocrx_word' id='word_1_93' title='bbox 2974 1068 3036 1118; x_wconf 84' lang='lat' dir='ltr'>et</span> 
     </span>
     <span class='ocr_line' id='line_1_10' title="bbox 411 1148 3029 1225; baseline -0.001 -18"><span class='ocrx_word' id='word_1_94' title='bbox 411 1150 518 1209; x_wconf 91' lang='lat' dir='ltr'>illa</span> <span class='ocrx_word' id='word_1_95' title='bbox 546 1150 727 1209; x_wconf 90' lang='lat' dir='ltr'>lectio</span> <span class='ocrx_word' id='word_1_96' title='bbox 757 1153 1000 1209; x_wconf 82' lang='lat' dir='ltr'>actuum</span> <span class='ocrx_word' id='word_1_97' title='bbox 1031 1149 1455 1224; x_wconf 88' lang='lat' dir='ltr'>apostolorum,</span> <span class='ocrx_word' id='word_1_98' title='bbox 1486 1169 1637 1225; x_wconf 90' lang='lat' dir='ltr'>quae</span> <span class='ocrx_word' id='word_1_99' title='bbox 1667 1149 1885 1208; x_wconf 90' lang='lat' dir='ltr'>asserit</span> <span class='ocrx_word' id='word_1_100' title='bbox 1903 1149 2144 1207; x_wconf 90' lang='lat' dir='ltr'>Petrum</span> <span class='ocrx_word' id='word_1_101' title='bbox 2178 1154 2241 1210; x_wconf 86' lang='lat' dir='ltr'>et</span> <span class='ocrx_word' id='word_1_102' title='bbox 2269 1149 2559 1209; x_wconf 83' lang='lat' dir='ltr'>Joannem</span> <span class='ocrx_word' id='word_1_103' title='bbox 2594 1167 2723 1208; x_wconf 88' lang='lat' dir='ltr'>esse</span> <span class='ocrx_word' id='word_1_104' title='bbox 2756 1148 3029 1218; x_wconf 85' lang='lat' dir='ltr'>directos,</span> 
     </span>
     <span class='ocr_line' id='line_1_11' title="bbox 411 1236 3035 1316; baseline -0.001 -18"><span class='ocrx_word' id='word_1_105' title='bbox 411 1240 516 1314; x_wconf 90' lang='lat' dir='ltr'>qui</span> <span class='ocrx_word' id='word_1_106' title='bbox 556 1241 688 1315; x_wconf 90' lang='lat' dir='ltr'>jam</span> <span class='ocrx_word' id='word_1_107' title='bbox 737 1239 1053 1315; x_wconf 84' lang='lat' dir='ltr'>baptizatis</span> <span class='ocrx_word' id='word_1_108' title='bbox 1101 1238 1404 1297; x_wconf 88' lang='lat' dir='ltr'>traderent</span> <span class='ocrx_word' id='word_1_109' title='bbox 1463 1238 1752 1314; x_wconf 88' lang='lat' dir='ltr'>Spiritum</span> <span class='ocrx_word' id='word_1_110' title='bbox 1805 1257 1851 1297; x_wconf 90' lang='lat' dir='ltr'>s.</span> <span class='ocrx_word' id='word_1_111' title='bbox 1932 1238 2080 1296; x_wconf 88' lang='lat' dir='ltr'>Nam</span> <span class='ocrx_word' id='word_1_112' title='bbox 2134 1239 2500 1316; x_wconf 84' lang='lat' dir='ltr'>presbyteris</span> <span class='ocrx_word' id='word_1_113' title='bbox 2553 1282 2566 1295; x_wconf 92' lang='lat'>.</span> <span class='ocrx_word' id='word_1_114' title='bbox 2599 1282 2613 1296; x_wconf 91' lang='lat'>.</span> <span class='ocrx_word' id='word_1_115' title='bbox 2648 1283 2660 1296; x_wconf 90' lang='lat'>.</span> <span class='ocrx_word' id='word_1_116' title='bbox 2713 1236 3035 1296; x_wconf 85' lang='lat' dir='ltr'>chrismate</span> 
     </span>
     <span class='ocr_line' id='line_1_12' title="bbox 409 1326 3034 1405; baseline -0.001 -18"><span class='ocrx_word' id='word_1_117' title='bbox 409 1329 740 1405; x_wconf 86' lang='lat' dir='ltr'>baptizatos</span> <span class='ocrx_word' id='word_1_118' title='bbox 771 1347 996 1405; x_wconf 91' lang='lat' dir='ltr'>ungere</span> <span class='ocrx_word' id='word_1_119' title='bbox 1027 1328 1183 1398; x_wconf 89' lang='lat' dir='ltr'>licet,</span> <span class='ocrx_word' id='word_1_120' title='bbox 1232 1327 1335 1386; x_wconf 88' lang='lat' dir='ltr'>sed</span> <span class='ocrx_word' id='word_1_121' title='bbox 1380 1327 1541 1403; x_wconf 90' lang='lat' dir='ltr'>quod</span> <span class='ocrx_word' id='word_1_122' title='bbox 1571 1327 1645 1386; x_wconf 93' lang='lat' dir='ltr'>ab</span> <span class='ocrx_word' id='word_1_123' title='bbox 1676 1327 1951 1403; x_wconf 89' lang='lat' dir='ltr'>episcopo</span> <span class='ocrx_word' id='word_1_124' title='bbox 1983 1326 2166 1387; x_wconf 84' lang='lat' dir='ltr'>fuerit</span> <span class='ocrx_word' id='word_1_125' title='bbox 2196 1332 2623 1404; x_wconf 88' lang='lat' dir='ltr'>consecratum,</span> <span class='ocrx_word' id='word_1_126' title='bbox 2668 1346 2787 1385; x_wconf 92' lang='lat' dir='ltr'>non</span> <span class='ocrx_word' id='word_1_127' title='bbox 2834 1330 3034 1384; x_wconf 85' lang='lat' dir='ltr'>tamen</span> 
     </span>
     <span class='ocr_line' id='line_1_13' title="bbox 407 1416 3035 1495; baseline -0.001 -20"><span class='ocrx_word' id='word_1_128' title='bbox 407 1417 671 1476; x_wconf 85' lang='lat' dir='ltr'>frontem</span> <span class='ocrx_word' id='word_1_129' title='bbox 721 1437 792 1477; x_wconf 87' lang='lat' dir='ltr'>ex</span> <span class='ocrx_word' id='word_1_130' title='bbox 838 1418 1041 1477; x_wconf 90' lang='lat' dir='ltr'>eodem</span> <span class='ocrx_word' id='word_1_131' title='bbox 1087 1417 1213 1477; x_wconf 91' lang='lat' dir='ltr'>oleo</span> <span class='ocrx_word' id='word_1_132' title='bbox 1259 1416 1512 1494; x_wconf 88' lang='lat' dir='ltr'>signare,</span> <span class='ocrx_word' id='word_1_133' title='bbox 1565 1417 1723 1492; x_wconf 91' lang='lat' dir='ltr'>quod</span> <span class='ocrx_word' id='word_1_134' title='bbox 1772 1416 1914 1476; x_wconf 87' lang='lat' dir='ltr'>solis</span> <span class='ocrx_word' id='word_1_135' title='bbox 1952 1416 2206 1475; x_wconf 89' lang='lat' dir='ltr'>debetur</span> <span class='ocrx_word' id='word_1_136' title='bbox 2237 1418 2548 1495; x_wconf 87' lang='lat' dir='ltr'>episcopis,</span> <span class='ocrx_word' id='word_1_137' title='bbox 2602 1435 2735 1475; x_wconf 88' lang='lat' dir='ltr'>curn</span> <span class='ocrx_word' id='word_1_138' title='bbox 2786 1416 3035 1474; x_wconf 83' lang='lat' dir='ltr'>tradunt</span> 
     </span>
     <span class='ocr_line' id='line_1_14' title="bbox 409 1504 3032 1585; baseline 0 -21"><span class='ocrx_word' id='word_1_139' title='bbox 409 1506 708 1582; x_wconf 88' lang='lat' dir='ltr'>Spiritum</span> <span class='ocrx_word' id='word_1_140' title='bbox 748 1507 1181 1566; x_wconf 78' lang='lat' dir='ltr'>Paracletum.‘</span> <span class='ocrx_word' id='word_1_141' title='bbox 1228 1539 1316 1552; x_wconf 92' lang='lat'>—-</span> <span class='ocrx_word' id='word_1_142' title='bbox 1360 1508 1517 1565; x_wconf 86' lang='lat' dir='ltr'>Ante</span> <span class='ocrx_word' id='word_1_143' title='bbox 1562 1509 1886 1581; x_wconf 89' lang='lat' dir='ltr'>utrumque</span> <span class='ocrx_word' id='word_1_144' title='bbox 1928 1505 2109 1564; x_wconf 85' lang='lat' dir='ltr'>refert</span> <span class='ocrx_word' id='word_1_145' title='bbox 2153 1507 2673 1585; x_wconf 83' lang='lat' dir='ltr'>Hieronymus</span> <span class='ocrx_word' id='word_1_146' title='bbox 2721 1505 2851 1564; x_wconf 87' lang='lat' dir='ltr'>dial.</span> <span class='ocrx_word' id='word_1_147' title='bbox 2898 1504 3032 1564; x_wconf 84' lang='lat' dir='ltr'>adv.</span> 
     </span>
     <span class='ocr_line' id='line_1_15' title="bbox 408 1594 3031 1671; baseline -0.001 -17"><span class='ocrx_word' id='word_1_148' title='bbox 408 1595 571 1654; x_wconf 79' lang='lat' dir='ltr'>lucif.</span> <span class='ocrx_word' id='word_1_149' title='bbox 605 1615 666 1655; x_wconf 90' lang='lat' dir='ltr'>n.</span> <span class='ocrx_word' id='word_1_150' title='bbox 703 1607 758 1669; x_wconf 85' lang='lat'>9,</span> <span class='ocrx_word' id='word_1_151' title='bbox 808 1598 997 1665; x_wconf 82' lang='lat' dir='ltr'>,hanc</span> <span class='ocrx_word' id='word_1_152' title='bbox 1035 1614 1163 1655; x_wconf 84' lang='lat' dir='ltr'>esse</span> <span class='ocrx_word' id='word_1_153' title='bbox 1207 1595 1588 1655; x_wconf 88' lang='lat' dir='ltr'>ecclesiarum</span> <span class='ocrx_word' id='word_1_154' title='bbox 1621 1594 2131 1665; x_wconf 86' lang='lat' dir='ltr'>consuetudinem,</span> <span class='ocrx_word' id='word_1_155' title='bbox 2185 1600 2255 1654; x_wconf 94' lang='lat' dir='ltr'>ut</span> <span class='ocrx_word' id='word_1_156' title='bbox 2303 1597 2376 1655; x_wconf 93' lang='lat' dir='ltr'>ad</span> <span class='ocrx_word' id='word_1_157' title='bbox 2426 1615 2544 1667; x_wconf 87' lang='lat' dir='ltr'>eos,</span> <span class='ocrx_word' id='word_1_158' title='bbox 2596 1596 2702 1670; x_wconf 89' lang='lat' dir='ltr'>qui</span> <span class='ocrx_word' id='word_1_159' title='bbox 2748 1596 2923 1671; x_wconf 90' lang='lat' dir='ltr'>longe</span> <span class='ocrx_word' id='word_1_160' title='bbox 2968 1595 3031 1652; x_wconf 89' lang='lat' dir='ltr'>in</span> 
     </span>
     <span class='ocr_line' id='line_1_16' title="bbox 407 1683 3030 1761; baseline -0 -19"><span class='ocrx_word' id='word_1_161' title='bbox 407 1685 747 1744; x_wconf 90' lang='lat' dir='ltr'>minoribus</span> <span class='ocrx_word' id='word_1_162' title='bbox 779 1685 1032 1745; x_wconf 85' lang='lat' dir='ltr'>urbibus</span> <span class='ocrx_word' id='word_1_163' title='bbox 1064 1705 1097 1743; x_wconf 93' lang='lat' dir='ltr'>a</span> <span class='ocrx_word' id='word_1_164' title='bbox 1127 1685 1474 1761; x_wconf 85' lang='lat' dir='ltr'>presbytero</span> <span class='ocrx_word' id='word_1_165' title='bbox 1507 1688 1568 1743; x_wconf 89' lang='lat' dir='ltr'>et</span> <span class='ocrx_word' id='word_1_166' title='bbox 1598 1683 1845 1744; x_wconf 88' lang='lat' dir='ltr'>diacono</span> <span class='ocrx_word' id='word_1_167' title='bbox 1878 1684 2162 1759; x_wconf 88' lang='lat' dir='ltr'>baptizati</span> <span class='ocrx_word' id='word_1_168' title='bbox 2196 1689 2358 1755; x_wconf 89' lang='lat' dir='ltr'>sunt,</span> <span class='ocrx_word' id='word_1_169' title='bbox 2409 1687 2721 1761; x_wconf 89' lang='lat' dir='ltr'>episcopus</span> <span class='ocrx_word' id='word_1_170' title='bbox 2754 1685 2825 1743; x_wconf 90' lang='lat' dir='ltr'>ad</span> <span class='ocrx_word' id='word_1_171' title='bbox 2860 1686 3030 1742; x_wconf 83' lang='lat' dir='ltr'>invo-</span> 
     </span>
     <span class='ocr_line' id='line_1_17' title="bbox 409 1774 3033 1851; baseline -0.001 -18"><span class='ocrx_word' id='word_1_172' title='bbox 409 1775 707 1833; x_wconf 87' lang='lat' dir='ltr'>cationem</span> <span class='ocrx_word' id='word_1_173' title='bbox 741 1775 1000 1851; x_wconf 87' lang='lat' dir='ltr'>Spiritus</span> <span class='ocrx_word' id='word_1_174' title='bbox 1032 1774 1218 1833; x_wconf 89' lang='lat' dir='ltr'>sancti</span> <span class='ocrx_word' id='word_1_175' title='bbox 1251 1792 1463 1833; x_wconf 89' lang='lat' dir='ltr'>manus</span> <span class='ocrx_word' id='word_1_176' title='bbox 1496 1774 1891 1850; x_wconf 85' lang='lat' dir='ltr'>impositurus</span> <span class='ocrx_word' id='word_1_177' title='bbox 1924 1778 2257 1833; x_wconf 78' lang='lat' dir='ltr'>excurrat.‘</span> <span class='ocrx_word' id='word_1_178' title='bbox 2294 1809 2378 1819; x_wconf 89' lang='lat'>—</span> <span class='ocrx_word' id='word_1_179' title='bbox 2412 1777 2567 1836; x_wconf 88' lang='lat' dir='ltr'>Ante</span> <span class='ocrx_word' id='word_1_180' title='bbox 2600 1775 3033 1851; x_wconf 83' lang='lat' dir='ltr'>Hieronymum</span> 
     </span>
     <span class='ocr_line' id='line_1_18' title="bbox 411 1860 3030 1946; baseline -0.001 -25"><span class='ocrx_word' id='word_1_181' title='bbox 411 1863 762 1939; x_wconf 77' lang='lat' dir='ltr'>cyrillus</span> <span class='ocrx_word' id='word_1_182' title='bbox 790 1865 1018 1927; x_wconf 63' lang='lat' dir='ltr'>’hieros</span> <span class='ocrx_word' id='word_1_183' title='bbox 1063 1864 1205 1922; x_wconf 88' lang='lat' dir='ltr'>adeo</span> <span class='ocrx_word' id='word_1_184' title='bbox 1252 1864 1407 1922; x_wconf 87' lang='lat' dir='ltr'>clare</span> <span class='ocrx_word' id='word_1_185' title='bbox 1450 1864 1637 1922; x_wconf 84' lang='lat' dir='ltr'>tradit</span> <span class='ocrx_word' id='word_1_186' title='bbox 1681 1864 1917 1940; x_wconf 87' lang='lat' dir='ltr'>integra</span> <span class='ocrx_word' id='word_1_187' title='bbox 1955 1864 2245 1922; x_wconf 87' lang='lat' dir='ltr'>catechesi</span> <span class='ocrx_word' id='word_1_188' title='bbox 2282 1860 2545 1946; x_wconf 83' lang='lat' dir='ltr'>(mystag</span> <span class='ocrx_word' id='word_1_189' title='bbox 2580 1875 2634 1927; x_wconf 87' lang='lat'>3.</span> <span class='ocrx_word' id='word_1_190' title='bbox 2668 1881 2867 1939; x_wconf 90' lang='lat' dir='ltr'>opusc.</span> <span class='ocrx_word' id='word_1_191' title='bbox 2904 1861 3030 1931; x_wconf 79' lang='lat' dir='ltr'>vll,</span> 
     </span>
     <span class='ocr_line' id='line_1_19' title="bbox 421 1950 3034 2031; baseline -0.001 -16"><span class='ocrx_word' id='word_1_192' title='bbox 421 1964 539 2015; x_wconf 88' lang='grc'>110</span> <span class='ocrx_word' id='word_1_193' title='bbox 563 1950 669 2031; x_wconf 86' lang='lat' dir='ltr'>ss.)</span> <span class='ocrx_word' id='word_1_194' title='bbox 703 1953 883 2029; x_wconf 89' lang='lat' dir='ltr'>hujus</span> <span class='ocrx_word' id='word_1_195' title='bbox 917 1954 1068 2011; x_wconf 90' lang='lat' dir='ltr'>ritus</span> <span class='ocrx_word' id='word_1_196' title='bbox 1099 1953 1161 2011; x_wconf 89' lang='lat' dir='ltr'>in</span> <span class='ocrx_word' id='word_1_197' title='bbox 1182 1953 1442 2011; x_wconf 88' lang='lat' dir='ltr'>Ecclesia</span> <span class='ocrx_word' id='word_1_198' title='bbox 1460 1972 1656 2023; x_wconf 86' lang='lat' dir='ltr'>usum,</span> <span class='ocrx_word' id='word_1_199' title='bbox 1691 1958 1760 2012; x_wconf 89' lang='lat' dir='ltr'>ut</span> <span class='ocrx_word' id='word_1_200' title='bbox 1793 1953 2184 2012; x_wconf 85' lang='lat' dir='ltr'>Chemniti</span> <span class='ocrx_word' id='word_1_201' title='bbox 2204 1972 2283 2012; x_wconf 89' lang='lat' dir='ltr'>us</span> <span class='ocrx_word' id='word_1_202' title='bbox 2317 1955 2424 2013; x_wconf 92' lang='lat' dir='ltr'>hoc</span> <span class='ocrx_word' id='word_1_203' title='bbox 2458 1956 2893 2013; x_wconf 89' lang='lat' dir='ltr'>sacramentum</span> <span class='ocrx_word' id='word_1_204' title='bbox 2927 1970 3034 2027; x_wconf 86' lang='lat' dir='ltr'>per</span> 
     </span>
     <span class='ocr_line' id='line_1_20' title="bbox 412 2042 3031 2119; baseline 0 -19"><span class='ocrx_word' id='word_1_205' title='bbox 412 2046 823 2118; x_wconf 88' lang='lat' dir='ltr'>contemptum</span> <span class='ocrx_word' id='word_1_206' title='bbox 872 2042 1131 2119; x_wconf 89' lang='lat' dir='ltr'>appellet</span> <span class='ocrx_word' id='word_1_207' title='bbox 1180 2043 1436 2101; x_wconf 86' lang='lat' dir='ltr'>chrisma</span> <span class='ocrx_word' id='word_1_208' title='bbox 1483 2042 1883 2119; x_wconf 82' lang='lat' dir='ltr'>cyrillianum.</span> <span class='ocrx_word' id='word_1_209' title='bbox 1936 2074 2022 2086; x_wconf 89' lang='lat'>--</span> <span class='ocrx_word' id='word_1_210' title='bbox 2070 2043 2278 2101; x_wconf 90' lang='lat' dir='ltr'>Seculo</span> <span class='ocrx_word' id='word_1_211' title='bbox 2310 2042 2415 2100; x_wconf 89' lang='lat' dir='ltr'>III.</span> <span class='ocrx_word' id='word_1_212' title='bbox 2464 2044 2644 2119; x_wconf 86' lang='lat' dir='ltr'>hujus</span> <span class='ocrx_word' id='word_1_213' title='bbox 2680 2044 3031 2101; x_wconf 81' lang='lat' dir='ltr'>sacramenti</span> 
     </span>
     <span class='ocr_line' id='line_1_21' title="bbox 411 2126 3029 2214; baseline 0.001 -25"><span class='ocrx_word' id='word_1_214' title='bbox 411 2136 600 2190; x_wconf 75' lang='lat' dir='ltr'>testes</span> <span class='ocrx_word' id='word_1_215' title='bbox 633 2132 926 2191; x_wconf 87' lang='lat' dir='ltr'>luculenti</span> <span class='ocrx_word' id='word_1_216' title='bbox 959 2133 1103 2190; x_wconf 87' lang='lat' dir='ltr'>sunt</span> <span class='ocrx_word' id='word_1_217' title='bbox 1142 2131 1556 2205; x_wconf 71' lang='lat' dir='ltr'>Cornelius</span> <span class='ocrx_word' id='word_1_218' title='bbox 1602 2149 1884 2190; x_wconf 90' lang='lat' dir='ltr'>romanus</span> <span class='ocrx_word' id='word_1_219' title='bbox 1928 2132 2192 2206; x_wconf 84' lang='lat' dir='ltr'>pontifex</span> <span class='ocrx_word' id='word_1_220' title='bbox 2226 2126 2310 2214; x_wconf 91' lang='lat' dir='ltr'>(n.</span> <span class='ocrx_word' id='word_1_221' title='bbox 2348 2132 2554 2210; x_wconf 76' lang='lat'>276⁶),</span> <span class='ocrx_word' id='word_1_222' title='bbox 2600 2140 2663 2192; x_wconf 87' lang='lat' dir='ltr'>et</span> <span class='ocrx_word' id='word_1_223' title='bbox 2708 2132 3029 2207; x_wconf 86' lang='lat' dir='ltr'>Cypria-</span> 
     </span>
     <span class='ocr_line' id='line_1_22' title="bbox 413 2220 3033 2296; baseline 0.001 -18"><span class='ocrx_word' id='word_1_224' title='bbox 413 2238 585 2291; x_wconf 88' lang='lat' dir='ltr'>nus,</span> <span class='ocrx_word' id='word_1_225' title='bbox 632 2221 739 2296; x_wconf 91' lang='lat' dir='ltr'>qui</span> <span class='ocrx_word' id='word_1_226' title='bbox 769 2221 955 2280; x_wconf 88' lang='lat' dir='ltr'>relato</span> <span class='ocrx_word' id='word_1_227' title='bbox 986 2222 1116 2285; x_wconf 83' lang='lat' dir='ltr'>Act.</span> <span class='ocrx_word' id='word_1_228' title='bbox 1152 2230 1208 2289; x_wconf 88' lang='grc'>8,</span> <span class='ocrx_word' id='word_1_229' title='bbox 1264 2231 1339 2283; x_wconf 83' lang='grc'>14</span> <span class='ocrx_word' id='word_1_230' title='bbox 1373 2240 1465 2291; x_wconf 83' lang='lat' dir='ltr'>se„</span> <span class='ocrx_word' id='word_1_231' title='bbox 1511 2220 1720 2279; x_wconf 86' lang='lat' dir='ltr'>scribit</span> <span class='ocrx_word' id='word_1_232' title='bbox 1750 2240 1842 2296; x_wconf 89' lang='lat' dir='ltr'>ep.</span> <span class='ocrx_word' id='word_1_233' title='bbox 1880 2230 1990 2285; x_wconf 82' lang='lat'>73:</span> <span class='ocrx_word' id='word_1_234' title='bbox 2042 2221 2249 2291; x_wconf 82' lang='lat' dir='ltr'>,Quod</span> <span class='ocrx_word' id='word_1_235' title='bbox 2284 2221 2502 2292; x_wconf 86' lang='lat' dir='ltr'>deerat,</span> <span class='ocrx_word' id='word_1_236' title='bbox 2556 2222 2619 2280; x_wconf 91' lang='lat' dir='ltr'>id</span> <span class='ocrx_word' id='word_1_237' title='bbox 2671 2241 2705 2279; x_wconf 91' lang='lat' dir='ltr'>a</span> <span class='ocrx_word' id='word_1_238' title='bbox 2750 2222 2926 2280; x_wconf 86' lang='lat' dir='ltr'>Petro</span> <span class='ocrx_word' id='word_1_239' title='bbox 2973 2230 3033 2281; x_wconf 87' lang='lat' dir='ltr'>et</span> 
     </span>
     <span class='ocr_line' id='line_1_23' title="bbox 411 2310 3031 2387; baseline 0 -19"><span class='ocrx_word' id='word_1_240' title='bbox 411 2310 642 2368; x_wconf 85' lang='lat' dir='ltr'>Joanne</span> <span class='ocrx_word' id='word_1_241' title='bbox 673 2310 895 2369; x_wconf 76' lang='lat' dir='ltr'>factum</span> <span class='ocrx_word' id='word_1_242' title='bbox 926 2313 1035 2380; x_wconf 84' lang='lat' dir='ltr'>est,</span> <span class='ocrx_word' id='word_1_243' title='bbox 1070 2313 1140 2368; x_wconf 93' lang='lat' dir='ltr'>ut</span> <span class='ocrx_word' id='word_1_244' title='bbox 1170 2310 1435 2369; x_wconf 90' lang='lat' dir='ltr'>oratione</span> <span class='ocrx_word' id='word_1_245' title='bbox 1454 2329 1563 2387; x_wconf 90' lang='lat' dir='ltr'>pro</span> <span class='ocrx_word' id='word_1_246' title='bbox 1594 2310 1676 2369; x_wconf 91' lang='lat' dir='ltr'>eis</span> <span class='ocrx_word' id='word_1_247' title='bbox 1709 2310 1913 2368; x_wconf 90' lang='lat' dir='ltr'>habita</span> <span class='ocrx_word' id='word_1_248' title='bbox 1944 2312 2005 2368; x_wconf 92' lang='lat' dir='ltr'>et</span> <span class='ocrx_word' id='word_1_249' title='bbox 2037 2329 2217 2369; x_wconf 89' lang='lat' dir='ltr'>manu</span> <span class='ocrx_word' id='word_1_250' title='bbox 2249 2310 2527 2387; x_wconf 89' lang='lat' dir='ltr'>imposita</span> <span class='ocrx_word' id='word_1_251' title='bbox 2559 2311 2939 2369; x_wconf 84' lang='lat' dir='ltr'>invocaretur</span> <span class='ocrx_word' id='word_1_252' title='bbox 2970 2318 3031 2369; x_wconf 87' lang='lat' dir='ltr'>et</span> 
     </span>
     <span class='ocr_line' id='line_1_24' title="bbox 409 2398 3028 2476; baseline 0.001 -20"><span class='ocrx_word' id='word_1_253' title='bbox 409 2399 832 2458; x_wconf 83' lang='lat' dir='ltr'>infunderetur</span> <span class='ocrx_word' id='word_1_254' title='bbox 862 2418 1041 2475; x_wconf 90' lang='lat' dir='ltr'>super</span> <span class='ocrx_word' id='word_1_255' title='bbox 1071 2416 1170 2458; x_wconf 88' lang='lat' dir='ltr'>eos</span> <span class='ocrx_word' id='word_1_256' title='bbox 1205 2398 1460 2475; x_wconf 86' lang='lat' dir='ltr'>Spiritus</span> <span class='ocrx_word' id='word_1_257' title='bbox 1492 2402 1743 2459; x_wconf 81' lang='lat' dir='ltr'>sanctus,</span> <span class='ocrx_word' id='word_1_258' title='bbox 1793 2398 1960 2468; x_wconf 81' lang='lat' dir='ltr'>Quod</span> <span class='ocrx_word' id='word_1_259' title='bbox 1993 2418 2151 2459; x_wconf 90' lang='lat' dir='ltr'>nunc</span> <span class='ocrx_word' id='word_1_260' title='bbox 2184 2416 2421 2475; x_wconf 88' lang='lat' dir='ltr'>quoque</span> <span class='ocrx_word' id='word_1_261' title='bbox 2454 2401 2609 2476; x_wconf 92' lang='lat' dir='ltr'>apud</span> <span class='ocrx_word' id='word_1_262' title='bbox 2643 2419 2747 2458; x_wconf 90' lang='lat' dir='ltr'>nos</span> <span class='ocrx_word' id='word_1_263' title='bbox 2778 2400 3028 2476; x_wconf 82' lang='lat' dir='ltr'>geritur,</span> 
     </span>
     <span class='ocr_line' id='line_1_25' title="bbox 411 2487 3029 2566; baseline 0 -19"><span class='ocrx_word' id='word_1_264' title='bbox 411 2492 482 2547; x_wconf 91' lang='lat' dir='ltr'>ut</span> <span class='ocrx_word' id='word_1_265' title='bbox 513 2489 620 2564; x_wconf 90' lang='lat' dir='ltr'>qui</span> <span class='ocrx_word' id='word_1_266' title='bbox 651 2488 714 2546; x_wconf 92' lang='lat' dir='ltr'>in</span> <span class='ocrx_word' id='word_1_267' title='bbox 746 2488 1006 2548; x_wconf 86' lang='lat' dir='ltr'>Ecclesia</span> <span class='ocrx_word' id='word_1_268' title='bbox 1035 2488 1429 2564; x_wconf 86' lang='lat' dir='ltr'>baptizantur,</span> <span class='ocrx_word' id='word_1_269' title='bbox 1477 2487 1831 2565; x_wconf 87' lang='lat' dir='ltr'>praepositis</span> <span class='ocrx_word' id='word_1_270' title='bbox 1862 2488 2151 2548; x_wconf 86' lang='lat' dir='ltr'>Ecclesiae</span> <span class='ocrx_word' id='word_1_271' title='bbox 2184 2489 2508 2548; x_wconf 88' lang='lat' dir='ltr'>offerantur</span> <span class='ocrx_word' id='word_1_272' title='bbox 2538 2494 2599 2548; x_wconf 92' lang='lat' dir='ltr'>et</span> <span class='ocrx_word' id='word_1_273' title='bbox 2629 2508 2736 2566; x_wconf 91' lang='lat' dir='ltr'>per</span> <span class='ocrx_word' id='word_1_274' title='bbox 2766 2493 3029 2547; x_wconf 88' lang='lat' dir='ltr'>nostram</span> 
     </span>
     <span class='ocr_line' id='line_1_26' title="bbox 410 2576 3032 2655; baseline 0.001 -20"><span class='ocrx_word' id='word_1_275' title='bbox 410 2578 741 2636; x_wconf 88' lang='lat' dir='ltr'>orationem</span> <span class='ocrx_word' id='word_1_276' title='bbox 793 2581 854 2635; x_wconf 91' lang='lat' dir='ltr'>et</span> <span class='ocrx_word' id='word_1_277' title='bbox 901 2596 1112 2636; x_wconf 86' lang='lat' dir='ltr'>manus</span> <span class='ocrx_word' id='word_1_278' title='bbox 1163 2577 1601 2653; x_wconf 86' lang='lat' dir='ltr'>impositionem</span> <span class='ocrx_word' id='word_1_279' title='bbox 1652 2576 1943 2654; x_wconf 88' lang='lat' dir='ltr'>Spiritum</span> <span class='ocrx_word' id='word_1_280' title='bbox 2005 2597 2050 2637; x_wconf 91' lang='lat' dir='ltr'>s.</span> <span class='ocrx_word' id='word_1_281' title='bbox 2110 2582 2548 2654; x_wconf 89' lang='lat' dir='ltr'>consequantur</span> <span class='ocrx_word' id='word_1_282' title='bbox 2605 2585 2665 2636; x_wconf 91' lang='lat' dir='ltr'>et</span> <span class='ocrx_word' id='word_1_283' title='bbox 2724 2578 3032 2655; x_wconf 88' lang='lat' dir='ltr'>signaculo</span> 
     </span>
     <span class='ocr_line' id='line_1_27' title="bbox 411 2666 3026 2738; baseline 0.001 -13"><span class='ocrx_word' id='word_1_284' title='bbox 411 2666 706 2727; x_wconf 88' lang='lat' dir='ltr'>dominico</span> <span class='ocrx_word' id='word_1_285' title='bbox 738 2669 1284 2729; x_wconf 78' lang='lat' dir='ltr'>consummentur.‘</span> <span class='ocrx_word' id='word_1_286' title='bbox 1329 2702 1417 2711; x_wconf 90' lang='lat'>-—</span> <span class='ocrx_word' id='word_1_287' title='bbox 1462 2667 1692 2738; x_wconf 82' lang='lat' dir='ltr'>Quibus</span> <span class='ocrx_word' id='word_1_288' title='bbox 1739 2667 1957 2727; x_wconf 90' lang='lat' dir='ltr'>similia</span> <span class='ocrx_word' id='word_1_289' title='bbox 2001 2667 2222 2727; x_wconf 90' lang='lat' dir='ltr'>habent</span> <span class='ocrx_word' id='word_1_290' title='bbox 2264 2667 2383 2727; x_wconf 91' lang='lat' dir='ltr'>duo</span> <span class='ocrx_word' id='word_1_291' title='bbox 2428 2668 2531 2727; x_wconf 93' lang='lat' dir='ltr'>alii</span> <span class='ocrx_word' id='word_1_292' title='bbox 2578 2670 2764 2728; x_wconf 86' lang='lat' dir='ltr'>testes</span> <span class='ocrx_word' id='word_1_293' title='bbox 2810 2668 3026 2738; x_wconf 81' lang='lat' dir='ltr'>coaevi,</span> 
     </span>
     <span class='ocr_line' id='line_1_28' title="bbox 413 2754 3031 2842; baseline -0.001 -26"><span class='ocrx_word' id='word_1_294' title='bbox 413 2757 923 2816; x_wconf 80' lang='lat' dir='ltr'>Nemesianus</span> <span class='ocrx_word' id='word_1_295' title='bbox 955 2777 990 2814; x_wconf 89' lang='lat' dir='ltr'>a</span> <span class='ocrx_word' id='word_1_296' title='bbox 1019 2756 1328 2816; x_wconf 85' lang='lat' dir='ltr'>Thubunis</span> <span class='ocrx_word' id='word_1_297' title='bbox 1359 2758 1421 2816; x_wconf 91' lang='lat' dir='ltr'>in</span> <span class='ocrx_word' id='word_1_298' title='bbox 1451 2757 1699 2816; x_wconf 91' lang='lat' dir='ltr'>concilio</span> <span class='ocrx_word' id='word_1_299' title='bbox 1743 2758 2342 2835; x_wconf 87' lang='lat' dir='ltr'>carthaginensi</span> <span class='ocrx_word' id='word_1_300' title='bbox 2374 2758 2477 2816; x_wconf 92' lang='lat'>111.</span> <span class='ocrx_word' id='word_1_301' title='bbox 2514 2754 2591 2842; x_wconf 92' lang='lat' dir='ltr'>(a.</span> <span class='ocrx_word' id='word_1_302' title='bbox 2628 2754 2780 2835; x_wconf 82' lang='lat'>256)</span> <span class='ocrx_word' id='word_1_303' title='bbox 2815 2776 2859 2816; x_wconf 89' lang='lat' dir='ltr'>c.</span> <span class='ocrx_word' id='word_1_304' title='bbox 2900 2769 2932 2820; x_wconf 90' lang='lat'>5</span> <span class='ocrx_word' id='word_1_305' title='bbox 2969 2763 3031 2815; x_wconf 89' lang='lat' dir='ltr'>et</span> 
     </span>
     <span class='ocr_line' id='line_1_29' title="bbox 413 2846 3029 2922; baseline 0 -19"><span class='ocrx_word' id='word_1_306' title='bbox 413 2850 692 2905; x_wconf 90' lang='lat' dir='ltr'>auctor</span> <span class='ocrx_word' id='word_1_307' title='bbox 720 2847 760 2904; x_wconf 94' lang='lat' dir='ltr'>l.</span> <span class='ocrx_word' id='word_1_308' title='bbox 794 2847 864 2904; x_wconf 92' lang='lat' dir='ltr'>de</span> <span class='ocrx_word' id='word_1_309' title='bbox 895 2847 1334 2922; x_wconf 82' lang='lat' dir='ltr'>rebaptismate.</span> <span class='ocrx_word' id='word_1_310' title='bbox 1367 2879 1455 2890; x_wconf 92' lang='lat'>—-</span> <span class='ocrx_word' id='word_1_311' title='bbox 1487 2846 1600 2906; x_wconf 87' lang='lat' dir='ltr'>Sed</span> <span class='ocrx_word' id='word_1_312' title='bbox 1633 2849 1772 2904; x_wconf 87' lang='lat' dir='ltr'>ante</span> <span class='ocrx_word' id='word_1_313' title='bbox 1804 2848 1911 2906; x_wconf 89' lang='lat' dir='ltr'>hos</span> <span class='ocrx_word' id='word_1_314' title='bbox 1943 2866 2146 2907; x_wconf 88' lang='lat' dir='ltr'>omnes</span> <span class='ocrx_word' id='word_1_315' title='bbox 2179 2864 2290 2908; x_wconf 89' lang='lat' dir='ltr'>sec.</span> <span class='ocrx_word' id='word_1_316' title='bbox 2321 2854 2573 2906; x_wconf 87' lang='lat' dir='ltr'>exeunte</span> <span class='ocrx_word' id='word_1_317' title='bbox 2605 2847 2679 2910; x_wconf 95' lang='lat' dir='ltr'>II.</span> <span class='ocrx_word' id='word_1_318' title='bbox 2704 2848 2830 2922; x_wconf 86' lang='lat' dir='ltr'>jam</span> <span class='ocrx_word' id='word_1_319' title='bbox 2862 2846 2953 2905; x_wconf 84' lang='lat' dir='ltr'>Te</span> <span class='ocrx_word' id='word_1_320' title='bbox 2972 2867 3029 2904; x_wconf 89' lang='lat' dir='ltr'>r-</span> 
     </span>
     <span class='ocr_line' id='line_1_30' title="bbox 412 2930 3030 3017; baseline 0 -25"><span class='ocrx_word' id='word_1_321' title='bbox 412 2935 811 2994; x_wconf 87' lang='lat' dir='ltr'>tullianus</span> <span class='ocrx_word' id='word_1_322' title='bbox 842 2934 1016 2995; x_wconf 87' lang='lat' dir='ltr'>testis</span> <span class='ocrx_word' id='word_1_323' title='bbox 1047 2935 1280 2994; x_wconf 89' lang='lat' dir='ltr'>exsistit</span> <span class='ocrx_word' id='word_1_324' title='bbox 1311 2935 1383 2993; x_wconf 91' lang='lat' dir='ltr'>de</span> <span class='ocrx_word' id='word_1_325' title='bbox 1414 2935 1573 3011; x_wconf 87' lang='lat' dir='ltr'>bapt.</span> <span class='ocrx_word' id='word_1_326' title='bbox 1606 2953 1653 2999; x_wconf 88' lang='lat' dir='ltr'>c.</span> <span class='ocrx_word' id='word_1_327' title='bbox 1677 2945 1744 2998; x_wconf 89' lang='lat'>8:</span> <span class='ocrx_word' id='word_1_328' title='bbox 1782 2936 2047 3005; x_wconf 82' lang='lat' dir='ltr'>,Dehinc</span> <span class='ocrx_word' id='word_1_329' title='bbox 2068 2931 2228 3015; x_wconf 92' lang='lat' dir='ltr'>(post</span> <span class='ocrx_word' id='word_1_330' title='bbox 2246 2930 2638 3017; x_wconf 86' lang='lat' dir='ltr'>baptismum)</span> <span class='ocrx_word' id='word_1_331' title='bbox 2674 2955 2885 2995; x_wconf 88' lang='lat' dir='ltr'>manus</span> <span class='ocrx_word' id='word_1_332' title='bbox 2920 2937 3030 2993; x_wconf 89' lang='lat' dir='ltr'>im-</span> 
     </span>
     <span class='ocr_line' id='line_1_31' title="bbox 413 3023 3030 3101; baseline 0 -18"><span class='ocrx_word' id='word_1_333' title='bbox 413 3024 657 3099; x_wconf 89' lang='lat' dir='ltr'>ponitur</span> <span class='ocrx_word' id='word_1_334' title='bbox 702 3042 808 3101; x_wconf 88' lang='lat' dir='ltr'>per</span> <span class='ocrx_word' id='word_1_335' title='bbox 849 3023 1323 3083; x_wconf 88' lang='lat' dir='ltr'>benedictionem</span> <span class='ocrx_word' id='word_1_336' title='bbox 1355 3025 1642 3084; x_wconf 84' lang='lat' dir='ltr'>advocans</span> <span class='ocrx_word' id='word_1_337' title='bbox 1691 3028 1751 3083; x_wconf 89' lang='lat' dir='ltr'>et</span> <span class='ocrx_word' id='word_1_338' title='bbox 1796 3025 2058 3084; x_wconf 87' lang='lat' dir='ltr'>invitans</span> <span class='ocrx_word' id='word_1_339' title='bbox 2096 3025 2447 3101; x_wconf 76' lang='lat' dir='ltr'>Spiritum.‘</span> <span class='ocrx_word' id='word_1_340' title='bbox 2527 3025 2606 3086; x_wconf 87' lang='lat' dir='ltr'>cf.</span> <span class='ocrx_word' id='word_1_341' title='bbox 2658 3025 2729 3084; x_wconf 91' lang='lat' dir='ltr'>de</span> <span class='ocrx_word' id='word_1_342' title='bbox 2779 3044 3030 3100; x_wconf 84' lang='lat' dir='ltr'>praescr.</span> 
     </span>
     <span class='ocr_line' id='line_1_32' title="bbox 413 3114 1197 3190; baseline 0.008 -20"><span class='ocrx_word' id='word_1_343' title='bbox 413 3133 468 3171; x_wconf 90' lang='lat' dir='ltr'>n.</span> <span class='ocrx_word' id='word_1_344' title='bbox 507 3124 584 3177; x_wconf 82' lang='lat'>36</span> <span class='ocrx_word' id='word_1_345' title='bbox 619 3116 679 3172; x_wconf 88' lang='lat' dir='ltr'>et</span> <span class='ocrx_word' id='word_1_346' title='bbox 711 3132 892 3190; x_wconf 90' lang='lat' dir='ltr'>supra</span> <span class='ocrx_word' id='word_1_347' title='bbox 922 3133 982 3178; x_wconf 88' lang='lat' dir='ltr'>n.</span> <span class='ocrx_word' id='word_1_348' title='bbox 1019 3114 1197 3176; x_wconf 80' lang='lat'>255⁵.</span> 
     </span>
    </p>
   </div>
   <div class='ocr_carea' id='block_1_3' title="bbox 592 3232 3031 3315">
    <p class='ocr_par' dir='ltr' id='par_1_3' title="bbox 592 3232 3031 3315">
     <span class='ocr_line' id='line_1_33' title="bbox 592 3232 3031 3315; baseline -0.001 -15"><span class='ocrx_word' id='word_1_349' title='bbox 592 3235 655 3300; x_wconf 82' lang='lat'>3.</span> <span class='ocrx_word' id='word_1_350' title='bbox 687 3233 953 3297; x_wconf 87' lang='lat' dir='ltr'>Accedit</span> <span class='ocrx_word' id='word_1_351' title='bbox 972 3240 1416 3314; x_wconf 83' lang='lat' dir='ltr'>argumentum</span> <span class='ocrx_word' id='word_1_352' title='bbox 1437 3232 1661 3297; x_wconf 80' lang='lat' dir='ltr'>efficax</span> <span class='ocrx_word' id='word_1_353' title='bbox 1682 3251 1763 3297; x_wconf 84' lang='lat' dir='ltr'>ex</span> <span class='ocrx_word' id='word_1_354' title='bbox 1797 3252 1831 3296; x_wconf 86' lang='lat' dir='ltr'>c</span> <span class='ocrx_word' id='word_1_355' title='bbox 1845 3251 1883 3296; x_wconf 93' lang='lat' dir='ltr'>o</span> <span class='ocrx_word' id='word_1_356' title='bbox 1895 3253 1938 3297; x_wconf 91' lang='lat' dir='ltr'>n</span> <span class='ocrx_word' id='word_1_357' title='bbox 1950 3254 1980 3295; x_wconf 87' lang='lat' dir='ltr'>s</span> <span class='ocrx_word' id='word_1_358' title='bbox 1992 3252 2027 3296; x_wconf 93' lang='lat' dir='ltr'>e</span> <span class='ocrx_word' id='word_1_359' title='bbox 2040 3253 2082 3296; x_wconf 91' lang='lat' dir='ltr'>n</span> <span class='ocrx_word' id='word_1_360' title='bbox 2093 3253 2124 3296; x_wconf 91' lang='lat' dir='ltr'>s</span> <span class='ocrx_word' id='word_1_361' title='bbox 2137 3254 2176 3297; x_wconf 89' lang='lat' dir='ltr'>u</span> <span class='ocrx_word' id='word_1_362' title='bbox 2211 3234 2524 3299; x_wconf 89' lang='lat' dir='ltr'>ecclesiae</span> <span class='ocrx_word' id='word_1_363' title='bbox 2540 3253 2812 3315; x_wconf 84' lang='lat' dir='ltr'>graecae</span> <span class='ocrx_word' id='word_1_364' title='bbox 2828 3234 3031 3298; x_wconf 87' lang='lat' dir='ltr'>schis-</span> 
     </span>
    </p>
   </div>
   <div class='ocr_carea' id='block_1_4' title="bbox 411 3337 3028 3534">
    <p class='ocr_par' dir='ltr' id='par_1_4' title="bbox 411 3337 3028 3534">
     <span class='ocr_line' id='line_1_34' title="bbox 413 3337 3028 3425; baseline 0.001 -24"><span class='ocrx_word' id='word_1_365' title='bbox 413 3340 687 3405; x_wconf 90' lang='lat' dir='ltr'>maticae</span> <span class='ocrx_word' id='word_1_366' title='bbox 719 3347 785 3404; x_wconf 91' lang='lat' dir='ltr'>et</span> <span class='ocrx_word' id='word_1_367' title='bbox 814 3347 1134 3405; x_wconf 88' lang='lat' dir='ltr'>sectarum</span> <span class='ocrx_word' id='word_1_368' title='bbox 1168 3337 1461 3416; x_wconf 59' lang='lat' dir='ltr'>Orientis</span> <span class='ocrx_word' id='word_1_369' title='bbox 1494 3357 1661 3422; x_wconf 87' lang='lat' dir='ltr'>quae</span> <span class='ocrx_word' id='word_1_370' title='bbox 1695 3358 2026 3421; x_wconf 87' lang='lat' dir='ltr'>nunquam</span> <span class='ocrx_word' id='word_1_371' title='bbox 2060 3359 2189 3404; x_wconf 91' lang='lat' dir='ltr'>non</span> <span class='ocrx_word' id='word_1_372' title='bbox 2224 3341 2390 3405; x_wconf 88' lang='lat' dir='ltr'>inter</span> <span class='ocrx_word' id='word_1_373' title='bbox 2422 3349 2690 3423; x_wconf 82' lang='lat' dir='ltr'>septem.</span> <span class='ocrx_word' id='word_1_374' title='bbox 2712 3361 2877 3425; x_wconf 87' lang='lat' dir='ltr'>quae</span> <span class='ocrx_word' id='word_1_375' title='bbox 2914 3343 3028 3405; x_wconf 88' lang='lat' dir='ltr'>ad-</span> 
     </span>
     <span class='ocr_line' id='line_1_35' title="bbox 411 3447 2168 3534; baseline 0.001 -26"><span class='ocrx_word' id='word_1_376' title='bbox 411 3447 670 3510; x_wconf 88' lang='lat' dir='ltr'>mittunt</span> <span class='ocrx_word' id='word_1_377' title='bbox 699 3454 1127 3522; x_wconf 85' lang='lat' dir='ltr'>sacramenta,</span> <span class='ocrx_word' id='word_1_378' title='bbox 1161 3447 1716 3512; x_wconf 84' lang='lat' dir='ltr'>confirmationem</span> <span class='ocrx_word' id='word_1_379' title='bbox 1748 3454 2089 3512; x_wconf 86' lang='lat' dir='ltr'>recensent</span> <span class='ocrx_word' id='word_1_380' title='bbox 2107 3448 2168 3534; x_wconf 85' lang='lat'>¹).</span> 
     </span>
    </p>
   </div>
   <div class='ocr_carea' id='block_1_5' title="bbox 411 3571 3031 4299">
    <p class='ocr_par' dir='ltr' id='par_1_5' title="bbox 411 3571 3031 4299">
     <span class='ocr_line' id='line_1_36' title="bbox 590 3571 3030 3654; baseline -0.002 -15"><span class='ocrx_word' id='word_1_381' title='bbox 590 3576 736 3639; x_wconf 81' lang='lat'>323.</span> <span class='ocrx_word' id='word_1_382' title='bbox 754 3571 852 3635; x_wconf 86' lang='lat' dir='ltr'>De</span> <span class='ocrx_word' id='word_1_383' title='bbox 866 3573 1056 3654; x_wconf 78' lang='lat' dir='ltr'>hujus</span> <span class='ocrx_word' id='word_1_384' title='bbox 1070 3575 1444 3636; x_wconf 76' lang='lat' dir='ltr'>sacramenti</span> <span class='ocrx_word' id='word_1_385' title='bbox 1459 3575 1746 3636; x_wconf 76' lang='lat' dir='ltr'>ministro</span> <span class='ocrx_word' id='word_1_386' title='bbox 1762 3573 1989 3636; x_wconf 84' lang='lat' dir='ltr'>statuit</span> <span class='ocrx_word' id='word_1_387' title='bbox 2004 3573 2344 3636; x_wconf 89' lang='lat' dir='ltr'>concilium</span> <span class='ocrx_word' id='word_1_388' title='bbox 2366 3579 2430 3636; x_wconf 86' lang='lat' dir='ltr'>tr</span> <span class='ocrx_word' id='word_1_389' title='bbox 2445 3573 2462 3634; x_wconf 89' lang='lat' dir='ltr'>i</span> <span class='ocrx_word' id='word_1_390' title='bbox 2477 3573 2533 3636; x_wconf 92' lang='lat' dir='ltr'>d.</span> <span class='ocrx_word' id='word_1_391' title='bbox 2552 3593 2704 3637; x_wconf 87' lang='lat' dir='ltr'>sess.</span> <span class='ocrx_word' id='word_1_392' title='bbox 2734 3579 2768 3640; x_wconf 84' lang='lat'><strong>7</strong></span> <span class='ocrx_word' id='word_1_393' title='bbox 2793 3591 2931 3636; x_wconf 87' lang='lat' dir='ltr'>can.</span> <span class='ocrx_word' id='word_1_394' title='bbox 2955 3580 2994 3642; x_wconf 84' lang='lat'><strong>3</strong></span> <span class='ocrx_word' id='word_1_395' title='bbox 3017 3595 3030 3635; x_wconf 91' lang='lat'>:</span> 
     </span>
     <span class='ocr_line' id='line_1_37' title="bbox 421 3676 3031 3760; baseline 0.001 -18"><span class='ocrx_word' id='word_1_396' title='bbox 421 3676 527 3752; x_wconf 87' lang='lat' dir='ltr'>,Si</span> <span class='ocrx_word' id='word_1_397' title='bbox 558 3679 698 3760; x_wconf 87' lang='lat' dir='ltr'>quis</span> <span class='ocrx_word' id='word_1_398' title='bbox 730 3680 978 3756; x_wconf 81' lang='lat' dir='ltr'>dixerit,</span> <span class='ocrx_word' id='word_1_399' title='bbox 1023 3686 1290 3744; x_wconf 87' lang='lat' dir='ltr'>sanctae</span> <span class='ocrx_word' id='word_1_400' title='bbox 1335 3680 1841 3744; x_wconf 83' lang='lat' dir='ltr'>confirmationis</span> <span class='ocrx_word' id='word_1_401' title='bbox 1875 3678 2267 3743; x_wconf 88' lang='lat' dir='ltr'>ordinarium</span> <span class='ocrx_word' id='word_1_402' title='bbox 2316 3680 2676 3744; x_wconf 88' lang='lat' dir='ltr'>ministrum</span> <span class='ocrx_word' id='word_1_403' title='bbox 2722 3698 2854 3743; x_wconf 90' lang='lat' dir='ltr'>non</span> <span class='ocrx_word' id='word_1_404' title='bbox 2888 3699 3031 3745; x_wconf 87' lang='lat' dir='ltr'>esse</span> 
     </span>
     <span class='ocr_line' id='line_1_38' title="bbox 412 3785 3028 3868; baseline 0 -20"><span class='ocrx_word' id='word_1_405' title='bbox 412 3787 620 3849; x_wconf 88' lang='lat' dir='ltr'>solum</span> <span class='ocrx_word' id='word_1_406' title='bbox 652 3788 1042 3868; x_wconf 89' lang='lat' dir='ltr'>episcopum,</span> <span class='ocrx_word' id='word_1_407' title='bbox 1074 3786 1188 3851; x_wconf 90' lang='lat' dir='ltr'>sed</span> <span class='ocrx_word' id='word_1_408' title='bbox 1220 3787 1509 3868; x_wconf 90' lang='lat' dir='ltr'>quemvis</span> <span class='ocrx_word' id='word_1_409' title='bbox 1542 3786 1894 3867; x_wconf 89' lang='lat' dir='ltr'>simplicem</span> <span class='ocrx_word' id='word_1_410' title='bbox 1931 3786 2354 3862; x_wconf 84' lang='lat' dir='ltr'>sacerdotem,</span> <span class='ocrx_word' id='word_1_411' title='bbox 2388 3787 2459 3849; x_wconf 90' lang='lat' dir='ltr'>A.</span> <span class='ocrx_word' id='word_1_412' title='bbox 2493 3785 2626 3861; x_wconf 75' lang='lat' dir='ltr'>S.;«</span> <span class='ocrx_word' id='word_1_413' title='bbox 2669 3785 2742 3849; x_wconf 82' lang='lat' dir='ltr'>cf.</span> <span class='ocrx_word' id='word_1_414' title='bbox 2777 3793 2843 3849; x_wconf 91' lang='lat' dir='ltr'>et</span> <span class='ocrx_word' id='word_1_415' title='bbox 2873 3805 3028 3850; x_wconf 83' lang='lat' dir='ltr'>sess.</span> 
     </span>
     <span class='ocr_line' id='line_1_39' title="bbox 415 3894 3030 3980; baseline -0.002 -20"><span class='ocrx_word' id='word_1_416' title='bbox 415 3895 500 3960; x_wconf 78' lang='lat'>23</span> <span class='ocrx_word' id='word_1_417' title='bbox 533 3910 672 3956; x_wconf 84' lang='lat' dir='ltr'>can.</span> <span class='ocrx_word' id='word_1_418' title='bbox 708 3898 742 3961; x_wconf 79' lang='grc'>7</span> <span class='ocrx_word' id='word_1_419' title='bbox 779 3894 890 3978; x_wconf 88' lang='lat' dir='ltr'>(th.</span> <span class='ocrx_word' id='word_1_420' title='bbox 913 3895 1087 3980; x_wconf 80' lang='lat'>256).</span> <span class='ocrx_word' id='word_1_421' title='bbox 1119 3894 1468 3975; x_wconf 85' lang='lat' dir='ltr'>Episcopos</span> <span class='ocrx_word' id='word_1_422' title='bbox 1501 3912 1729 3958; x_wconf 89' lang='lat' dir='ltr'>revera</span> <span class='ocrx_word' id='word_1_423' title='bbox 1765 3894 2095 3958; x_wconf 90' lang='lat' dir='ltr'>ministros</span> <span class='ocrx_word' id='word_1_424' title='bbox 2129 3895 2420 3975; x_wconf 88' lang='lat' dir='ltr'>proprios</span> <span class='ocrx_word' id='word_1_425' title='bbox 2454 3901 2517 3958; x_wconf 91' lang='lat' dir='ltr'>et</span> <span class='ocrx_word' id='word_1_426' title='bbox 2550 3894 3030 3958; x_wconf 87' lang='lat' dir='ltr'>ordinarios</span> 
     </span>
     <span class='ocr_line' id='line_1_40' title="bbox 413 3999 3030 4083; baseline 0.002 -22"><span class='ocrx_word' id='word_1_427' title='bbox 413 4016 556 4063; x_wconf 86' lang='lat' dir='ltr'>esse</span> <span class='ocrx_word' id='word_1_428' title='bbox 589 3999 774 4081; x_wconf 91' lang='lat' dir='ltr'>hujus</span> <span class='ocrx_word' id='word_1_429' title='bbox 805 4002 1211 4078; x_wconf 84' lang='lat' dir='ltr'>sacramenti,</span> <span class='ocrx_word' id='word_1_430' title='bbox 1245 4001 1561 4081; x_wconf 83' lang='lat' dir='ltr'>colligitur</span> <span class='ocrx_word' id='word_1_431' title='bbox 1592 4001 1691 4065; x_wconf 90' lang='lat' dir='ltr'>vel</span> <span class='ocrx_word' id='word_1_432' title='bbox 1724 4020 1805 4066; x_wconf 80' lang='lat' dir='ltr'>ex</span> <span class='ocrx_word' id='word_1_433' title='bbox 1826 4001 1946 4065; x_wconf 89' lang='lat' dir='ltr'>illis</span> <span class='ocrx_word' id='word_1_434' title='bbox 1966 4002 2102 4065; x_wconf 90' lang='lat' dir='ltr'>sive</span> <span class='ocrx_word' id='word_1_435' title='bbox 2126 4000 2492 4083; x_wconf 85' lang='lat' dir='ltr'>Scripturae</span> <span class='ocrx_word' id='word_1_436' title='bbox 2514 4002 2648 4066; x_wconf 90' lang='lat' dir='ltr'>sive</span> <span class='ocrx_word' id='word_1_437' title='bbox 2670 4001 3030 4065; x_wconf 85' lang='lat' dir='ltr'>traditionis</span> 
     </span>
     <span class='ocr_line' id='line_1_41' title="bbox 413 4104 3029 4192; baseline 0.002 -24"><span class='ocrx_word' id='word_1_438' title='bbox 413 4104 633 4183; x_wconf 81' lang='lat' dir='ltr'>effatiS,</span> <span class='ocrx_word' id='word_1_439' title='bbox 654 4105 885 4188; x_wconf 83' lang='lat' dir='ltr'>quibus</span> <span class='ocrx_word' id='word_1_440' title='bbox 907 4109 1136 4173; x_wconf 87' lang='lat' dir='ltr'>thesim</span> <span class='ocrx_word' id='word_1_441' title='bbox 1156 4108 1732 4190; x_wconf 84' lang='lat' dir='ltr'>comprobavimus.</span> <span class='ocrx_word' id='word_1_442' title='bbox 1765 4148 1852 4157; x_wconf 91' lang='lat'>—-</span> <span class='ocrx_word' id='word_1_443' title='bbox 1886 4108 1975 4172; x_wconf 85' lang='lat' dir='ltr'>Ex</span> <span class='ocrx_word' id='word_1_444' title='bbox 1996 4109 2282 4190; x_wconf 86' lang='lat' dir='ltr'>plurimis</span> <span class='ocrx_word' id='word_1_445' title='bbox 2302 4128 2453 4172; x_wconf 90' lang='lat' dir='ltr'>vero</span> <span class='ocrx_word' id='word_1_446' title='bbox 2475 4108 2675 4186; x_wconf 78' lang='lat' dir='ltr'>sactiS,</span> <span class='ocrx_word' id='word_1_447' title='bbox 2697 4127 2863 4192; x_wconf 86' lang='lat' dir='ltr'>quae</span> <span class='ocrx_word' id='word_1_448' title='bbox 2896 4110 3029 4172; x_wconf 85' lang='lat' dir='ltr'>col-</span> 
     </span>
     <span class='ocr_line' id='line_1_42' title="bbox 411 4211 3027 4299; baseline 0.001 -23"><span class='ocrx_word' id='word_1_449' title='bbox 411 4212 562 4292; x_wconf 82' lang='lat' dir='ltr'>legit</span> <span class='ocrx_word' id='word_1_450' title='bbox 591 4213 967 4290; x_wconf 79' lang='lat' dir='ltr'>MorinuS,</span> <span class='ocrx_word' id='word_1_451' title='bbox 998 4214 1214 4297; x_wconf 88' lang='lat' dir='ltr'>liquet,</span> <span class='ocrx_word' id='word_1_452' title='bbox 1247 4235 1378 4279; x_wconf 90' lang='lat' dir='ltr'>non</span> <span class='ocrx_word' id='word_1_453' title='bbox 1398 4215 1606 4279; x_wconf 90' lang='lat' dir='ltr'>solum</span> <span class='ocrx_word' id='word_1_454' title='bbox 1639 4217 1703 4279; x_wconf 91' lang='lat' dir='ltr'>in</span> <span class='ocrx_word' id='word_1_455' title='bbox 1724 4211 2006 4292; x_wconf 88' lang='lat' dir='ltr'>Oriente,</span> <span class='ocrx_word' id='word_1_456' title='bbox 2041 4215 2155 4281; x_wconf 90' lang='lat' dir='ltr'>sed</span> <span class='ocrx_word' id='word_1_457' title='bbox 2190 4222 2254 4280; x_wconf 89' lang='lat' dir='ltr'>et</span> <span class='ocrx_word' id='word_1_458' title='bbox 2288 4217 2352 4279; x_wconf 87' lang='lat' dir='ltr'>in</span> <span class='ocrx_word' id='word_1_459' title='bbox 2374 4212 2719 4281; x_wconf 86' lang='lat' dir='ltr'>Occidente</span> <span class='ocrx_word' id='word_1_460' title='bbox 2755 4217 3027 4299; x_wconf 70' lang='lat' dir='ltr'>presby-</span> 
     </span>
    </p>
   </div>
   <div class='ocr_carea' id='block_1_6' title="bbox 417 4356 840 4369">
    <p class='ocr_par' dir='ltr' id='par_1_6' title="bbox 417 4356 840 4369">
     <span class='ocr_line' id='line_1_43' title="bbox 417 4356 840 4369; baseline 0 995"><span class='ocrx_word' id='word_1_461' title='bbox 417 4356 840 4369; x_wconf 95' lang='lat' dir='ltr'> </span> 
     </span>
    </p>
   </div>
   <div class='ocr_carea' id='block_1_7' title="bbox 409 4406 3030 4801">
    <p class='ocr_par' dir='ltr' id='par_1_7' title="bbox 409 4406 3030 4801">
     <span class='ocr_line' id='line_1_44' title="bbox 633 4406 3030 4480; baseline 0.003 -21"><span class='ocrx_word' id='word_1_462' title='bbox 633 4413 668 4476; x_wconf 90' lang='grc'>1)</span> <span class='ocrx_word' id='word_1_463' title='bbox 695 4406 776 4461; x_wconf 90' lang='lat' dir='ltr'>De</span> <span class='ocrx_word' id='word_1_464' title='bbox 799 4408 1138 4463; x_wconf 84' lang='lat' dir='ltr'>nestorianis</span> <span class='ocrx_word' id='word_1_465' title='bbox 1158 4408 1216 4462; x_wconf 91' lang='lat' dir='ltr'>id</span> <span class='ocrx_word' id='word_1_466' title='bbox 1240 4410 1557 4465; x_wconf 86' lang='lat' dir='ltr'>luculenter</span> <span class='ocrx_word' id='word_1_467' title='bbox 1580 4411 1785 4480; x_wconf 81' lang='lat' dir='ltr'>probat</span> <span class='ocrx_word' id='word_1_468' title='bbox 1810 4412 1878 4464; x_wconf 91' lang='lat' dir='ltr'>cl.</span> <span class='ocrx_word' id='word_1_469' title='bbox 1908 4410 1950 4463; x_wconf 93' lang='lat' dir='ltr'><strong>B</strong></span> <span class='ocrx_word' id='word_1_470' title='bbox 1969 4410 1987 4462; x_wconf 93' lang='lat' dir='ltr'>i</span> <span class='ocrx_word' id='word_1_471' title='bbox 2003 4427 2033 4462; x_wconf 90' lang='lat' dir='ltr'>c</span> <span class='ocrx_word' id='word_1_472' title='bbox 2049 4411 2089 4463; x_wconf 87' lang='lat' dir='ltr'>k</span> <span class='ocrx_word' id='word_1_473' title='bbox 2105 4427 2134 4464; x_wconf 92' lang='lat' dir='ltr'>e</span> <span class='ocrx_word' id='word_1_474' title='bbox 2151 4410 2207 4462; x_wconf 93' lang='lat' dir='ltr'>ll</span> <span class='ocrx_word' id='word_1_475' title='bbox 2235 4410 2295 4464; x_wconf 94' lang='lat' dir='ltr'>in</span> <span class='ocrx_word' id='word_1_476' title='bbox 2325 4411 2420 4463; x_wconf 85' lang='lat' dir='ltr'>fol.</span> <span class='ocrx_word' id='word_1_477' title='bbox 2450 4411 2724 4464; x_wconf 85' lang='lat' dir='ltr'>trimestri</span> <span class='ocrx_word' id='word_1_478' title='bbox 2753 4410 3030 4465; x_wconf 85' lang='lat' dir='ltr'>Zeitschr.</span> 
     </span>
     <span class='ocr_line' id='line_1_45' title="bbox 411 4487 3027 4561; baseline 0.001 -22"><span class='ocrx_word' id='word_1_479' title='bbox 411 4487 505 4539; x_wconf 72' lang='lat' dir='ltr'>fur</span> <span class='ocrx_word' id='word_1_480' title='bbox 528 4487 689 4540; x_wconf 82' lang='lat' dir='ltr'>kath.</span> <span class='ocrx_word' id='word_1_481' title='bbox 716 4488 1040 4559; x_wconf 85' lang='lat' dir='ltr'>Theologie‚</span> <span class='ocrx_word' id='word_1_482' title='bbox 1083 4490 1400 4545; x_wconf 87' lang='lat' dir='ltr'>Innsbruck</span> <span class='ocrx_word' id='word_1_483' title='bbox 1433 4494 1567 4547; x_wconf 82' lang='lat'>1877</span> <span class='ocrx_word' id='word_1_484' title='bbox 1607 4508 1737 4560; x_wconf 86' lang='lat' dir='ltr'>pag.</span> <span class='ocrx_word' id='word_1_485' title='bbox 1765 4499 1834 4546; x_wconf 86' lang='lat'>85</span> <span class='ocrx_word' id='word_1_486' title='bbox 1862 4508 1931 4546; x_wconf 83' lang='lat' dir='ltr'>ss,</span> <span class='ocrx_word' id='word_1_487' title='bbox 1983 4491 2065 4544; x_wconf 89' lang='lat' dir='ltr'>Cf.</span> <span class='ocrx_word' id='word_1_488' title='bbox 2094 4490 2141 4543; x_wconf 88' lang='lat' dir='ltr'>R</span> <span class='ocrx_word' id='word_1_489' title='bbox 2158 4507 2186 4543; x_wconf 89' lang='lat' dir='ltr'>e</span> <span class='ocrx_word' id='word_1_490' title='bbox 2205 4508 2293 4544; x_wconf 89' lang='lat' dir='ltr'>na</span> <span class='ocrx_word' id='word_1_491' title='bbox 2310 4509 2345 4544; x_wconf 92' lang='lat' dir='ltr'>u</span> <span class='ocrx_word' id='word_1_492' title='bbox 2364 4491 2397 4544; x_wconf 90' lang='lat' dir='ltr'>d</span> <span class='ocrx_word' id='word_1_493' title='bbox 2419 4509 2449 4544; x_wconf 95' lang='lat' dir='ltr'>o</span> <span class='ocrx_word' id='word_1_494' title='bbox 2468 4495 2493 4544; x_wconf 90' lang='lat' dir='ltr'>t</span> <span class='ocrx_word' id='word_1_495' title='bbox 2520 4491 2847 4561; x_wconf 73' lang='lat' dir='ltr'>Perpetuite</span> <span class='ocrx_word' id='word_1_496' title='bbox 2876 4491 2944 4544; x_wconf 88' lang='lat' dir='ltr'>dc</span> <span class='ocrx_word' id='word_1_497' title='bbox 2974 4491 3027 4543; x_wconf 70' lang='lat' dir='ltr'>la</span> 
     </span>
     <span class='ocr_line' id='line_1_46' title="bbox 412 4566 3027 4641; baseline 0.002 -21"><span class='ocrx_word' id='word_1_498' title='bbox 412 4566 492 4621; x_wconf 88' lang='lat' dir='ltr'>foi</span> <span class='ocrx_word' id='word_1_499' title='bbox 521 4571 559 4622; x_wconf 92' lang='lat' dir='ltr'>t.</span> <span class='ocrx_word' id='word_1_500' title='bbox 588 4578 619 4624; x_wconf 80' lang='lat'>5</span> <span class='ocrx_word' id='word_1_501' title='bbox 645 4568 682 4622; x_wconf 92' lang='lat' dir='ltr'>l.</span> <span class='ocrx_word' id='word_1_502' title='bbox 711 4573 743 4621; x_wconf 85' lang='lat'><strong>2</strong></span> <span class='ocrx_word' id='word_1_503' title='bbox 770 4585 817 4622; x_wconf 90' lang='lat' dir='ltr'>c.</span> <span class='ocrx_word' id='word_1_504' title='bbox 849 4578 906 4625; x_wconf 91' lang='grc'>11</span> <span class='ocrx_word' id='word_1_505' title='bbox 938 4587 1038 4628; x_wconf 84' lang='lat' dir='ltr'>ss.;</span> <span class='ocrx_word' id='word_1_506' title='bbox 1079 4572 1271 4624; x_wconf 84' lang='lat' dir='ltr'>Arcu</span> <span class='ocrx_word' id='word_1_507' title='bbox 1289 4570 1325 4624; x_wconf 92' lang='lat' dir='ltr'>d</span> <span class='ocrx_word' id='word_1_508' title='bbox 1343 4570 1362 4623; x_wconf 94' lang='lat' dir='ltr'>i</span> <span class='ocrx_word' id='word_1_509' title='bbox 1381 4589 1417 4624; x_wconf 91' lang='grc' dir='ltr'>ιι</span> <span class='ocrx_word' id='word_1_510' title='bbox 1435 4590 1459 4623; x_wconf 90' lang='lat' dir='ltr'>s</span> <span class='ocrx_word' id='word_1_511' title='bbox 1500 4571 1568 4623; x_wconf 87' lang='lat' dir='ltr'>de</span> <span class='ocrx_word' id='word_1_512' title='bbox 1596 4570 1899 4626; x_wconf 83' lang='lat' dir='ltr'>concordia</span> <span class='ocrx_word' id='word_1_513' title='bbox 1927 4570 2074 4626; x_wconf 88' lang='lat' dir='ltr'>Eccl.</span> <span class='ocrx_word' id='word_1_514' title='bbox 2102 4571 2380 4627; x_wconf 89' lang='lat' dir='ltr'>occident.</span> <span class='ocrx_word' id='word_1_515' title='bbox 2409 4576 2467 4626; x_wconf 91' lang='lat' dir='ltr'>et</span> <span class='ocrx_word' id='word_1_516' title='bbox 2493 4572 2791 4626; x_wconf 87' lang='lat' dir='ltr'>orientalis</span> <span class='ocrx_word' id='word_1_517' title='bbox 2819 4571 2878 4625; x_wconf 91' lang='lat' dir='ltr'>iu</span> <span class='ocrx_word' id='word_1_518' title='bbox 2910 4589 3027 4641; x_wconf 81' lang='lat' dir='ltr'>sep-</span> 
     </span>
     <span class='ocr_line' id='line_1_47' title="bbox 411 4650 3029 4722; baseline 0.001 -20"><span class='ocrx_word' id='word_1_519' title='bbox 411 4652 523 4702; x_wconf 86' lang='lat' dir='ltr'>tem</span> <span class='ocrx_word' id='word_1_520' title='bbox 540 4653 872 4704; x_wconf 82' lang='lat' dir='ltr'>sacrament.</span> <span class='ocrx_word' id='word_1_521' title='bbox 886 4650 1384 4707; x_wconf 73' lang='lat' dir='ltr'>administratione</span> <span class='ocrx_word' id='word_1_522' title='bbox 1409 4653 1447 4704; x_wconf 92' lang='lat'>1.</span> <span class='ocrx_word' id='word_1_523' title='bbox 1477 4660 1537 4710; x_wconf 78' lang='lat'>2:</span> <span class='ocrx_word' id='word_1_524' title='bbox 1567 4653 1611 4704; x_wconf 77' lang='lat' dir='ltr'>G</span> <span class='ocrx_word' id='word_1_525' title='bbox 1632 4668 1662 4704; x_wconf 93' lang='lat' dir='ltr'>o</span> <span class='ocrx_word' id='word_1_526' title='bbox 1679 4668 1710 4703; x_wconf 84' lang='lat' dir='ltr'>a</span> <span class='ocrx_word' id='word_1_527' title='bbox 1729 4669 1756 4703; x_wconf 89' lang='lat' dir='ltr'>r</span> <span class='ocrx_word' id='word_1_528' title='bbox 1782 4651 1844 4704; x_wconf 93' lang='lat' dir='ltr'>in</span> <span class='ocrx_word' id='word_1_529' title='bbox 1862 4652 2199 4720; x_wconf 81' lang='lat' dir='ltr'>euchologio</span> <span class='ocrx_word' id='word_1_530' title='bbox 2222 4670 2353 4722; x_wconf 81' lang='lat' dir='ltr'>pag.</span> <span class='ocrx_word' id='word_1_531' title='bbox 2380 4657 2484 4709; x_wconf 72' lang='lat'>6253</span> <span class='ocrx_word' id='word_1_532' title='bbox 2512 4671 2611 4714; x_wconf 80' lang='lat' dir='ltr'>ss,;</span> <span class='ocrx_word' id='word_1_533' title='bbox 2638 4655 2685 4705; x_wconf 89' lang='lat' dir='ltr'>A</span> <span class='ocrx_word' id='word_1_534' title='bbox 2705 4671 2729 4706; x_wconf 86' lang='lat' dir='ltr'>s</span> <span class='ocrx_word' id='word_1_535' title='bbox 2746 4671 2771 4706; x_wconf 91' lang='lat' dir='ltr'>s</span> <span class='ocrx_word' id='word_1_536' title='bbox 2788 4669 2815 4706; x_wconf 94' lang='lat' dir='ltr'>e</span> <span class='ocrx_word' id='word_1_537' title='bbox 2833 4672 2888 4705; x_wconf 89' lang='grc' dir='ltr'>ιιι</span> <span class='ocrx_word' id='word_1_538' title='bbox 2906 4669 2933 4704; x_wconf 75' lang='lat' dir='ltr'>a</span> <span class='ocrx_word' id='word_1_539' title='bbox 2956 4652 3029 4705; x_wconf 89' lang='lat' dir='ltr'>ni</span> 
     </span>
     <span class='ocr_line' id='line_1_48' title="bbox 409 4729 1211 4801; baseline 0.005 -20"><span class='ocrx_word' id='word_1_540' title='bbox 409 4729 675 4785; x_wconf 87' lang='lat' dir='ltr'>biblioth.</span> <span class='ocrx_word' id='word_1_541' title='bbox 704 4731 907 4784; x_wconf 88' lang='lat' dir='ltr'>orient.</span> <span class='ocrx_word' id='word_1_542' title='bbox 937 4751 990 4801; x_wconf 90' lang='lat' dir='ltr'>p.</span> <span class='ocrx_word' id='word_1_543' title='bbox 1024 4739 1045 4786; x_wconf 94' lang='grc'>1</span> <span class='ocrx_word' id='word_1_544' title='bbox 1077 4737 1134 4786; x_wconf 84' lang='lat' dir='ltr'>et</span> <span class='ocrx_word' id='word_1_545' title='bbox 1162 4736 1211 4785; x_wconf 82' lang='lat'>2.</span> 
     </span>
    </p>
   </div>
  </div>
 </body>
</html>
