3538 5364
1375 357 1489 394 non
1516 340 1852 395 adversatur
1877 341 2105 395 rationi.
2912 348 3046 413 363

427 542 620 599 cam,
665 524 1097 598 intrinsecam,
1131 530 1196 586 et
1227 523 1665 588 extensionem
1697 522 2142 597 extrinsecam,
2194 522 2606 597 situalem,
2656 522 2929 588 localem
2975 524 3040 585 in

430 631 658 695 ordine
690 631 774 694 ad
805 630 1099 711 spatium.
1161 629 1273 693 Illa
1302 629 1665 695 continetur
1683 630 2049 711 pluralitate
2071 629 2367 710 partium,
2389 646 2557 711 quae
2577 647 2648 693 re
2665 628 3042 694 abinvicem

429 739 915 819 distinguuntur,
949 736 1287 823 mutuouab
1321 735 1590 801 invicem
1623 734 1906 817 pendent
1939 735 2196 822 (saltem
2227 736 2294 798 in
2326 752 2596 816 corpore
2630 735 2957 821 organico)
2981 741 3047 798 et

430 844 849 927 aptitudinem
882 844 1396 925 exigentiamque
1427 843 1685 918 habent,
1736 850 1808 906 ut
1839 843 1903 905 in
1935 843 2158 907 ordine
2190 842 2272 906 ad
2307 842 2588 924 spatium
2624 842 3042 924 dispositione

427 951 618 1015 locali
648 950 1078 1032 respondente
1126 968 1282 1014 suae
1332 957 1602 1014 naturae
1654 968 1785 1014 una
1834 950 1919 1013 sit
1968 958 2152 1014 extra
2204 949 2415 1014 aliam.
2478 948 2691 1029 Quare
2724 950 2778 1013 si
2809 967 3044 1031 corpus

430 1078 590 1124 suae
621 1058 1014 1141 permittitur
1046 1064 1334 1132 naturae,
1366 1064 1583 1140 partes
1617 1063 1765 1121 sunt
1801 1065 1981 1123 extra
2013 1064 2229 1139 partes
2263 1058 2326 1121 in
2359 1056 2584 1121 ordine
2617 1057 2698 1120 ad
2730 1056 3044 1139 spatium:

430 1166 598 1231 unde
629 1167 912 1247 exsurgit
943 1164 1148 1229 altera
1179 1166 1487 1239 extensio,
1521 1183 1713 1247 quam
1746 1164 2192 1241 extrinsecam,
2224 1164 2518 1241 localem,
2552 1164 2845 1228 situalem
2878 1164 3042 1228 dixi·

432 1292 591 1349 mus,
623 1290 789 1355 quae
821 1272 1049 1353 prioris
1082 1278 1183 1336 est
1211 1272 1387 1335 velut
1416 1271 1677 1336 effectus
1726 1271 2081 1336 secundum
2128 1270 2298 1352 leges
2346 1271 2646 1354 physicas
2678 1270 3043 1336 necessario

430 1398 507 1444 ex
540 1379 648 1442 illa
678 1379 999 1444 resultans
1031 1386 1095 1444 et
1126 1378 1496 1444 dimanans:
1543 1381 1648 1463 qui
1696 1388 1915 1446 tamen
1947 1398 1988 1444 a
2019 1378 2173 1456 Dec,
2220 1380 2327 1443 cui
2374 1380 2582 1443 omnis
2633 1379 2914 1443 obnoxia
2946 1386 3047 1444 est

428 1494 661 1551 natura
691 1493 930 1561 creata,
965 1486 1269 1568 suspendi
1300 1487 1553 1567 poterit,
1600 1505 1728 1568 quo
1777 1504 2090 1567 suspenso
2138 1504 2369 1567 corpus
2401 1486 2694 1568 quamvis
2727 1486 2791 1548 in
2822 1504 2892 1549 se
2926 1503 3039 1549 ex-

427 1600 681 1659 tensum
712 1612 897 1657 suam
930 1594 1369 1659 extensionem
1400 1613 1532 1658 non
1565 1600 1815 1659 exseret
1845 1594 1910 1657 in
1931 1594 2152 1658 ordine
2174 1594 2255 1658 ad
2276 1594 2572 1676 spatium.
2609 1592 2796 1673 Quod
2817 1600 3034 1659 autem

427 1720 655 1767 revera
686 1702 872 1778 DeuS,
902 1720 1117 1766 rerum
1162 1708 1528 1766 creatarum
1572 1701 1882 1766 Dominus
1928 1701 2446 1766 absolutissimus
2500 1707 2564 1765 et
2615 1701 3040 1783 omnipotens,

429 1826 549 1889 pro
582 1814 738 1872 nutu
770 1806 1113 1873 relationes
1145 1827 1488 1889 corporum
1520 1808 1602 1872 ad
1635 1808 1913 1889 spatium
1946 1813 2196 1873 mutare
2227 1808 2447 1889 possit,
2496 1807 2644 1872 inde
2693 1807 2854 1872 forte
2902 1807 3043 1871 illu-

430 1920 638 1979 strare
668 1916 832 1990 licet,
863 1916 1031 1997 quod
1065 1915 1292 1980 eadem
1324 1913 1686 1979 substantia
1719 1916 1841 2001 (ex.
1863 1934 1948 1995 gr.
1972 1918 2167 2001 aqua)
2200 1914 2531 1978 indefinita
2565 1914 3035 1996 propemodum

429 2021 809 2086 elasticitate
858 2022 1050 2086 aliam
1101 2029 1294 2104 atque
1346 2022 1537 2086 aliam
1586 2021 1850 2087 induere
1898 2027 2112 2102 potest
2157 2020 2239 2084 ad
2284 2022 2499 2086 locum
2548 2021 2927 2085 relationem
2975 2030 3040 2084 et

427 2130 889 2209 praesentiam3
937 2136 1002 2193 et
1033 2128 1203 2211 quod
1235 2129 1334 2194 vel
1366 2129 1561 2192 homo
1608 2127 2047 2194 instrumentis
2093 2127 2320 2209 opticis
2353 2127 2606 2209 objecta
2641 2128 2924 2191 maxima
2954 2128 3038 2191 ad

433 2234 759 2300 minimum
790 2236 1096 2301 reducere
1127 2235 1424 2317 spatium,
1469 2243 1534 2300 et
1575 2235 1830 2317 objecta
1877 2234 2156 2311 minima,
2205 2253 2370 2317 quae
2417 2235 2671 2299 oculum
2721 2234 3031 2299 inermem

435 2342 623 2422 plane
652 2341 916 2423 fugiunt,
944 2362 1060 2424 per
1091 2344 1368 2423 spatium
1400 2342 1754 2407 maximum
1787 2344 1990 2424 possit
2021 2342 2319 2417 dilatare3
2351 2348 2545 2424 atque
2579 2328 2932 2421 generatim
2955 2342 3041 2405 nil

430 2448 796 2514 mutabilius
846 2458 944 2516 est
992 2449 1408 2514 relationibus
1461 2449 1773 2532 temporis
1825 2456 1890 2514 et
1939 2448 2158 2531 spatii:
2209 2450 2387 2532 quod
2432 2450 2542 2513 uni
2590 2454 2687 2513 est
2718 2466 3042 2528 magnum,

428 2556 611 2620 alteri
645 2561 744 2620 est
773 2575 1075 2638 parvum3
1110 2558 1279 2642 quod
1312 2557 1420 2621 uni
1453 2563 1551 2622 est
1583 2556 2050 2632 brevissimum,
2103 2556 2290 2619 alteri
2323 2560 2420 2620 est
2451 2555 2889 2635 longissimum
2923 2562 3039 2620 etc.

427 2660 589 2728 Cum
621 2681 773 2745 ergo
806 2684 1037 2747 corpus
1082 2666 1448 2731 necessario
1481 2684 1613 2730 non
1644 2665 1726 2729 sit
1757 2665 2087 2747 alligatum
2122 2662 2549 2729 determinato
2583 2681 2798 2729 rerum
2830 2662 3042 2744 spatio

428 2771 528 2835 vel
559 2772 914 2836 secundum
947 2780 1135 2838 notas
1167 2772 1353 2837 nobis
1397 2771 1569 2853 leges
1613 2773 1949 2854 physicas:
1995 2771 2421 2853 repugnantia
2471 2771 2730 2836 evidens
2763 2789 2892 2835 non
2926 2789 3043 2852 ap-

426 2885 629 2959 paret,
666 2879 721 2941 si
751 2881 1067 2957 statuitur,
1099 2881 1300 2945 Deum
1333 2879 1799 2961 omnipotentia
1831 2898 1951 2943 sua
1982 2878 2237 2944 efficere
2268 2898 2478 2960 posse,
2510 2883 2581 2942 ut
2600 2895 2840 2959 corpus
2861 2895 3043 2958 mag-

431 3005 580 3049 num
614 2986 879 3049 minimo
913 2986 1059 3050 insit
1088 2988 1250 3063 loco,
1283 2993 1348 3051 et
1379 3005 1576 3050 unum
1606 2986 1902 3068 idemque
1934 3004 2167 3068 corpus
2199 2993 2455 3066 praeter
2489 2992 2834 3049 consuetas
2868 2985 3041 3065 leges

428 3109 615 3155 suam
648 3092 950 3158 exhibeat
979 3095 1411 3175 praesentiam
1442 3094 1753 3158 distinctis
1786 3094 1851 3157 in
1883 3093 2058 3157 lociS.

614 3250 755 3304 381.
799 3242 891 3300 Ad
937 3242 1087 3300 hanc
1131 3242 1541 3301 difficultatem
1587 3261 1656 3302 ex
1702 3242 2174 3301 multilocatione
2221 3243 2483 3317 corporis
2529 3241 2749 3299 Christi
2793 3242 3042 3316 petitam

431 3329 782 3404 respondere
806 3331 928 3406 jam
963 3332 1181 3390 nititur
1212 3331 1522 3390 Guitmu
1543 3332 1738 3390 ndns
1772 3332 1816 3402 1,
1859 3342 1952 3396 19.
1979 3341 2078 3398 20,
2115 3332 2220 3390 ubi
2254 3331 2411 3390 inter
2440 3330 2557 3390 alia
2580 3330 2817 3389 scribit:
2857 3330 3041 3398 ,Cum

429 3436 570 3477 vero
601 3419 1072 3494 sapientissimus
1093 3420 1370 3479 Salomon
1400 3425 1642 3480 cunctas
1673 3439 1766 3480 res
1800 3439 1926 3479 esse
1958 3420 2232 3479 difficiles
2265 3420 2497 3490 dixerit,
2531 3421 2617 3478 ita
2648 3422 2720 3477 ut
2750 3419 3041 3493 explicare

428 3525 528 3565 eas
561 3508 732 3566 homo
762 3527 881 3567 non
911 3509 1118 3585 possit,
1165 3527 1362 3568 nonne
1395 3509 1718 3568 insanienti
1751 3529 1928 3585 quam
1965 3510 2312 3569 simillimus
2359 3513 2469 3580 est,
2516 3510 2621 3585 qui
2668 3510 2810 3566 haec
2841 3508 3046 3566 divina

427 3614 638 3654 arcana
670 3597 964 3656 discutere
997 3599 1067 3656 ad
1100 3598 1333 3657 oculum
1365 3599 1659 3658 violenter
1690 3599 1966 3673 quaerit?
2014 3598 2232 3658 Omnes
2266 3599 2422 3657 enim
2457 3602 2763 3656 creaturae
2795 3597 2901 3655 Dei
2936 3598 3044 3655 mi-

427 3686 631 3744 racula
661 3685 832 3744 nobis
863 3687 1297 3764 inexplicabilia
1328 3691 1501 3748 sunt:
1548 3688 1817 3746 Christus
1864 3706 2005 3747 vero
2037 3689 2196 3746 inter
2228 3688 2426 3747 omnia
2456 3691 2563 3746 aut
2592 3704 2732 3762 prae
2766 3685 3040 3744 omnibus

430 3774 784 3833 miraculum
816 3775 1132 3853 singulare.
1180 3776 1241 3835 Si
1274 3777 1463 3854 igitur
1491 3780 1692 3853 potest
1710 3777 1980 3835 Christus
2009 3777 2254 3848 efficere,
2289 3776 2448 3835 sicut
2478 3776 2756 3845 diximus,
2792 3778 2863 3833 ut
2894 3794 3041 3833 una·

428 3881 699 3939 quaeque
732 3869 999 3939 separata
1027 3865 1320 3942 particula
1351 3867 1432 3926 sit
1460 3869 1655 3925 totum
1689 3866 1909 3925 Christi
1940 3884 2170 3941 corpus,
2203 3871 2264 3925 et
2293 3870 2494 3924 tamen
2516 3883 2717 3923 omnes
2740 3868 3043 3939 separatae

428 3970 548 4010 non
577 3952 755 4027 plura
786 3952 911 4011 sint
940 3973 1182 4031 corpora
1213 3956 1313 4014 sed
1350 3975 1540 4014 unum
1585 3973 1820 4032 corpus,
1868 3955 2362 4031 quemadmodum
2395 3974 2507 4014 vox
2540 3954 2704 4013 mille
2737 3953 3042 4012 hominum

428 4042 690 4117 percutit
721 4061 913 4114 aures,
946 4047 1007 4101 et
1036 4044 1193 4120 apud
1215 4063 1701 4120 unumquemque
1731 4048 1860 4102 tota
1890 4047 1999 4115 est,
2032 4061 2139 4103 nec
2160 4047 2359 4102 tamen
2380 4046 2583 4119 plures
2605 4044 2901 4113 dicuntur,
2937 4042 3039 4100 sed

431 4148 550 4188 una
581 4131 735 4189 sola:
768 4134 830 4189 et
860 4132 1353 4207 quemadmodum
1387 4136 1513 4192 tota
1543 4134 1738 4193 anima
1757 4133 1922 4191 mille
1943 4133 2202 4209 corporis
2225 4133 2470 4192 humani
2489 4133 2680 4209 replet
2699 4132 3041 4208 particulae,

430 4221 490 4276 et
522 4237 656 4276 cum
689 4238 750 4278 se
781 4223 969 4278 totam
1000 4221 1277 4296 praebeat
1308 4223 1583 4299 singuliS,
1632 4239 1751 4281 non
1784 4223 1985 4297 plures
2015 4227 2235 4291 tamen,
2276 4223 2377 4279 sed
2408 4241 2530 4280 una
2562 4225 2655 4279 est
2685 4222 2912 4292 anima;
2957 4221 3044 4279 ita

430 4307 544 4381 jam
576 4308 744 4367 nulla
773 4309 926 4367 ratio
956 4312 1200 4385 propter
1228 4311 1636 4386 hujuscemodi
1668 4312 1837 4387 quasi
1869 4310 2220 4386 partitiones
2254 4312 2489 4369 obstare
2524 4311 2774 4377 videtur,
2824 4314 2894 4370 ut
2925 4329 3042 4369 non

430 4396 638 4469 possit,
672 4400 777 4456 aut
807 4398 958 4457 velle
991 4418 1109 4458 non
1142 4399 1353 4458 debeat
1372 4400 1642 4458 Christus
1664 4419 1873 4476 panem
1907 4402 1968 4457 et
1997 4399 2222 4469 vinum,
2257 4400 2416 4457 sicut
2448 4399 2575 4474 ipse
2608 4400 2810 4457 docuit
2841 4403 2902 4457 et
2933 4400 3039 4456 Ec·

430 4484 606 4544 clesia
635 4487 905 4557 credidit,
940 4489 1255 4547 transferre
1287 4489 1350 4546 in
1383 4506 1597 4564 corpus
1630 4491 1693 4547 et
1722 4489 2072 4565 sanguinem
2094 4497 2326 4549 suum.‘
2364 4486 2581 4546 Eadem
2615 4488 2888 4563 analogia
2918 4487 3040 4545 uti-

430 4577 532 4632 tur
560 4576 737 4633 etiam
768 4576 967 4653 Euty
984 4577 1204 4635 chius
1235 4578 1567 4652 patriarcha
1595 4578 1699 4636 ΟΡ.
1721 4595 1896 4639 serm.
1921 4586 1954 4638 2
1978 4577 2041 4635 in
2062 4577 2204 4635 bibl.
2225 4595 2377 4636 nova
2397 4577 2506 4636 ΡΡ.
2527 4576 2615 4634 ed.
2647 4576 2790 4633 Mai
2821 4575 2917 4644 IV,
2946 4586 3043 4639 57.

612 4725 753 4780 382.
789 4715 954 4786 Quod
989 4718 1295 4794 speciatim
1327 4718 1739 4779 difficultatem
1773 4720 1990 4777 attinet
2021 4738 2087 4776 ex
2133 4717 2538 4776 accidentibus
2570 4718 2837 4793 petitam,
2886 4737 3038 4793 quae

428 4808 636 4863 contra
666 4824 866 4865 eorum
899 4812 1172 4867 naturam
1207 4808 1474 4882 subjecto
1506 4810 1760 4878 careant,
1808 4811 1966 4878 nota,
2013 4808 2084 4865 de
2127 4807 2355 4866 ratione
2387 4807 2706 4865 accidentis
2740 4826 2858 4865 non
2891 4826 3035 4875 esse,
