<?xml version="1.0" encoding="UTF-8"?>
<!DOCTYPE html PUBLIC "-//W3C//DTD XHTML 1.0 Transitional//EN"
    "http://www.w3.org/TR/xhtml1/DTD/xhtml1-transitional.dtd">
<html xmlns="http://www.w3.org/1999/xhtml" xml:lang="en" lang="en">
 <head>
  <title>
</title>
<meta http-equiv="Content-Type" content="text/html;charset=utf-8" />
  <meta name='ocr-system' content='tesseract 3.04.00' />
  <meta name='ocr-capabilities' content='ocr_page ocr_carea ocr_par ocr_line ocrx_word'/>
</head>
<body>
  <div class='ocr_page' id='page_1' title='image "./theologiaedogma00hurtgoog_0474.png"; bbox 0 0 3538 5364; ppageno 0'>
   <div class='ocr_carea' id='block_1_1' title="bbox 573 222 2798 295">
    <p class='ocr_par' dir='ltr' id='par_1_1' title="bbox 573 222 2798 295">
     <span class='ocr_line' id='line_1_1' title="bbox 573 222 2798 295; baseline 0 -18"><span class='ocrx_word' id='word_1_1' title='bbox 573 232 709 295; x_wconf 71' lang='lat'>452</span> <span class='ocrx_word' id='word_1_2' title='bbox 967 223 1149 277; x_wconf 85' lang='lat' dir='ltr'>Tract.</span> <span class='ocrx_word' id='word_1_3' title='bbox 1179 223 1271 276; x_wconf 84' lang='lat' dir='ltr'>IX.</span> <span class='ocrx_word' id='word_1_4' title='bbox 1299 223 1368 276; x_wconf 90' lang='lat' dir='ltr'>de</span> <span class='ocrx_word' id='word_1_5' title='bbox 1397 223 1768 292; x_wconf 83' lang='lat' dir='ltr'>poenitentia.</span> <span class='ocrx_word' id='word_1_6' title='bbox 1797 223 1995 277; x_wconf 87' lang='lat' dir='ltr'>Thesis</span> <span class='ocrx_word' id='word_1_7' title='bbox 2022 222 2327 284; x_wconf 79' lang='lat' dir='ltr'>CCXLVII,</span> <span class='ocrx_word' id='word_1_8' title='bbox 2356 223 2437 278; x_wconf 86' lang='lat' dir='ltr'>De</span> <span class='ocrx_word' id='word_1_9' title='bbox 2466 223 2798 277; x_wconf 70' lang='lat' dir='ltr'>necessitate</span> 
     </span>
    </p>
   </div>
   <div class='ocr_carea' id='block_1_2' title="bbox 1709 513 2084 598">
    <p class='ocr_par' dir='ltr' id='par_1_2' title="bbox 1709 513 2084 598">
     <span class='ocr_line' id='line_1_2' title="bbox 1709 513 2084 598; baseline -0.005 -16"><span class='ocrx_word' id='word_1_10' title='bbox 1709 513 2084 598; x_wconf 53' lang='lat' dir='ltr'>canutum</span> 
     </span>
    </p>
   </div>
   <div class='ocr_carea' id='block_1_3' title="bbox 626 635 3150 810">
    <p class='ocr_par' dir='ltr' id='par_1_3' title="bbox 626 635 3150 810">
     <span class='ocr_line' id='line_1_3' title="bbox 626 635 3150 719; baseline -0.001 -19"><span class='ocrx_word' id='word_1_11' title='bbox 626 638 731 700; x_wconf 93' lang='lat' dir='ltr'>De</span> <span class='ocrx_word' id='word_1_12' title='bbox 780 635 1328 702; x_wconf 85' lang='lat' dir='ltr'>confessione</span> <span class='ocrx_word' id='word_1_13' title='bbox 1377 638 1635 719; x_wconf 86' lang='lat' dir='ltr'>deque</span> <span class='ocrx_word' id='word_1_14' title='bbox 1685 637 1861 718; x_wconf 90' lang='lat' dir='ltr'>ejus</span> <span class='ocrx_word' id='word_1_15' title='bbox 1908 638 2002 701; x_wconf 92' lang='lat' dir='ltr'>ad</span> <span class='ocrx_word' id='word_1_16' title='bbox 2052 638 2575 702; x_wconf 85' lang='lat' dir='ltr'>remissionis</span> <span class='ocrx_word' id='word_1_17' title='bbox 2623 644 3150 719; x_wconf 89' lang='lat' dir='ltr'>peccatorum</span> 
     </span>
     <span class='ocr_line' id='line_1_4' title="bbox 807 736 2722 810; baseline 0.001 -4"><span class='ocrx_word' id='word_1_18' title='bbox 807 736 815 743; x_wconf 81' lang='grc'><strong><em>’</em></strong></span> <span class='ocrx_word' id='word_1_19' title='bbox 1052 744 1552 808; x_wconf 89' lang='lat' dir='ltr'>beneficium</span> <span class='ocrx_word' id='word_1_20' title='bbox 1600 744 2141 808; x_wconf 90' lang='lat' dir='ltr'>obtinendum</span> <span class='ocrx_word' id='word_1_21' title='bbox 2188 746 2722 810; x_wconf 81' lang='lat' dir='ltr'>necessitate.</span> 
     </span>
    </p>
   </div>
   <div class='ocr_carea' id='block_1_4' title="bbox 574 885 3191 1155">
    <p class='ocr_par' dir='ltr' id='par_1_4' title="bbox 574 885 3191 1155">
     <span class='ocr_line' id='line_1_5' title="bbox 760 885 3189 974; baseline 0.004 -23"><span class='ocrx_word' id='word_1_22' title='bbox 760 892 907 954; x_wconf 78' lang='lat'>477.</span> <span class='ocrx_word' id='word_1_23' title='bbox 940 888 1194 954; x_wconf 68' lang='lat' dir='ltr'>&#39;rhesis</span> <span class='ocrx_word' id='word_1_24' title='bbox 1241 885 1650 956; x_wconf 80' lang='lat' dir='ltr'>CCXLVII.</span> <span class='ocrx_word' id='word_1_25' title='bbox 1725 910 1838 963; x_wconf 76' lang='lat' dir='ltr'>Ad</span> <span class='ocrx_word' id='word_1_26' title='bbox 1875 911 2355 962; x_wconf 74' lang='lat' dir='ltr'>remissionem</span> <span class='ocrx_word' id='word_1_27' title='bbox 2391 914 2839 974; x_wconf 77' lang='lat' dir='ltr'>peccatorum</span> <span class='ocrx_word' id='word_1_28' title='bbox 2879 910 3189 963; x_wconf 69' lang='lat' dir='ltr'>letalium</span> 
     </span>
     <span class='ocr_line' id='line_1_6' title="bbox 574 999 3191 1063; baseline -0.001 -11"><span class='ocrx_word' id='word_1_29' title='bbox 574 1004 732 1062; x_wconf 77' lang='lat' dir='ltr'>post</span> <span class='ocrx_word' id='word_1_30' title='bbox 775 999 1200 1062; x_wconf 75' lang='lat' dir='ltr'>baptismum</span> <span class='ocrx_word' id='word_1_31' title='bbox 1241 1001 1778 1052; x_wconf 78' lang='lat' dir='ltr'>commissorum</span> <span class='ocrx_word' id='word_1_32' title='bbox 1809 1000 2261 1054; x_wconf 76' lang='lat' dir='ltr'>obtinendam</span> <span class='ocrx_word' id='word_1_33' title='bbox 2301 1003 2630 1052; x_wconf 71' lang='lat' dir='ltr'>tenentur</span> <span class='ocrx_word' id='word_1_34' title='bbox 2646 999 2891 1063; x_wconf 77' lang='lat' dir='ltr'>fideles</span> <span class='ocrx_word' id='word_1_35' title='bbox 2927 1002 3025 1054; x_wconf 72' lang='lat' dir='ltr'>acl</span> <span class='ocrx_word' id='word_1_36' title='bbox 3064 1000 3191 1052; x_wconf 75' lang='lat' dir='ltr'>cla·</span> 
     </span>
     <span class='ocr_line' id='line_1_7' title="bbox 582 1092 1652 1155; baseline -0.002 -13"><span class='ocrx_word' id='word_1_37' title='bbox 582 1092 775 1143; x_wconf 72' lang='lat' dir='ltr'>rium</span> <span class='ocrx_word' id='word_1_38' title='bbox 808 1093 1221 1155; x_wconf 77' lang='lat' dir='ltr'>potestatem</span> <span class='ocrx_word' id='word_1_39' title='bbox 1261 1103 1652 1142; x_wconf 76' lang='lat' dir='ltr'>recurrere.</span> 
     </span>
    </p>
   </div>
   <div class='ocr_carea' id='block_1_5' title="bbox 579 1209 3194 1935">
    <p class='ocr_par' dir='ltr' id='par_1_5' title="bbox 579 1209 3194 1935">
     <span class='ocr_line' id='line_1_8' title="bbox 760 1209 3192 1290; baseline -0.003 -11"><span class='ocrx_word' id='word_1_40' title='bbox 760 1211 1328 1279; x_wconf 83' lang='lat' dir='ltr'>Demonstratio.</span> <span class='ocrx_word' id='word_1_41' title='bbox 1392 1210 1616 1273; x_wconf 88' lang='lat' dir='ltr'>Thesis</span> <span class='ocrx_word' id='word_1_42' title='bbox 1664 1217 1761 1275; x_wconf 86' lang='lat' dir='ltr'>est</span> <span class='ocrx_word' id='word_1_43' title='bbox 1809 1210 1887 1275; x_wconf 84' lang='lat' dir='ltr'>de</span> <span class='ocrx_word' id='word_1_44' title='bbox 1933 1209 2074 1285; x_wconf 89' lang='lat' dir='ltr'>fide,</span> <span class='ocrx_word' id='word_1_45' title='bbox 2122 1217 2193 1273; x_wconf 89' lang='lat' dir='ltr'>ut</span> <span class='ocrx_word' id='word_1_46' title='bbox 2236 1209 2550 1290; x_wconf 79' lang='lat' dir='ltr'>colligitur</span> <span class='ocrx_word' id='word_1_47' title='bbox 2595 1228 2673 1274; x_wconf 79' lang='lat' dir='ltr'>ex</span> <span class='ocrx_word' id='word_1_48' title='bbox 2720 1210 2974 1273; x_wconf 88' lang='lat' dir='ltr'>concilii</span> <span class='ocrx_word' id='word_1_49' title='bbox 3024 1211 3192 1273; x_wconf 87' lang='lat' dir='ltr'>trid.</span> 
     </span>
     <span class='ocr_line' id='line_1_9' title="bbox 583 1318 3191 1401; baseline -0.001 -20"><span class='ocrx_word' id='word_1_50' title='bbox 583 1338 737 1382; x_wconf 85' lang='lat' dir='ltr'>sess.</span> <span class='ocrx_word' id='word_1_51' title='bbox 779 1324 857 1386; x_wconf 88' lang='lat'>14</span> <span class='ocrx_word' id='word_1_52' title='bbox 892 1337 1031 1382; x_wconf 89' lang='lat' dir='ltr'>can.</span> <span class='ocrx_word' id='word_1_53' title='bbox 1067 1326 1138 1388; x_wconf 85' lang='lat'>6:</span> <span class='ocrx_word' id='word_1_54' title='bbox 1209 1318 1312 1392; x_wconf 76' lang='lat' dir='ltr'>„Si</span> <span class='ocrx_word' id='word_1_55' title='bbox 1346 1321 1486 1401; x_wconf 88' lang='lat' dir='ltr'>quis</span> <span class='ocrx_word' id='word_1_56' title='bbox 1518 1320 1867 1400; x_wconf 81' lang='lat' dir='ltr'>negaverit,</span> <span class='ocrx_word' id='word_1_57' title='bbox 1901 1320 2371 1383; x_wconf 84' lang='lat' dir='ltr'>consessionem</span> <span class='ocrx_word' id='word_1_58' title='bbox 2404 1319 2938 1383; x_wconf 79' lang='lat' dir='ltr'>sacramentalem</span> <span class='ocrx_word' id='word_1_59' title='bbox 2972 1318 3071 1382; x_wconf 87' lang='lat' dir='ltr'>vel</span> <span class='ocrx_word' id='word_1_60' title='bbox 3105 1319 3191 1380; x_wconf 89' lang='lat' dir='ltr'>in·</span> 
     </span>
     <span class='ocr_line' id='line_1_10' title="bbox 584 1423 3193 1507; baseline -0.001 -18"><span class='ocrx_word' id='word_1_61' title='bbox 584 1427 872 1490; x_wconf 86' lang='lat' dir='ltr'>stitutam</span> <span class='ocrx_word' id='word_1_62' title='bbox 906 1426 1007 1490; x_wconf 85' lang='lat' dir='ltr'>vel</span> <span class='ocrx_word' id='word_1_63' title='bbox 1041 1427 1121 1489; x_wconf 88' lang='lat' dir='ltr'>ad</span> <span class='ocrx_word' id='word_1_64' title='bbox 1155 1429 1432 1490; x_wconf 88' lang='lat' dir='ltr'>salutem</span> <span class='ocrx_word' id='word_1_65' title='bbox 1467 1428 1901 1490; x_wconf 86' lang='lat' dir='ltr'>necessariam</span> <span class='ocrx_word' id='word_1_66' title='bbox 1951 1446 2092 1492; x_wconf 88' lang='lat' dir='ltr'>esse</span> <span class='ocrx_word' id='word_1_67' title='bbox 2118 1426 2261 1507; x_wconf 89' lang='lat' dir='ltr'>jure</span> <span class='ocrx_word' id='word_1_68' title='bbox 2293 1426 2506 1489; x_wconf 90' lang='lat' dir='ltr'>divino</span> <span class='ocrx_word' id='word_1_69' title='bbox 2542 1476 2553 1488; x_wconf 88' lang='lat'>.</span> <span class='ocrx_word' id='word_1_70' title='bbox 2589 1477 2600 1488; x_wconf 96' lang='lat'>.</span> <span class='ocrx_word' id='word_1_71' title='bbox 2637 1477 2647 1487; x_wconf 96' lang='lat'>.</span> <span class='ocrx_word' id='word_1_72' title='bbox 2681 1425 2751 1488; x_wconf 89' lang='lat' dir='ltr'>A.</span> <span class='ocrx_word' id='word_1_73' title='bbox 2786 1423 2887 1488; x_wconf 72' lang='lat' dir='ltr'>S.‘</span> <span class='ocrx_word' id='word_1_74' title='bbox 2959 1424 3193 1504; x_wconf 85' lang='lat' dir='ltr'>Quam-</span> 
     </span>
     <span class='ocr_line' id='line_1_11' title="bbox 583 1531 3194 1608; baseline -0 -13"><span class='ocrx_word' id='word_1_75' title='bbox 583 1535 681 1596; x_wconf 79' lang='lat' dir='ltr'>vis</span> <span class='ocrx_word' id='word_1_76' title='bbox 714 1540 932 1597; x_wconf 85' lang='lat' dir='ltr'>autem</span> <span class='ocrx_word' id='word_1_77' title='bbox 964 1533 1088 1597; x_wconf 92' lang='lat' dir='ltr'>hoc</span> <span class='ocrx_word' id='word_1_78' title='bbox 1125 1552 1376 1597; x_wconf 90' lang='lat' dir='ltr'>canone</span> <span class='ocrx_word' id='word_1_79' title='bbox 1409 1534 1650 1598; x_wconf 82' lang='lat' dir='ltr'>directe</span> <span class='ocrx_word' id='word_1_80' title='bbox 1682 1534 1944 1597; x_wconf 87' lang='lat' dir='ltr'>definita</span> <span class='ocrx_word' id='word_1_81' title='bbox 1963 1535 2044 1596; x_wconf 90' lang='lat' dir='ltr'>sit</span> <span class='ocrx_word' id='word_1_82' title='bbox 2063 1533 2482 1597; x_wconf 84' lang='lat' dir='ltr'>confessionis</span> <span class='ocrx_word' id='word_1_83' title='bbox 2502 1533 2872 1608; x_wconf 75' lang='lat' dir='ltr'>necessitaS,</span> <span class='ocrx_word' id='word_1_84' title='bbox 2894 1531 3194 1596; x_wconf 84' lang='lat' dir='ltr'>indirecte</span> 
     </span>
     <span class='ocr_line' id='line_1_12' title="bbox 579 1638 3193 1720; baseline -0.001 -18"><span class='ocrx_word' id='word_1_85' title='bbox 579 1646 649 1703; x_wconf 86' lang='lat' dir='ltr'>et</span> <span class='ocrx_word' id='word_1_86' title='bbox 681 1639 980 1720; x_wconf 89' lang='lat' dir='ltr'>implicite</span> <span class='ocrx_word' id='word_1_87' title='bbox 1014 1641 1277 1704; x_wconf 91' lang='lat' dir='ltr'>omnino</span> <span class='ocrx_word' id='word_1_88' title='bbox 1312 1641 1572 1705; x_wconf 87' lang='lat' dir='ltr'>definita</span> <span class='ocrx_word' id='word_1_89' title='bbox 1617 1641 1865 1705; x_wconf 89' lang='lat' dir='ltr'>censeri</span> <span class='ocrx_word' id='word_1_90' title='bbox 1912 1640 2103 1705; x_wconf 91' lang='lat' dir='ltr'>debet</span> <span class='ocrx_word' id='word_1_91' title='bbox 2148 1640 2498 1704; x_wconf 86' lang='lat' dir='ltr'>necessitas</span> <span class='ocrx_word' id='word_1_92' title='bbox 2544 1658 2841 1703; x_wconf 90' lang='lat' dir='ltr'>recursus</span> <span class='ocrx_word' id='word_1_93' title='bbox 2889 1638 2973 1702; x_wconf 89' lang='lat' dir='ltr'>ad</span> <span class='ocrx_word' id='word_1_94' title='bbox 3016 1639 3193 1701; x_wconf 91' lang='lat' dir='ltr'>mini-</span> 
     </span>
     <span class='ocr_line' id='line_1_13' title="bbox 585 1745 3193 1829; baseline -0.002 -19"><span class='ocrx_word' id='word_1_95' title='bbox 585 1753 754 1810; x_wconf 90' lang='lat' dir='ltr'>stros</span> <span class='ocrx_word' id='word_1_96' title='bbox 788 1747 1080 1823; x_wconf 84' lang='lat' dir='ltr'>clavium,</span> <span class='ocrx_word' id='word_1_97' title='bbox 1116 1747 1345 1829; x_wconf 88' lang='lat' dir='ltr'>quibus</span> <span class='ocrx_word' id='word_1_98' title='bbox 1381 1747 1675 1812; x_wconf 89' lang='lat' dir='ltr'>facienda</span> <span class='ocrx_word' id='word_1_99' title='bbox 1708 1755 1805 1812; x_wconf 91' lang='lat' dir='ltr'>est</span> <span class='ocrx_word' id='word_1_100' title='bbox 1827 1746 2148 1811; x_wconf 87' lang='lat' dir='ltr'>confessio</span> <span class='ocrx_word' id='word_1_101' title='bbox 2171 1747 2252 1809; x_wconf 91' lang='lat' dir='ltr'>ad</span> <span class='ocrx_word' id='word_1_102' title='bbox 2274 1746 2688 1811; x_wconf 89' lang='lat' dir='ltr'>obtinendam</span> <span class='ocrx_word' id='word_1_103' title='bbox 2712 1745 3193 1810; x_wconf 88' lang='lat' dir='ltr'>absolutionem.</span> 
     </span>
     <span class='ocr_line' id='line_1_14' title="bbox 584 1852 2512 1935; baseline 0 -19"><span class='ocrx_word' id='word_1_104' title='bbox 584 1852 675 1916; x_wconf 86' lang='lat' dir='ltr'>Cf.</span> <span class='ocrx_word' id='word_1_105' title='bbox 711 1870 848 1916; x_wconf 90' lang='lat' dir='ltr'>can.</span> <span class='ocrx_word' id='word_1_106' title='bbox 887 1860 919 1921; x_wconf 76' lang='lat'><strong>7</strong></span> <span class='ocrx_word' id='word_1_107' title='bbox 961 1874 1018 1916; x_wconf 92' lang='lat' dir='ltr'>n.</span> <span class='ocrx_word' id='word_1_108' title='bbox 1054 1859 1216 1928; x_wconf 84' lang='lat'>480;</span> <span class='ocrx_word' id='word_1_109' title='bbox 1250 1872 1386 1935; x_wconf 89' lang='lat' dir='ltr'>cap.</span> <span class='ocrx_word' id='word_1_110' title='bbox 1423 1860 1462 1922; x_wconf 84' lang='grc'>2</span> <span class='ocrx_word' id='word_1_111' title='bbox 1497 1861 1561 1919; x_wconf 90' lang='lat' dir='ltr'>et</span> <span class='ocrx_word' id='word_1_112' title='bbox 1592 1874 1744 1919; x_wconf 89' lang='lat' dir='ltr'>sess.</span> <span class='ocrx_word' id='word_1_113' title='bbox 1780 1861 1821 1922; x_wconf 83' lang='grc'><strong>6</strong></span> <span class='ocrx_word' id='word_1_114' title='bbox 1853 1872 1991 1916; x_wconf 89' lang='lat' dir='ltr'>can.</span> <span class='ocrx_word' id='word_1_115' title='bbox 2028 1858 2130 1922; x_wconf 79' lang='lat'>29.</span> <span class='ocrx_word' id='word_1_116' title='bbox 2194 1853 2512 1917; x_wconf 85' lang='lat' dir='ltr'>Probatur</span> 
     </span>
    </p>
   </div>
   <div class='ocr_carea' id='block_1_6' title="bbox 551 1979 3198 3655">
    <p class='ocr_par' dir='ltr' id='par_1_6' title="bbox 551 1979 3198 3655">
     <span class='ocr_line' id='line_1_15' title="bbox 769 1979 3195 2064; baseline -0.002 -19"><span class='ocrx_word' id='word_1_117' title='bbox 769 1980 831 2045; x_wconf 92' lang='lat' dir='ltr'>l.</span> <span class='ocrx_word' id='word_1_118' title='bbox 866 1985 1000 2041; x_wconf 87' lang='lat' dir='ltr'>tum</span> <span class='ocrx_word' id='word_1_119' title='bbox 1034 1998 1109 2043; x_wconf 85' lang='lat' dir='ltr'>ex</span> <span class='ocrx_word' id='word_1_120' title='bbox 1144 1979 1372 2054; x_wconf 76' lang='lat' dir='ltr'>verbiS,</span> <span class='ocrx_word' id='word_1_121' title='bbox 1409 1980 1638 2062; x_wconf 88' lang='lat' dir='ltr'>quibus</span> <span class='ocrx_word' id='word_1_122' title='bbox 1673 1980 1836 2043; x_wconf 91' lang='lat' dir='ltr'>haec</span> <span class='ocrx_word' id='word_1_123' title='bbox 1869 1986 2155 2061; x_wconf 83' lang='lat' dir='ltr'>potestas</span> <span class='ocrx_word' id='word_1_124' title='bbox 2188 1979 2423 2042; x_wconf 89' lang='lat' dir='ltr'>collata</span> <span class='ocrx_word' id='word_1_125' title='bbox 2468 1979 2581 2041; x_wconf 88' lang='lat' dir='ltr'>fuit</span> <span class='ocrx_word' id='word_1_126' title='bbox 2614 1980 2696 2063; x_wconf 90' lang='lat' dir='ltr'>(n.</span> <span class='ocrx_word' id='word_1_127' title='bbox 2731 1979 2908 2064; x_wconf 84' lang='lat'>436),</span> <span class='ocrx_word' id='word_1_128' title='bbox 2955 1984 3094 2040; x_wconf 90' lang='lat' dir='ltr'>tum</span> <span class='ocrx_word' id='word_1_129' title='bbox 3125 1997 3195 2041; x_wconf 86' lang='lat' dir='ltr'>ex</span> 
     </span>
     <span class='ocr_line' id='line_1_16' title="bbox 585 2071 3195 2172; baseline -0 -25"><span class='ocrx_word' id='word_1_130' title='bbox 585 2083 798 2148; x_wconf 84' lang='lat' dir='ltr'>verbis</span> <span class='ocrx_word' id='word_1_131' title='bbox 831 2084 1012 2148; x_wconf 83' lang='lat' dir='ltr'>Pauli</span> <span class='ocrx_word' id='word_1_132' title='bbox 1045 2091 1101 2152; x_wconf 81' lang='grc'>2.</span> <span class='ocrx_word' id='word_1_133' title='bbox 1138 2085 1278 2149; x_wconf 89' lang='lat' dir='ltr'>Cor.</span> <span class='ocrx_word' id='word_1_134' title='bbox 1315 2091 1372 2163; x_wconf 80' lang='lat'>5,</span> <span class='ocrx_word' id='word_1_135' title='bbox 1414 2093 1491 2156; x_wconf 83' lang='lat'>18</span> <span class='ocrx_word' id='word_1_136' title='bbox 1526 2107 1611 2149; x_wconf 76' lang='lat' dir='ltr'>s:</span> <span class='ocrx_word' id='word_1_137' title='bbox 1683 2087 1909 2150; x_wconf 77' lang='lat' dir='ltr'>Omnia</span> <span class='ocrx_word' id='word_1_138' title='bbox 1945 2093 2151 2150; x_wconf 81' lang='lat' dir='ltr'>autem</span> <span class='ocrx_word' id='word_1_139' title='bbox 2184 2109 2259 2149; x_wconf 71' lang='lat' dir='ltr'>ea:</span> <span class='ocrx_word' id='word_1_140' title='bbox 2291 2086 2444 2167; x_wconf 82' lang='lat' dir='ltr'>Dee,</span> <span class='ocrx_word' id='word_1_141' title='bbox 2489 2088 2596 2172; x_wconf 77' lang='lat' dir='ltr'>qui</span> <span class='ocrx_word' id='word_1_142' title='bbox 2640 2106 2751 2148; x_wconf 81' lang='lat' dir='ltr'>nos</span> <span class='ocrx_word' id='word_1_143' title='bbox 2782 2071 3195 2148; x_wconf 73' lang='lat' dir='ltr'>reconciliavit</span> 
     </span>
     <span class='ocr_line' id='line_1_17' title="bbox 583 2192 3196 2278; baseline -0 -24"><span class='ocrx_word' id='word_1_144' title='bbox 583 2192 708 2255; x_wconf 73' lang='lat' dir='ltr'>sibi</span> <span class='ocrx_word' id='word_1_145' title='bbox 743 2214 861 2277; x_wconf 82' lang='lat' dir='ltr'>per</span> <span class='ocrx_word' id='word_1_146' title='bbox 911 2193 1249 2278; x_wconf 74' lang='lat' dir='ltr'>Christum,</span> <span class='ocrx_word' id='word_1_147' title='bbox 1296 2202 1350 2256; x_wconf 82' lang='lat' dir='ltr'>et</span> <span class='ocrx_word' id='word_1_148' title='bbox 1398 2195 1570 2258; x_wconf 70' lang='lat' dir='ltr'>dedit</span> <span class='ocrx_word' id='word_1_149' title='bbox 1617 2194 1792 2257; x_wconf 76' lang='lat' dir='ltr'>nobis</span> <span class='ocrx_word' id='word_1_150' title='bbox 1838 2195 2253 2258; x_wconf 76' lang='lat' dir='ltr'>ministerium</span> <span class='ocrx_word' id='word_1_151' title='bbox 2300 2193 2819 2257; x_wconf 74' lang='lat' dir='ltr'>reconciliationis</span> <span class='ocrx_word' id='word_1_152' title='bbox 2852 2243 2864 2255; x_wconf 95' lang='lat'>.</span> <span class='ocrx_word' id='word_1_153' title='bbox 2900 2243 2911 2253; x_wconf 94' lang='lat'>.</span> <span class='ocrx_word' id='word_1_154' title='bbox 2949 2242 2961 2254; x_wconf 92' lang='lat'>.</span> <span class='ocrx_word' id='word_1_155' title='bbox 3003 2243 3015 2254; x_wconf 94' lang='lat'>.</span> <span class='ocrx_word' id='word_1_156' title='bbox 3082 2192 3196 2255; x_wconf 89' lang='lat' dir='ltr'>Pro</span> 
     </span>
     <span class='ocr_line' id='line_1_18' title="bbox 589 2299 3197 2386; baseline -0 -24"><span class='ocrx_word' id='word_1_157' title='bbox 589 2299 829 2363; x_wconf 81' lang='lat' dir='ltr'>Christo</span> <span class='ocrx_word' id='word_1_158' title='bbox 861 2321 1002 2383; x_wconf 69' lang='lat' dir='ltr'>erqo</span> <span class='ocrx_word' id='word_1_159' title='bbox 1036 2303 1336 2386; x_wconf 73' lang='lat' dir='ltr'>leqatione</span> <span class='ocrx_word' id='word_1_160' title='bbox 1367 2303 1719 2385; x_wconf 74' lang='lat' dir='ltr'>funqt&#39;mm·‚</span> <span class='ocrx_word' id='word_1_161' title='bbox 1753 2307 2076 2384; x_wconf 74' lang='lat' dir='ltr'>tamquam</span> <span class='ocrx_word' id='word_1_162' title='bbox 2108 2301 2241 2364; x_wconf 86' lang='lat' dir='ltr'>Deo</span> <span class='ocrx_word' id='word_1_163' title='bbox 2286 2301 2648 2364; x_wconf 75' lang='lat' dir='ltr'>exhortante</span> <span class='ocrx_word' id='word_1_164' title='bbox 2682 2322 2803 2384; x_wconf 84' lang='lat' dir='ltr'>per</span> <span class='ocrx_word' id='word_1_165' title='bbox 2836 2319 2961 2367; x_wconf 77' lang='lat' dir='ltr'>nos,</span> <span class='ocrx_word' id='word_1_166' title='bbox 3028 2299 3197 2362; x_wconf 81' lang='lat' dir='ltr'>Obse-</span> 
     </span>
     <span class='ocr_line' id='line_1_19' title="bbox 551 2407 3198 2491; baseline -0 -21"><span class='ocrx_word' id='word_1_167' title='bbox 551 2447 553 2449; x_wconf 27' lang='grc' dir='ltr'>ψ</span> <span class='ocrx_word' id='word_1_168' title='bbox 583 2428 836 2470; x_wconf 78' lang='lat' dir='ltr'>cramus</span> <span class='ocrx_word' id='word_1_169' title='bbox 864 2429 983 2491; x_wconf 80' lang='lat' dir='ltr'>pro</span> <span class='ocrx_word' id='word_1_170' title='bbox 1018 2408 1295 2472; x_wconf 76' lang='lat' dir='ltr'>Christo:</span> <span class='ocrx_word' id='word_1_171' title='bbox 1331 2409 1845 2472; x_wconf 78' lang='lat' dir='ltr'>Reconciliamini</span> <span class='ocrx_word' id='word_1_172' title='bbox 1877 2408 2028 2484; x_wconf 85' lang='lat' dir='ltr'>De0,</span> <span class='ocrx_word' id='word_1_173' title='bbox 2064 2428 2142 2472; x_wconf 82' lang='lat' dir='ltr'>ex</span> <span class='ocrx_word' id='word_1_174' title='bbox 2176 2408 2407 2490; x_wconf 91' lang='lat' dir='ltr'>quibus</span> <span class='ocrx_word' id='word_1_175' title='bbox 2440 2408 2529 2471; x_wconf 91' lang='lat' dir='ltr'>sic</span> <span class='ocrx_word' id='word_1_176' title='bbox 2561 2407 2709 2471; x_wconf 88' lang='lat' dir='ltr'>licet</span> <span class='ocrx_word' id='word_1_177' title='bbox 2739 2408 3198 2487; x_wconf 86' lang='lat' dir='ltr'>argumentari:</span> 
     </span>
     <span class='ocr_line' id='line_1_20' title="bbox 585 2513 3198 2597; baseline 0 -21"><span class='ocrx_word' id='word_1_178' title='bbox 585 2513 1045 2578; x_wconf 85' lang='lat' dir='ltr'>Reconciliatio</span> <span class='ocrx_word' id='word_1_179' title='bbox 1097 2516 1547 2597; x_wconf 86' lang='lat' dir='ltr'>peccatoribus</span> <span class='ocrx_word' id='word_1_180' title='bbox 1600 2515 1794 2580; x_wconf 88' lang='lat' dir='ltr'>etiam</span> <span class='ocrx_word' id='word_1_181' title='bbox 1840 2515 1975 2596; x_wconf 90' lang='lat' dir='ltr'>jam</span> <span class='ocrx_word' id='word_1_182' title='bbox 2025 2515 2365 2597; x_wconf 83' lang='lat' dir='ltr'>baptizatis</span> <span class='ocrx_word' id='word_1_183' title='bbox 2416 2523 2514 2579; x_wconf 90' lang='lat' dir='ltr'>est</span> <span class='ocrx_word' id='word_1_184' title='bbox 2561 2514 2946 2583; x_wconf 89' lang='lat' dir='ltr'>necessaria.</span> <span class='ocrx_word' id='word_1_185' title='bbox 3010 2513 3198 2595; x_wconf 89' lang='lat' dir='ltr'>Atqui</span> 
     </span>
     <span class='ocr_line' id='line_1_21' title="bbox 558 2619 3198 2705; baseline 0 -21"><span class='ocrx_word' id='word_1_186' title='bbox 558 2622 754 2697; x_wconf 84' lang='lat' dir='ltr'>,hanc</span> <span class='ocrx_word' id='word_1_187' title='bbox 786 2619 1073 2686; x_wconf 87' lang='lat' dir='ltr'>Christus</span> <span class='ocrx_word' id='word_1_188' title='bbox 1127 2623 1520 2688; x_wconf 81' lang='lat' dir='ltr'>concredidit</span> <span class='ocrx_word' id='word_1_189' title='bbox 1550 2622 1875 2688; x_wconf 84' lang='lat' dir='ltr'>Ecclesiae</span> <span class='ocrx_word' id='word_1_190' title='bbox 1921 2623 2242 2700; x_wconf 80' lang='lat' dir='ltr'>ministris,</span> <span class='ocrx_word' id='word_1_191' title='bbox 2290 2629 2362 2686; x_wconf 90' lang='lat' dir='ltr'>ut</span> <span class='ocrx_word' id='word_1_192' title='bbox 2401 2621 2602 2705; x_wconf 90' lang='lat' dir='ltr'>liquet</span> <span class='ocrx_word' id='word_1_193' title='bbox 2632 2643 2698 2690; x_wconf 87' lang='lat' dir='ltr'>a.</span> <span class='ocrx_word' id='word_1_194' title='bbox 2735 2641 2814 2688; x_wconf 85' lang='lat' dir='ltr'>ex</span> <span class='ocrx_word' id='word_1_195' title='bbox 2846 2620 3033 2686; x_wconf 90' lang='lat' dir='ltr'>Pauli</span> <span class='ocrx_word' id='word_1_196' title='bbox 3065 2640 3198 2687; x_wconf 86' lang='lat' dir='ltr'>ver-</span> 
     </span>
     <span class='ocr_line' id='line_1_22' title="bbox 585 2729 3196 2812; baseline -0 -20"><span class='ocrx_word' id='word_1_197' title='bbox 585 2729 714 2805; x_wconf 86' lang='lat' dir='ltr'>bis;</span> <span class='ocrx_word' id='word_1_198' title='bbox 749 2731 818 2800; x_wconf 87' lang='lat' dir='ltr'>b.</span> <span class='ocrx_word' id='word_1_199' title='bbox 854 2748 932 2793; x_wconf 82' lang='lat' dir='ltr'>ex</span> <span class='ocrx_word' id='word_1_200' title='bbox 970 2730 1207 2794; x_wconf 86' lang='lat' dir='ltr'>collata</span> <span class='ocrx_word' id='word_1_201' title='bbox 1241 2730 1517 2793; x_wconf 86' lang='lat' dir='ltr'>clavium</span> <span class='ocrx_word' id='word_1_202' title='bbox 1548 2737 1907 2810; x_wconf 88' lang='lat' dir='ltr'>potestate;</span> <span class='ocrx_word' id='word_1_203' title='bbox 1960 2750 2023 2798; x_wconf 88' lang='lat' dir='ltr'>c.</span> <span class='ocrx_word' id='word_1_204' title='bbox 2077 2750 2153 2796; x_wconf 88' lang='lat' dir='ltr'>ex</span> <span class='ocrx_word' id='word_1_205' title='bbox 2200 2735 2522 2812; x_wconf 84' lang='lat' dir='ltr'>potestate</span> <span class='ocrx_word' id='word_1_206' title='bbox 2570 2730 2884 2794; x_wconf 90' lang='lat' dir='ltr'>retinendi</span> <span class='ocrx_word' id='word_1_207' title='bbox 2915 2736 3196 2811; x_wconf 89' lang='lat' dir='ltr'>peccata,</span> 
     </span>
     <span class='ocr_line' id='line_1_23' title="bbox 587 2836 3196 2919; baseline 0 -21"><span class='ocrx_word' id='word_1_208' title='bbox 587 2855 753 2918; x_wconf 88' lang='lat' dir='ltr'>quae</span> <span class='ocrx_word' id='word_1_209' title='bbox 788 2837 1148 2901; x_wconf 88' lang='lat' dir='ltr'>frustranea</span> <span class='ocrx_word' id='word_1_210' title='bbox 1181 2845 1366 2912; x_wconf 86' lang='lat' dir='ltr'>esset,</span> <span class='ocrx_word' id='word_1_211' title='bbox 1402 2838 1454 2900; x_wconf 90' lang='lat' dir='ltr'>si</span> <span class='ocrx_word' id='word_1_212' title='bbox 1487 2837 1991 2919; x_wconf 90' lang='lat' dir='ltr'>independenter</span> <span class='ocrx_word' id='word_1_213' title='bbox 2023 2837 2104 2901; x_wconf 90' lang='lat' dir='ltr'>ab</span> <span class='ocrx_word' id='word_1_214' title='bbox 2137 2837 2461 2903; x_wconf 84' lang='lat' dir='ltr'>Ecclesiae</span> <span class='ocrx_word' id='word_1_215' title='bbox 2494 2836 2797 2901; x_wconf 87' lang='lat' dir='ltr'>ministris</span> <span class='ocrx_word' id='word_1_216' title='bbox 2829 2843 3085 2918; x_wconf 88' lang='lat' dir='ltr'>pateret</span> <span class='ocrx_word' id='word_1_217' title='bbox 3104 2853 3196 2900; x_wconf 88' lang='lat' dir='ltr'>re-</span> 
     </span>
     <span class='ocr_line' id='line_1_24' title="bbox 582 2942 3195 3027; baseline -0 -21"><span class='ocrx_word' id='word_1_218' title='bbox 582 2944 1054 3007; x_wconf 89' lang='lat' dir='ltr'>conciliationis</span> <span class='ocrx_word' id='word_1_219' title='bbox 1086 2944 1215 3019; x_wconf 81' lang='lat' dir='ltr'>via3</span> <span class='ocrx_word' id='word_1_220' title='bbox 1264 2945 1329 3013; x_wconf 82' lang='lat' dir='ltr'>d.</span> <span class='ocrx_word' id='word_1_221' title='bbox 1364 2962 1440 3008; x_wconf 85' lang='lat' dir='ltr'>ex</span> <span class='ocrx_word' id='word_1_222' title='bbox 1473 2945 1774 3025; x_wconf 88' lang='lat' dir='ltr'>analogia</span> <span class='ocrx_word' id='word_1_223' title='bbox 1804 2962 1951 3008; x_wconf 90' lang='lat' dir='ltr'>cum</span> <span class='ocrx_word' id='word_1_224' title='bbox 1983 2944 2319 3027; x_wconf 79' lang='lat' dir='ltr'>baptismo,</span> <span class='ocrx_word' id='word_1_225' title='bbox 2383 2942 2560 3007; x_wconf 88' lang='lat' dir='ltr'>Sicut</span> <span class='ocrx_word' id='word_1_226' title='bbox 2606 2962 2756 3023; x_wconf 82' lang='lat' dir='ltr'>ergo</span> <span class='ocrx_word' id='word_1_227' title='bbox 2790 2962 3092 3008; x_wconf 89' lang='lat' dir='ltr'>recursus</span> <span class='ocrx_word' id='word_1_228' title='bbox 3123 2942 3195 3005; x_wconf 90' lang='lat' dir='ltr'>ad</span> 
     </span>
     <span class='ocr_line' id='line_1_25' title="bbox 588 3050 3196 3130; baseline 0 -18"><span class='ocrx_word' id='word_1_229' title='bbox 588 3051 910 3113; x_wconf 85' lang='lat' dir='ltr'>ministros</span> <span class='ocrx_word' id='word_1_230' title='bbox 944 3050 1247 3130; x_wconf 85' lang='lat' dir='ltr'>baptismi</span> <span class='ocrx_word' id='word_1_231' title='bbox 1279 3070 1348 3116; x_wconf 91' lang='lat' dir='ltr'>re</span> <span class='ocrx_word' id='word_1_232' title='bbox 1381 3052 1479 3116; x_wconf 86' lang='lat' dir='ltr'>vel</span> <span class='ocrx_word' id='word_1_233' title='bbox 1512 3059 1665 3115; x_wconf 86' lang='lat' dir='ltr'>voto</span> <span class='ocrx_word' id='word_1_234' title='bbox 1700 3059 1799 3116; x_wconf 88' lang='lat' dir='ltr'>est</span> <span class='ocrx_word' id='word_1_235' title='bbox 1830 3053 2266 3117; x_wconf 88' lang='lat' dir='ltr'>necessarius:</span> <span class='ocrx_word' id='word_1_236' title='bbox 2299 3052 2388 3114; x_wconf 89' lang='lat' dir='ltr'>ita</span> <span class='ocrx_word' id='word_1_237' title='bbox 2419 3051 2824 3115; x_wconf 87' lang='lat' dir='ltr'>necessarius</span> <span class='ocrx_word' id='word_1_238' title='bbox 2856 3050 2977 3115; x_wconf 85' lang='lat' dir='ltr'>erit</span> <span class='ocrx_word' id='word_1_239' title='bbox 3010 3057 3073 3115; x_wconf 94' lang='lat' dir='ltr'>et</span> <span class='ocrx_word' id='word_1_240' title='bbox 3102 3069 3196 3113; x_wconf 86' lang='lat' dir='ltr'>re-</span> 
     </span>
     <span class='ocr_line' id='line_1_26' title="bbox 586 3158 3197 3242; baseline 0 -23"><span class='ocrx_word' id='word_1_241' title='bbox 586 3174 813 3219; x_wconf 88' lang='lat' dir='ltr'>cursus</span> <span class='ocrx_word' id='word_1_242' title='bbox 847 3176 962 3236; x_wconf 89' lang='lat' dir='ltr'>pro</span> <span class='ocrx_word' id='word_1_243' title='bbox 996 3158 1447 3238; x_wconf 90' lang='lat' dir='ltr'>peccatoribus</span> <span class='ocrx_word' id='word_1_244' title='bbox 1491 3160 1627 3241; x_wconf 87' lang='lat' dir='ltr'>jam</span> <span class='ocrx_word' id='word_1_245' title='bbox 1679 3160 2018 3242; x_wconf 89' lang='lat' dir='ltr'>baptizatis</span> <span class='ocrx_word' id='word_1_246' title='bbox 2070 3159 2152 3222; x_wconf 91' lang='lat' dir='ltr'>ad</span> <span class='ocrx_word' id='word_1_247' title='bbox 2202 3166 2589 3241; x_wconf 89' lang='lat' dir='ltr'>potestatem</span> <span class='ocrx_word' id='word_1_248' title='bbox 2640 3158 2947 3222; x_wconf 89' lang='lat' dir='ltr'>clavium:</span> <span class='ocrx_word' id='word_1_249' title='bbox 2998 3175 3197 3240; x_wconf 89' lang='lat' dir='ltr'>neque</span> 
     </span>
     <span class='ocr_line' id='line_1_27' title="bbox 593 3262 3195 3349; baseline 0.001 -26"><span class='ocrx_word' id='word_1_250' title='bbox 593 3262 763 3324; x_wconf 90' lang='lat' dir='ltr'>enim</span> <span class='ocrx_word' id='word_1_251' title='bbox 796 3262 926 3325; x_wconf 89' lang='lat' dir='ltr'>ulla</span> <span class='ocrx_word' id='word_1_252' title='bbox 957 3264 1122 3327; x_wconf 86' lang='lat' dir='ltr'>ratio</span> <span class='ocrx_word' id='word_1_253' title='bbox 1156 3264 1536 3330; x_wconf 88' lang='lat' dir='ltr'>discriminis</span> <span class='ocrx_word' id='word_1_254' title='bbox 1582 3274 1799 3349; x_wconf 90' lang='lat' dir='ltr'>potest</span> <span class='ocrx_word' id='word_1_255' title='bbox 1829 3267 2110 3330; x_wconf 89' lang='lat' dir='ltr'>indicari.</span> <span class='ocrx_word' id='word_1_256' title='bbox 2174 3266 2333 3329; x_wconf 90' lang='lat' dir='ltr'>Hinc</span> <span class='ocrx_word' id='word_1_257' title='bbox 2379 3267 2573 3331; x_wconf 88' lang='lat' dir='ltr'>etiam</span> <span class='ocrx_word' id='word_1_258' title='bbox 2617 3271 2835 3347; x_wconf 87' lang='lat' dir='ltr'>patres</span> <span class='ocrx_word' id='word_1_259' title='bbox 2867 3265 3195 3347; x_wconf 88' lang='lat' dir='ltr'>poeniten·</span> 
     </span>
     <span class='ocr_line' id='line_1_28' title="bbox 593 3368 3197 3458; baseline 0.001 -27"><span class='ocrx_word' id='word_1_260' title='bbox 593 3368 764 3446; x_wconf 87' lang='lat' dir='ltr'>tiam,</span> <span class='ocrx_word' id='word_1_261' title='bbox 798 3388 964 3452; x_wconf 89' lang='lat' dir='ltr'>quae</span> <span class='ocrx_word' id='word_1_262' title='bbox 996 3371 1060 3433; x_wconf 91' lang='lat' dir='ltr'>in</span> <span class='ocrx_word' id='word_1_263' title='bbox 1082 3371 1364 3436; x_wconf 88' lang='lat' dir='ltr'>Ecclesia</span> <span class='ocrx_word' id='word_1_264' title='bbox 1398 3375 1626 3454; x_wconf 84' lang='lat' dir='ltr'>agitur,</span> <span class='ocrx_word' id='word_1_265' title='bbox 1662 3375 1935 3438; x_wconf 88' lang='lat' dir='ltr'>alterum</span> <span class='ocrx_word' id='word_1_266' title='bbox 1966 3382 2202 3439; x_wconf 88' lang='lat' dir='ltr'>vocant</span> <span class='ocrx_word' id='word_1_267' title='bbox 2234 3376 2641 3458; x_wconf 87' lang='lat' dir='ltr'>baptismum,</span> <span class='ocrx_word' id='word_1_268' title='bbox 2676 3372 3028 3437; x_wconf 90' lang='lat' dir='ltr'>secundam</span> <span class='ocrx_word' id='word_1_269' title='bbox 3061 3376 3197 3454; x_wconf 87' lang='lat' dir='ltr'>post</span> 
     </span>
     <span class='ocr_line' id='line_1_29' title="bbox 590 3475 3195 3564; baseline 0.001 -26"><span class='ocrx_word' id='word_1_270' title='bbox 590 3475 997 3557; x_wconf 85' lang='lat' dir='ltr'>naufragium</span> <span class='ocrx_word' id='word_1_271' title='bbox 1031 3479 1337 3555; x_wconf 89' lang='lat' dir='ltr'>tabulam,</span> <span class='ocrx_word' id='word_1_272' title='bbox 1361 3488 1425 3545; x_wconf 93' lang='lat' dir='ltr'>et</span> <span class='ocrx_word' id='word_1_273' title='bbox 1444 3487 1833 3561; x_wconf 88' lang='lat' dir='ltr'>potestatem</span> <span class='ocrx_word' id='word_1_274' title='bbox 1852 3482 2126 3545; x_wconf 90' lang='lat' dir='ltr'>clavium</span> <span class='ocrx_word' id='word_1_275' title='bbox 2148 3483 2450 3546; x_wconf 86' lang='lat' dir='ltr'>exhibent</span> <span class='ocrx_word' id='word_1_276' title='bbox 2468 3480 2842 3564; x_wconf 89' lang='lat' dir='ltr'>parallelam</span> <span class='ocrx_word' id='word_1_277' title='bbox 2861 3480 3195 3561; x_wconf 84' lang='lat' dir='ltr'>baptismo,</span> 
     </span>
     <span class='ocr_line' id='line_1_30' title="bbox 591 3582 1550 3655; baseline 0.005 -10"><span class='ocrx_word' id='word_1_278' title='bbox 591 3589 660 3646; x_wconf 86' lang='lat' dir='ltr'>ut</span> <span class='ocrx_word' id='word_1_279' title='bbox 694 3582 857 3647; x_wconf 85' lang='lat' dir='ltr'>infra</span> <span class='ocrx_word' id='word_1_280' title='bbox 887 3585 1244 3650; x_wconf 88' lang='lat' dir='ltr'>videbimus</span> <span class='ocrx_word' id='word_1_281' title='bbox 1277 3607 1335 3649; x_wconf 89' lang='lat' dir='ltr'>n.</span> <span class='ocrx_word' id='word_1_282' title='bbox 1370 3587 1550 3655; x_wconf 68' lang='lat'>5141‘.</span> 
     </span>
    </p>
   </div>
   <div class='ocr_carea' id='block_1_7' title="bbox 583 3733 3195 4525">
    <p class='ocr_par' dir='ltr' id='par_1_7' title="bbox 583 3733 3195 4525">
     <span class='ocr_line' id='line_1_31' title="bbox 763 3733 3195 3814; baseline 0 -23"><span class='ocrx_word' id='word_1_283' title='bbox 763 3733 953 3803; x_wconf 83' lang='lat' dir='ltr'>Quare</span> <span class='ocrx_word' id='word_1_284' title='bbox 1005 3736 1271 3810; x_wconf 86' lang='lat' dir='ltr'>apposite</span> <span class='ocrx_word' id='word_1_285' title='bbox 1322 3756 1364 3795; x_wconf 89' lang='lat' dir='ltr'>s.</span> <span class='ocrx_word' id='word_1_286' title='bbox 1416 3737 1528 3794; x_wconf 89' lang='lat' dir='ltr'>Leo</span> <span class='ocrx_word' id='word_1_287' title='bbox 1579 3755 1669 3812; x_wconf 89' lang='lat' dir='ltr'>ep.</span> <span class='ocrx_word' id='word_1_288' title='bbox 1728 3747 1847 3801; x_wconf 85' lang='lat'>108</span> <span class='ocrx_word' id='word_1_289' title='bbox 1899 3756 1945 3795; x_wconf 87' lang='lat' dir='ltr'>c.</span> <span class='ocrx_word' id='word_1_290' title='bbox 1985 3748 2052 3799; x_wconf 89' lang='lat'>2:</span> <span class='ocrx_word' id='word_1_291' title='bbox 2107 3738 2460 3814; x_wconf 83' lang='lat' dir='ltr'>,Multiplex</span> <span class='ocrx_word' id='word_1_292' title='bbox 2510 3737 2916 3796; x_wconf 82' lang='lat' dir='ltr'>misericordia</span> <span class='ocrx_word' id='word_1_293' title='bbox 2967 3736 3070 3794; x_wconf 92' lang='lat' dir='ltr'>Dei</span> <span class='ocrx_word' id='word_1_294' title='bbox 3117 3734 3195 3792; x_wconf 86' lang='lat' dir='ltr'>ita</span> 
     </span>
     <span class='ocr_line' id='line_1_32' title="bbox 583 3822 3194 3903; baseline 0 -24"><span class='ocrx_word' id='word_1_295' title='bbox 583 3822 850 3897; x_wconf 83' lang='lat' dir='ltr'>lapsibus</span> <span class='ocrx_word' id='word_1_296' title='bbox 885 3824 1166 3883; x_wconf 79' lang='lat' dir='ltr'>subvenit</span> <span class='ocrx_word' id='word_1_297' title='bbox 1195 3825 1490 3894; x_wconf 51' lang='lat' dir='ltr'>humanis</span> <span class='ocrx_word' id='word_1_298' title='bbox 1524 3830 1594 3883; x_wconf 88' lang='lat' dir='ltr'>ut</span> <span class='ocrx_word' id='word_1_299' title='bbox 1623 3845 1743 3885; x_wconf 92' lang='lat' dir='ltr'>non</span> <span class='ocrx_word' id='word_1_300' title='bbox 1776 3828 1966 3885; x_wconf 87' lang='lat' dir='ltr'>solum</span> <span class='ocrx_word' id='word_1_301' title='bbox 2001 3846 2108 3902; x_wconf 90' lang='lat' dir='ltr'>per</span> <span class='ocrx_word' id='word_1_302' title='bbox 2136 3827 2422 3901; x_wconf 79' lang='lat' dir='ltr'>baptismi</span> <span class='ocrx_word' id='word_1_303' title='bbox 2447 3827 2719 3903; x_wconf 82' lang='lat' dir='ltr'>gratiam,</span> <span class='ocrx_word' id='word_1_304' title='bbox 2754 3826 2855 3883; x_wconf 91' lang='lat' dir='ltr'>sed</span> <span class='ocrx_word' id='word_1_305' title='bbox 2888 3825 3066 3884; x_wconf 88' lang='lat' dir='ltr'>etiam</span> <span class='ocrx_word' id='word_1_306' title='bbox 3097 3840 3194 3899; x_wconf 88' lang='lat' dir='ltr'>per</span> 
     </span>
     <span class='ocr_line' id='line_1_33' title="bbox 583 3912 3193 3991; baseline 0 -22"><span class='ocrx_word' id='word_1_307' title='bbox 583 3912 982 3985; x_wconf 87' lang='lat' dir='ltr'>poenitentiae</span> <span class='ocrx_word' id='word_1_308' title='bbox 1017 3914 1366 3972; x_wconf 85' lang='lat' dir='ltr'>medicinam</span> <span class='ocrx_word' id='word_1_309' title='bbox 1413 3933 1544 3990; x_wconf 89' lang='lat' dir='ltr'>spes</span> <span class='ocrx_word' id='word_1_310' title='bbox 1597 3916 1747 3974; x_wconf 79' lang='lat' dir='ltr'>vit-ae</span> <span class='ocrx_word' id='word_1_311' title='bbox 1794 3918 2101 3991; x_wconf 76' lang='lat' dir='ltr'>reparetur</span> <span class='ocrx_word' id='word_1_312' title='bbox 2136 3920 2427 3986; x_wconf 77' lang='lat' dir='ltr'>aeternae,</span> <span class='ocrx_word' id='word_1_313' title='bbox 2474 3919 2545 3974; x_wconf 86' lang='lat' dir='ltr'>ut</span> <span class='ocrx_word' id='word_1_314' title='bbox 2589 3916 2694 3990; x_wconf 89' lang='lat' dir='ltr'>qui</span> <span class='ocrx_word' id='word_1_315' title='bbox 2738 3912 3193 3991; x_wconf 84' lang='lat' dir='ltr'>regenerationis</span> 
     </span>
     <span class='ocr_line' id='line_1_34' title="bbox 583 4000 3194 4079; baseline 0.001 -23"><span class='ocrx_word' id='word_1_316' title='bbox 583 4000 736 4058; x_wconf 86' lang='lat' dir='ltr'>dona</span> <span class='ocrx_word' id='word_1_317' title='bbox 770 4000 1109 4071; x_wconf 76' lang='lat' dir='ltr'>violassent,</span> <span class='ocrx_word' id='word_1_318' title='bbox 1158 4004 1395 4079; x_wconf 86' lang='lat' dir='ltr'>proprio</span> <span class='ocrx_word' id='word_1_319' title='bbox 1442 4022 1504 4062; x_wconf 86' lang='lat' dir='ltr'>se</span> <span class='ocrx_word' id='word_1_320' title='bbox 1540 4005 1771 4079; x_wconf 86' lang='lat' dir='ltr'>judicio</span> <span class='ocrx_word' id='word_1_321' title='bbox 1803 4005 2279 4076; x_wconf 64' lang='lat' dir='ltr'>condemnantes),</span> <span class='ocrx_word' id='word_1_322' title='bbox 2329 4005 2402 4063; x_wconf 91' lang='lat' dir='ltr'>ad</span> <span class='ocrx_word' id='word_1_323' title='bbox 2447 4005 2850 4063; x_wconf 87' lang='lat' dir='ltr'>remissionem</span> <span class='ocrx_word' id='word_1_324' title='bbox 2886 4003 3194 4061; x_wconf 89' lang='lat' dir='ltr'>criminum</span> 
     </span>
     <span class='ocr_line' id='line_1_35' title="bbox 585 4088 3192 4170; baseline -0 -23"><span class='ocrx_word' id='word_1_325' title='bbox 585 4091 994 4164; x_wconf 87' lang='lat' dir='ltr'>pervenirent:</span> <span class='ocrx_word' id='word_1_326' title='bbox 1044 4092 1126 4150; x_wconf 91' lang='lat' dir='ltr'>sic</span> <span class='ocrx_word' id='word_1_327' title='bbox 1171 4094 1402 4151; x_wconf 87' lang='lat' dir='ltr'>divinae</span> <span class='ocrx_word' id='word_1_328' title='bbox 1436 4094 1719 4152; x_wconf 85' lang='lat' dir='ltr'>bonitatis</span> <span class='ocrx_word' id='word_1_329' title='bbox 1750 4094 2056 4169; x_wconf 87' lang='lat' dir='ltr'>praesidiis</span> <span class='ocrx_word' id='word_1_330' title='bbox 2091 4094 2399 4163; x_wconf 88' lang='lat' dir='ltr'>ordinatis,</span> <span class='ocrx_word' id='word_1_331' title='bbox 2438 4097 2510 4151; x_wconf 89' lang='lat' dir='ltr'>ut</span> <span class='ocrx_word' id='word_1_332' title='bbox 2541 4093 2913 4170; x_wconf 85' lang='lat' dir='ltr'>indulgentia</span> <span class='ocrx_word' id='word_1_333' title='bbox 2947 4092 3050 4150; x_wconf 89' lang='lat' dir='ltr'>Dei</span> <span class='ocrx_word' id='word_1_334' title='bbox 3083 4088 3192 4149; x_wconf 88' lang='lat' dir='ltr'>nisi</span> 
     </span>
     <span class='ocr_line' id='line_1_36' title="bbox 585 4179 3190 4258; baseline 0.001 -23"><span class='ocrx_word' id='word_1_335' title='bbox 585 4179 1120 4252; x_wconf 78' lang='lat' dir='ltr'>supplicationibus</span> <span class='ocrx_word' id='word_1_336' title='bbox 1154 4183 1524 4241; x_wconf 79' lang='lat' dir='ltr'>sacerdotum</span> <span class='ocrx_word' id='word_1_337' title='bbox 1556 4187 1814 4258; x_wconf 84' lang='lat' dir='ltr'>nequeat</span> <span class='ocrx_word' id='word_1_338' title='bbox 1835 4183 2107 4242; x_wconf 86' lang='lat' dir='ltr'>obtineri.</span> <span class='ocrx_word' id='word_1_339' title='bbox 2141 4183 2428 4241; x_wconf 85' lang='lat' dir='ltr'>Mediator</span> <span class='ocrx_word' id='word_1_340' title='bbox 2458 4184 2615 4241; x_wconf 89' lang='lat' dir='ltr'>enim</span> <span class='ocrx_word' id='word_1_341' title='bbox 2649 4183 2757 4240; x_wconf 87' lang='lat' dir='ltr'>Dei</span> <span class='ocrx_word' id='word_1_342' title='bbox 2788 4186 2847 4240; x_wconf 90' lang='lat' dir='ltr'>et</span> <span class='ocrx_word' id='word_1_343' title='bbox 2881 4181 3190 4246; x_wconf 87' lang='lat' dir='ltr'>hominum,</span> 
     </span>
     <span class='ocr_line' id='line_1_37' title="bbox 584 4267 3189 4347; baseline 0.001 -24"><span class='ocrx_word' id='word_1_344' title='bbox 584 4267 755 4324; x_wconf 89' lang='lat' dir='ltr'>homo</span> <span class='ocrx_word' id='word_1_345' title='bbox 790 4268 1057 4327; x_wconf 87' lang='lat' dir='ltr'>Christus</span> <span class='ocrx_word' id='word_1_346' title='bbox 1089 4271 1267 4329; x_wconf 86' lang='lat' dir='ltr'>Jesus</span> <span class='ocrx_word' id='word_1_347' title='bbox 1301 4273 1451 4330; x_wconf 86' lang='lat' dir='ltr'>hanc</span> <span class='ocrx_word' id='word_1_348' title='bbox 1481 4273 1833 4347; x_wconf 85' lang='lat' dir='ltr'>praepositis</span> <span class='ocrx_word' id='word_1_349' title='bbox 1852 4272 2146 4330; x_wconf 88' lang='lat' dir='ltr'>Ecclesiae</span> <span class='ocrx_word' id='word_1_350' title='bbox 2175 4272 2428 4331; x_wconf 87' lang='lat' dir='ltr'>tradidit</span> <span class='ocrx_word' id='word_1_351' title='bbox 2458 4274 2831 4347; x_wconf 86' lang='lat' dir='ltr'>potestatem,</span> <span class='ocrx_word' id='word_1_352' title='bbox 2865 4273 2938 4329; x_wconf 85' lang='lat' dir='ltr'>ut</span> <span class='ocrx_word' id='word_1_353' title='bbox 2969 4275 3032 4329; x_wconf 92' lang='lat' dir='ltr'>et</span> <span class='ocrx_word' id='word_1_354' title='bbox 3061 4288 3189 4328; x_wconf 89' lang='lat' dir='ltr'>con-</span> 
     </span>
     <span class='ocr_line' id='line_1_38' title="bbox 586 4355 3192 4435; baseline 0.001 -24"><span class='ocrx_word' id='word_1_355' title='bbox 586 4355 893 4415; x_wconf 85' lang='lat' dir='ltr'>fitentibus</span> <span class='ocrx_word' id='word_1_356' title='bbox 913 4360 1202 4417; x_wconf 88' lang='lat' dir='ltr'>actionem</span> <span class='ocrx_word' id='word_1_357' title='bbox 1223 4361 1624 4435; x_wconf 87' lang='lat' dir='ltr'>poenitentiae</span> <span class='ocrx_word' id='word_1_358' title='bbox 1645 4362 1872 4431; x_wconf 85' lang='lat' dir='ltr'>darent,</span> <span class='ocrx_word' id='word_1_359' title='bbox 1904 4364 1964 4419; x_wconf 87' lang='lat' dir='ltr'>et</span> <span class='ocrx_word' id='word_1_360' title='bbox 1993 4361 2229 4419; x_wconf 89' lang='lat' dir='ltr'>eosdem</span> <span class='ocrx_word' id='word_1_361' title='bbox 2251 4361 2475 4419; x_wconf 82' lang='lat' dir='ltr'>salubri</span> <span class='ocrx_word' id='word_1_362' title='bbox 2495 4360 2894 4419; x_wconf 88' lang='lat' dir='ltr'>satisfactione</span> <span class='ocrx_word' id='word_1_363' title='bbox 2918 4363 3192 4435; x_wconf 81' lang='lat' dir='ltr'>purgatos</span> 
     </span>
     <span class='ocr_line' id='line_1_39' title="bbox 584 4444 3108 4525; baseline 0.002 -24"><span class='ocrx_word' id='word_1_364' title='bbox 584 4444 656 4501; x_wconf 86' lang='lat' dir='ltr'>ad</span> <span class='ocrx_word' id='word_1_365' title='bbox 690 4448 1163 4505; x_wconf 87' lang='lat' dir='ltr'>communionem</span> <span class='ocrx_word' id='word_1_366' title='bbox 1198 4454 1697 4508; x_wconf 87' lang='lat' dir='ltr'>sacramentorum</span> <span class='ocrx_word' id='word_1_367' title='bbox 1734 4469 1839 4525; x_wconf 89' lang='lat' dir='ltr'>per</span> <span class='ocrx_word' id='word_1_368' title='bbox 1863 4451 2106 4524; x_wconf 88' lang='lat' dir='ltr'>januam</span> <span class='ocrx_word' id='word_1_369' title='bbox 2137 4450 2633 4509; x_wconf 85' lang='lat' dir='ltr'>reconciliationis</span> <span class='ocrx_word' id='word_1_370' title='bbox 2664 4449 3108 4507; x_wconf 66' lang='lat' dir='ltr'>admitterent‘</span> 
     </span>
    </p>
   </div>
   <div class='ocr_carea' id='block_1_8' title="bbox 585 4589 3195 4757">
    <p class='ocr_par' dir='ltr' id='par_1_8' title="bbox 585 4589 3195 4757">
     <span class='ocr_line' id='line_1_40' title="bbox 766 4589 3195 4668; baseline -0.002 -18"><span class='ocrx_word' id='word_1_371' title='bbox 766 4598 909 4650; x_wconf 73' lang='lat'>478.</span> <span class='ocrx_word' id='word_1_372' title='bbox 961 4589 1123 4647; x_wconf 79' lang='lat' dir='ltr'>Neve</span> <span class='ocrx_word' id='word_1_373' title='bbox 1174 4596 1555 4666; x_wconf 88' lang='lat' dir='ltr'>opponantur</span> <span class='ocrx_word' id='word_1_374' title='bbox 1605 4593 1890 4667; x_wconf 89' lang='lat' dir='ltr'>quaedam</span> <span class='ocrx_word' id='word_1_375' title='bbox 1940 4592 2376 4668; x_wconf 85' lang='lat' dir='ltr'>Augustini</span> <span class='ocrx_word' id='word_1_376' title='bbox 2426 4593 2630 4664; x_wconf 85' lang='lat' dir='ltr'>effata,</span> <span class='ocrx_word' id='word_1_377' title='bbox 2693 4593 2913 4668; x_wconf 88' lang='lat' dir='ltr'>quibus</span> <span class='ocrx_word' id='word_1_378' title='bbox 2964 4592 3195 4650; x_wconf 85' lang='lat' dir='ltr'>videtur</span> 
     </span>
     <span class='ocr_line' id='line_1_41' title="bbox 585 4677 3194 4757; baseline 0.002 -25"><span class='ocrx_word' id='word_1_379' title='bbox 585 4677 777 4734; x_wconf 83' lang='lat' dir='ltr'>favere</span> <span class='ocrx_word' id='word_1_380' title='bbox 811 4679 1270 4752; x_wconf 86' lang='lat' dir='ltr'>protestantium</span> <span class='ocrx_word' id='word_1_381' title='bbox 1319 4680 1518 4751; x_wconf 75' lang='lat' dir='ltr'>errori,</span> <span class='ocrx_word' id='word_1_382' title='bbox 1573 4681 1854 4755; x_wconf 84' lang='lat' dir='ltr'>baptismi</span> <span class='ocrx_word' id='word_1_383' title='bbox 1900 4681 2303 4740; x_wconf 84' lang='lat' dir='ltr'>recordatione</span> <span class='ocrx_word' id='word_1_384' title='bbox 2348 4682 2531 4740; x_wconf 83' lang='lat' dir='ltr'>deleri</span> <span class='ocrx_word' id='word_1_385' title='bbox 2576 4684 2809 4757; x_wconf 87' lang='lat' dir='ltr'>peccata</span> <span class='ocrx_word' id='word_1_386' title='bbox 2853 4684 2987 4756; x_wconf 88' lang='lat' dir='ltr'>post</span> <span class='ocrx_word' id='word_1_387' title='bbox 3035 4681 3194 4738; x_wconf 81' lang='lat' dir='ltr'>illius</span> 
     </span>
    </p>
   </div>
  </div>
 </body>
</html>
