3538 5364
963 304 1534 360 sacramentariorum
1561 318 1775 358 errores
1801 302 2307 373 praedamnarunt.
2812 308 2947 373 325

323 495 552 553 sinaita
579 493 900 570 disputans
932 509 1067 549 cum
1099 489 1365 568 gajanita
1395 490 1618 568 Hodeg.
1652 509 1700 553 c.
1737 500 1768 553 7
1820 509 1957 549 eum
1988 488 2350 567 interrogat:
2402 487 2790 557 ,Communio
2821 505 2948 547 cor·

324 584 497 661 poris
528 586 591 641 et
623 579 933 658 sanguinis
953 579 1190 650 Christi,
1221 598 1403 655 quam
1422 579 1595 638 offers
1623 583 1685 638 et
1710 578 2046 656 participas,
2081 584 2248 637 estne
2268 597 2475 637 verum
2495 595 2712 654 corpus
2731 575 2952 635 Christi

324 672 468 730 Filii
491 672 618 741 Dei,
653 690 730 730 an
761 670 1011 746 simplex
1044 668 1232 744 panis,
1263 668 1462 743 qualis
1481 669 1744 727 ostiatim
1763 666 2061 737 venditur,
2093 668 2192 725 vel
2220 667 2411 743 figura
2429 667 2693 743 corporis
2715 666 2951 733 Christi,

329 766 403 820 ut
436 760 789 820 sacrificium
832 758 1000 828 hirci,
1049 758 1205 833 quod
1243 755 1450 833 judaei
1495 757 1843 820 offerunt?‘
1892 756 2232 831 Respondet
2260 756 2551 833 gajanita:
2606 754 2836 825 ‚Absit
2883 757 2955 813 ut

325 851 597 910 dicamus
616 867 841 908 sacram
858 847 1333 907 communionem
1351 863 1482 904 esse
1500 848 1739 905 tantum
1769 845 2025 922 figuram
2057 839 2419 926 (ἀντίτυπον)
2454 845 2717 920 corporis
2738 843 2957 903 Christi

328 944 439 998 aut
471 938 798 1014 simplicem
829 956 1060 1013 panem,
1107 935 1212 995 sed
1257 954 1393 993 vere
1436 935 1636 1011 ipsum
1674 952 1892 1010 corpus
1935 936 1998 992 et
2043 934 2395 1011 sanguinem
2427 932 2649 992 Christi
2678 933 2815 991 Filii
2849 933 2954 991 Dei

329 1027 716 1105 suscipimuS,
748 1026 1041 1085 incarnati
1072 1031 1135 1083 et
1164 1024 1292 1083 nati
1324 1042 1394 1082 ex
1427 1042 1473 1083 s.
1507 1024 1614 1083 Dei
1645 1024 1931 1101 genitrice
1963 1041 2200 1099 semper
2229 1022 2474 1101 Virgine
2506 1022 2747 1084 Maria.‘
2796 1022 2957 1092 Quae

331 1117 668 1194 approbans
700 1115 1063 1174 orthodoxus
1093 1114 1183 1173 ita
1212 1113 1628 1189 prosequitur:
1678 1112 1817 1182 ,Sic
1863 1112 2158 1172 credimus
2199 1115 2261 1171 et
2292 1113 2377 1171 sic
2408 1112 2761 1171 confitemur
2782 1111 2959 1187 juxta

330 1206 565 1265 dictum
595 1206 788 1281 ipsius
820 1203 1055 1272 Christi,
1103 1202 1263 1278 quod
1306 1202 1726 1279 pronunciavit
1755 1202 1830 1260 ad
1862 1201 2187 1278 discipulos
2218 1202 2283 1260 in
2315 1219 2495 1261 coena
2524 1200 2779 1278 mystica
2809 1200 2956 1258 dans

331 1297 419 1354 eis
448 1313 661 1371 panem
691 1293 1025 1352 vivificum:
1071 1293 1345 1368 Accipite,
1379 1293 1668 1359 comedite,
1697 1293 1801 1351 hoc
1832 1299 1912 1349 est
1941 1308 2152 1365 corpus
2182 1310 2388 1367 rneum,
2437 1290 2715 1350 similiter
2758 1292 2820 1348 et
2863 1306 2956 1347 ca-

335 1385 509 1442 licem
540 1382 782 1442 tradens
812 1383 938 1441 illis
970 1380 1153 1440 dixit:
1202 1380 1316 1441 Hic
1347 1389 1428 1439 est
1458 1384 1699 1459 sanquis
1729 1399 1904 1438 meus.
1937 1379 2072 1439 Non
2103 1379 2283 1438 dixit:
2330 1380 2457 1439 Hoc
2489 1382 2582 1438 est
2610 1378 2803 1455 figura
2834 1396 2958 1436 cor-

334 1474 500 1549 poris
532 1475 595 1531 et
623 1471 932 1548 sanguinis
964 1471 1144 1532 mei.‘
1174 1503 1263 1514 -—·
1281 1471 1374 1528 Ita
1404 1476 1467 1529 et
1496 1470 1536 1528 J
1551 1487 1837 1529 oannes
1871 1470 2130 1528 Damaso.
2151 1469 2214 1528 F.
2239 1469 2302 1528 Ο.
2324 1469 2422 1540 IV,
2454 1478 2527 1531 13
2550 1487 2609 1527 n.
2632 1477 2746 1530 40:
2782 1468 2959 1535 ,Non

335 1562 508 1638 panis
538 1565 600 1621 et
630 1560 842 1620 vinum
872 1565 967 1619 est
994 1559 1189 1638 figura
1218 1559 1478 1634 corporis
1510 1563 1572 1618 et
1602 1558 1913 1635 sanguinis
1945 1557 2184 1627 Christi,
2227 1558 2417 1617 absit!
2465 1558 2569 1617 sed
2598 1558 2799 1633 ipsum
2831 1573 2958 1615 cor·

336 1669 453 1727 pus
486 1650 724 1709 Domini
756 1649 1070 1708 divinitate
1100 1648 1417 1718 donatum3
1450 1667 1586 1707 cum
1604 1648 1896 1707 Dominus
1916 1647 2046 1723 ipse
2066 1647 2301 1718 dixerit,
2333 1647 2457 1707 Hoc
2486 1654 2585 1723 est,
2618 1664 2736 1705 non
2768 1644 2961 1723 figura

335 1732 583 1821 (τὺπος)
617 1738 878 1816 corporis
909 1738 1046 1809 mei,
1079 1739 1181 1797 sed
1212 1756 1425 1813 corpus
1454 1756 1643 1796 meum
1659 1758 1689 1809 ,·
1730 1755 1928 1812 neque
1961 1736 2151 1815 figura
2180 1736 2489 1814 sanguinis
2520 1735 2653 1804 mei,
2690 1734 2794 1793 sed
2825 1753 2961 1792 san-

329 1831 475 1907 quis
504 1836 719 1890 'newa‘
787 1827 1043 1903 Subjicit
1086 1826 1299 1886 deinde
1345 1846 1402 1888 n.
1437 1834 1538 1897 48,
1585 1827 1811 1903 species
1844 1829 2209 1885 consecratas
2256 1826 2574 1902 ,antitypa
2617 1823 2962 1882 futurorum

339 1918 482 1988 dici,
516 1935 635 1976 non
664 1917 838 1992 quasi
867 1935 1004 1976 vere
1036 1934 1251 1991 corpus
1283 1918 1346 1974 et
1378 1915 1622 1992 sanguis
1645 1915 1867 1974 Christi
1897 1933 2018 1973 non
2051 1915 2190 1984 sint,
2225 1915 2329 1974 sed
2359 1914 2501 1989 quia
2530 1932 2691 1972 nunc
2721 1910 2961 1987 quidem

338 2026 450 2084 per
479 2007 607 2082 ipsa
622 2006 942 2082 participes
961 2023 1169 2064 sumus
1190 2004 1521 2064 divinitatis
1542 2004 1779 2074 Christi,
1811 2007 1957 2063 tunc
1987 2022 2125 2063 vere
2156 2003 2650 2063 intellectualiter
2680 1995 2961 2085 (νοητῶς)

342 2116 450 2171 per
466 2096 651 2154 solam
669 2095 959 2154 visionem
981 2092 1328 2174 (participes
1349 2090 1620 2175 erimus),
1637 2101 1664 2130 ‘
1700 2092 2033 2152 communio
2054 2093 2179 2151 scil.
2200 2094 2293 2151 est
2321 2092 2558 2168 pignus,
2593 2090 2963 2167 praelibatio,

345 2184 723 2244 adumbratio
753 2183 1061 2243 fruitionis
1081 2183 1406 2253 beatificae,
1439 2185 1736 2258 quatenus
1768 2181 1881 2240 snb
1913 2181 2243 2257 specierum
2263 2182 2555 2241 velamine
2573 2181 2744 2240 illius
2765 2179 2963 2239 reddi-

349 2293 483 2332 mur
495 2272 839 2351 participeS,
870 2273 1029 2348 quod
1050 2271 1352 2348 quondam
1371 2272 1597 2347 absque
1616 2271 1746 2329 velo
1778 2271 1843 2330 in
1875 2289 1938 2330 se
1969 2270 2304 2329 videbimus
2337 2273 2399 2329 et
2428 2289 2547 2346 quo
2566 2271 2852 2328 fruemur.
2878 2302 2963 2312 --

345 2365 499 2421 Ante
533 2363 641 2422 hos
670 2362 827 2431 idem
852 2363 978 2437 jam
1008 2366 1103 2421 sat
1131 2363 1285 2421 clare
1316 2361 1580 2420 inculcat
1610 2360 1959 2436 Cyrillus
1990 2360 2136 2418 alex.
2168 2359 2231 2418 in
2262 2359 2470 2422 Matth.
2505 2369 2605 2428 26,
2641 2368 2755 2421 27:
2806 2358 2962 2426 ,De-

339 2453 731 2511 monstrative
768 2446 1130 2533 (δεικτικῶς)
1166 2453 1368 2509 autem
1399 2450 1579 2509 dixit:
1628 2449 1752 2508 Hoc
1782 2456 1864 2508 est
1893 2467 2102 2524 corpus
2134 2468 2341 2522 meum,
2386 2452 2447 2507 et
2493 2449 2586 2506 hic
2616 2456 2695 2507 est
2723 2447 2966 2523 sanquis

343 2560 526 2617 meus,
560 2560 636 2599 ne
668 2540 922 2618 figuram
957 2534 1192 2622 (τὺπον)
1226 2558 1350 2599 esse
1380 2539 1686 2598 arbitreris
1716 2558 1803 2608 ea,
1837 2557 1989 2613 quae
2021 2537 2332 2607 videntur:
2365 2536 2466 2595 sed
2497 2555 2707 2595 arcana
2737 2536 2965 2595 ratione

340 2632 548 2707 aliqua
578 2628 984 2690 transformari
1013 2624 1521 2712 (μεταποιεῖσθαι)
1568 2629 1643 2688 ab
1688 2628 2093 2704 omnipotente
2124 2628 2245 2686 Deo
2285 2627 2348 2686 in
2380 2645 2591 2703 corpus
2622 2628 2684 2685 et
2726 2625 2965 2702 sangui-

344 2739 483 2779 nem
516 2720 730 2780 Christi
761 2739 898 2778 vere
928 2713 1115 2801 (κατά
1147 2722 1213 2782 τὸ
1245 2715 1517 2803 ἀληθές)
1551 2718 1765 2787 oblata,
1815 2736 2071 2792 quorum
2108 2717 2422 2792 participes
2452 2716 2646 2775 effecti
2677 2715 2965 2773 vivificam

343 2813 409 2867 et
453 2808 913 2868 sanctificantem
948 2808 1159 2866 Christi
1189 2809 1475 2866 virtutem
1507 2807 1872 2883 suscipimus,
1939 2806 2262 2881 Oportebat
2305 2806 2460 2864 enim
2506 2825 2642 2864 eum
2685 2822 2792 2878 per
2836 2803 2966 2878 Spi-

349 2899 534 2956 ritum
565 2918 606 2961 s,
654 2899 716 2956 in
760 2898 930 2957 nobis
972 2900 1156 2972 prout
1185 2898 1376 2955 Deum
1407 2896 1575 2955 decet
1605 2897 1987 2971 attemperari
2016 2894 2449 2969 quodammodo
2481 2894 2828 2969 corporibus
2860 2909 2965 2950 no-

358 2987 495 3044 stris
524 3006 627 3062 per
654 3006 698 3046 s,
730 3005 965 3045 carnem
997 3004 1166 3044 suam
1197 2989 1259 3044 et
1288 2987 1609 3062 pretiosum
1643 2985 2012 3061 sanguinem,
2044 3002 2196 3058 quae
2227 2984 2436 3059 utique
2455 2983 2635 3042 etiam
2653 2981 2969 3040 habuimus

349 3076 427 3133 ad
459 3075 747 3134 vivificam
766 3074 1234 3134 benedictionem
1257 3077 1558 3149 tamquam
1593 3075 1654 3132 in
1685 3092 1838 3149 pane
1870 3077 1931 3132 et
1960 3073 2121 3141 vinc,
2152 3091 2228 3130 ne
2259 3073 2458 3149 ignavi
2474 3071 2699 3140 fiamuS,
2733 3087 2968 3128 carnem

349 3165 518 3223 illius
557 3168 618 3222 et
660 3165 1005 3242 sanguinem
1051 3165 1117 3223 in
1162 3164 1541 3222 ecclesiarum
1571 3162 1789 3221 mensis
1818 3163 2122 3237 proposita
2150 3164 2485 3231 cernentes:
2530 3158 2971 3219 accommodans

353 3253 519 3310 enim
565 3271 686 3311 sese
717 3254 872 3312 Deus
902 3254 1118 3311 nostris
1148 3252 1592 3311 infirmitatibus
1625 3251 1899 3309 immittit
1928 3251 2241 3326 propositis
2273 3252 2556 3309 virtutem
2591 3251 2746 3308 vitae
2775 3252 2970 3307 trans-

356 3341 590 3417 fertque
622 3337 1023 3426 (μεθίστησιν)
1067 3341 1141 3399 ad
1175 3341 1331 3400 vitae
1362 3341 1708 3400 efficaciam:
1760 3357 1828 3398 ac
1877 3358 1950 3398 ne
2000 3340 2254 3411 dubiteS,
2299 3359 2507 3398 verum
2554 3339 2613 3414 id
2659 3357 2798 3409 esse,
2845 3338 2972 3414 ipso

351 3430 511 3489 clare
543 3432 1004 3507 pronunciante:
1041 3431 1163 3490 Hoc
1194 3437 1274 3488 est
1303 3449 1515 3506 corpus
1545 3448 1752 3505 meum,
1787 3430 1877 3487 hic
1907 3436 1989 3487 est
2017 3431 2256 3506 sanquis
2285 3447 2458 3488 meus.
2505 3428 2741 3503 Suscipe
2771 3430 2973 3486 autem

352 3520 555 3595 potius
587 3538 695 3595 per
724 3519 899 3579 fidem
933 3521 1257 3580 Servatoris
1288 3537 1635 3588 sermonem,
1681 3519 1900 3576 veritas
1935 3518 2094 3576 enim
2140 3535 2275 3576 cum
2320 3519 2412 3588 sit,
2459 3533 2578 3575 non
2621 3517 2971 3575 mentitur.‘

355 3609 437 3667 Of.
467 3628 647 3685 supra
677 3627 735 3666 n.
772 3610 950 3673 3383.
986 3618 1130 3672 339.
1168 3618 1290 3672 347
1326 3611 1433 3667 etc.

545 3760 688 3814 353.
737 3745 1113 3814 Scholion.
1177 3750 1506 3809 Fatendum
1536 3752 1734 3808 tamen
1768 3752 1858 3807 est
1898 3748 2181 3824 quosdam
2212 3750 2411 3824 patres
2443 3745 2855 3804 eucharistiam
2886 3745 2975 3804 di-

364 3838 516 3896 xisse
560 3839 925 3917 figuram,
974 3843 1268 3916 typum,
1316 3840 1619 3916 signum
1665 3839 1921 3913 corporis
1954 3838 2186 3907 Christi,
2233 3839 2305 3895 ut
2348 3835 2895 3894 Tertullianus
2926 3852 2974 3894 c.

360 3927 715 3987 Marcionem
749 3927 856 4000 111,
896 3938 1008 3998 193
1041 3929 1139 4000 IV,
1177 3937 1291 3997 303
1325 3946 1371 3986 c.
1404 3927 1664 3986 Judaeos
1696 3938 1892 3996 c.11;
1942 3926 2436 4004 Augustinus
2468 3925 2530 3983 in
2560 3925 2651 3981 ΡΒ.
2688 3934 2743 3993 3,
2788 3936 2851 3992 l:
2884 3943 2974 4000 ep.

364 4025 444 4080 98
481 4035 538 4074 n.
573 4027 609 4080 9
643 4017 718 4076 ad
750 4016 1149 4087 Bonifatium3
1183 4036 1228 4079 c.
1260 4017 1682 4075 Adamantium
1713 4034 1761 4074 c.
1791 4025 1866 4079 12
1901 4035 1958 4076 n.
1982 4025 2051 4085 33
2086 4014 2459 4092 Origenes
2490 4015 2550 4070 in
2583 4012 2792 4071 Matth.
2825 4014 2869 4070 t.
2897 4023 2967 4076 11

356 4125 415 4167 n.
459 4115 567 4176 143
618 4106 978 4165 Gelasius
1008 4124 1054 4166 c.
1086 4106 1317 4168 Eutich.
1349 4107 1413 4165 in
1447 4105 1590 4163 bibl.
1622 4124 1772 4168 max.
1807 4104 1963 4177 VIII,
2002 4113 2159 4175 7033
2205 4102 2610 4161 Facundus
2654 4102 2836 4160 herm.
2868 4119 2976 4177 pro

360 4194 579 4253 defens,
611 4196 795 4253 trium
829 4213 952 4270 cap.
985 4195 1083 4265 IX,
1120 4206 1153 4258 5
1190 4198 1251 4254 et
1281 4196 1332 4253 si
1360 4195 1466 4270 qui
1500 4195 1617 4256 alii.
1683 4193 1903 4252 Verum
1933 4196 2209 4252 notetur:
2245 4187 2307 4254 l.
2339 4192 2480 4250 haec
2510 4209 2628 4249 non
2661 4191 2745 4248 ita
2775 4191 2976 4249 obesse

359 4283 658 4342 doctrinae
679 4283 1013 4354 catholicae,
1046 4285 1200 4342 sicut
1226 4283 1418 4355 effata,
1451 4302 1602 4359 quae
1634 4283 1959 4351 attulimuS,
1993 4282 2379 4340 adversantur
2397 4280 2978 4339 sacramentariorum

360 4371 577 4430 errori:
619 4372 788 4432 facile
820 4373 979 4431 enim
1012 4391 1080 4431 ea
1111 4377 1549 4448 componuntur
1578 4390 1713 4431 cum
1746 4371 2020 4448 dogmate
2053 4370 2355 4440 catholi00‚
2390 4370 2531 4427 dum
2565 4387 2704 4428 vero
2737 4371 2978 4443 patrum

361 4461 552 4531 effata,
594 4462 812 4536 quibus
843 4463 1040 4536 patres
1070 4463 1389 4520 sexcenties
1419 4462 1738 4530 inculcant,
1788 4460 2195 4519 eucharistiam
2228 4478 2350 4518 esse
2382 4459 2576 4533 ipsum
2609 4457 2820 4515 Christi
2851 4475 2978 4516 cor-

361 4569 492 4625 puS,
527 4551 824 4609 conciliari
852 4563 1162 4625 nequeunt
1191 4569 1328 4609 cum
1350 4552 1560 4626 jejuna
1591 4549 2174 4608 sacramentariorum
2207 4548 2499 4623 opinione.

547 4673 698 4734 Sane
729 4672 792 4738 2.
825 4676 1007 4734 amice
1038 4677 1475 4750 componuntur
1506 4673 1847 4732 testimonia
1878 4673 2108 4748 objecta
2138 4690 2273 4730 cum
2305 4672 2571 4731 doctrina
2600 4671 2898 4742 catholica,
2932 4670 2980 4729 si

366 4764 828 4837 meminerimuS,
867 4765 1118 4841 duplicis
1149 4765 1380 4841 generis
1412 4764 1596 4839 signa,
1643 4762 1766 4838 ple
1783 4781 1901 4832 na,
1949 4780 2099 4837 quae
2130 4762 2607 4837 complectuntur
2636 4761 2825 4836 ipsam
2854 4778 2979 4818 rem
3068 4755 3071 4758 ’
