3538 5364
523 277 652 341 282
918 267 1102 320 'Pi-act.
1129 268 1222 319 lX.
1251 267 1319 321 de
1347 266 1793 321 confirmatione.
1823 266 2021 320 Thesis
2049 265 2338 320 CCXVIII.
2368 266 2734 320 Confirmatio

523 468 692 533 unde
724 467 860 532 Act.
903 473 999 544 19,
1034 472 1074 536 5
1108 486 1154 530 s.
1189 472 1441 531 tacetur
1472 467 1729 549 quidem
1763 468 1871 548 qui
1905 468 2201 550 ephesios
2247 468 2387 531 illos
2434 466 2874 549 baptizaverit,
2909 466 3142 530 diserte

521 593 676 639 vero
724 581 1021 639 narratur
1066 573 1336 638 Paulum
1385 575 1594 656 ipsum
1645 593 1879 638 manus
1912 575 2003 639 eis
2036 575 2435 657 imposuisse.
2500 574 2693 656 Atqui
2723 570 2882 637 ritus
2916 571 3142 637 efficax

524 683 767 759 gratiae
800 689 900 745 est
930 687 1423 746 sacramentum.
1458 681 1622 761 Ergo
1657 688 1720 746 et
1749 682 1913 748 haec
1946 701 2256 746 manuum
2288 681 2611 763 impositio
2641 699 2833 762 super
2853 679 3144 762 baptiza-

527 799 644 865 tOS,
678 808 844 872 quae
877 789 1278 854 confirmatio
1304 789 1442 870 jam
1476 789 1719 864 dicitur,
1755 795 1854 853 est
1885 796 2409 853 sacramentum..

705 928 850 983 321.
887 919 948 977 Si
981 921 1116 995 quis
1150 919 1389 995 excipit,
1422 919 1572 977 hanc
1604 938 1891 977 manuum
1913 920 2351 995 impositionem
2383 920 2570 979 fuisse
2603 919 2787 979 olim
2818 917 3143 977 adhibitam

523 1010 597 1067 ad
629 1009 980 1068 conferenda
1025 1008 1488 1068 extraordinaria
1534 1008 1793 1083 Spiritus
1840 1026 1886 1066 s.
1934 1008 2301 1079 charismata,
2356 1028 2505 1084 quae
2556 1008 2771 1068 modo
2821 1011 3147 1077 cessarunt,

521 1099 774 1174 ideoque
806 1098 983 1157 fuisse
1014 1098 1199 1157 ritum
1217 1099 1600 1173 temporalem
1622 1096 1860 1155 nonnisi
1893 1116 1998 1172 pro
2019 1098 2276 1157 Ecclesia
2295 1099 2631 1174 primitiva3
2665 1115 2954 1174 negamus
2986 1098 3148 1155 hunc

522 1188 705 1247 fuisse
735 1188 888 1246 ritus
922 1187 1095 1246 istius
1127 1188 1304 1246 finem
1338 1187 1547 1245 saltem
1580 1187 1931 1262 primarium
1978 1187 2070 1246 vel
2115 1188 2377 1247 unicum.
2443 1187 2767 1246 Adhibitus
2815 1186 2973 1245 enim
3006 1185 3145 1255 fuit,

523 1279 594 1336 ut
636 1296 705 1335 ex
750 1276 892 1352 ipsis
934 1280 1101 1351 patet
1143 1277 1428 1347 textibus,
1475 1276 1549 1334 ad
1592 1276 2012 1334 conserendum
2045 1277 2337 1352 Spiritum
2371 1296 2434 1347 8.,
2486 1296 2664 1352 quem
2696 1276 2971 1335 Christus
3023 1294 3145 1335 non

524 1367 714 1425 solum
746 1365 1047 1442 apostolis,
1082 1367 1184 1424 sed
1217 1363 1491 1425 fidelibus
1524 1365 1803 1424 omnibus
1836 1366 2127 1442 promisit,
2160 1370 2232 1426 ut
2262 1367 2457 1442 liquet
2489 1365 2841 1441 praesertim
2873 1383 2940 1423 ex
2973 1364 3145 1428 Joan.

528 1466 582 1525 7,
620 1464 732 1518 38:
785 1456 896 1527 Qui
942 1455 1119 1512 credit
1167 1451 1228 1512 in
1275 1474 1377 1522 me,
1423 1455 1569 1513 sicut
1613 1456 1752 1512 dicit
1786 1454 2118 1531 Scriptura,
2171 1456 2420 1531 flumina
2466 1457 2535 1514 de
2580 1461 2771 1514 ventre
2815 1456 2938 1527 ejus
2965 1454 3145 1526 fluent

523 1564 705 1620 aquae
736 1546 905 1603 vivae.
954 1544 1079 1602 Hoc
1111 1551 1300 1603 aulem
1335 1545 1486 1602 dioeit
1517 1545 1586 1602 de
1606 1543 1856 1617 Spiritu,
1889 1563 2052 1621 quem
2077 1552 2242 1603 erant
2262 1540 2859 1621 accepturi‘credentes
2888 1545 2949 1601 in
2981 1550 3110 1601 eum·
3123 1566 3147 1617 ,-

521 1635 651 1697 Act.
689 1642 743 1701 2,
782 1642 896 1695 38:
929 1633 1151 1708 quibus
1184 1633 1249 1691 in
1281 1633 1424 1692 locis
1454 1633 1693 1692 nomine
1726 1632 1989 1708 Spiritus
2024 1653 2071 1693 s,
2102 1633 2385 1710 primario
2418 1633 2547 1710 ipse
2567 1634 2825 1710 Spiritus
2858 1650 2902 1690 s.
2937 1649 3146 1690 secun-

523 1722 665 1780 dum
699 1740 809 1780 sua
839 1721 991 1780 dona
1021 1725 1256 1799 gratum
1288 1722 1567 1781 facientia
1597 1721 1860 1799 intelligi
1906 1722 2116 1782 debet:
2164 1742 2358 1799 neque
2404 1723 2563 1782 enim
2611 1721 2894 1782 affirmari
2925 1725 3143 1796 potest,

523 1811 801 1871 omnibus
833 1811 1109 1869 fidelibus
1141 1812 1430 1887 promissa
1460 1829 1589 1870 esse
1621 1811 1972 1870 charismata
2002 1812 2184 1889 gratis
2215 1812 2370 1883 data,
2406 1832 2541 1871 cum
2563 1813 2912 1872 nullatenus
2944 1810 3018 1869 ad
3051 1828 3143 1867 sa-

521 1902 711 1959 lutem
744 1902 868 1958 sint
885 1900 1244 1959 necessaria:
1277 1919 1472 1976 neque
1494 1900 1801 1975 probabile
1833 1903 1941 1972 est,
1973 1920 2179 1960 revera
2210 1921 2411 1961 omnes
2444 1902 2600 1972 illos,
2632 1902 2813 1961 etiam
2846 1900 3144 1965 mulieres,

522 1989 743 2064 quibus
775 1993 923 2047 tunc
942 2008 1154 2048 manus
1174 1989 1654 2065 imponebantur,
1688 1990 1839 2048 mira
1857 1991 2153 2066 accepisse
2173 1990 2424 2050 charism
2433 1994 2545 2055 ata.
2596 1990 2803 2049 Voluit
2821 1989 2944 2050 scil.
2966 1990 3143 2057 Deus,

522 2083 595 2137 ut
624 2078 801 2137 initio
834 2079 1127 2137 Ecclesiae
1160 2079 1399 2137 collatio
1431 2078 1756 2137 invisibilis
1791 2079 2050 2155 Spiritus
2097 2099 2142 2142 e.
2189 2080 2412 2139 visibili
2458 2099 2631 2156 saepe
2663 2080 3147 2139 manifestaretur

522 2168 697 2227 modo
729 2168 801 2226 ad
833 2168 1222 2227 roborandam
1254 2168 1428 2226 fidem
1460 2167 1863 2237 christianam,
1899 2188 2018 2243 qua
2048 2169 2414 2229 sufficienter
2433 2171 2808 2229 corroborata
2838 2170 3148 2227 cessarunt

524 2258 698 2334 signa
740 2257 1209 2316 extraordinaria
1243 2253 1310 2339 (t.
1341 2258 1369 2315 I
1401 2277 1461 2315 n.
1498 2252 1627 2339 93).
1693 2256 1785 2315 Ad
1830 2276 1955 2316 rem
1999 2259 2501 2335 Augustinus
2546 2259 2618 2317 de
2664 2259 2826 2334 bapt.
2871 2257 2979 2331 111,
3034 2268 3142 2316 16:

526 2387 552 2415 2,
568 2347 779 2423 Neque
797 2346 1246 2421 temporalibuS,
1282 2346 1499 2422 inquit,
1534 2351 1595 2404 et
1627 2346 2016 2405 sensibilibus
2037 2348 2341 2406 miraculis
2364 2348 2793 2406 attestantibus
2812 2366 2918 2421 per
2936 2364 3145 2404 manus

523 2436 965 2512 impositionem
998 2435 1170 2494 modo
1200 2436 1378 2494 datur
1398 2436 1658 2512 Spiritus
1690 2454 1753 2505 3.,
1789 2435 1948 2494 sicut
1979 2438 2155 2495 antea
2185 2437 2438 2496 dabatur
2467 2437 2541 2495 ad
2575 2435 3146 2496 commendationem

524 2525 693 2584 rudis
708 2525 846 2583 fidei
865 2528 926 2583 et
941 2524 1230 2584 Ecclesiae
1246 2524 1568 2600 primordia
1587 2524 1901 2586 dilatanda.
1938 2524 2082 2594 Quis
2113 2526 2273 2584 enim
2304 2545 2463 2586 nunc
2495 2527 2604 2585 hoc
2633 2528 2953 2602 exspectat,
2985 2529 3055 2583 ut
3084 2523 3147 2594 ii,

524 2615 745 2690 quibus
775 2633 984 2673 manus
1027 2614 1100 2672 ad
1147 2614 1556 2690 accipiendum
1590 2613 1880 2689 Spiritum
1934 2633 1978 2672 s.
2011 2613 2358 2691 imponitur,
2406 2619 2650 2693 repente
2695 2615 2985 2692 incipiant
3030 2613 3146 2671 lin-

523 2705 661 2782 guis
706 2704 915 2779 loqui?
961 2705 1063 2762 sed
1111 2703 1502 2762 invisibiliter
1545 2707 1607 2762 et
1652 2704 1909 2763 latenter
1953 2704 2323 2782 intelligitur
2364 2707 2606 2781 propter
2644 2705 2953 2764 vinculum
2986 2703 3147 2779 pacis

523 2814 727 2854 eorum
760 2793 1038 2852 cordibus
1071 2793 1279 2851 divina
1309 2793 1527 2851 caritas
1559 2793 1901 2868 inspirari.‘
1982 2794 2255 2853 Ceterum
2290 2794 2596 2870 ingeniose
2629 2813 2673 2852 S.
2708 2794 2914 2854 doctor
2944 2795 3149 2851 osten-

523 2884 640 2956 dit,
704 2903 823 2958 qua
879 2882 1108 2941 ratione
1169 2881 1276 2940 hoc
1333 2882 1688 2940 miraculum
1743 2901 1903 2941 nunc
1961 2902 2200 2958 quoque
2265 2883 2329 2941 in
2390 2883 2670 2942 fidelibus
2719 2883 3145 2958 adimpleatur:

520 2993 590 3032 eo
637 2974 769 3047 ipso
814 2971 973 3029 enim
1018 2971 1177 3045 quod
1212 2971 1414 3029 fideles
1463 2989 1567 3046 per
1611 2974 1977 3030 sacramenta
2012 2973 2363 3032 inseruntur
2395 2972 2708 3043 Ecclesiae,
2756 2992 2907 3048 quae
2953 2972 3149 3047 loqui-

522 3069 624 3120 tur
642 3060 869 3136 linguis
891 3059 1159 3117 omnium
1177 3060 1465 3136 gentium,
1500 3060 1863 3136 participant
1897 3064 1957 3119 et
1987 3061 2106 3137 ipsi
2128 3061 2277 3121 hanc
2298 3062 2786 3139 praerogativam.
2833 3062 2913 3120 cf.
2946 3079 3147 3137 opusc.

523 3149 755 3218 XXVII,
801 3157 914 3211 187
951 3167 1000 3210 a.

700 3272 903 3348 Excipi
935 3274 1135 3332 tamen
1169 3276 1380 3348 posset,
1428 3275 1614 3332 ritum
1661 3275 1817 3334 hunc
1849 3293 1975 3334 esse
2006 3276 2320 3345 inutilem3
2368 3277 2462 3335 vel
2509 3277 2667 3334 enim
2714 3275 3031 3355 adhibetur
3074 3275 3147 3332 ad

522 3361 936 3421 conferendam
956 3362 1208 3439 gratiam
1240 3363 1335 3421 vel
1366 3364 1438 3420 ad
1470 3364 1886 3422 conferendum
1907 3364 2109 3425 robur.
2157 3366 2344 3440 Atqui
2365 3365 2438 3423 ad
2459 3365 2708 3442 gratiam
2730 3364 3145 3424 conferendam

522 3451 839 3510 institutus
859 3454 952 3509 est
970 3450 1335 3527 baptismus;
1366 3452 1441 3511 ad
1472 3453 1872 3512 roborandum
1905 3454 2043 3512 data
2076 3456 2172 3513 est
2202 3454 2577 3514 eucharistia.
2626 3454 2974 3530 Superfluus
3006 3471 3147 3529 ergo

523 3544 613 3599 est
643 3541 738 3598 hic
768 3540 944 3603 ritus,
964 3576 1052 3584 —
1072 3541 1536 3616 Respondemus,
1570 3541 1634 3600 in
1666 3543 2014 3617 quaestione
2048 3543 2190 3601 facti
2223 3546 2284 3601 et
2314 3543 2720 3602 institutionis
2741 3542 2979 3601 divinae
3010 3560 3146 3600 sen·

521 3630 770 3689 tentiam
802 3648 921 3688 non
952 3648 1081 3690 esse
1113 3630 1416 3690 ferendam
1460 3650 1494 3688 a
1539 3630 1743 3707 priori,
1794 3631 1898 3690 sed
1930 3632 2260 3691 secundum
2295 3632 2532 3692 divinae
2563 3632 2943 3691 revelationis
2972 3632 3145 3690 testi-

521 3720 735 3778 monia.
796 3720 985 3796 Atqui
1029 3720 1172 3778 haec
1216 3720 1370 3777 clare
1415 3722 1649 3795 praeter
1679 3720 2047 3797 baptismum
2091 3725 2153 3780 et
2197 3722 2614 3780 eucharistiam
2646 3721 2831 3780 alium
2863 3720 3147 3779 exhibent

520 3809 707 3867 ritum
736 3808 1032 3868 Ecclesiae
1063 3809 1339 3867 relictum
1371 3808 1445 3867 ad
1477 3808 1895 3868 conferendum
1931 3809 2221 3886 Spiritum
2253 3830 2298 3874 s.
2331 3811 2502 3869 Ratio
2535 3811 2715 3869 etiam
2746 3809 2915 3868 reddi
2946 3812 3144 3885 potest

521 3897 926 3957 institutionis
958 3899 1111 3956 ritus
1131 3897 1415 3957 distincti.
1464 3899 1775 3973 Baptismo
1806 3898 1960 3957 enim
1992 3899 2298 3958 reddimur
2329 3900 2525 3958 filii:
2560 3899 2916 3958 eucharistia
2947 3899 3142 3957 nutri-

522 4006 659 4045 mur
688 3987 836 4059 cibo,
884 3988 988 4062 qui
1031 3989 1182 4045 tales
1223 3990 1542 4062 tantosque
1574 3987 1742 4046 decet
1772 3988 1961 4059 filios;
2008 3989 2454 4048 confirmatione
2485 3989 2877 4047 adolescimus
2911 3992 2973 4047 et
3003 4005 3144 4046 con-

525 4076 840 4134 stituimur
882 4076 1214 4134 milites:
1262 4075 1398 4134 hinc
1443 4075 1791 4135 roboramur
1821 4077 1894 4135 ad
1925 4077 2204 4135 militiam
2234 4078 2623 4153 spiritualem,
2671 4081 2743 4136 ut
2785 4077 3147 4154 proeliemur

523 4165 749 4239 proelia
779 4164 1014 4223 Domini
1046 4165 1328 4223 adversus
1361 4165 1707 4241 spirituales
1740 4166 2061 4240 nequitias.

705 4308 850 4371 322.
883 4304 947 4371 2.
981 4301 1155 4367 Neve
1188 4304 1328 4384 quis
1362 4303 1654 4384 excipiat,
1689 4305 2133 4384 apostolorum
2167 4311 2417 4369 tantum
2453 4311 2665 4369 aetate
2698 4304 3013 4384 ejusmodi
3032 4323 3146 4367 ex-

526 4410 762 4474 stitisse
796 4409 989 4472 ritum
1023 4410 1104 4473 ad
1141 4409 1597 4475 conferendum
1631 4410 1893 4491 speciali
1924 4411 2118 4476 modo
2141 4409 2448 4492 Spiritum
2469 4432 2536 4488 s.,
2569 4410 3029 4476 recurrendum
3051 4417 3144 4474 est

526 4516 608 4578 ad
645 4515 1204 4592 traditionem,
1239 4535 1367 4598 qua
1401 4517 1730 4582 evidenter
1761 4517 2219 4598 comprobetur
2251 4518 2390 4598 ejus
2422 4519 2808 4599 perennitas

702 4644 853 4702 Eum
883 4645 1147 4722 viguisse
1170 4664 1279 4707 sec.
1303 4647 1366 4705 V.
1388 4648 1647 4705 testatur
1679 4648 1728 4704 A
1745 4667 1787 4706 u
1802 4668 1841 4724 g
1859 4666 1898 4705 u
1916 4648 2019 4705 sti
2042 4667 2080 4704 n
2099 4667 2140 4705 u
2158 4666 2183 4706 s
2218 4665 2353 4706 cum
2385 4649 2710 4723 respiciens
2734 4650 2861 4710 Act.
2888 4659 2942 4717 8,
2976 4658 3049 4710 14
3073 4666 3149 4705 ss.

527 4733 734 4791 scribit
767 4733 836 4792 de
859 4734 1017 4792 Trin.
1040 4734 1140 4792 XV
1163 4754 1219 4792 n.
1247 4745 1359 4796 46:
1398 4734 1624 4803 „Quem
1646 4755 1867 4795 morem
1902 4736 1962 4795 in
1996 4737 2121 4795 suis
2157 4738 2513 4813 praepositis
2547 4737 2726 4796 etiam
2759 4756 2918 4795 nunc
2952 4743 3148 4795 servat
