3538 5364
600 245 729 308 418
875 235 1059 287 Tract.
1089 234 1180 287 IX.
1208 233 1276 286 de
1306 232 1680 303 poenitentia.
1709 231 1908 285 Thesis
1936 232 2271 286 CCXXXlX.
2301 232 2583 287 Ecclesiae
2612 234 2821 286 collata
2849 236 2936 286 est

605 417 901 500 symbolo
934 415 1226 489 clavium,
1262 433 1388 495 quo
1423 420 1639 496 patres
1661 413 1743 476 ad
1764 419 2153 493 potestatem
2186 413 2550 477 remittendi
2583 422 2852 494 peccata
2883 415 3222 495 designan-

602 526 751 588 dam
783 541 981 604 saepe
1013 528 1297 586 utuntur.
1363 521 1558 602 Atqui
1590 520 1806 584 claves
1842 520 2182 583 traduntur
2214 520 2403 584 Petro
2439 520 2658 584 Matth.
2701 526 2795 595 16,
2840 528 2934 589 19.
2987 521 3222 585 Ibidem

603 654 754 715 ergo
789 650 934 697 eam
966 636 1355 713 potestatem
1390 628 1692 692 traditam
1729 626 1923 692 fuisse
1957 635 2238 692 censent.
2304 627 2463 690 Hinc
2496 628 2549 692 A
2569 648 2608 691 u
2627 628 3007 708 gustinus
3041 646 3225 691 serm.

607 747 731 810 149
765 759 823 802 n.
861 745 933 805 7:
976 736 1155 810 ,Non
1189 742 1339 799 sunt
1370 736 1531 799 istae
1565 735 1780 797 claves
1815 735 1878 797 in
1912 734 2212 810 Ecclesia,
2248 734 2357 797 ubi
2390 734 2673 815 quotidie
2712 742 2980 814 peccata
3014 735 3225 798 dimit-

602 848 909 910 tunturP‘
946 843 1045 905 Ad
1078 842 1446 907 testimonia
1481 840 1980 922 aequipollentia
2001 846 2250 921 spectat
2273 845 2330 908 2.
2353 839 2493 904 Cor.
2518 846 2579 916 ἴ),
2608 847 2718 909 18:
2762 842 2988 905 Omnia
3024 848 3224 905 autem

600 975 673 1016 ex
709 953 862 1033 Dec,
895 952 1001 1034 qui
1033 969 1148 1011 nos
1176 948 1597 1011 reconciliavit
1625 948 1748 1009 sibi
1773 968 1892 1030 per
1926 946 2261 1030 Christum,
2306 954 2361 1010 et
2407 948 2576 1010 dedit
2611 950 2782 1011 nobis
2813 951 3227 1011 ministerium

603 1058 1142 1137 reconciliationis,
1178 1073 1307 1118 non
1342 1054 1549 1117 solum
1585 1053 2096 1128 annunciandae,
2132 1054 2245 1117 sed
2278 1054 2473 1117 etiam
2507 1054 2895 1129 efficiendae,
2948 1062 3021 1118 ut
3052 1063 3231 1136 patet

602 1185 681 1229 ex
715 1165 1052 1246 baptismo,
1118 1162 1279 1225 Cum
1326 1179 1475 1241 ergo
1509 1168 1572 1224 et
1606 1158 1823 1224 fideles
1858 1160 1923 1221 in
1955 1165 2296 1240 peccatum
2342 1179 2534 1240 grave
2567 1160 2730 1242 lapsi
2763 1161 3093 1242 indigeant
3130 1181 3230 1225 re-

602 1270 1084 1335 conciliatione:
1120 1269 1281 1332 haec
1313 1285 1467 1330 vero
1501 1271 1827 1347 supponat
1858 1271 2273 1346 peccatorum
2308 1267 2773 1343 remissionem,
2820 1267 3018 1332 etiam
3065 1267 3233 1331 hanc

602 1377 874 1441 ministri
905 1373 1445 1440 reconciliationis
1479 1391 1593 1435 seu
1628 1372 1951 1437 Ecclesiae
1984 1372 2254 1437 ministri
2288 1373 2642 1438 concedere
2673 1380 2992 1455 poterunt.

781 1503 847 1570 3.
885 1499 1203 1564 Probatur
1236 1517 1314 1563 ex
1347 1497 1584 1562 celebri
1616 1497 2061 1560 controversia
2095 1498 2448 1561 catholicos
2481 1498 2646 1562 inter
2692 1505 2756 1563 et
2802 1500 3232 1562 montanistas

601 1629 680 1673 ac
713 1609 1095 1673 novatianos
1128 1606 1325 1670 seculi
1359 1605 1620 1681 11-1V„
1670 1606 1778 1686 qui
1811 1606 1908 1669 vel
1944 1624 2201 1670 omnem
2254 1613 2645 1687 potestatem
2676 1608 3042 1673 remittendi
3076 1608 3234 1673 side-

602 1717 757 1781 lium
790 1720 1059 1797 peccata
1090 1714 1412 1779 Ecclesiae
1465 1714 1769 1776 ministris
1824 1712 2250 1794 denegabant,
2302 1716 2400 1779 vel
2453 1733 2532 1778 ea
2577 1723 2901 1798 utcunque
2948 1716 3234 1779 admissa

603 1822 1002 1887 dissidebant
1035 1841 1074 1884 a
1106 1823 1439 1887 catholicis
1472 1822 1643 1885 circa
1677 1821 1965 1902 ejusdem
1988 1822 2503 1903 amplitudinem:
2535 1824 2807 1905 ideoque
2841 1824 3046 1887 habiti
3078 1832 3238 1887 sunt

603 1930 925 1995 haeretici.
990 1929 1153 2009 Ergo
1181 1930 1316 2010 jam
1350 1948 1476 1992 sec.
1513 1928 1575 1991 ll.
1612 1928 1769 1993 fides
1804 1928 1920 1991 suit
1951 1928 2294 2003 Ecclesiae,
2343 1930 2510 1993 hanc
2558 1931 2678 1994 sibi
2712 1936 3083 2011 competere
3114 1950 3233 2012 po-

608 2038 985 2123 testatem1).
1050 2037 1314 2100 Patrum
1362 2036 1735 2100 testimonia
1784 2035 2156 2112 omittimus,
2198 2054 2350 2099 nam
2386 2036 2517 2101 fere
2550 2038 2612 2100 in
2646 2037 2908 2117 singulis
2941 2037 3233 2102 thesibus

601 2143 819 2226 aliqua
852 2144 1205 2208 afferemus.
1271 2141 1603 2207 Sufficiant
1637 2144 1890 2206 interim
1927 2141 2270 2206 Paciani
2312 2144 2513 2207 verba
2547 2164 2641 2225 ep.
2679 2150 2718 2212 3
2751 2144 2834 2207 ad
2868 2142 3121 2226 Sympr.
3156 2145 3235 2208 de

603 2251 726 2313 hac
758 2252 1194 2316 controversia
1229 2270 1286 2312 n.
1332 2258 1356 2318 1
1382 2271 1396 2312 :
1440 2248 1819 2322 ‚Tractatus
1853 2248 2064 2311 omnis
2087 2249 2603 2325 novatianorum,
2628 2268 2821 2331 quern
2841 2249 2925 2313 ad
2949 2268 3052 2314 me
3075 2268 3234 2313 con-

601 2355 776 2422 fertis
810 2358 1089 2439 undique
1122 2356 1670 2438 propositionibus
1706 2356 2059 2431 destinasti,
2094 2356 2216 2419 hoc
2249 2356 2566 2420 continet:
2599 2355 2784 2435 Quod
2819 2363 2967 2438 post
2987 2356 3232 2438 baptis·

601 2484 778 2528 mum
810 2465 1140 2547 poenitere
1187 2482 1319 2526 non
1367 2462 1575 2539 liceat,
1610 2462 1785 2544 quod
1831 2463 2103 2527 mortale
2135 2469 2473 2543 peccatum
2506 2463 2794 2527 Ecclesia
2825 2464 3071 2528 donare
3105 2483 3235 2527 non

602 2571 822 2652 possit,
857 2572 986 2633 imo
1022 2570 1192 2652 quod
1226 2571 1366 2649 ipsa
1399 2576 1626 2650 pereat
1655 2568 2024 2648 recipiendo
2057 2575 2455 2650 peccantes‘

780 2701 929 2764 437.
966 2694 1521 2763 Demonstratio
1556 2714 1627 2778 p.
1664 2693 1767 2759 Π.
1833 2692 2062 2756 Iisdem
2108 2692 2238 2758 sere
2271 2694 2664 2774 argumentis
2698 2693 3011 2773 probatur
3043 2694 3232 2775 hujus

601 2803 941 2883 potestatis
976 2802 1299 2864 distinctio
1336 2819 1375 2862 a
1408 2818 1673 2864 munere
1707 2799 2075 2880 baptizandi
2106 2800 2430 2865 Ecclesiae
2463 2800 2719 2864 collato.
2755 2798 2928 2864 Sane

790 2929 848 2994 1.
883 2925 1059 2988 nulla
1091 2925 1533 2988 controversia
1566 2932 1707 2988 erat
1738 2925 1903 2989 inter
1935 2924 2287 2989 catholicos
2321 2933 2384 2988 et
2405 2925 2835 2988 montanistas
2856 2925 2935 2988 de
2957 2943 3055 2998 e0,
3079 2945 3230 2989 num

603 3034 852 3115 possint
884 3038 1258 3114 peccatores
1292 3031 1683 3111 gravissimis
1717 3032 1837 3096 etsi
1870 3031 2131 3094 obnoxii
2163 3032 2463 3113 peccatis,
2494 3032 2844 3095 dummodo
2865 3032 2995 3095 sint
3012 3031 3229 3113 dispo-

603 3141 724 3212 siti,
760 3138 842 3202 ad
876 3139 1267 3218 baptismum
1302 3137 1586 3214 admitti;
1620 3139 1732 3204 sed
1765 3139 1846 3202 de
1881 3157 1977 3214 ρο,
2011 3139 2296 3219 possitne
2319 3139 2602 3202 Ecclesia
2635 3138 2924 3203 fidelibus
2954 3139 3094 3220 jam
3114 3137 3229 3200 ba-

604 3246 873 3326 ptizatiS,
908 3251 1179 3326 peccata
1210 3251 1357 3326 post
1404 3245 1796 3326 baptismum
1842 3246 2187 3309 commissa
2232 3264 2459 3310 revera
2508 3247 2850 3310 remittere.
2918 3243 3230 3308 Catholici

605 3350 1014 3414 affirmabant
1045 3359 1109 3416 et
1140 3352 1396 3433 quidem
1431 3352 1604 3415 nulla
1636 3350 1808 3415 facta
1853 3352 2265 3417 distinctione
2310 3354 2476 3416 inter
2522 3359 2789 3433 peccata
2841 3358 2907 3417 et
2938 3358 3227 3433 peccata.

606 3458 910 3522 haeretici
943 3476 1098 3523 vero
1132 3457 1233 3522 vel
1283 3459 1613 3538 negabant
1662 3460 1761 3522 vel
1815 3467 2067 3523 tantum
2113 3460 2281 3523 facta
2322 3459 2728 3524 distinctione
2760 3460 2929 3522 inter
2962 3465 3228 3540 peccata

605 3565 907 3646 capitalia
939 3573 1004 3629 et
1035 3565 1331 3629 venialia.
1397 3562 1710 3630 Omnibus
1759 3585 1911 3645 ergo
1957 3584 2335 3647 persuasum
2383 3572 2538 3642 erat,
2583 3572 2907 3646 potestate
2953 3566 3229 3628 clavium

604 3672 796 3735 aliam
831 3672 1159 3753 designari
1190 3681 1582 3754 potestatem
1615 3674 1984 3737 distinctam
2017 3692 2057 3737 a
2089 3692 2354 3738 munere
2387 3673 2771 3754 baptizandi.

603 3903 835 3955 natione
864 3902 1080 3955 vicaria
1108 3906 1499 3954 successerunt
1519 3916 1561 3951 τ“
1618 3905 1763 3970 Cyp
1784 3901 1892 3953 ria
1911 3918 1948 3952 n
1968 3920 2001 3953 u
2021 3920 2044 3952 s
2085 3917 2170 3970 ep.
2215 3901 2409 3968 synod.
2441 3910 2506 3955 55
2535 3919 2586 3953 u.
2620 3907 2641 3953 l
2690 3905 2901 3970 (opusc.
2935 3901 3081 3962 XXI,
3119 3905 3228 3954 124³

603 3983 676 4034 ad
705 3983 955 4042 Cornel.;
985 3981 1076 4034 Pa
1094 3981 1159 4034 ci
1177 3998 1209 4033 a
1227 4000 1263 4033 n
1282 4000 1319 4034 u
1338 4000 1361 4034 s
1390 3999 1476 4051 ep.
1511 3991 1532 4037 l
1565 3984 1623 4034 et
1649 3989 1681 4036 3
1709 3984 1922 4051 (opusc.
1951 3981 2280 4043 XXXVI[‚);
2325 3981 2370 4031 A
2389 3998 2444 4032 m
2463 3982 2540 4032 br
2557 3998 2586 4033 o
2606 3979 2720 4033 siu
2740 3999 2764 4032 s
2793 3981 2862 4032 de
2890 3979 3108 4050 poenit.
3136 3980 3225 4033 l.l

606 4082 660 4116 n.
677 4067 711 4117 7
728 4067 786 4116 et
802 4070 900 4122 332
929 4062 993 4116 in
1010 4062 1097 4117 Ps.
1116 4067 1184 4117 38
1202 4080 1255 4115 n.
1278 4066 1347 4118 37
1367 4084 1377 4120 ;
1405 4061 1846 4116 constitutiones
1873 4066 2054 4130 apost.
2085 4060 2149 4122 ll,
2184 4069 2240 4115 ll
2267 4081 2277 4118 ;
2306 4061 2346 4113 C
2364 4061 2400 4112 h
2418 4078 2444 4111 r
2460 4078 2538 4132 ys
2557 4078 2586 4112 o
2607 4079 2629 4112 s
2648 4063 2673 4113 t
2689 4077 2792 4113 om
2814 4077 2849 4111 u
2870 4078 2894 4112 s
2921 4059 2990 4111 (le
3020 4059 3227 4112 sacerd.

610 4143 703 4205 ΙΙΙ,
734 4152 794 4200 ὃς
824 4143 1309 4211 Augustinus
1338 4158 1500 4194 serm.
1529 4148 1630 4196 ‘295
1660 4158 1712 4192 n.
1744 4148 1805 4198 2:
1837 4141 2295 4209 Fulgentius
2325 4140 2391 4192 de
2421 4139 2634 4192 remiss.
2663 4155 2812 4209 pecc.
2840 4139 2877 4191 l.
2913 4147 2929 4192 l
2966 4156 3011 4194 e.
3040 4145 3111 4195 23
3138 4157 3229 4196 sa:

606 4220 1023 4288 Gregorius
1052 4222 1124 4277 M.
1152 4222 1209 4276 h.
1238 4232 1267 4277 2
1290 4231 1303 4272 ἰ
1329 4222 1391 4274 in
1421 4221 1637 4289 Evang.
1667 4238 1720 4273 n.
1752 4230 1802 4275 5.
1828 4224 1890 4278 6:
1920 4220 2280 4273 Maximus
2307 4219 2517 4272 taurin.
2547 4220 2601 4270 h.
2632 4227 2730 4276 68:
2762 4219 3229 4272 Athanasius

606 4302 715 4370 (vel
743 4300 892 4353 alius
920 4303 1117 4354 auctor
1145 4302 1440 4372 antiquus)
1470 4303 1620 4356 hom.
1648 4301 1709 4353 in
1732 4301 1878 4354 illud
1901 4323 1911 4353 z
1962 4305 2311 4355 Transeuntes
2339 4305 2393 4354 in
2426 4319 2625 4368 papum
2646 4322 2667 4366 ,·
2706 4301 2745 4352 U
2762 4299 3050 4367 yrillus
3077 4302 3148 4354 al.
3173 4300 3229 4352 in

607 4382 739 4435 Luc.
770 4391 818 4444 5,
849 4387 946 4438 24;
991 4381 1234 4450 liturgia
1281 4383 1503 4452 coptica
1549 4401 1590 4435 s.
1632 4382 1675 4433 B
1694 4399 1726 4434 a
1743 4399 1767 4434 s
1788 4381 1805 4434 i
1824 4383 1844 4435 1
1861 4382 1918 4434 ii
1963 4382 2130 4451 (Mig
2147 4401 2183 4434 n
2201 4398 2230 4435 e
2271 4382 2472 4452 patrol.
2518 4398 2752 4451 graecae
2796 4388 2881 4444 31,
2930 4385 3086 4452 1659)
3128 4383 3227 4435 etc.

607 4461 690 4515 Cf.
730 4459 1025 4513 Morinu
1045 4479 1086 4523 s,
1133 4462 1574 4515 commentarius
1617 4460 1924 4514 historicus
1965 4463 2033 4514 de
2074 4461 2382 4531 disciplina
2424 4460 2483 4513 in
2525 4460 3027 4514 administra-tione
3056 4477 3231 4514 sacra·

604 4540 784 4595 menti
814 4540 1026 4610 poenit.
1056 4545 1158 4598 etc.
1189 4543 1229 4605 l,
1258 4550 1291 4596 4
1317 4559 1389 4602 s.;
1420 4543 1512 4594 Pa
1531 4544 1549 4595 l
1568 4542 1657 4595 mi
1680 4542 1791 4596 eri
1819 4542 1888 4595 de
1917 4541 2130 4612 poenit.
2160 4543 2244 4594 th.
2269 4548 2321 4595 8.

830 4624 863 4690 ¹)
895 4621 976 4676 Cf.
1005 4620 1046 4672 F
1065 4621 1265 4680 rank,
1294 4621 1385 4674 die
1414 4621 1829 4691 Bussdisciplin
1857 4622 1917 4673 in
1946 4621 2045 4673 der
2066 4621 2272 4674 Kirche
2301 4640 2346 4674 c.
2374 4629 2407 4677 3
2434 4635 2458 4685 g
2493 4631 2509 4676 l
2538 4643 2549 4680 ;
2578 4621 2663 4675 Os
2683 4639 2780 4674 wa
2801 4622 2891 4685 ld,
2920 4621 3014 4676 die
3041 4622 3230 4691 dogm.

610 4703 785 4754 Lehre
816 4719 927 4756 von
956 4701 1066 4753 den
1094 4702 1148 4755 h.
1180 4705 1578 4756 Sacramenten
1608 4721 1662 4772 p.
1691 4713 1721 4758 5
1748 4712 1776 4768 ξ
1806 4711 1852 4757 2.
