3538 5364
529 351 659 417 586
1017 345 1199 398 Tract.
1232 345 1321 397 [X.
1349 344 1418 397 de
1447 343 1829 398 matrimonio,
1858 342 2056 397 'rhesis
2084 341 2338 397 CCLVll.
2369 343 2623 397 Potestas

528 551 856 625 receptum
889 551 1002 619 est,
1049 561 1279 606 causas
1324 548 1878 606 sacramentorum
1925 560 2066 606 esse
2113 559 2287 605 mere
2339 540 2832 617 ecclesiasticaS,
2883 559 3141 622 easque.

528 658 839 733 quantum
891 651 971 713 ad
1023 650 1450 714 substantiam
1499 667 1741 723 eorum,
1793 648 1876 712 ad
1922 648 2206 729 judicem
2269 646 2772 712 ecclesiasticum
2833 647 3145 728 privative

526 763 835 839 spectare,
869 758 1148 840 nihilque
1183 758 1353 821 circa
1385 775 1606 821 eorum
1638 756 2037 822 validitatem
2072 764 2135 822 et
2169 755 2637 820 invaliditatem
2654 754 2933 835 judicem
2954 771 3142 818 secu-

526 864 726 929 larem
758 883 949 946 posse
982 865 1344 939 decernere,
1379 882 1457 929 eo
1489 864 1660 945 quod
1691 864 1816 926 hae
1850 870 2084 927 natura
2115 880 2235 926 sua
2267 862 2395 927 sint
2414 879 2592 926 mere
2611 862 3028 944 spirituales.‘
3070 861 3149 924 Et

526 990 684 1035 sane
716 971 770 1033 si
816 971 1105 1054 quaestio
1138 977 1427 1035 vertatur
1460 971 1538 1035 de
1570 969 1901 1035 validitate
1932 970 2131 1051 ipsius
2166 968 2570 1044 matrimonii,
2603 969 2779 1033 solus
2804 968 2999 1050 judex
3033 986 3143 1032 ec-

526 1076 919 1142 clesiasticus
952 1083 1049 1140 est
1080 1084 1469 1159 competens,
1502 1077 1763 1159 ipseque
1811 1077 1985 1141 solus
2032 1077 2112 1141 de
2158 1077 2282 1140 hac
2329 1076 2707 1158 quaestione
2755 1093 3150 1157 cognoscere

526 1190 791 1264 potest«
862 1182 1042 1248 Unde
1075 1183 1428 1265 colligimus
1473 1201 1774 1265 sponsa
1795 1182 1924 1260 lia,
1971 1201 2119 1247 cum
2168 1183 2299 1246 sint
2331 1182 2663 1264 dispositio
2698 1182 2779 1255 ad
2814 1183 3151 1246 matrimo-

526 1291 721 1367 nium,
754 1291 1019 1357 subesse
1050 1293 1373 1358 Ecclesiae
1398 1293 1658 1374 judicio,
1707 1293 1880 1375 quod
1913 1293 2106 1357 etiam
2140 1292 2330 1356 docet
2360 1291 2552 1355 Pius
2586 1290 2682 1355 VI.
2730 1289 3150 1361 damnatione

526 1417 700 1480 prop.
736 1404 820 1468 58
873 1398 1101 1480 synodi
1148 1399 1565 1479 pistorien
1586 1399 1735 1462 sis:
1807 1397 2225 1480 „PropositiQ
2289 1416 2455 1479 quae
2517 1398 2756 1473 statuit,
2819 1396 3147 1478 sponsalia

525 1506 780 1586 proprie
800 1505 968 1568 dicta
989 1511 1206 1569 actum
1229 1523 1402 1571 mere
1423 1506 1671 1569 civilem
1705 1505 2054 1582 continere,
2077 1506 2184 1587 qui
2206 1504 2287 1568 ad
2309 1503 2790 1568 matrimonium
2811 1502 3148 1567 celebran-

526 1611 678 1687 dum
711 1611 1008 1692 disponit,
1041 1613 1395 1695 eademque
1445 1613 1724 1675 civilium
1775 1613 1985 1692 legum
2036 1613 2433 1694 praescripto
2485 1611 2748 1675 omnino
2781 1609 3147 1691 subjacere;

525 1718 710 1799 quasi
742 1725 923 1782 actus
956 1718 1301 1800 disponens
1344 1720 1427 1783 ad
1473 1727 1950 1784 sacramentum
1999 1738 2132 1783 non
2177 1720 2511 1801 subjaceat
2555 1717 2674 1782 sub
2721 1717 2843 1780 hac
2893 1718 3148 1780 ratione

518 1825 647 1905 juri
667 1824 1005 1901 Ecclesiae,
1040 1824 1219 1901 falsa,
1246 1828 1407 1907 Juris
1438 1826 1760 1891 Ecclesiae
1803 1827 2017 1908 quoad
2053 1826 2314 1891 effectus
2348 1827 2542 1892 etiam
2575 1843 2611 1889 e
2642 1824 3051 1907 sponsalibus
3084 1825 3147 1888 vi

525 1932 982 1996 canonicarum
1014 1934 1421 1997 sanctionum
1452 1934 1844 2015 profluentes
1878 1933 2138 2009 laesiva,
2173 1933 2548 2015 disciplinae
2580 1932 2663 1996 ab
2684 1931 2967 1996 Ecclesia
2986 1948 3144 1994 con-

525 2038 787 2104 stitutae
819 2039 1191 2119 derogans<
1261 2039 1339 2103 Et
1369 2039 1559 2103 Pius
1591 2040 1690 2103 IX.
1740 2041 2161 2105 damnatione
2193 2059 2373 2122 prop.
2412 2046 2494 2108 74
2526 2038 2784 2121 syllabi:
2855 2036 3145 2111 „Causae

526 2146 1027 2209 matrimoniales
1060 2154 1125 2211 et
1156 2147 1481 2229 sponsalia
1515 2153 1743 2229 suapte
1777 2154 2015 2211 natura
2047 2148 2130 2211 ad
2165 2147 2371 2210 forum
2404 2147 2586 2212 civile
2616 2145 2989 2227 pertinent«

702 2310 847 2373 629.
881 2306 1136 2373 Thesls
1186 2304 1591 2377 CCLXVII.
1645 2331 1870 2382 Porro
1896 2329 2209 2382 Ecclesia
2244 2343 2330 2382 ea
2347 2332 2680 2392 potestate
2694 2328 2976 2391 fruitur
3001 2339 3146 2379 non

526 2432 615 2470 eae
635 2418 1067 2470 concessione
1088 2419 1231 2469 eive
1247 2431 1609 2483 eaepreeca,
1641 2419 1784 2472 cive
1804 2420 2022 2471 tacita
2037 2419 2473 2483 principum,
2506 2418 2626 2471 secl
2637 2416 2807 2483 jure
2822 2418 3082 2482 propri
3087 2430 3149 2480 0,

524 2508 865 2572 orimnali
903 2510 967 2559 et
1005 2507 1280 2561 divino.-
1317 2508 1462 2559 imo
1499 2520 1584 2559 ea
1623 2509 1727 2560 ita
1762 2510 2064 2574 propria
2104 2509 2244 2571 ipsi
2280 2511 2399 2571 est,
2425 2511 2504 2560 ut
2531 2509 2597 2559 ei
2624 2507 2756 2559 coli
2780 2510 3146 2571 competat.

702 2627 1248 2695 Demonstratio
1282 2646 1351 2712 p.
1385 2628 1448 2694 Ι.
1514 2626 1687 2692 Haec
1733 2646 1884 2710 pars
1918 2635 2016 2693 est
2049 2628 2126 2694 de
2159 2628 2303 2705 fide,
2334 2634 2406 2692 ut
2438 2627 2787 2693 declaravit
2816 2625 3012 2691 Pius
3044 2626 3146 2691 Vl.

525 2734 940 2799 damnatione
972 2752 1149 2815 prop.
1183 2738 1271 2803 59
1304 2735 1537 2816 synodi
1568 2736 2147 2816 pistoriensis:
2188 2736 2533 2810 ,Doctrina
2565 2734 2796 2818 synodi
2828 2752 3145 2810 asserenS,

525 2842 607 2905 ad
639 2858 1008 2921 supremam
1040 2839 1292 2903 civilem
1323 2847 1712 2921 potestatem
1764 2842 2102 2906 dumtaxat
2149 2843 2273 2906 ori
2290 2843 2612 2923 ginarie
2661 2847 2954 2923 spectare
2985 2859 3145 2904 con-

524 2949 755 3012 tractui
787 2946 1176 3010 matrimonii
1209 2964 1534 3027 apponere
1568 2947 2026 3029 impedimenta
2075 2949 2210 3030 ejus
2243 2949 2514 3029 generiS,
2562 2966 2728 3030 quae
2759 2947 2968 3029 ipsum
3001 2947 3148 3010 nul-

522 3056 653 3118 lum
685 3054 957 3119 reddunt
990 3053 1416 3134 dicunturque
1450 3054 1844 3129 dirimentia;
1893 3054 2064 3136 quod
2091 3056 2195 3136 ,ius
2228 3055 2644 3136 originarium
2677 3061 3015 3135 praeterea
3047 3054 3148 3118 di-

521 3163 682 3224 citur
715 3180 859 3224 cum
886 3161 1031 3241 jure
1065 3159 1476 3240 dispensandi
1510 3161 1937 3227 essentialiter
1967 3179 2364 3237 connexum3
2399 3161 2791 3243 subjungens
2811 3162 3148 3242 supposito

521 3285 793 3331 assensu
827 3265 927 3330 vel
972 3265 1384 3330 conniventia
1429 3268 1788 3349 principum
1834 3270 2121 3349 potuisse
2153 3267 2505 3334 Ecclesiam
2546 3269 2718 3350 juste
2751 3268 3148 3332 constituere

522 3373 979 3454 impedimenta
1025 3372 1392 3437 dirimentia
1443 3375 1649 3457 ipsum
1694 3383 2104 3440 contractum
2150 3375 2579 3451 matrimonii;
2628 3375 2816 3457 quasi
2859 3373 3149 3438 Ecclesia

520 3500 647 3544 non
684 3498 936 3561 semper
968 3480 1255 3562 potuerit
1287 3498 1364 3544 ac
1397 3483 1603 3562 possit
1652 3482 1717 3545 in
1764 3482 2265 3547 christianorum
2312 3481 2739 3546 matrimoniis
2780 3481 2921 3562 jure
2967 3500 3147 3562 pro-

520 3586 698 3668 prio
733 3585 1189 3666 impedimenta
1222 3587 1635 3663 constituere,
1668 3605 1838 3669 quae
1871 3589 2351 3653 matrimonium
2384 3608 2515 3653 non
2537 3590 2748 3652 solum
2768 3588 3144 3670 impediant,

520 3694 631 3758 sed
665 3700 730 3758 et
761 3692 1008 3756 nullum
1043 3695 1319 3762 reddant
1339 3696 1555 3778 quoad
1579 3697 1924 3772 vinculum,
1946 3696 2180 3778 quibus
2202 3697 2536 3761 christiani
2558 3697 2854 3763 obstricti
2874 3705 3146 3762 tenean-

522 3807 627 3863 tur
660 3801 854 3863 etiam
887 3801 951 3862 in
988 3802 1180 3865 terris
1228 3801 1593 3878 infidelium,
1640 3803 1707 3866 in
1753 3804 2130 3885 eisdemque
2175 3803 2586 3886 dispensare:
2634 3822 2956 3869 canonum
2991 3808 3049 3870 3.
3084 3810 3148 3872 4.

519 3914 578 3975 9.
604 3911 681 3973 12
716 3906 1024 3970 sessionis
1049 3915 1131 3977 14
1167 3928 1346 3974 conc.
1382 3909 1527 3973 trid.
1560 3910 1874 3984 eversiva,
1909 3910 2301 3975 haeretica.‹
2342 3909 2562 3990 Quare
2596 3910 2793 3974 Pius
2828 3911 2925 3974 IX.
2957 3910 3146 3975 dam-

519 4013 697 4076 navit
729 4032 903 4094 prop.
938 4019 1022 4080 69
1057 4014 1316 4096 syllabi:
1388 4014 1714 4088 ,Ecclesia
1758 4016 2172 4098 sequioribus
2220 4015 2458 4081 seculis
2490 4016 2949 4097 impedimenta
2980 4017 3143 4080 diri-

519 4121 760 4184 mentia
791 4120 1097 4184 inducere
1129 4123 1341 4203 coepit
1371 4141 1502 4185 non
1527 4123 1674 4202 jure
1705 4123 1983 4204 propri0,
2035 4123 2150 4188 sed
2202 4122 2310 4188 illo
2338 4124 2485 4205 jure
2517 4141 2656 4200 usa,
2691 4122 2862 4206 quod
2894 4141 2935 4187 a
2969 4123 3142 4187 civili

518 4234 838 4306 potestate
872 4233 1169 4291 mutuata
1201 4234 1397 4291 erat<
1467 4228 1740 4318 Infertur
1773 4209 1930 4293 vero
1963 4231 2244 4295 assertio
2277 4238 2499 4295 nostra

698 4350 759 4417 1.
796 4349 1124 4415 corollarii
1171 4351 1363 4416 modo
1397 4370 1476 4416 ex
1511 4352 1715 4416 dictis.
1780 4353 2382 4419 Demonstravimus
2427 4356 2599 4420 enim
2630 4354 2960 4441 Ecclesiae
2995 4356 3145 4420 ideo

517 4456 685 4517 hanc
720 4464 1082 4538 competere
1116 4465 1524 4538 potestatem,
1573 4459 1727 4541 quia
1768 4459 2250 4524 matrimonium
2303 4468 2403 4527 est
2448 4468 2942 4526 sacramentum.
3006 4463 3146 4527 Hoc

518 4567 736 4624 autem
770 4564 972 4626 oritur
1004 4583 1134 4628 non
1167 4584 1245 4629 ex
1279 4567 1697 4631 concessione
1730 4567 2111 4649 principum,
2146 4569 2257 4633 sed
2293 4588 2371 4632 ex
2406 4570 2739 4634 voluntate
2772 4568 2903 4633 Dei.

694 4687 761 4753 2.
795 4686 951 4750 Item
986 4686 1253 4752 infertur
1298 4709 1377 4753 ex
1424 4690 1792 4755 definitione
1843 4691 2207 4756 tridentina.
2243 4692 2538 4756 Definivit
2585 4693 2757 4757 enim
2790 4713 2988 4768 conc,
3021 4693 3142 4757 Ec-

516 4791 750 4856 clesiae
783 4792 951 4856 hanc
986 4803 1355 4876 competere
1390 4805 1793 4877 potestatem.
1849 4801 2040 4881 Atqui
2079 4799 2410 4865 Ecclesiae
2444 4801 2850 4866 definitiones
2882 4820 3141 4883 semper
