3538 5364
560 240 646 304 76
1072 231 1256 286 Tract.
1282 232 1432 287 VIII.
1459 232 1528 285 de
1554 232 1758 303 gratia.
1787 231 1986 286 Thesis
2011 231 2166 288 CXC.
2192 231 2485 286 Induratis
2510 230 2684 285 etiam

560 420 702 490 irae,
738 437 890 494 quae
921 421 1059 494 apta
1089 421 1236 477 sunt
1264 418 1339 476 ad
1371 417 1704 488 interitum,
1740 417 2013 476 indurat:
2054 435 2192 477 vasa
2220 416 2659 479 misericordiae
2692 463 2705 476 .
2737 461 2752 476 .
2790 463 2804 477 .
2840 436 2974 477 non
3006 418 3208 477 salvat

556 507 1051 568 irrationabiliter
1080 511 1142 566 et
1172 506 1397 584 absque
1420 506 1638 583 judicii
1670 506 1939 577 veritate,
1974 506 2076 566 sed
2110 507 2301 566 causis
2331 506 2860 583 praecedentibus:
2912 505 3068 583 quia
3101 505 3206 566 alii

559 616 681 656 non
711 599 1102 672 susceperunt
1133 596 1353 655 Filium
1389 597 1508 666 Dei,
1544 595 1646 654 alii
1678 604 1880 655 autem
1911 596 2171 672 recipere
2204 614 2313 654 sua
2344 598 2555 672 sponte
2585 597 2921 655 voluerunt
2954 640 2969 655 .
3007 641 3019 655 .
3056 640 3070 654 .
3119 596 3206 653 Ex

557 705 678 762 quo
711 685 1066 754 ostenditur,
1101 704 1221 744 non
1252 688 1460 762 gentes
1492 685 1653 762 eligi,
1704 684 1808 743 sed
1840 685 2148 743 hominum
2180 684 2580 744 voluntates.‘
2649 685 2761 743 Sed
2792 704 2951 762 prae
2983 685 3206 761 primis

556 775 631 834 cf.
664 776 1266 851 chrysostomus
1298 774 1453 836 hom.
1494 783 1568 837 16
1605 774 1670 832 in
1700 792 1791 851 ep.
1824 773 1898 831 ad
1930 775 2093 837 Rom.
2126 768 2223 855 (cf.
2258 775 2333 843 ΙΙ,
2377 772 2592 855 122⁸);
2626 793 2672 839 s.
2704 774 3042 834 Thomas
3087 786 3140 837 1.
3165 782 3200 835 2

559 883 617 940 q.
654 874 732 928 79
767 883 817 923 a.
857 874 926 934 33
959 881 1008 927 c.
1039 867 1248 940 gentes
1281 863 1386 934 III,
1430 872 1579 931 1623
1614 864 1680 921 in
1710 882 1801 939 ep.
1834 862 1908 921 ad
1939 863 2101 921 Rom.
2138 873 2174 926 9
2208 863 2341 921 lect.
2377 873 2432 927 3.

735 985 800 1054 4.
833 989 1081 1047 Causam
1112 986 1411 1063 propriam
1455 989 1518 1046 et
1558 987 1879 1064 positivam
1923 985 2322 1046 indurationis
2367 1004 2499 1047 esse
2542 986 2742 1064 ipsum
2774 987 3100 1046 hominem
3146 992 3211 1045 et

559 1078 804 1155 quidem
823 1077 1156 1153 duplicem:
1189 1076 1598 1135 meritorie
1630 1078 1693 1134 et
1721 1078 1960 1143 remote,
1994 1078 2291 1151 quatenus
2315 1079 2557 1152 propter
2588 1076 3016 1136 antecedentia
3067 1094 3207 1152 pec-

555 1171 688 1227 cata
718 1170 925 1240 meret,
960 1169 1031 1224 ut
1063 1166 1219 1225 Deus
1255 1166 1456 1242 ipsum
1486 1165 1740 1235 deserat,
1774 1165 2001 1242 gratiae
2032 1164 2254 1224 auxilia
2285 1166 2615 1236 subtrahat,
2649 1164 3027 1241 insidiisque
3062 1165 3205 1223 dae-

560 1255 755 1315 monis
788 1258 1069 1332 exponat:
1103 1255 1318 1313 deinde
1350 1254 1815 1313 efficienter
1846 1256 1909 1312 et
1938 1254 2220 1329 proxime,
2254 1257 2560 1329 quatenus·
2575 1255 2801 1332 gratiae
2818 1254 3208 1329 monitisque

559 1345 781 1404 divinis
814 1345 1047 1421 saepius
1085 1343 1418 1402 resistendo
1451 1343 1851 1401 indurationis
1892 1342 2165 1401 habitum
2211 1361 2318 1402 seu
2363 1343 2650 1402 duritiam
2697 1343 3014 1420 quandam
3061 1360 3206 1402 con-

556 1434 773 1493 trahit:
813 1434 975 1510 quod
1007 1451 1180 1509 saepe
1211 1433 1427 1491 docent
1460 1431 1817 1509 Scripturas,
1862 1431 2211 1506 praesertim
2243 1431 2421 1491 Exod.
2452 1451 2575 1509 cap.
2613 1442 2646 1496 7
2682 1451 2791 1504 ss.;
2840 1433 2945 1491 ΡΒ.
2986 1442 3093 1503 94,
3133 1441 3205 1503 83

560 1524 768 1586 Matth.
810 1533 908 1592 13,
948 1532 1060 1593 13:
1096 1530 1196 1591 23,
1236 1531 1349 1589 27:
1383 1522 1510 1583 Act.
1548 1531 1603 1591 7,
1642 1531 1716 1582 51
1756 1526 1866 1579 etc.
1923 1521 2084 1579 Idem
2117 1520 2421 1580 inculcant
2451 1525 2668 1598 patres,
2702 1521 3071 1598 praesertim
3102 1539 3202 1581 oc·

560 1612 790 1671 casione
821 1610 1223 1670 indurationis
1252 1609 1575 1668 Pharaonis
1607 1613 1669 1668 et
1690 1609 2064 1684 judaeorum.
2131 1611 2223 1668 Ita
2268 1630 2316 1669 e.
2347 1630 2404 1687 g.
2452 1612 2717 1688 Augus
2736 1611 2969 1669 tinus
3001 1616 3083 1669 tr.
3122 1619 3203 1673 53

558 1701 625 1760 in
654 1701 827 1765 Joan‚
858 1719 915 1758 n.
951 1710 1023 1762 6:
1068 1699 1167 1768 ,N
1170 1718 1247 1759 on
1277 1701 1553 1774 poterant
1582 1699 1819 1757 credere
1853 1692 2126 1781 (judaei),
2161 1699 2303 1776 quia
2334 1699 2442 1758 hoc
2471 1700 2655 1759 Isaias
2688 1700 2993 1776 propheta
3023 1718 3202 1775 prae·

560 1789 741 1859 dixit3
788 1789 896 1847 hoc
940 1790 1140 1847 autem
1184 1787 1475 1864 propheta
1518 1787 1830 1864 praedixit,
1878 1787 2019 1863 quia
2050 1788 2207 1846 Deus
2238 1789 2348 1847 hoc
2378 1788 2653 1848 futurum
2684 1808 2813 1848 esse
2846 1788 3204 1865 praescivit.

560 1877 754 1947 Quare
785 1881 986 1937 autem
1016 1895 1137 1937 non
1166 1879 1460 1954 poterant,
1494 1877 1547 1934 si
1577 1895 1612 1934 a
1640 1895 1736 1935 me
1755 1880 2094 1953 quaeratur,
2127 1877 2248 1936 cito
2266 1877 2622 1952 respondeo:
2657 1879 2801 1954 quia
2816 1878 3122 1936 nolebant
3138 1898 3152 1946 3
3168 1884 3197 1914 ‘

559 1971 621 2026 et
652 1968 725 2026 ad
759 1967 1022 2043 Simplic.
1057 1985 1113 2042 q.
1150 1976 1183 2028 2
1219 1986 1275 2026 n.
1305 1976 1416 2029 10:
1450 1965 1710 2035 ,Noluit
1738 1966 1899 2024 Esau
1929 1969 1991 2025 et
2018 1985 2138 2024 non
2172 1967 2452 2036 cucurrit,
2486 1968 2590 2024 sed
2621 1972 2683 2025 et
2713 1968 2765 2025 si
2798 1967 3108 2025 voluisset
3140 1966 3204 2024 et

560 2056 941 2126 cucurrisset,
975 2056 1081 2114 Dei
1100 2056 1398 2132 adjutorio
1416 2055 1805 2130 pervenisset,
1840 2055 1946 2130 qui
1977 2056 2156 2114 etiam
2188 2055 2345 2114 velle
2376 2054 2433 2113 ei
2464 2073 2701 2115 currere
2725 2055 3002 2115 vocando
3023 2072 3201 2130 prae-

563 2148 766 2215 staret,
814 2145 934 2203 nisi
977 2145 1283 2204 vocatione
1312 2147 1654 2219 contempta
1682 2144 1973 2219 reprobus
2003 2144 2230 2207 fieret·
2262 2178 2351 2187 --
2383 2144 2886 2222 Chrysostom
2904 2164 2950 2203 u
2968 2162 2998 2203 s
3040 2144 3201 2202 hom.

564 2245 644 2298 68
679 2234 743 2292 in
774 2235 865 2293 Jo.
907 2243 1002 2304 12,
1041 2242 1153 2297 39:
1207 2235 1456 2309 ,Neque
1501 2232 1660 2291 enim
1705 2233 1849 2309 quia
1890 2233 1952 2291 id
1998 2233 2152 2293 dixit
2194 2232 2392 2302 Isaiae,
2438 2232 2571 2293 ideo
2609 2253 2727 2293 non
2761 2233 3195 2292 crediderunt:

562 2324 665 2382 sed
697 2323 840 2398 quia
870 2322 1155 2382 credituri
1187 2342 1308 2381 non
1339 2324 1524 2392 erant,
1574 2322 1708 2380 ideo
1741 2322 1883 2379 haec
1914 2321 2081 2382 dixit.
2145 2321 2306 2380 Illud
2340 2326 2539 2381 autem
2572 2340 2688 2381 non
2711 2330 3042 2399 potuer-unt
3073 2322 3112 2380 i.
3146 2340 3197 2380 e.

563 2413 945 2472 noluerunt.‘
1011 2411 1423 2471 Pranzelin
1453 2411 1526 2470 de
1558 2412 1677 2469 Deo
1707 2429 1830 2469 uno
1861 2411 1945 2472 th.
1982 2420 2081 2473 65.

742 2534 804 2602 5.
840 2535 1030 2605 Quare
1062 2537 1113 2595 si
1143 2536 1583 2595 indurationem
1616 2554 1721 2611 per
1750 2553 1957 2594 causas
1984 2535 2392 2606 describimus,
2426 2536 2740 2596 dicendum
2773 2538 2866 2596 est
2898 2553 2965 2601 a.
2999 2535 3198 2611 ipsius

562 2644 802 2685 causam
835 2626 1003 2685 velut
1033 2626 1306 2685 ultimam
1356 2628 1418 2685 et
1462 2642 1798 2700 supremam
1830 2642 1959 2682 esse
1980 2624 2184 2696 Deum,
2218 2643 2338 2684 non
2371 2625 2610 2702 quidem
2630 2626 2871 2696 directe,
2908 2625 3195 2703 positive,

565 2715 908 2786 efficienter,
954 2715 1057 2774 sed
1088 2715 1455 2791 permissive,
1504 2713 1798 2790 negative,
1847 2714 2289 2773 occasionaliter
2320 2718 2381 2773 et
2411 2719 2708 2790 quatenus
2740 2716 2912 2774 illam
2945 2715 3198 2774 ordinat

564 2804 640 2862 ad
671 2804 1181 2881 sapientissimum
1212 2802 1420 2873 finem:
1471 2799 1536 2866 b.
1583 2820 1822 2861 causam
1852 2803 2136 2862 moralem
2166 2804 2566 2874 inducentem,
2598 2823 2718 2862 non
2749 2808 2955 2863 tamen
2988 2821 3195 2863 neces-

561 2894 804 2953 sitatem
836 2893 1206 2963 inferentem,
1243 2910 1373 2951 esse
1405 2891 1787 2962 daemonem3
1823 2907 1886 2956 e.
1922 2911 2157 2951 causam
2205 2892 2534 2969 proximam
2570 2896 2631 2952 et
2661 2912 2798 2952 vere
2830 2893 3196 2952 efficientem

559 3001 692 3041 esse
725 3000 1059 3057 perversam
1095 2980 1353 3038 hominis
1386 2981 1725 3040 libertatem
1755 2999 1863 3057 per
1892 2982 2179 3057 repetitos
2212 2985 2379 3040 actus
2412 3001 2654 3058 pravos:
2690 2977 2759 3046 d.
2793 3001 3039 3041 causam
3072 2979 3191 3039 for-

560 3071 774 3146 malem
808 3070 1156 3128 coecitatem
1189 3069 1409 3128 mentis
1455 3072 1516 3128 et
1546 3069 1863 3145 positivam
1886 3070 2103 3145 judicii
2134 3071 2571 3147 perversionem
2605 3072 3193 3145 obstinationemque

563 3161 628 3217 in
659 3158 815 3217 malo
847 3158 1121 3234 repetitis
1155 3158 1391 3217 actibus
1421 3158 1726 3217 inductam
1758 3161 1820 3217 et
1850 3162 2241 3229 contractam:
2293 3174 2353 3225 e.
2386 3178 2623 3219 causam
2655 3160 3027 3218 meritoriam
3061 3175 3194 3216 esse

563 3247 811 3306 crimina
830 3247 1091 3305 hominis
1117 3247 1560 3322 praecedentia:
1592 3247 1830 3306 tandem
1854 3243 1906 3313 f.
1925 3265 2156 3307 causam
2179 3248 2412 3307 finalem
2447 3267 2551 3307 seu
2569 3249 2876 3320 rationem,
2899 3267 3011 3308 cur
3030 3247 3191 3305 Deus

564 3355 689 3395 eam
723 3336 1048 3411 permittat,
1085 3354 1214 3394 esse
1245 3336 1780 3395 manifestationem
1815 3355 1959 3395 suae
1981 3337 2261 3414 justitiae
2293 3337 2619 3397 secundum
2652 3338 2815 3396 Rom.
2852 3348 2909 3406 9,
2950 3346 3056 3400 22.

744 3478 845 3543 82.
879 3474 1452 3544 Demonstratio.
1495 3474 1700 3549 ,Inter
1724 3476 2097 3552 catholicoe„
2130 3475 2349 3539 scribit
2379 3475 2577 3539 Ruiz
2609 3476 2645 3540 l.
2683 3493 2735 3539 c.
2769 3482 2923 3540 sect.
2963 3480 3021 3552 1,
3055 3492 3191 3538 non

563 3578 822 3645 defuere
855 3580 1167 3658 doctoreS,
1202 3582 1432 3663 quibus
1465 3582 1673 3645 visum
1706 3581 1908 3659 fuerit,
1943 3581 2191 3665 aliquos
2223 3587 2595 3664 peccatores
2616 3588 2879 3664 propter
2899 3583 3185 3664 aliquem

561 3687 887 3751 cumulum
921 3694 985 3752 et
1015 3689 1394 3768 gravitatem
1427 3689 1762 3752 criminum
1813 3688 2059 3752 auxiliis
2107 3689 2189 3752 ad
2229 3689 2688 3770 poenitendum
2720 3686 3186 3752 sufficientibus

561 3794 834 3858 destitui.
868 3793 1109 3858 Verum
1140 3793 1183 3856 ii
1215 3801 1513 3858 auctores
1545 3800 1695 3858 sunt
1726 3795 1913 3859 valde
1945 3794 2152 3875 pauci,
2186 3795 2575 3878 eosdemque
2607 3794 2749 3858 aliis
2781 3795 2847 3858 in
2878 3794 3040 3858 locis
3062 3811 3183 3874 op-

559 3901 840 3982 positum
872 3899 1110 3965 sentire
1129 3899 1547 3981 probabimus
1577 3900 1680 3965 vel
1713 3900 2206 3982 explicationem
2226 3901 2616 3967 admitteres
2657 3901 2968 3982 Theologi
2987 3899 3184 3983 pleri-

561 4027 685 4092 que
719 4009 971 4084 docent,
1004 4026 1125 4073 nec
1156 4008 1470 4071 induratis
1502 4008 1728 4073 deesse
1761 4009 2032 4087 gratiam
2066 4008 2149 4071 ad
2181 4009 2455 4073 salutem
2487 4007 2927 4074 sufficientem.

744 4133 805 4200 1.
842 4132 908 4197 Id
938 4132 1249 4215 probatur
1281 4133 1599 4197 corollarii
1632 4132 1826 4196 modo
1861 4152 1940 4196 ex
1973 4133 2057 4196 th.
2092 4137 2232 4203 189.
2265 4133 2660 4214 Argumenta
2692 4133 2880 4211 enim,
2903 4150 3072 4216 quae
3105 4130 3180 4193 il-

557 4241 688 4303 lam
721 4241 1037 4316 evincunt,
1069 4241 1262 4322 plane
1293 4240 1681 4306 universalia
1711 4246 1878 4315 sunt,
1912 4239 2186 4321 ideoque
2218 4245 2283 4304 et
2312 4258 2430 4320 pro
2467 4239 2780 4304 induratis
2812 4240 3042 4304 valent

737 4364 800 4431 2.
836 4363 1079 4430 Docent
1128 4361 1512 4445 Scripturas,
1563 4363 1787 4439 Deum,
1840 4362 2143 4445 quamdiu
2192 4363 2487 4428 homines
2535 4363 2758 4428 vivunt
2803 4371 2868 4428 et
2908 4364 2973 4427 in
3005 4366 3175 4426 statu

558 4475 710 4534 sunt
741 4471 901 4545 viae,
934 4470 1104 4534 nolle
1137 4470 1383 4553 aliquos
1415 4470 1638 4552 perire,
1684 4469 1798 4533 sed
1831 4469 1993 4533 velle
2039 4487 2263 4534 omnes
2322 4468 2404 4532 ad
2435 4469 2895 4551 poenitentiam
2924 4464 3172 4534 reverti.

562 4583 619 4646 2.
637 4575 801 4640 Petr.
831 4580 981 4653 3‚9:
1013 4575 1158 4640 Non
1189 4578 1408 4642 tardat
1427 4576 1741 4640 Dominus
1764 4577 2240 4659 promissionem
2272 4596 2476 4660 suam,
2508 4577 2666 4639 sicut
2685 4577 2946 4661 quidam
2965 4573 3171 4639 existi-

562 4690 739 4748 mant
757 4710 778 4747 .·
821 4684 929 4747 sed
948 4690 1267 4769 patienter
1312 4684 1442 4768 aqit
1461 4689 1729 4767 propter
1773 4701 1878 4744 vos
1906 4680 2117 4746 nolens
2147 4682 2388 4766 aliquos
2407 4684 2623 4768 perire
2636 4704 2664 4763 ;
2707 4684 2814 4746 sed
2854 4700 3058 4748 omnes
3089 4676 3174 4742 ad
