3538 5364
224 4443 243 4480 ο
365 4422 393 4471 7

166 4485 213 4528 v.
346 4483 355 4492 ¹

146 4525 161 4546 Γ
242 4518 315 4619 ἶ,
395 4577 409 4592 Ι

172 4609 235 4658 -c'
334 4600 381 4656 .'

148 4645 195 4681 b
238 4687 249 4704 s
316 4659 329 4672 ⁹

222 4737 255 4772 a.

189 4783 211 4804 ο

587 348 719 412 422
1137 339 1321 392 Tract.
1352 340 1442 391 [X.
1470 338 1538 391 de
1565 338 1939 409 poenitentia.
1969 338 2415 392 Protestautium
2444 337 2641 407 opinio

584 546 761 586 suum
793 526 979 595 misit,
1014 528 1085 584 ut
1115 526 1245 600 ejus
1277 524 1691 583 benedictione
1712 525 1888 585 Saulo
1921 525 2379 583 refunderentur
2399 524 2573 593 oculi,
2608 541 2758 598 quos
2782 521 3062 580 amiserat
3100 566 3113 579 .
3148 566 3161 578 .
3197 566 3212 577 .

582 615 759 674 Dedit
790 616 964 673 etiam
999 613 1321 689 discipuliS,
1372 617 1444 672 ut
1492 614 1594 672 lux
1641 614 1854 672 mundi
1899 622 2101 672 essent
2148 633 2251 689 per
2281 614 2550 690 gratiam,
2604 612 2708 687 qui
2754 613 2882 669 erat
2926 611 3057 685 ipse
3107 611 3206 669 lux

581 704 793 763 mundi
825 752 838 766 .
871 752 884 766 .
920 751 933 766 .
981 704 1193 762 Omnia
1224 703 1482 778 denique
1515 703 1761 762 donavit
1793 704 2107 779 discipulis
2140 704 2266 762 suis
2298 747 2311 760 .
2346 745 2359 760 .
2397 746 2409 759 .
2457 701 2671 760 Omnia
2701 718 2841 776 ergo
2874 700 3056 769 dedit,
3105 700 3209 758 sed

580 794 751 852 nulla
781 793 843 851 in
877 793 969 850 his
1003 792 1255 851 hominis
1286 795 1550 867 potestas
1582 795 1688 859 est,
1731 793 1838 850 ubi
1872 793 2060 851 divini
2092 792 2355 850 muneris
2386 790 2578 867 gratia
2612 790 2835 866 viget.‘
2902 788 3057 847 Hinc
3103 807 3205 847 eos
3222 776 3441 907 pff

3462 638 3507 696 ’θ’

3332 686 3507 832 ν’)

581 882 863 941 refellunt
893 900 960 940 ex
995 882 1306 957 baptismo.
1369 882 1462 939 Ita
1506 882 1727 939 iterum
1766 882 2223 940 Ambrosius
2256 880 2335 940 ib.
2370 900 2427 943 n.
2464 888 2577 942 36:
2629 880 2804 969 ,Q
2820 897 2961 954 ergo
2994 896 3208 936 manus
3233 848 3507 1004 'gfff'

582 971 887 1046 imponitis
918 974 979 1029 et
1010 970 1440 1029 benedictionis
1474 989 1623 1046 opus
1656 971 1916 1039 creditis,
1951 971 2001 1028 si
2035 970 2170 1045 quis
2204 971 2354 1029 forte
2385 968 2709 1028 revaluerit
2727 969 3047 1044 aegrotus?
3093 967 3214 1025 Cur
3231 972 3308 1041 p

582 1059 966 1136 praesumitis
1012 1060 1241 1135 aliquos
1291 1079 1324 1117 a
1367 1060 1702 1119 colluvione
1735 1060 1957 1118 diaboli
1993 1078 2095 1135 per
2127 1078 2230 1118 vos
2262 1058 2539 1117 mundari
2570 1059 2785 1133 posse?
2851 1058 2967 1114 Cur
3011 1056 3209 1131 bapti·
3240 1063 3369 1135 pe*

581 1149 746 1219 zatis,
781 1150 830 1206 si
861 1168 966 1224 per
999 1148 1296 1207 hominem
1330 1151 1566 1224 peccata
1596 1149 1823 1207 dimitti
1855 1168 1975 1207 non
2007 1150 2188 1207 licet?
2252 1150 2319 1206 In
2367 1148 2661 1222 baptismo
2691 1146 2903 1221 utique
2934 1144 3209 1203 remissio

581 1241 951 1314 peccatorum
987 1237 1256 1296 omnium
1289 1241 1409 1295 est:
1463 1238 1606 1311 quid
1655 1238 1924 1309 interest,
1973 1242 2178 1296 utrum
2226 1256 2332 1313 per
2373 1235 2955 1312 poenitentiam
2991 1254 3067 1292 an
3097 1253 3208 1311 per

580 1327 972 1386 lavacrum
1005 1328 1114 1385 hoc
1136 1328 1239 1402 jus
1273 1327 1389 1385 sibi
1410 1327 1617 1385 datum
1638 1328 1968 1385 sacerdotes
1990 1327 2331 1385 vindicent?
2366 1326 2560 1383 Unum
2591 1324 2657 1383 in
2687 1327 2948 1398 utroque
2979 1326 3206 1399 myste-

580 1417 737 1474 rium
784 1419 891 1477 est.
956 1416 1069 1477 Sed
1117 1416 1283 1484 dicia,
1333 1416 1474 1490 quia
1519 1416 1583 1473 in
1628 1415 1861 1474 lavacro
1896 1421 2178 1491 operatur
2210 1415 2631 1490 mysteriorum
2662 1413 2870 1491 gratia.
2935 1411 3090 1480 Quid
3142 1414 3205 1470 in

581 1505 987 1579 poenitentia?
1038 1523 1233 1564 nonne
1267 1505 1370 1562 Dei
1417 1523 1631 1563 nomen
1669 1508 1992 1580 operatur?
2041 1504 2196 1573 Quid
2246 1507 2427 1581 ergo?
2474 1504 2580 1562 ubi
2631 1503 2835 1572 vultiS,
2889 1501 3207 1560 vindicatis

581 1594 747 1652 vobis
780 1594 885 1651 Dei
917 1594 1199 1669 gratiam:
1233 1593 1338 1651 ubi
1372 1594 1575 1663 vultiS,
1607 1594 1985 1668 repudiatis?
2033 1593 2143 1652 Sed
2179 1594 2286 1651 hoc
2316 1593 2625 1652 insolentis
2656 1592 3047 1668 arrogantiae,
3082 1609 3205 1649 non

582 1682 772 1742 sancti
804 1682 1038 1740 timoris
1070 1686 1189 1740 est:
1224 1685 1294 1740 ut
1324 1682 1560 1741 fastidio
1593 1683 1761 1741 vobis
1796 1684 1932 1752 sint,
1969 1684 2071 1758 qui
2106 1683 2319 1741 volunt
2350 1701 2523 1758 agere
2553 1681 3041 1756 poenitentiam.‘
3076 1681 3205 1737 Imo

582 1789 682 1829 eos
717 1772 922 1830 violati
954 1771 1256 1846 praecepti
1288 1770 1480 1830 divini
1513 1773 1711 1849 arguit
1742 1792 1799 1833 n.
1836 1784 1904 1833 6:
1956 1772 2112 1841 ,Sed
2159 1773 2348 1847 ajunt,
2398 1790 2459 1829 se
2493 1771 2744 1829 Domino
2777 1770 3003 1828 deferre
3036 1787 3204 1827 reve-

583 1861 854 1930 rentiam,
904 1861 1000 1917 cui
1047 1861 1157 1918 soli
1202 1861 1698 1919 remittendorum
1743 1862 2057 1919 criminum
2103 1862 2456 1937 potestatem
2490 1862 2810 1918 reservent.
2873 1860 2998 1917 Imo
3046 1859 3203 1916 nulli

582 1950 863 2025 majorem
908 1949 1194 2024 injuriam
1240 1949 1485 2021 faciunt,
1539 1969 1719 2023 quam
1767 1950 1872 2024 qui
1917 1952 2046 2026 ejus
2094 1951 2304 2009 volunt
2335 1949 2613 2007 mandata
2644 1948 2991 2017 rescindere,
3044 1965 3203 2005 com-

580 2038 834 2095 missum
866 2056 1085 2096 munus
1117 2039 1444 2102 refundere.
1508 2040 1657 2097 Nam
1699 2057 1834 2097 cum
1880 2039 2006 2114 ipse
2053 2040 2114 2097 in
2145 2039 2465 2115 Evangelio
2511 2057 2616 2096 suo
2662 2037 2880 2095 dixerit
2910 2036 3200 2096 Dominus

579 2126 619 2183 J
623 2146 792 2185 esus:
826 2128 1081 2203 Accipite
1101 2128 1386 2202 Spiritum
1406 2135 1665 2186 sanctum
1680 2150 1702 2201 ;
1733 2147 1978 2205 quorum
2011 2130 2348 2186 remiseritis
2372 2134 2633 2202 peccata,
2670 2128 3052 2184 remittuntur
3083 2129 3200 2183 eIs:

580 2222 629 2273 et
660 2235 908 2292 quorum
938 2217 1298 2274 detinueritis
1329 2219 1549 2275 detenta
1581 2225 1752 2275 erunt
1762 2240 1788 2292 ;
1832 2217 1967 2292 quis
2014 2220 2106 2275 est
2150 2236 2289 2294 ergo
2322 2216 2426 2291 qui
2464 2216 2649 2293 magis
2682 2216 2946 2284 honorat,
2992 2219 3202 2272 utrum

581 2306 685 2379 qui
718 2305 1013 2363 mandatis
1033 2306 1420 2381 obtemperat,
1456 2326 1531 2364 an
1564 2307 1668 2381 qui
1699 2306 1971 2364 resistit?
2019 2306 2278 2364 Ecclesia
2309 2307 2373 2364 in
2403 2309 2658 2381 utroque
2692 2307 2892 2363 servat
2920 2303 3199 2362 obedien-

578 2394 740 2466 tiam,
790 2398 861 2452 ut
903 2399 1212 2470 peccatum
1257 2399 1319 2454 et
1355 2396 1563 2472 alliget
1594 2397 1655 2454 et
1685 2396 1937 2454 relaxet:
1984 2396 2242 2454 haeresis
2275 2396 2338 2453 in
2370 2396 2556 2453 altero
2588 2393 2854 2465 immitis,
2901 2394 2965 2451 in
3011 2393 3201 2452 altero

576 2484 954 2555 inobediens;
988 2485 1123 2543 vult
1155 2484 1357 2561 ligare,
1393 2487 1548 2560 quod
1583 2504 1701 2544 non
1733 2485 2020 2559 resolvat:
2067 2504 2188 2543 non
2221 2485 2355 2542 vult
2387 2484 2613 2543 solvere
2647 2482 2806 2557 quod
2839 2482 3085 2558 ligavit;
3133 2482 3194 2539 in

577 2590 694 2648 quo
729 2592 789 2631 se
823 2592 930 2631 sua
962 2573 1203 2632 damnat
1235 2574 1548 2633 sententia.
1567 2581 1593 2610 *¹

754 2711 821 2777 3.
857 2709 1120 2774 Accedit
1153 2717 1599 2790 argumentum
1632 2729 1710 2774 ex
1747 2729 1945 2774 sensu
1978 2712 2173 2774 totius
2195 2710 2615 2792 antiquitatis,
2650 2709 2759 2792 qui
2781 2708 3095 2790 colligitur
3115 2727 3194 2772 ex

577 2821 672 2877 tot
702 2823 959 2896 patrum
1005 2817 1228 2892 ess'atiS,
1277 2816 1508 2897 quibus
1555 2817 2004 2897 disputationis
2051 2818 2324 2881 decursu
2373 2825 2641 2883 utemur.
2705 2815 2870 2880 Nam
2915 2835 2982 2886 a.
3038 2835 3194 2879 con-

577 2920 787 2984 ferunt
820 2922 989 2985 hanc
1020 2929 1411 3004 potestatem
1445 2923 1656 3004 quoad
1692 2924 1985 2988 effectum
2020 2942 2166 2987 cum
2199 2932 2523 3006 potestate
2543 2923 2909 2989 remittendi
2928 2933 3198 3005 peccata

576 3047 690 3109 per
719 3029 1108 3109 baptismum
1155 3031 1253 3116 (cf.
1288 3031 1371 3094 th.
1408 3032 1596 3116 252);
1644 3031 1875 3096 docent
1926 3035 1995 3100 b.
2044 3032 2367 3096 Ecclesiae
2415 3032 2741 3095 ministros
2793 3030 3187 3112 praecellere

576 3134 1016 3198 sacerdotibus
1050 3135 1332 3213 leviticis
1381 3138 1553 3220 quod
1585 3139 1650 3202 hi
1676 3139 1964 3219 judicare
1998 3144 2247 3203 tantum
2297 3140 2624 3221 potuerint
2654 3138 2820 3202 inter
2851 3138 3098 3220 lepram
3129 3146 3193 3202 et

575 3241 837 3321 lepram,
889 3241 974 3305 illi
1023 3261 1181 3308 vero
1233 3243 1483 3310 efficere
1533 3246 1782 3327 possint
1833 3245 2106 3309 mundos
2156 3265 2271 3311 seu
2319 3264 2554 3310 sanare
2606 3263 2645 3308 a
2691 3243 2869 3325 lepra
2931 3246 3196 3326 peccati.

584 3345 921 3428 „Corporis
954 3350 1199 3431 lepram
1231 3369 1524 3434 purgare,
1558 3352 1646 3414 ita
1679 3352 1728 3416 C
1748 3353 1789 3414 h
1809 3357 2330 3433 rysostomus
2363 3352 2442 3416 de
2462 3352 2705 3416 sacerd.
2726 3351 2817 3427 ΙΙΙ,
2841 3356 2901 3428 5,
2925 3352 3054 3415 imo
3079 3371 3195 3433 po-

578 3451 702 3516 tius
734 3454 1096 3521 nullatenus
1128 3478 1422 3539 purgare,
1456 3459 1570 3523 sed
1601 3464 1912 3539 purgatos
1944 3460 2220 3541 probare
2257 3467 2523 3536 tantum,
2550 3460 2942 3541 judaeorum
2979 3478 3197 3523 sacer-

574 3563 831 3627 dotibus
864 3562 1100 3629 licebat
1136 3615 1147 3626 .
1185 3615 1195 3627 .
1232 3616 1243 3627 .
1290 3566 1553 3676 Hissvero
1600 3584 1731 3629 non
1762 3565 2009 3646 lepram
2043 3568 2347 3648 corporiS,
2398 3568 2510 3631 sed
2544 3566 3020 3631 immunditiam
3056 3568 3197 3629 ani-

575 3688 719 3735 mae
751 3689 881 3735 non
914 3677 1251 3752 purgatam
1282 3673 1619 3754 probandi.
1665 3672 1779 3737 sed
1827 3692 2087 3753 prorsus
2133 3674 2447 3754 purgandi
2491 3679 2882 3755 potestatem
2919 3692 3195 3755 accepe-

572 3784 774 3842 runt«
847 3776 1184 3842 Affirmant
1216 3799 1278 3847 c.
1315 3778 1451 3843 fieri
1484 3798 1693 3861 posse,
1741 3786 1812 3843 ut
1856 3786 2230 3860 peccatores
2283 3799 2362 3844 ex
2393 3779 2643 3845 defectu
2676 3780 3103 3845 absolutionis
3138 3782 3200 3842 vi

572 3885 758 3966 hujus
778 3886 1115 3967 potestatis
1137 3903 1485 3950 concessae
1505 3894 1774 3968 pereant
1806 3888 1890 3973 (n.
1925 3889 2134 3973 477³).
2170 3886 2384 3966 Quare
2416 3894 2805 3968 potestatem
2837 3888 3010 3951 hanc
3041 3905 3195 3953 cen-

570 3999 716 4057 sent
766 4011 895 4056 non
946 3999 1195 4056 tantum
1246 4011 1387 4057 esse
1439 3994 1915 4069 declarativam,
1981 3994 2093 4057 sed
2157 3995 2240 4058 ad
2292 3995 2431 4074 ipsa
2480 3995 2863 4059 remittenda
2926 4001 3198 4076 peccata

573 4099 915 4164 efficacem.

753 4258 893 4310 439.
928 4242 1279 4312 Scholion
1303 4244 1360 4312 I.
1395 4247 1844 4307 Prote-stantium
1877 4251 2086 4322 opinio,
2121 4283 2206 4291 ——
2241 4249 2412 4307 Haud
2447 4248 2619 4323 pauci
2651 4267 2682 4307 e
2714 4248 3192 4325 protestantibus

573 4342 832 4408 censent,
867 4336 1181 4395 formulam
1216 4337 1522 4396 solvere
1556 4342 1615 4397 et
1647 4338 1897 4414 ligare
1931 4339 2253 4398 secundum
2287 4358 2465 4397 usum
2500 4337 2780 4413 loquendi
2801 4337 3192 4396 talmudicum

573 4423 723 4480 nihil
769 4424 932 4483 aliud
980 4426 1311 4501 significare
1344 4427 1503 4501 apud
1538 4428 1918 4497 Matthaeum,
1971 4447 2149 4503 quam
2199 4427 2426 4502 aliquid
2477 4426 2713 4485 licitum
2766 4427 2858 4484 vel
2910 4426 3191 4485 illicitum

573 4513 885 4580 declarare,
919 4515 1264 4588 permittere
1296 4516 1390 4573 vel
1424 4516 1733 4591 prohibere
1766 4520 1872 4575 aut
1904 4516 2254 4592 praecipere.
2318 4514 2445 4585 Qua
2477 4516 2905 4593 significatione
2937 4515 3192 4574 admissa

563 4601 689 4675 jam
723 4602 958 4659 nullum
992 4607 1147 4661 esset
1181 4609 1597 4680 argumentum
1621 4611 1892 4664 nostrum
1926 4606 2063 4664 inde
2096 4607 2445 4668 derivatum.
2493 4605 2714 4664 Verum
2747 4605 2907 4663 hisce
2939 4623 3062 4663 non
3093 4604 3191 4662 de-

571 4690 795 4766 signari
844 4693 1089 4751 solum
1127 4693 1231 4767 jus
1278 4694 1661 4767 permittendi
1694 4698 1754 4753 et
1786 4693 2152 4769 prohibendi,
2202 4695 2321 4765 sed,
2369 4698 2439 4753 ut
2484 4694 2700 4753 statuit
2731 4695 2883 4752 Ben
2898 4695 3026 4770 gel
3058 4693 3120 4751 in
3153 4694 3190 4754 l.

571 4780 836 4838 Gnomon
882 4782 945 4839 in
995 4782 1047 4843 h.
1094 4783 1149 4850 1.,
1199 4783 1466 4841 denotari
1512 4787 1747 4852 ,totum
1784 4802 2003 4843 munus
2037 4785 2214 4854 Petri,
2261 4784 2405 4842 adeo
2450 4788 2522 4842 ut
2566 4783 2791 4860 ligandi
2826 4787 2889 4843 et
2922 4781 3191 4841 solvendi

3382 994 3507 1111 ’ὓ
