3538 5364
1162 301 1438 371 probatur
1464 298 1651 353 verbis
1677 298 2071 369 promissionis
2096 300 2260 353 Joau.
2296 298 2382 354 Vl.
2958 308 3091 371 5299

475 503 514 564 p
539 483 675 557 rie,
709 501 841 546 non
871 481 1324 562 metaphorice,
1358 486 1508 544 sunt
1540 480 1928 560 accipienda.
1960 479 2154 561 Atqui
2186 479 2388 543 verba
2419 479 2649 543 Christi
2684 497 2724 543 a
2752 481 3003 546 Joanne
3024 488 3087 553 6.

473 595 561 659 52
591 609 673 654 SS.
707 589 910 654 relata
941 607 1134 653 sensu
1165 587 1430 669 proprio
1464 594 1615 651 sunt
1646 586 2049 668 accipienda:
2082 606 2150 655 a.
2185 586 2338 668 quia
2357 586 2460 650 hic
2479 606 2707 651 sensus
2727 588 3081 668 praesumi-

471 703 591 773 tur,
623 697 744 760 nisi
776 696 1171 760 contrarium
1218 695 1560 776 probatum
1612 702 1750 760 tum
1800 694 1951 776 quia
1982 695 2048 762 b.
2086 694 2205 758 etsi
2256 693 2378 756 dici
2427 699 2641 775 potest
2672 713 2791 758 nos
2824 696 3090 767 esurire,

465 804 662 881 sitire,
696 803 796 870 vel
829 803 1026 868 etiam
1059 821 1180 866 nos
1212 802 1401 867 edere
1447 808 1511 867 et
1555 801 1777 866 bibere
1823 801 2206 881 sapientiam
2250 800 2431 864 Eccli.
2467 805 2569 876 24,
2602 806 2643 869 9
2695 808 2759 865 et
2791 802 3082 883 quamvis

468 911 785 993 sapientia
816 910 934 974 sub
967 908 1261 991 symbolo
1295 910 1479 990 panis
1512 909 1740 974 edendi
1774 915 1839 972 et
1868 908 1998 971 vini
2017 907 2277 972 bibendi
2296 906 2482 971 prov.
2505 912 2563 984 9,
2585 913 2627 977 5
2656 914 3087 990 proponatur:

472 1024 688 1082 tamen
717 1017 1076 1081 inauditum
1108 1034 1369 1097 prorsus
1420 1022 1519 1079 est
1570 1034 1891 1098 sensuque
1936 1022 2115 1080 caret
2164 1015 2355 1080 toties
2386 1015 2657 1096 repetita
2690 1014 3083 1098 diligensque

468 1124 788 1189 distinctio
820 1124 985 1188 inter
1015 1122 1583 1188 manducationem
1613 1122 1825 1186 carnis
1858 1130 1922 1186 et
1951 1122 2282 1204 potionem
2314 1122 2662 1202 sanguinis,
2694 1122 2749 1185 si
2785 1129 3081 1203 ageretur

467 1237 716 1295 tantum
749 1230 829 1295 de
861 1229 984 1295 fide
1014 1229 1081 1293 in
1112 1227 1433 1295 Christum
1468 1230 1730 1312 eiusque
1760 1229 2162 1311 passionem:
2213 1229 2589 1310 praesertim
2642 1244 2789 1292 cum
2839 1229 3080 1303 nullibi,

466 1338 586 1402 etsi
613 1338 989 1419 saepissime
1020 1338 1183 1402 haec
1213 1336 1371 1401 fides
1403 1343 1681 1417 urgetur,
1729 1337 1950 1400 similis
1981 1336 2284 1419 loquendi
2316 1336 2480 1401 ratio
2512 1342 2821 1413 recurrat,
2858 1355 3075 1419 neque

466 1444 637 1526 apud
669 1445 1131 1509 audacissimos
1175 1445 1466 1509 rhetores
1512 1443 1814 1525 nullaque
1848 1443 1911 1506 in
1943 1444 2160 1523 lingua
2191 1443 2585 1508 manducare
2636 1443 2901 1525 alicujus
2935 1460 3078 1507 car-

463 1570 631 1628 nem,
664 1550 799 1633 ejus
831 1551 1052 1615 bibere
1085 1550 1462 1631 sanguinem
1493 1548 1807 1631 significat
1851 1550 1951 1614 vel
1999 1550 2260 1615 credere
2294 1549 2356 1613 in
2392 1550 2616 1631 ipsum,
2650 1550 2750 1615 vel
2783 1551 3078 1616 meditari

463 1658 601 1739 ejus
632 1658 1000 1739 passionem
1033 1665 1098 1723 et
1127 1656 1432 1724 mortem:
1485 1665 1550 1722 et
1581 1664 1733 1722 tunc
1767 1650 2222 1722 manducanda
2269 1664 2335 1722 et
2365 1658 2646 1724 bibenda
2679 1659 2874 1724 etiam
2907 1668 3081 1724 esset

463 1765 759 1830 divinitas
791 1765 1042 1843 Christi,
1076 1785 1221 1831 cum
1255 1773 1320 1832 et
1351 1767 1492 1847 ipsa
1524 1767 1607 1832 sit
1637 1766 1783 1830 fidei
1817 1766 2158 1847 objectum.
2210 1767 2277 1830 In
2310 1767 2529 1847 primis
2563 1785 2716 1832 vero
2749 1786 2813 1836 c.
2849 1786 3080 1832 sensus

460 1873 754 1954 proprius
785 1880 885 1939 est
913 1874 1302 1949 retinenduS,
1332 1892 1480 1938 cum
1512 1892 1740 1938 sensus
1773 1873 2250 1955 metaphoricus
2282 1874 2364 1938 sit
2394 1875 2583 1955 plane
2616 1874 2918 1939 absonus.
2984 1875 3078 1938 Ex

459 1998 583 2043 usu
611 1979 783 2044 enim
816 1978 1135 2063 loquendi,
1169 1980 1276 2064 qui
1309 1981 1375 2045 in
1405 1980 1772 2045 enarrando
1806 1981 2019 2063 aliquo
2052 1981 2244 2045 effato
2278 1981 2559 2045 maxime
2592 1987 2690 2047 est
2726 1982 3070 2048 attenden-

461 2086 597 2163 duS,
630 2086 825 2150 dictio
872 2088 1280 2161 ,manducare
1329 2088 1596 2170 alicujus
1645 2098 1927 2151 carnem*
1977 2087 2414 2168 metaphorice
2463 2095 2732 2171 accepta
2763 2088 3077 2171 significat

461 2194 666 2258 moliri
698 2195 886 2259 alicui
917 2214 1175 2277 gravem
1207 2196 1519 2277 injuriam,
1552 2195 1896 2277 praecipue
1928 2213 2042 2278 per
2073 2196 2493 2259 calumniam:
2526 2196 2634 2278 qui
2653 2214 2880 2260 sensus
2902 2204 3079 2261 certe

462 2302 563 2365 hic
594 2302 854 2367 minime
888 2309 987 2367 est
1015 2302 1403 2385 probandus

636 2430 803 2500 Quod
827 2432 1105 2507 pluribus
1136 2436 1198 2490 et
1229 2431 1417 2491 solide
1434 2432 1649 2509 probet
1681 2433 2054 2492 Wisemsn
2088 2432 2160 2492 de
2191 2433 2302 2491 hoc
2323 2435 2675 2510 argumento
2694 2450 2836 2508 prae
2857 2433 3075 2491 ceteris

456 2520 848 2580 consulendus
892 2521 957 2579 in
1001 2522 1281 2580 Lectures
1328 2541 1402 2580 an
1447 2523 1549 2581 the
1582 2522 1721 2581 Resl
1753 2523 2044 2582 Presence
2074 2523 2139 2580 of
2162 2522 2339 2581 Jesus
2370 2521 2567 2581 Christ
2600 2520 2662 2579 in
2694 2522 2795 2579 the
2828 2521 3073 2599 Blessed

455 2609 787 2681 Eucharist,
820 2611 1098 2686 praelect.
1163 2620 1217 2672 2.
1249 2611 1361 2669 Hic
1393 2628 1538 2670 usus
1570 2611 1856 2689 loquendi
1888 2610 2273 2671 confirmatur
2299 2631 2370 2670 ex
2403 2612 2496 2671 Ps.
2533 2619 2634 2681 26,
2673 2619 2741 2671 2:
2775 2610 2933 2669 Dum
2963 2630 3070 2686 ap·

449 2701 733 2776 propiunt
762 2718 939 2776 super
967 2720 1055 2760 me
1093 2708 1368 2775 nocentes,
1413 2708 1476 2759 ut
1520 2702 1691 2760 eda-nt
1734 2721 1941 2761 carnes
1983 2720 2184 2774 meas,·
2227 2701 2399 2760 mich.
2436 2709 2494 2772 3,
2545 2710 2613 2763 3:
2665 2701 2778 2773 Qui
2820 2696 3072 2759 comede·

455 2797 595 2847 runt
637 2807 869 2848 carnem
911 2791 1114 2866 populi
1157 2792 1271 2849 mei
1315 2797 1366 2848 et
1399 2791 1608 2863 pellem
1638 2809 1837 2850 eorum
1868 2791 2113 2867 desuper
2143 2792 2615 2864 excoriaverunt;
2659 2790 3068 2859 Jer.10‚25;

457 2877 577 2938 Gal.
615 2887 670 2949 5,
714 2887 823 2947 15,
866 2879 989 2940 Jsc.
1026 2890 1082 2946 5,
1120 2888 1155 2942 3
1190 2882 1336 2950 etc.;
1384 2880 1734 2956 praesertim
1766 2880 1913 2939 Dan.
1948 2888 2005 2951 3,
2058 2889 2127 2950 8,
2178 2890 2234 2949 6,
2289 2889 2387 2950 26,
2436 2880 2542 2938 ubi
2590 2879 2848 2956 Vulgata
2893 2879 3071 2937 habet

456 2967 707 3025 verbum
737 2985 1027 3044 accusare,
1076 2968 1267 3027 dum
1251 2987 1316 3027 m
1346 2971 1515 3027 textu
1549 2969 1845 3028 chaldaico
1878 2968 2131 3028 dicitnr:
2162 2969 2525 3028 comedebant
2536 2970 2747 3050 fmcsta
2781 2963 3073 3049 (carnem)

452 3057 831 3128 judaeorum:
875 3058 1235 3117 comedebant
1272 3058 1472 3130 frusta
1512 3058 1792 3118 Danielis.
1869 3058 2005 3119 Luc.
2062 3069 2236 3128 16,1
2294 3058 2522 3135 legitur
2565 3059 2907 3132 diffamatus
2958 3063 3066 3126 est,

456 3144 617 3220 quod
647 3164 676 3204 s
687 3163 872 3220 yrus
903 3146 1116 3206 vertit·
1167 3148 1599 3206 comedebantur
1627 3149 1680 3206 εἰ
1708 3149 1902 3223 frusta
1934 3148 2091 3221 εἰπε,-
2136 3148 2222 3206 ita
2251 3148 2433 3207 etiam
2466 3148 2810 3218 Matth.27,
2852 3157 2962 3218 12,
3010 3151 3071 3205 et

454 3252 668 3293 nomen
711 3233 1001 3315 διάβολος
1044 3235 1440 3296 calumniator
1483 3236 1757 3296 redditur
1797 3236 1967 3296 velut
2011 3255 2227 3297 nomen
2267 3239 2394 3313 jam
2442 3237 2747 3315 proprium
2798 3244 3077 3296 comestor

453 3324 666 3383 carnis.
699 3356 784 3366 —
817 3324 1008 3385 Verba
1036 3324 1173 3384 Job.
1208 3334 1308 3397 31,
1345 3336 1419 3389 31
1447 3346 1461 3384 z
1512 3326 1804 3384 Dixerunt
1835 3328 1949 3385 viri
1978 3324 2336 3388 tabernaculi
2366 3330 2510 3386 mel:
2559 3329 2687 3405 quis
2717 3328 2808 3384 det
2838 3329 2907 3386 de
2936 3345 3069 3386 cae·-

451 3412 621 3471 nibue
649 3414 787 3490 ejus,
822 3422 885 3473 ut
916 3421 1267 3492 saturemur,
1301 3416 1397 3475 vel
1427 3416 1607 3475 etiam
1641 3417 1750 3474 hoc
1783 3432 1965 3474 sensu
1996 3416 2277 3491 explicari
2308 3419 2578 3491 possunt,
2611 3417 2708 3476 vel
2739 3417 3071 3475 secundum

451 3503 679 3560 textum
712 3502 1049 3563 hebraicum
1081 3503 1329 3563 clarius:
1378 3504 1524 3574 Quis
1554 3504 1815 3579 reperiet
1843 3504 2120 3580 aliquem,
2167 3505 2275 3581 qui
2320 3504 2393 3563 de
2437 3506 2602 3564 victu
2647 3507 2777 3582 ejus
2823 3524 2943 3565 non
2990 3505 3073 3563 sit

453 3593 798 3651 saturatus?
863 3591 1032 3661 Quod
1063 3593 1116 3652 si
1145 3593 1572 3671 intelliguntur
1603 3593 1676 3651 de
1708 3593 2171 3669 flagrantissimo
2205 3613 2416 3664 amore,
2457 3594 2803 3671 prophetica
2834 3598 2977 3653 sunt
3009 3602 3073 3653 et

452 3682 723 3756 spectent
752 3681 862 3740 hoc
890 3682 1089 3757 ipsum
1122 3683 1488 3758 mysterium.

625 3800 696 3871 2.
725 3799 952 3866 Judaei
983 3801 1183 3865 verba
1202 3800 1435 3865 Christi
1466 3808 1854 3883 acceperunt
1885 3820 2081 3867 sensu
2101 3803 2363 3884 proprio
2386 3808 2451 3867 et
2470 3802 2663 3866 obvio
2692 3823 2746 3865 v.
2771 3807 2872 3872 56.
2910 3803 3069 3866 Hinc

451 3906 629 3970 multi
660 3925 740 3971 ex
772 3907 911 3989 ejus
944 3907 1266 3989 discipulis
1298 3907 1631 3974 audientes
1676 3907 1978 3973 dixerunt
2010 3909 2091 3994 (V.
2128 3909 2273 3995 61):
2326 3909 2548 3974 Durus
2579 3915 2666 3972 est
2697 3909 2797 3971 hic
2826 3929 3026 3971 sermo
3044 3938 3067 3974 .-

448 4017 504 4073 et
534 4014 672 4096 quis
691 4019 895 4098 potest
923 4034 1062 4076 eum
1095 4015 1368 4078 audire?
1425 4015 1618 4098 Atqui
1650 4037 1711 4084 a.
1744 4034 1955 4098 neque
1987 4014 2276 4080 Christus
2310 4034 2426 4098 pro
2461 4034 2640 4081 more
2673 4034 2792 4080 suo
2828 4034 3064 4080 eorum

450 4117 1040 4200 interpretationem
1070 4122 1382 4196 correxit3
1432 4140 1641 4205 neque
1673 4123 1741 4193 b.
1776 4123 2171 4204 evangelista
2202 4122 2440 4189 Christi
2470 4124 2671 4189 verba
2703 4125 3063 4207 explicavit,

447 4231 518 4287 ut
547 4230 766 4291 tamen
798 4227 957 4291 alias
989 4227 1225 4315 fecit¹):
1257 4228 1369 4293 sed
1404 4249 1464 4297 c.
1499 4228 1789 4293 Christus
1822 4230 2052 4295 iterum
2084 4236 2279 4311 atque
2314 4231 2542 4295 iterum
2564 4231 2915 4313 repetendo
2942 4251 3060 4295 sua

665 4459 701 4528 ¹)
727 4454 808 4509 De
836 4455 1046 4510 Christi
1073 4475 1226 4511 more
1254 4457 1581 4526 explicandi
1610 4475 1711 4512 sua
1738 4460 1927 4522 verba,
1956 4459 2004 4512 si
2027 4460 2256 4529 proprie
2276 4459 2690 4528 acciperentur,
2719 4479 2843 4516 cum
2872 4466 3066 4516 essent

443 4535 780 4605 accipienda.
805 4538 1048 4606 metap
1070 4537 1329 4591 horice
1356 4539 1426 4592 cf,
1453 4539 1618 4593 Joan.
1647 4547 1697 4604 3,
1724 4547 1759 4596 3
1785 4557 1884 4600 ss.;
1912 4550 1962 4605 4,
1990 4545 2626 4604 32211,11;8‚2lss.;
2674 4541 2879 4597 Matth.
2913 4550 2995 4605 16,
3027 4551 3059 4600 6

443 4618 549 4672 col.
575 4615 709 4671 Luc.
740 4624 822 4681 12,
856 4626 879 4674 1
908 4620 1012 4670 etc.
1063 4617 1468 4688 Evangelistae
1510 4637 1720 4674 morem
1764 4623 2048 4675 testantur
2073 4621 2238 4675 nobis
2265 4621 2351 4675 Jo.
2381 4628 2430 4685 2,
2460 4628 2527 4678 19
2554 4641 2595 4679 s,
2624 4627 2682 4676 et
2708 4627 2757 4685 7,
2782 4628 2852 4679 33
2879 4642 2921 4676 S.
2978 4625 3061 4678 Cf.

445 4695 811 4750 Wiseman
835 4697 889 4769 [l.
917 4714 993 4752 c.:
1035 4697 1104 4751 de
1143 4698 1610 4767 Augustinis
1651 4700 1720 4753 de
1747 4717 1806 4752 re
1829 4717 1966 4754 sacr.
1994 4700 2063 4755 de
2092 4701 2253 4754 euch.
2282 4719 2336 4770 p.
2367 4708 2392 4757 l
2418 4707 2552 4760 a.·2;
2597 4702 2809 4756 Patri
2832 4702 2895 4755 zi
2928 4702 3061 4758 diss,

444 4775 512 4827 de
541 4776 765 4831 Christo
795 4794 940 4846 pane
970 4778 1153 4838 vitam
1182 4777 1535 4832 Franzeli
1555 4798 1591 4832 n
1620 4781 1699 4835 th.
1728 4788 1761 4837 3
1789 4781 1857 4834 de
1887 4800 1956 4841 ss,
1986 4782 2149 4837 euch.
2179 4799 2319 4835 sacr.
