3538 5364
1244 218 1509 291 Corporis
1533 219 1913 275 resuscitandi
1940 220 2229 277 identitas.
2896 229 3029 295 655

407 402 669 469 concilii
700 402 881 471 trid.
914 421 1069 467 sess.
1102 406 1188 472 25
1219 401 1299 469 de
1329 401 1760 480 invocatione,
1779 403 2197 468 veneratione
2228 409 2294 469 et
2323 400 2605 485 reliquiis
2635 408 3029 469 sanctorum.

411 506 653 575 Sedulo
686 513 904 575 autem
934 507 1239 589 distingui
1269 507 1464 573 debet
1494 507 1789 590 quaestio
1835 506 1964 573 fac
1983 509 2045 574 ti
2075 527 2117 574 a
2141 508 2356 591 juris
2401 509 2811 592 quaestione:
2856 509 3032 575 aliud

407 615 545 680 scil.
578 622 679 681 est
712 631 1042 698 quaerere,
1072 633 1229 678 num
1260 613 1432 679 idem
1461 631 1715 697 corpuS,
1747 614 1923 698 quod
1941 615 2086 698 quis
2106 614 2258 680 dum
2291 615 2536 681 viveret
2553 614 2795 694 habuit,
2815 636 3031 683 resus-

411 722 682 787 citetur:
714 728 779 788 et
809 721 1003 799 aliud,
1033 721 1185 803 quid
1216 721 1579 803 requiratur
1607 720 1710 787 vel
1740 740 1874 786 non
1904 723 2284 805 requiratur,
2315 726 2389 786 ut
2405 722 2727 788 habeatur
2747 724 3033 806 corporis
3134 810 3152 827 ⁶

411 827 737 893 identitas.
798 827 891 893 De
923 827 1121 911 priori
1149 845 1321 892 nunc
1354 847 1579 892 sumus
1611 827 1878 893 solliciti.

601 941 745 1006 702.
778 935 1327 1005 Demonstratlo
1357 954 1432 1021 p.
1464 935 1590 1007 IV.
1654 936 1718 1004 1.
1754 933 2056 1018 Corporis
2087 935 2512 1001 resuscitandi
2544 936 2848 1003 identitas
2879 956 3030 1019 pro-

411 1041 614 1107 batur
640 1043 782 1125 ipso
813 1042 1305 1108 resurrectionis
1336 1041 1612 1107 nomine.
1673 1041 1826 1107 Inde
1862 1041 2001 1125 jam
2046 1042 2621 1109 Tertullianus
2668 1061 2721 1109 c.
2755 1043 3032 1109 Marcio-

411 1169 568 1217 nem
598 1149 675 1228 V,
707 1154 748 1218 9
781 1166 930 1213 cum
960 1148 1100 1214 aliis
1131 1149 1425 1231 patribus
1445 1148 1688 1232 arguit:
1727 1148 2457 1224 ,Resurrectionis
2486 1150 2875 1217 vocabulum
2901 1170 3034 1216 non

414 1260 616 1325 aliam
648 1277 788 1325 rem
817 1259 1117 1335 vindicat,
1148 1277 1344 1342 quam
1376 1275 1543 1341 quae
1574 1257 1823 1324 cecidit.
1855 1255 2129 1339 Surgere
2162 1258 2333 1324 enim
2364 1263 2580 1340 potest
2608 1257 2735 1323 dici
2765 1266 2833 1324 et
2861 1257 3034 1342 quod

425 1366 688 1431 omnino
719 1384 854 1430 non
886 1365 1133 1442 cecidit,
1166 1364 1339 1448 quod
1368 1381 1624 1446 semper
1652 1369 1827 1429 retro
1853 1362 2074 1445 jacuit.
2136 1364 2496 1444 Resurgere
2529 1369 2746 1429 autem
2775 1383 2907 1429 non
2937 1371 3037 1429 est

419 1473 546 1537 nisi
576 1472 733 1554 ejuS,
765 1473 936 1556 quod
967 1473 1210 1539 cecidit.
1271 1473 1504 1539 Iterum
1537 1490 1820 1553 surgere,
1852 1474 2004 1556 quia
2034 1472 2281 1549 cecidit,
2315 1491 2602 1554 resurg
2620 1491 2755 1538 ere
2788 1473 3035 1538 dicitur.

415 1579 514 1643 Re
543 1579 716 1644 enim
747 1578 998 1662 syllaba
1028 1577 1352 1645 iterationi
1382 1596 1640 1660 semper
1671 1578 2064 1643 adhibetur.‘

591 1686 659 1754 2.
694 1685 787 1750 Ex
819 1703 1021 1753 causa
1052 1685 1404 1767 exemplari
1447 1685 1935 1750 resurrectionis
1977 1692 2256 1762 nostrae,
2305 1703 2472 1768 quae
2519 1693 2617 1753 est
2648 1686 3035 1753 resurrectio

409 1792 669 1871 Christi,
700 1793 810 1876 qui
840 1793 1010 1858 idem
1043 1809 1278 1874 corpus
1310 1791 1392 1857 ad
1425 1792 1627 1859 vitam
1657 1792 2003 1869 revocavit,
2037 1792 2213 1875 quod
2243 1792 2547 1875 pependit
2578 1793 2643 1856 in
2676 1790 2884 1857 cruce.

594 1902 657 1971 3.
688 1899 1013 1965 Probatur
1042 1898 1255 1965 verbis
1285 1898 1432 1965 Jobi
1469 1902 1568 1976 19,
1603 1904 1687 1968 23
1720 1919 1835 1964 ss:
1898 1901 2055 1981 Quis
2097 1899 2253 1962 mihi
2283 1898 2539 1983 tribuat,
2571 1907 2642 1963 ut
2673 1899 3035 1965 scribantur

411 2028 727 2073 sermones
755 2006 925 2072 mei?
954 2008 1094 2093 'quis
1126 2005 1278 2070 mihi
1309 2007 1431 2083 det,
1463 2013 1531 2069 ut
1562 2018 1902 2071 exarentur
1945 2008 2013 2068 in
2057 2005 2214 2069 libro
2258 2006 2399 2069 stilo
2441 2007 2651 2090 ferreo
2696 2012 2752 2068 et
2788 2005 3034 2090 plumbi

416 2115 662 2193 lamina
692 2114 785 2179 vel
816 2114 961 2179 celte
990 2113 1364 2198 sculpantur
1393 2114 1460 2176 in
1492 2113 1661 2176 silice
1679 2113 1712 2176 ,9
1754 2114 1895 2179 Scio
1927 2115 2109 2188 enim,
2142 2113 2308 2199 quod
2340 2112 2717 2198 Redemptor
2745 2134 2917 2178 meus
2945 2116 3037 2178 vi-

412 2223 523 2306 vit,
555 2229 612 2287 et
641 2223 707 2285 in
740 2223 1071 2287 novissimo
1102 2221 1205 2285 die
1235 2221 1312 2285 de
1341 2225 1515 2285 terra
1546 2228 1944 2285 surrecturus
1972 2221 2171 2307 sum1)
2219 2226 2275 2283 et
2319 2241 2576 2286 rursum
2606 2221 3039 2286 circumdabor

409 2329 578 2417 pelle
622 2349 761 2393 mea
808 2330 900 2416 (et
928 2334 1161 2411 postea
1190 2328 1353 2410 pelle
1384 2326 1949 2391 circumdabuntur
1978 2327 2186 2415 haec),
2233 2336 2289 2392 et
2338 2329 2407 2390 in
2437 2347 2628 2392 carne
2658 2346 2797 2391 mea
2828 2327 3038 2391 videbo

417 2436 628 2500 Deum
657 2456 879 2502 meum.
940 2438 1134 2517 Quem
1164 2437 1415 2499 visurus
1445 2454 1584 2499 sum
1614 2455 1720 2519 eqo
1751 2436 1882 2519 ipse
1925 2442 1981 2499 et
2024 2434 2185 2498 oculi
2234 2438 2354 2499 mei
2384 2436 2772 2519 conspecturi
2802 2441 2950 2498 sunt
2982 2441 3038 2499 et

422 2561 548 2603 non
577 2540 746 2606 alius
773 2562 794 2603 :
824 2542 1097 2625 reposita
1141 2547 1229 2605 est
1272 2540 1424 2605 haec
1453 2561 1593 2625 spes
1624 2561 1763 2606 mea
1796 2544 1865 2604 in
1895 2543 2036 2606 sinu
2067 2561 2196 2606 meo
2244 2541 2637 2628 (consumpti
2666 2548 2819 2605 sunt
2847 2559 3037 2607 renes

417 2648 547 2732 mei
577 2648 644 2713 in
675 2649 820 2713 sinu
851 2649 1043 2736 meo).

594 2762 678 2821 De
723 2761 942 2836 quibus
987 2760 1182 2820 verbis
1226 2761 1313 2819 ita
1356 2760 1567 2820 scribit
1598 2761 2113 2836 Hieronymus
2160 2760 2225 2819 in
2256 2779 2345 2836 ep.
2378 2759 2452 2818 ad
2484 2760 2718 2824 Paulin.
2754 2770 2833 2823 53
2867 2780 2925 2819 n.
2962 2770 3035 2825 8:

413 2849 572 2920 ,Job
604 2896 620 2911 .
652 2896 665 2909 .
697 2896 712 2909 .
744 2850 1237 2909 resurrectionem
1269 2867 1581 2925 corporum
1613 2849 1696 2908 sic
1726 2851 2058 2926 prophetat,
2104 2852 2177 2909 ut
2219 2850 2426 2908 nullus
2471 2848 2544 2908 de
2589 2867 2659 2908 ea
2703 2850 2797 2907 vel
2843 2850 3032 2908 mani-

406 2939 624 2998 festius
670 2940 768 2999 vel
811 2940 1048 2998 cautius
1096 2939 1391 3009 scribat3‘
1439 2942 1500 2996 et
1544 2943 1749 2997 contra
1781 2939 1951 3002 Joan.
1997 2939 2206 3001 hieros,
2238 2956 2297 2997 ιι.
2334 2947 2445 3002 30:
2495 2939 2726 3008 ,Tenet
2755 2938 2873 2997 Job
2906 2942 3037 2997 tor-

410 3032 752 3088 mentorum
784 3029 990 3100 vietor,
1038 3031 1102 3087 et
1143 3030 1303 3087 testa
1331 3027 1544 3087 radens
1576 3027 1850 3103 putridae
1880 3029 2071 3088 carnis
2101 3029 2329 3088 saniem
2359 3028 2627 3087 miserias
2659 3046 2797 3087 suas
2829 3046 3029 3086 resur-

414 3118 697 3177 rectionis
732 3135 835 3193 spe
866 3121 929 3176 et
957 3118 1212 3178 veritate
1243 3117 1473 3176 soletur
1503 3160 1518 3174 .
1552 3160 1566 3174 .
1598 3161 1611 3174 .
1661 3115 1815 3185 Quid
1848 3117 1956 3177 hac
1988 3118 2297 3194 prophetia
2328 3116 2746 3175 manifestius?
2811 3117 3033 3176 Nullus

407 3208 535 3266 tam
554 3209 754 3283 aperte
773 3210 913 3283 post
930 3207 1249 3278 Christum,
1284 3225 1459 3281 quam
1493 3205 1603 3263 iste
1635 3207 1772 3263 ante
1792 3205 2112 3278 Christum,
2145 3208 2218 3267 de
2249 3206 2682 3265 resurrectione
2703 3206 3034 3281 loquitur,‘

413 3298 604 3373 Agere
634 3299 834 3355 autem
866 3295 905 3354 J
908 3296 983 3355 ob
1015 3314 1221 3355 revera
1251 3295 1324 3354 de
1354 3294 1613 3370 corporis
1642 3295 2092 3364 resurrectione,
2139 3314 2259 3354 non
2305 3295 2377 3353 de
2409 3294 2687 3354 sanitatis
2720 3295 3035 3370 pristinae-

402 3404 530 3461 que
560 3385 863 3445 felicitatis
893 3384 1294 3457 restitutione,
1339 3385 1533 3459 liquet
1577 3399 1639 3447 a.
1684 3401 1755 3441 ex
1801 3383 1950 3459 ipsis
1981 3384 2194 3454 verbis,
2241 3402 2395 3459 quae
2428 3384 2500 3442 de
2531 3385 2640 3443 illa
2671 3384 3034 3444 commodius

406 3493 591 3549 quam
623 3475 694 3533 de
725 3476 836 3534 hac
866 3473 1266 3550 explicantur:
1299 3470 1372 3537 b.
1406 3491 1476 3531 ex
1507 3472 1885 3532 solemnitate
1904 3472 2145 3543 exordii,
2181 3492 2331 3548 quae
2358 3476 2526 3532 tanto
2550 3473 2830 3549 mysterio
2849 3473 3038 3550 magis

400 3564 716 3642 oongmit3
764 3579 825 3629 e.
870 3564 1031 3640 quod
1063 3564 1180 3623 Job
1212 3563 1387 3639 longe
1417 3561 1614 3621 abfuit
1643 3580 1678 3620 a
1708 3579 1810 3637 spe
1842 3561 2116 3620 sanitatis
2148 3561 2539 3637 fortunaeque
2569 3562 3034 3638 recuperandae;

408 3651 494 3711 ita
523 3654 682 3712 enim
713 3672 769 3712 v.
811 3664 885 3717 10
921 3653 1179 3711 dixerat:
1228 3652 1538 3711 Destruxit
1567 3669 1654 3708 mc
1683 3652 1938 3728 undique
1967 3657 2018 3708 et
2047 3669 2236 3726 pereo,
2282 3658 2334 3708 et
2378 3653 2546 3726 quasi
2575 3653 2800 3710 evulsae
2830 3652 3032 3710 arbori

402 3742 648 3801 abstulit
677 3761 835 3818 spem
865 3761 1069 3803 meam.
1114 3742 1194 3805 cf.
1220 3752 1275 3813 7,
1314 3751 1426 3812 16;
1467 3748 1564 3812 17,
1606 3751 1658 3802 1.
1706 3739 1950 3799 Accedit
1982 3735 2051 3804 d.
2085 3738 2241 3797 haud
2262 3739 2595 3815 spernenda
2624 3743 2865 3816 patrum
2896 3759 3035 3800 auc-

403 3827 704 3914 toritasss).
763 3832 857 3891 Ita
887 3835 1086 3891 autem
1119 3831 1246 3909 agit
1274 3831 1316 3890 J
1318 3831 1394 3890 ob
1424 3830 1497 3889 de
1528 3828 1725 3888 carnis
1756 3828 2208 3899 resurrectione,
2257 3831 2332 3887 ut
2370 3828 2558 3888 carnis
2588 3829 3033 3889 resuscitandas

407 3918 790 4008 identitatem
821 3922 975 3980 clare
1007 3923 1280 3981 testetur.

633 4059 668 4129 ¹)
695 4056 785 4109 Ad
826 4058 1063 4111 verbum
1103 4057 1415 4110 secundum
1457 4057 1680 4110 textum
1724 4055 1956 4110 hebra
1973 4054 1991 4108 i
2009 4071 2039 4108 c
2055 4072 2095 4109 u
2114 4072 2170 4108 m
2193 4074 2205 4107 :
2250 4052 2324 4106 Et
2371 4055 2691 4124 postremus
2743 4055 2883 4124 (scil.
2935 4055 3038 4110 Re-

404 4134 696 4208 demptor)
735 4150 909 4204 super
945 4136 1237 4205 pulverem
1278 4135 1507 4205 surget:
1549 4151 1797 4204 quorum
1842 4135 2141 4189 verborum
2181 4133 2280 4188 hio
2318 4135 2404 4187 est
2443 4150 2672 4189 sensus:
2732 4133 3036 4202 Futurum,

409 4217 483 4268 -ut
505 4214 851 4286 Redemptor
875 4216 1161 4284 postremo
1189 4229 1291 4268 sua
1317 4215 1519 4269 utatur
1558 4214 1905 4271 auctoritate
1945 4231 2253 4284 curamque
2294 4216 2518 4269 exserat
2554 4213 2616 4268 in
2642 4214 2776 4270 Jobi
2821 4215 3037 4270 cineres

406 4310 510 4349 eos
534 4293 820 4350 redimens
845 4310 981 4349 sane
1006 4311 1123 4349 non
1147 4293 1382 4348 aliunde
1422 4311 1594 4363 quam
1622 4296 1697 4349 ab
1722 4294 1980 4351 interitu.
2021 4294 2302 4367 Sperabat
2324 4310 2459 4366 ergo
2485 4294 2598 4350 Job
2623 4310 2830 4365 corpus
2868 4312 3037 4352 suum

405 4374 708 4443 ‚qnondam
732 4374 1190 4430 resuscitandum
1230 4391 1298 4429 ex
1342 4373 1547 4428 iisdem
1571 4374 1868 4429 elementis
1894 4374 2178 4444 componi,
2203 4373 2266 4428 in
2295 4391 2443 4443 quae
2469 4375 2595 4428 erat
2618 4373 3036 4431 resolvendum.

407 4452 501 4509 Cf.
543 4453 869 4511 Patritii
912 4455 982 4510 de
1025 4456 1322 4526 interpret.
1373 4454 1728 4525 Script.12
1759 4471 1814 4523 q.
1848 4462 1944 4516 10:
1987 4454 2231 4511 Welte
2275 4455 2378 4509 das
2428 4455 2589 4510 Buoh
2631 4454 2744 4510 Job
2787 4453 2849 4508 in
2895 4454 2952 4508 h.
2998 4455 3036 4510 l.

422 4533 982 4592 Knabenbauer
1006 4537 1066 4589 et
1089 4533 1521 4591 Zschokke
1503 4552 1567 4591 ιιι
1591 4533 1716 4590 hl

628 4619 669 4689 ²)
698 4616 927 4671 Praeter
953 4614 1512 4686 Hieronymum,
1551 4631 1723 4684 quem
1763 4615 1836 4669 cf.
1885 4615 2058 4670 etiam
2098 4616 2162 4670 in
2188 4617 2243 4671 h
2270 4617 2309 4670 l.
2336 4617 2457 4671 etl.
2490 4624 2549 4673 ll
2577 4615 2641 4670 in
2670 4614 2762 4671 ΕΖ.
2790 4620 2879 4680 37,
2912 4622 3035 4670 lss.

403 4695 752 4751 Clemens
776 4712 917 4751 rom.
944 4713 1034 4767 ep.
1063 4701 1090 4751 1
1119 4696 1193 4750 ad
1221 4695 1346 4755 Cor.
1371 4715 1428 4750 ιι.
1455 4701 1554 4764 26;
1596 4696 1924 4768 Origene
1945 4716 1971 4752 s
1996 4699 2132 4752 tom.
2165 4697 2271 4756 17
2254 4717 2318 4753 ιιι
2343 4697 2548 4752 Matth.
2577 4715 2633 4750 ιι.
2661 4701 2761 4758 293
2802 4695 2940 4767 cyn·
2912 4695 3035 4750 ril-
