3538 5364
1082 264 1155 317 ad
1181 281 1324 335 opus
1351 263 1566 317 bonum
1593 281 1709 317 non
1736 266 1823 317 est
1845 262 2177 317 necessaria.
2846 272 2939 335 45

317 450 550 508 minans
582 449 739 508 mala
767 450 1068 519 voluntas,
1100 467 1167 508 ex
1200 468 1336 524 qua,
1370 448 1657 524 quamdiu
1688 468 1756 508 ea
1785 450 2002 520 manet,
2035 451 2193 508 certe
2223 447 2374 506 nihil
2400 447 2542 506 boni
2560 447 2797 522 prodire
2828 468 2933 525 po·

319 542 451 600 test.
515 538 670 597 Nam
701 538 898 609 homo,
943 539 1146 615 inquit
1187 538 1259 598 ad
1306 557 1430 596 rem
1461 538 1962 615 Augustinus
1991 539 2198 597 contra
2226 536 2350 599 Jul.
2382 536 2481 605 IV,
2529 556 2585 597 n.
2619 547 2722 607 40,
2773 556 2935 607 ,non

316 628 378 686 in
408 630 703 702 quantum
734 628 912 687 homo
949 632 1057 697 est,
1106 627 1264 703 quod
1297 630 1390 685 est
1421 645 1572 703 opus
1606 627 1730 702 Dei,
1779 627 1883 686 sed
1925 628 1988 685 in
2033 629 2326 703 quantum
2372 627 2559 685 malae
2602 626 2937 686 voluntatis

314 719 424 788 est,
471 717 729 794 quisque
760 717 937 775 arbor
965 717 1120 775 mala
1149 720 1240 775 est
1274 719 1335 775 et
1377 716 1564 775 bonos
1593 716 1825 775 fructus
1855 716 2045 774 facere
2075 734 2195 775 non
2225 718 2492 791 potest3‘
2540 717 2602 773 et
2648 734 2691 774 s.
2739 715 2932 775 Tho-

314 824 465 863 mas
497 805 572 865 de
605 811 725 882 pot.
759 825 815 882 q.
853 815 888 869 3
923 826 973 864 a.
1008 815 1043 868 6
1078 804 1153 864 ad
1181 816 1290 869 15:
1327 806 1656 875 ,Dominus
1688 824 1796 881 per
1825 805 2094 863 arborem
2125 804 2341 863 bonam
2371 803 2665 882 intelligit
2694 822 2936 864 causam

312 894 455 953 boni
488 913 612 954 non
642 895 884 970 quidem
916 894 1187 971 primam,
1238 894 1342 953 sed
1386 894 1808 969 proximam
1854 893 1926 952 ad
1956 893 2216 969 aliquem
2248 894 2606 970 singularem
2639 893 2936 965 effectum,

310 985 375 1042 et
403 984 601 1043 simile
645 988 741 1043 est
783 984 857 1043 de
901 984 1109 1043 arbore
1141 984 1351 1047 mala.‘
1418 983 1732 1043 Praeterea
1776 980 1844 1049 (l.
1889 982 2070 1042 verba
2102 982 2317 1042 Christi
2350 982 2659 1041 continent
2689 983 2933 1041 modum

309 1072 603 1149 loquendi
634 1073 1081 1149 proverbialem,
1132 1073 1238 1149 qui
1288 1073 1586 1145 enunciat,
1638 1072 1798 1151 quod
1843 1073 2199 1148 plerumque
2243 1075 2304 1130 et
2347 1071 2760 1146 communiter,
2810 1088 2936 1130 non

309 1162 470 1238 quod
503 1181 736 1239 semper
766 1163 1079 1238 contingit.
1144 1162 1411 1238 Denique
1457 1177 1521 1225 e.
1560 1161 1800 1221 nomine
1831 1162 2137 1220 fructuum
2167 1160 2456 1219 bonorum
2490 1178 2807 1235 possumus
2839 1161 2932 1218 in-

309 1251 586 1327 telligere
618 1270 793 1327 opera
822 1252 1233 1311 meritoria
1261 1251 1420 1310 vitae
1450 1256 1750 1310 aeternae:
1799 1268 1917 1326 quo
1949 1268 2132 1309 sensu
2163 1249 2538 1308 verissimum
2570 1251 2679 1317 est,
2727 1267 2934 1325 pecca-

308 1343 522 1410 torem,
555 1340 847 1417 quamdiu
880 1343 973 1399 est
1002 1339 1068 1400 in
1098 1343 1264 1399 statu
1281 1341 1520 1416 peccati,
1553 1340 1669 1400 etsi
1697 1340 1890 1399 ethice
1921 1339 2069 1398 bene
2101 1338 2196 1398 vel
2226 1338 2405 1397 etiarn
2437 1356 2547 1413 ope
2577 1338 2804 1415 gratiae
2838 1356 2930 1396 sa-

310 1430 592 1488 lutariter
620 1449 794 1508 agere
823 1432 1044 1506 potest,
1086 1449 1208 1489 non
1237 1446 1408 1505 posse
1441 1429 1614 1489 edere
1645 1447 1796 1506 opus
1829 1447 1965 1489 vere
1996 1428 2371 1487 fructuosum
2403 1427 2440 1486 i.
2474 1445 2523 1489 e.
2556 1426 2932 1486 meritorium

188 1522 197 1534 ⁸
314 1520 470 1576 vitae
512 1523 810 1579 aeternae.
876 1519 954 1579 cf.
1000 1518 1529 1578 Bellarminus
1573 1518 1647 1579 de
1691 1519 1843 1595 grat.
1892 1521 1953 1577 et
1996 1517 2098 1575 lib.
2147 1516 2271 1579 arb.
2303 1516 2370 1588 V,
2411 1527 2523 1586 1ος
2574 1516 2816 1574 Faure
2871 1517 2933 1574 in

318 1609 512 1667 annot.
545 1608 621 1666 ad
653 1607 953 1672 Enchirid.
987 1626 1032 1666 s.
1065 1608 1499 1685 Augustini
1532 1626 1580 1667 c.
1619 1617 1713 1670 15.

486 1693 556 1759 2.
593 1696 898 1775 Distingui
926 1696 1104 1757 debet
1132 1697 1290 1755 inter
1320 1697 1650 1757 dominium
1694 1695 2103 1755 habituale
2149 1697 2211 1753 et
2253 1695 2562 1752 actuale
2606 1692 2731 1752 sive
2777 1693 2927 1752 cari-

310 1786 451 1844 tatis
482 1787 616 1846 sive
646 1786 992 1863 cupiditatis
1022 1790 1086 1845 et
1114 1788 1367 1862 peccati;
1414 1786 1575 1845 inter
1603 1804 1734 1845 esse
1766 1788 2132 1860 peccatorem
2163 1783 2438 1841 habitu
2472 1785 2534 1842 et
2564 1800 2691 1841 esse
2721 1799 2924 1858 pecca-

308 1878 499 1933 torem
530 1878 728 1934 actu.
794 1875 881 1934 Ex
910 1894 997 1944 ee,
1029 1876 1188 1951 quod
1219 1876 1353 1951 quis
1384 1875 1595 1934 habitu
1624 1878 1718 1934 est
1746 1877 2033 1950 peccator,
2067 1891 2187 1932 non
2218 1872 2493 1948 sequitur
2524 1890 2661 1930 eum
2692 1888 2928 1946 semper

309 1967 443 2022 actu
462 1981 739 2040 peccare;
773 1965 930 2023 sicut
960 1984 1031 2024 ex
1062 1982 1148 2035 ec,
1181 1964 1341 2041 quod
1360 1965 1494 2040 quis
1512 1965 1724 2024 habitu
1742 1969 1837 2022 est
1848 1965 2071 2045 justus,
2104 1980 2226 2020 non
2246 1962 2520 2036 sequitur
2538 1979 2671 2018 eum
2695 1977 2933 2036 semper

301 2054 461 2128 juste
500 2072 679 2130 agere
722 2057 785 2113 et
826 2073 962 2113 eum
1005 2073 1313 2129 nunquam
1344 2071 1419 2112 ne
1450 2054 1662 2113 leviter
1689 2052 1935 2129 quidem
1965 2069 2223 2129 peccare.
2290 2050 2445 2108 Hinc
2476 2049 2736 2108 solvitur
2764 2048 2922 2106 diffi-

309 2142 502 2201 cultas
534 2161 607 2202 ex
638 2142 846 2202 Matth.
882 2153 937 2214 6,
975 2151 1090 2206 24:
1136 2143 1316 2202 Nemo
1352 2150 1537 2220 potest
1579 2143 1800 2203 duobus
1829 2143 2079 2200 dominis
2107 2142 2357 2198 servire.-
2399 2145 2504 2197 aut
2547 2141 2698 2196 enim
2741 2157 2926 2197 unum

308 2233 435 2290 odio
468 2232 698 2290 habebit
728 2240 780 2291 et
810 2234 1055 2291 alterum
1086 2233 1316 2309 diliyet:
1347 2240 1451 2291 aut
1481 2251 1664 2291 unum
1696 2231 1995 2291 sustinebit
2025 2237 2075 2288 et
2106 2230 2351 2287 alterum
2381 2234 2705 2287 contemnet.
2771 2227 2934 2286 Haec

311 2320 553 2396 quidem
585 2340 727 2380 vera
756 2325 902 2380 sunt
932 2322 1004 2380 de
1035 2322 1326 2381 servitute
1371 2321 1768 2380 habituali
1813 2324 1876 2380 et
1918 2318 2190 2389 totali;
2235 2317 2390 2376 nihil
2419 2322 2621 2375 tamen
2652 2316 2920 2392 impedit,

310 2416 375 2468 ut
404 2410 514 2487 qui
548 2413 647 2468 est
676 2410 889 2469 habitu
917 2429 1123 2470 servus
1155 2411 1353 2482 unius,
1386 2415 1524 2469 actu
1554 2413 1903 2469 transeunte
1936 2407 2110 2467 alteri
2143 2406 2492 2482 obsequium
2523 2405 2823 2465 exhibeat:
2856 2408 2929 2463 ut

310 2517 440 2557 cum
466 2498 676 2574 justus
707 2499 1020 2558 venialiter
1049 2502 1272 2574 peccat,
1306 2503 1368 2557 et
1398 2504 1670 2576 peccator
1700 2501 1899 2558 servat
1917 2497 2026 2556 Dei
2045 2500 2441 2572 praeceptum.
2490 2494 2680 2563 Quare
2712 2494 2926 2553 inscite

313 2589 639 2663 opponitur
669 2588 821 2648 illud
853 2589 1281 2664 Augustini
1327 2588 1507 2651 Ench.
1539 2608 1596 2646 n.
1638 2599 1793 2651 117:
1843 2588 2116 2663 ‚Regnat
2158 2584 2410 2643 carnalis
2456 2583 2773 2658 cupiditas,
2819 2583 2929 2641 ubi

313 2694 427 2738 non
457 2680 554 2738 est
586 2677 696 2737 Dei
725 2677 1013 2737 caritasz‘
1046 2679 1114 2737 in
1145 2697 1296 2753 quae
1327 2679 1508 2738 verba
1536 2678 1607 2742 cf.
1638 2677 1899 2737 Faure.

484 2764 555 2831 3.
591 2767 958 2828 Vocabulum
988 2769 1269 2844 caritatis,
1318 2769 1477 2843 quod
1522 2785 1682 2827 nunc
1723 2768 1964 2827 tertiam
1995 2766 2282 2824 virtutem
2312 2760 2721 2839 theologicam,
2772 2780 2929 2836 quae

310 2875 438 2915 eum
472 2857 672 2935 gratia
703 2857 1101 2916 sanctificante
1145 2862 1238 2916 est
1280 2875 1560 2928 connexa,
1608 2856 1938 2934 significare
1977 2855 2147 2924 solet,
2193 2854 2366 2930 apud,
2394 2849 2926 2927 Augustinum

310 2946 663 3022 multiplicis
694 2965 820 3004 esse
851 2945 1314 3023 significationis.
1349 2945 1652 3024 Significat
1683 2945 1843 3004 enim
1875 2947 2178 3021 praeterea
2209 2942 2301 3001 vel
2331 2941 2584 3017 gratiam
2612 2939 2927 3008 actualem,

309 3053 555 3111 eamque
588 3035 871 3104 adultam,
903 3035 1229 3106 robustam,
1262 3035 1357 3094 vel
1389 3036 1710 3095 motionem
1730 3032 2061 3109 quamlibet
2081 3030 2409 3091 voluntatis
2440 3030 2597 3104 piam
2632 3046 2699 3085 ex
2731 3027 2925 3103 gratia

308 3124 604 3196 obortam,
638 3124 733 3183 vel
765 3124 990 3183 ordinis
1021 3124 1471 3199 honestatisque
1492 3142 1768 3184 amorem.
1819 3122 2011 3191 Quare
2042 3120 2261 3180 inferre
2290 3138 2411 3178 non
2443 3118 2599 3188 licet,
2631 3117 2926 3193 Augusti—

307 3231 452 3271 num
482 3213 722 3290 exigere
753 3213 1006 3290 gratiam
1037 3213 1501 3272 sanctificantem
1545 3212 1618 3272 ad
1668 3210 1982 3287 quodlibet
2014 3227 2166 3286 opus
2197 3209 2440 3276 bonum,
2486 3207 2630 3282 quia
2672 3205 2925 3265 subinde

308 3301 482 3361 dicit:
519 3301 822 3376 Quidquid
855 3320 925 3360 ex
957 3303 1291 3361 caritate
1323 3302 1547 3374 nonfit,
1579 3302 1731 3360 male
1763 3301 1845 3360 fit.
1879 3300 1959 3360 Cf.
1992 3297 2365 3358 Petavius
2400 3297 2471 3355 de
2504 3297 2633 3373 lege
2653 3295 2931 3372 etgratia

307 3390 351 3459 Ι,
386 3392 567 3461 7311,
607 3400 676 3462 2;
709 3391 782 3450 de
814 3391 1099 3450 Rubeis
1132 3391 1205 3450 de
1233 3392 1479 3450 caritate
1509 3391 1767 3467 theolog.
1803 3407 1848 3452 c.
1887 3400 1959 3452 51
2002 3407 2112 3460 ss,;
2158 3387 2526 3446 Mazzella
2558 3385 2631 3443 de
2664 3384 2800 3448 virt.
2832 3384 2923 3443 in-

310 3479 453 3539 fusis
486 3479 641 3556 disp.
678 3490 711 3542 6
749 3500 798 3538 a.
844 3492 861 3541 1
890 3503 904 3549 ;
938 3479 1171 3539 Pesch
1203 3480 1477 3556 praelect.
1508 3480 1701 3557 dogm.
1733 3483 1776 3542 t.
1809 3478 1877 3538 V.
1908 3497 1966 3536 n.
2003 3487 2103 3540 34.

485 3564 551 3633 4.
582 3569 829 3628 Locutio
859 3572 983 3627 sine
1012 3572 1256 3627 caritate
1285 3568 1467 3644 accipi
1501 3572 1703 3644 potest
1732 3567 2007 3644 negative
2040 3566 2134 3624 vel
2167 3563 2478 3624 contrarie.
2545 3562 2606 3623 Si
2639 3562 2929 3638 accipitur

312 3658 711 3735 negative,
751 3662 1003 3736 negatur
1032 3661 1271 3717 tantum
1301 3658 1546 3717 actualis
1580 3657 1841 3716 influxus
1873 3656 2171 3715 caritatis:
2218 3654 2324 3730 qui
2369 3653 2633 3711 defectus
2662 3670 2781 3710 non
2814 3651 2924 3709 im-

310 3748 491 3823 pedit,
525 3747 850 3822 quominus
880 3747 1070 3806 bonus
1101 3746 1183 3806 sit
1212 3750 1411 3817 actus;
1443 3747 1663 3822 poterit
1693 3746 1855 3805 enim
1886 3764 1954 3803 ex
1985 3745 2102 3803 alio
2132 3743 2356 3802 motivo
2387 3743 2632 3801 honesto
2664 3740 2813 3799 elici.
2863 3740 2924 3799 Si

308 3855 443 3895 vero
488 3835 785 3911 accipitur
828 3836 1228 3895 contrarie
1248 3881 1261 3905 ,
1311 3836 1679 3913 significatur
1707 3835 1970 3894 influxus
2003 3833 2211 3892 motivi
2245 3831 2478 3890 caritati
2521 3831 2695 3907 plane
2739 3844 2921 3904 oppo-

311 3924 431 3986 siti.
480 3923 610 3993 Quo
641 3943 820 3984 sensu
852 3925 1249 3984 certissimum
1281 3930 1389 3996 est,
1423 3924 1719 4000 quidquid
1753 3924 1885 3983 sine
1916 3923 2177 3993 caritate,
2224 3921 2262 3982 i.
2295 3941 2344 3983 e.
2382 3924 2586 3978 contra
2615 3918 2921 3977 caritatem

310 4012 392 4084 fit,
424 4014 581 4073 male
612 4013 771 4084 fieri;
802 4018 985 4088 atque
1014 4013 1100 4072 ita
1131 4014 1281 4072 hanc
1313 4014 1674 4073 locutionem
1707 4013 1867 4088 apud
1900 4011 2309 4089 Augustinum
2341 4009 2633 4083 explicare
2664 4008 2820 4065 licet.

486 4100 552 4165 5.
588 4103 805 4162 Sedulo
836 4103 1129 4180 distingui
1159 4102 1380 4162 debent
1409 4103 1557 4161 varii
1587 4101 1877 4162 bonitatis
1906 4101 2126 4180 gradus
2159 4102 2324 4157 actus
2354 4097 2615 4159 humani.
2675 4096 2731 4154 Is
2762 4096 2920 4154 enim

311 4209 432 4251 esse
463 4195 663 4268 potest
692 4208 751 4255 a.
788 4192 1047 4252 ethice
1084 4193 1306 4262 bonus;
1352 4188 1422 4257 b.
1468 4190 1880 4262 salutarie,
1929 4192 2028 4249 sed
2076 4188 2342 4248 nondum
2371 4187 2443 4246 de
2475 4185 2765 4262 condigno
2797 4203 2919 4242 me-

311 4281 588 4351 ritorius;
635 4295 697 4346 e.
728 4281 1189 4339 meritorius
1236 4281 1308 4340 de
1354 4281 1646 4358 condigno
1677 4281 1838 4339 vitae
1870 4283 2140 4339 aeternae
2172 4283 2254 4350 (n.
2290 4272 2418 4359 26).
2483 4275 2674 4346 Quare
2719 4279 2928 4334 contra

310 4369 557 4448 logicam
590 4373 849 4444 peccant,
888 4369 994 4444 qui
1026 4389 1094 4428 ex
1128 4388 1213 4441 eo,
1260 4370 1423 4445 quod
1454 4374 1652 4447 patres
1685 4370 1907 4439 dicunt,
1943 4368 2068 4426 sine
2101 4367 2345 4426 caritate
2377 4365 2528 4424 nihil
2561 4363 2741 4422 boni
2773 4362 2922 4432 fieri,

311 4459 511 4517 statim
543 4458 844 4518 inferunt:
877 4478 1018 4535 ergo
1050 4457 1348 4535 quidquid
1380 4459 1508 4517 sine
1540 4459 1785 4518 caritate
1817 4458 1902 4529 fit,
1936 4460 2342 4533 peccatum
2373 4456 2476 4517 est.
2525 4454 2729 4511 Patres
2761 4451 2920 4510 enim

310 4549 539 4608 nomine
570 4551 741 4606 actus
773 4548 954 4607 boni
985 4549 1103 4608 fere
1123 4567 1355 4623 semper
1388 4548 1741 4625 intelligunt
1771 4550 1967 4606 actum
2000 4546 2072 4604 de
2104 4545 2393 4621 condigno
2422 4542 2793 4602 meritorium
2827 4541 2923 4599 vel

310 4638 631 4713 generatim
663 4637 1000 4696 salutarem.
1063 4637 1251 4711 Atqui
1296 4641 1523 4695 certum
1568 4640 1678 4706 est,
1725 4635 2022 4712 quidquid
2059 4636 2189 4693 sine
2220 4634 2465 4693 caritate
2497 4631 2785 4691 habituali
2831 4630 2917 4700 fit,

310 4744 424 4786 non
451 4727 579 4786 fieri
612 4727 764 4785 bene
792 4726 1076 4796 bonitate,
1124 4745 1274 4802 quae
1319 4727 1399 4784 sit
1441 4725 1513 4783 de
1559 4725 1851 4801 condigno
1882 4725 2185 4784 meritoria
2214 4723 2376 4783 vitae
2406 4725 2693 4783 aeternae.
2760 4720 2924 4788 Quae
