3538 5364
587 330 716 395 406
1007 322 1193 376 Tract.
1222 322 1311 377 IX.
1340 322 1409 374 de
1438 319 1712 375 sacrificio
1740 319 1961 375 missae.
1989 321 2093 375 Th.
2122 320 2488 375 CCXXXVII.
2520 319 2781 378 Christus

586 511 752 587 praxi
798 527 934 568 vero
965 506 1262 567 Ecclesiae
1299 508 1426 583 jam
1471 507 1686 566 veteris
1732 502 1982 578 constet,
2031 496 2417 567 eucharistiae
2450 506 2800 567 sacrificium
2832 506 3019 566 fuisse
3052 508 3206 567 cele·

587 600 843 669 brutum,
876 596 987 656 etsi
1018 616 1138 656 non
1170 615 1402 672 semper
1431 595 1736 656 adstantes
1769 597 1841 655 de
1875 596 2117 655 victima
2148 596 2605 672 participarent:
2651 614 2772 655 non
2817 599 2912 655 est
2954 612 3060 655 cur
3104 598 3205 655 ad-

588 689 831 748 versarii
863 686 1147 745 damnent
1177 705 1296 761 qua
1325 685 1571 744 illicitas
1601 686 1696 745 vel
1728 686 1909 745 etiam
1941 685 2236 744 invalidas
2267 704 2366 745 eas
2399 685 2622 755 missas,
2669 685 2733 743 in
2777 685 3001 761 quibus
3032 704 3203 745 nemo

588 780 697 847 est,
743 777 850 855 qui
895 777 1130 852 praeter
1173 774 1533 834 sacerdotem
1574 774 2078 856 sacramentaliter
2109 773 2520 834 communicet.
2586 775 2859 835 Ceterum
2891 774 3206 834 concilium

588 866 765 925 trid.
797 865 907 924 etsi
941 882 985 921 s.
1023 872 1100 925 22
1136 882 1259 939 cap.
1284 873 1317 925 6
1355 866 1543 938 optat,
1579 866 1690 933 ,ut
1721 866 1785 922 in
1816 864 2069 941 singulis
2102 863 2304 922 missis
2324 863 2526 922 fideles
2547 863 2851 922 adstantes
2871 882 2993 923 non
3014 864 3205 923 solum

589 954 889 1030 spirituali
934 952 1166 1022 affectu,
1213 952 1315 1010 sed
1363 953 1773 1011 sacramentali
1818 953 1997 1011 etiam
2042 952 2435 1011 eucharistiae
2465 953 2846 1029 perceptione
2878 954 3203 1011 communi·

589 1046 808 1115 carent,
842 1060 963 1118 quo
993 1041 1065 1099 ad
1097 1059 1197 1101 eos
1231 1041 1594 1100 sanctissimi
1626 1043 1807 1117 hujus
1841 1041 2110 1100 sacrificii
2144 1043 2375 1101 fructus
2408 1042 2648 1101 uberior
2677 1041 3093 1119 proveniret3‘
3130 1043 3206 1099 ib.

589 1136 788 1192 tamen
818 1131 1103 1190 adversus
1135 1129 1589 1202 Lutherum,
1624 1132 1729 1207 qui
1760 1130 2015 1190 maxime
2048 1131 2111 1188 in
2142 1131 2375 1202 missaS,
2408 1150 2559 1206 quas
2591 1131 2707 1206 pri
2730 1133 2950 1189 vatas
2983 1130 3206 1199 dicunt,

589 1222 859 1282 invectus
892 1222 1001 1292 est,
1034 1237 1160 1280 can.
1196 1228 1231 1282 8
1268 1218 1515 1278 statuit:
1558 1219 1662 1289 ,Si
1694 1220 1831 1297 quis
1864 1220 2097 1290 dixerit,
2130 1220 2357 1292 missaS,
2391 1219 2456 1278 in
2489 1219 2708 1295 quibus
2740 1220 2904 1279 solus
2937 1219 3205 1280 sacerdos

590 1307 1102 1370 sacramentaliter
1132 1308 1544 1380 communicat,
1590 1309 1835 1368 illicitas
1883 1327 2009 1368 esse
2054 1308 2307 1384 ideoque
2352 1308 2737 1386 abrogandas,
2787 1310 2854 1368 A.
2903 1312 3003 1369 S.‘
3065 1309 3209 1368 Cum

590 1419 728 1460 vero
759 1403 820 1458 et
852 1398 1117 1475 synodus
1148 1396 1670 1473 pistoriensis
1702 1417 1865 1475 prop.
1904 1407 1981 1461 28
2019 1397 2325 1456 videretur
2352 1398 2671 1473 reprobare
2701 1398 2929 1468 missaS,
2978 1399 3042 1456 in
3072 1399 3205 1474 qui-

591 1489 702 1547 bus
732 1506 906 1546 nemo
938 1486 1348 1557 communicat,
1381 1486 1703 1545 declaravit
1736 1487 1914 1545 Pius
1934 1487 2045 1545 Vl:
2083 1486 2459 1563 ,Propositio
2481 1487 2710 1562 synodi,
2744 1506 2863 1561 qua
2894 1491 3208 1563 postquam

593 1578 828 1649 statuit,
859 1576 1154 1646 ,victimae
1184 1575 1699 1651 participationem
1726 1594 1856 1635 esse
1879 1579 2107 1652 partem
2130 1574 2410 1635 sacrificio
2431 1576 2843 1646 essentialem,‘
2877 1575 3207 1653 subjungit,

592 1685 733 1737 ,non
761 1669 963 1724 tamen
995 1662 1369 1723 se'damnare
1399 1666 1471 1722 ut
1500 1664 1742 1723 illicitas
1775 1664 1989 1723 missas
2021 1665 2175 1734 illas,
2210 1666 2272 1723 in
2304 1664 2528 1740 quibus
2549 1664 2854 1723 adstantes
2886 1655 3210 1723 sacramen·

592 1754 796 1814 taliter
824 1773 943 1813 non
976 1753 1446 1823 communicant3
1494 1753 1626 1813 ideo
1672 1754 1816 1829 quia
1851 1754 1955 1812 isti
1985 1754 2365 1830 participant,
2412 1754 2552 1813 licet
2582 1754 2782 1812 minus
2816 1754 3092 1829 perfecte,
3140 1755 3210 1812 de

591 1844 719 1920 ipsa
749 1843 1004 1913 victima,
1039 1841 1258 1918 spiritu
1290 1842 1454 1900 illam
1486 1842 1825 1917 recipiendo
1844 1849 1878 1913 ;‘
1927 1845 2223 1916 quatenus
2254 1842 2543 1912 insinuat,
2591 1843 2665 1900 ad
2704 1843 2979 1902 sacrificii
3009 1861 3206 1902 essen·

591 1932 738 1992 tiam
769 1932 968 1990 deesse
1001 1930 1235 2007 aliquid
1276 1931 1339 1989 in
1384 1949 1451 1990 eo
1497 1930 1795 2009 sacrificio,
1844 1931 2003 2006 quod
2035 1936 2354 2008 peragatur
2386 1932 2511 1990 sive
2542 1932 2710 1990 nullo
2742 1931 3035 2002 adstante,
3084 1933 3204 1990 sive

592 2018 983 2090 adstantibus,
1030 2018 1135 2095 qui
1180 2039 1289 2078 nec
1333 2020 1838 2080 sacramentaliter
1868 2039 1976 2079 nec
2011 2020 2406 2096 spiritualiter
2437 2020 2510 2078 de
2542 2019 2786 2078 victima
2820 2021 3203 2095 participant;

593 2113 654 2170 et
685 2110 858 2185 quasi
888 2108 1252 2168 damnandae
1283 2111 1486 2167 essent
1516 2114 1586 2167 ut
1616 2109 1863 2168 illicitae
1895 2109 2108 2168 missae
2155 2110 2310 2180 illae,
2357 2109 2421 2167 in
2468 2108 2690 2184 quibus
2736 2110 2864 2167 solo
2911 2110 3211 2168 sacerdote

590 2198 1078 2270 communicante,
1109 2216 1284 2257 nemo
1316 2197 1492 2268 adsit,
1538 2198 1645 2273 qui
1677 2199 1802 2257 sive
1835 2199 2342 2257 sacramentaliter
2373 2198 2497 2256 sive
2529 2197 2922 2274 spiritualiter
2950 2216 3210 2257 commu-

591 2287 782 2347 nicet:
829 2287 992 2357 falsa,
1040 2305 1301 2357 erronea,
1351 2287 1422 2346 de
1463 2288 1690 2345 haeresi
1723 2292 2000 2363 suspecta
2030 2306 2276 2362 eamque
2309 2286 2604 2361 sapiens<
2667 2287 2834 2345 Licet
2864 2306 3004 2346 vero
3035 2288 3212 2346 missa

593 2376 1491 2453 dicipossitprivataratione
1511 2376 1682 2446 loci,
1715 2376 2046 2451 tempori
2065 2393 2111 2444 S,
2145 2376 2356 2446 finis,
2392 2376 2791 2451 paucitatis
2823 2376 3205 2445 adstantium,

594 2468 652 2526 et
685 2465 978 2525 contraria
1021 2465 1236 2523 missae
1282 2465 1406 2523 sive
1453 2464 1964 2523 conventuali
2012 2464 2136 2523 sive
2182 2465 2544 2535 solemni,
2592 2465 2749 2540 quod
2795 2465 3001 2523 nullus
3048 2483 3206 2524 com·

592 2555 857 2614 municet
876 2557 1016 2624 etc.;
1049 2572 1117 2612 ea
1142 2557 1595 2633 tamensemper
1613 2553 2002 2611 characterem
2027 2553 2326 2628 quendam
2357 2553 2623 2629 public
2639 2573 2754 2612 um
2787 2554 3025 2623 retinet,
3060 2573 3206 2629 qua-

590 2640 766 2704 tenus
799 2664 831 2703 a
863 2643 1137 2703 ministro
1168 2642 1426 2717 publico,
1472 2642 1713 2702 nomine
1744 2642 2035 2700 Ecclesiae
2080 2646 2141 2701 et
2181 2660 2288 2717 pro
2323 2642 2602 2702 omnibus
2635 2642 2910 2702 fidelibus
2943 2645 3208 2705 offertur.

769 2785 916 2849 422-
950 2780 1206 2847 TheSlS
1240 2779 1731 2858 COXXXVII·
1776 2801 2088 2857 Christus
2122 2806 2220 2855 cst
2254 2803 2332 2856 in
2365 2803 2836 2856 eucharistiae
2856 2793 3206 2867 sacrificio

588 2893 914 2946 sacerdos
952 2889 1247 2953 offerens
1277 2889 1741 2954 principalis.-
1777 2891 2243 2943 secunda-rius
2278 2903 2440 2943 vero
2480 2895 2544 2944 et
2583 2892 3077 2946 ministerialis
3113 2896 3209 2946 est

590 2982 783 3035 solus
820 2984 884 3033 et
924 2980 1152 3032 omnis
1189 2981 1516 3034 sacerdos
1552 2979 1857 3044 lemtimc
1896 2981 2292 3035 ordinatus.

768 3119 1183 3185 Dcclaratio
1219 3138 1287 3202 p.
1323 3118 1420 3188 ΙΙ.
1454 3117 1777 3182 Christum
1797 3119 1863 3182 in
1883 3118 2193 3182 sacrificio
2217 3118 2455 3182 missae
2472 3118 2847 3185 offerentem
2871 3138 3014 3184 esse
3034 3121 3207 3201 prin-

588 3223 878 3306 cipalem,
912 3223 1103 3287 docet
1133 3224 1469 3287 concilium
1504 3224 1681 3288 trid.
1715 3243 1870 3289 sess.
1905 3228 1992 3293 22
2024 3244 2161 3305 cap.
2196 3230 2252 3293 2.
2318 3223 2401 3288 Ut
2445 3243 2597 3289 vero
2640 3225 2764 3289 dici
2814 3227 3020 3307 possit
3050 3227 3205 3290 oll'e-

587 3347 737 3393 rens
786 3328 1174 3410 principalis,
1226 3350 1357 3394 non
1406 3330 1638 3396 sufficit
1687 3332 1896 3413 ipsum
1945 3332 2048 3397 vel
2098 3331 2222 3396 hoc
2271 3330 2654 3395 sacrificium
2705 3332 3056 3398 instituisse
3109 3333 3206 3397 vel

581 3435 847 3516 jussisse
886 3434 1037 3499 illud
1070 3437 1305 3513 offerri,
1336 3436 1438 3502 vel
1472 3438 1555 3502 ad
1596 3440 2167 3516 consecrationem,
2202 3456 2333 3521 qua
2364 3437 2656 3502 sacrificii
2690 3440 2970 3504 essentia
3002 3438 3206 3503 conti-

586 3549 791 3619 netur,
824 3543 1086 3625 physice
1119 3562 1523 3623 concurrere,
1571 3544 1673 3610 vel
1723 3546 1888 3609 illius
1939 3548 2068 3609 vim
2119 3552 2183 3609 et
2233 3544 2585 3609 efficaciam
2636 3546 2700 3609 in
2732 3545 2932 3627 ipsius
2965 3546 3205 3611 meritis

586 3647 870 3713 fundari:
916 3648 1030 3714 sed
1076 3651 1439 3733 requiritur,
1487 3658 1560 3715 ut
1602 3652 1909 3718 sacerdos
1942 3652 2093 3717 illud
2127 3651 2422 3715 conficiat
2470 3653 2533 3714 in
2566 3670 2844 3733 persona
2878 3651 3111 3716 Christi
3144 3659 3207 3717 et

525 3752 528 3755 ’
585 3760 917 3838 tamquam
947 3756 1193 3837 legatus
1224 3758 1433 3838 ipsum
1454 3766 1983 3839 repraesentans:
2017 3766 2081 3823 et
2114 3764 2187 3823 ut
2203 3758 2491 3822 Christus
2524 3759 2660 3840 ipse
2681 3766 3026 3823 concurrat
3058 3769 3204 3824 actu

585 3863 931 3928 voluntatis
964 3882 1138 3940 suae,
1172 3883 1299 3946 quo
1331 3864 1466 3929 vult
1498 3864 1577 3929 de
1608 3866 1957 3947 praesenti,
1990 3871 2062 3929 ut
2093 3865 2293 3931 verba
2325 3865 2850 3940 consecrationis
2901 3883 3067 3948 quae
3099 3884 3205 3929 sa·

584 3970 811 4034 cerdos
842 3969 909 4033 in
939 3970 1137 4051 ipsius
1168 3988 1446 4051 persona
1489 3971 1894 4052 pronunciat,
1943 3972 2006 4036 id
2054 3978 2422 4052 operentur,
2473 3971 2642 4053 quod
2675 3971 3051 4052 significant.
3115 3970 3204 4035 Cf.

585 4073 895 4141 Suarez
929 4077 987 4139 d.
1024 4082 1105 4145 77
1141 4096 1187 4140 s.
1230 4084 1295 4153 13
1332 4074 1730 4159 Stentrup
1763 4078 1848 4142 th.
1883 4084 1984 4148 88.

760 4219 1526 4289 422a.1)emonstrat1o
1561 4241 1631 4305 p.
1665 4221 1729 4287 Ι.
1800 4220 1860 4290 1.
1892 4219 2210 4284 Probatur
2255 4222 2527 4285 assertio
2579 4239 2657 4285 ex
2704 4221 2936 4285 Christi
2986 4239 3204 4285 sacer-

582 4323 757 4388 dotio
790 4330 1055 4390 aeterno
1098 4326 1453 4389 secundum
1486 4326 1778 4390 ordinem
1809 4324 2296 4390 Melchisedech.
2331 4324 2398 4389 Si
2420 4325 2591 4391 enim
2615 4344 2743 4408 qua
2762 4326 3069 4390 sacerdos
3101 4345 3206 4389 se-

582 4430 862 4494 cundum
915 4431 1205 4496 ordinem
1258 4432 1724 4497 Melchisedech
1776 4431 2166 4495 sacrificium
2215 4431 2712 4496 eucharisticum
2763 4430 3027 4509 obtulit;
3078 4450 3209 4515 qua

581 4535 883 4600 sacerdos
916 4536 980 4599 in
1013 4544 1442 4602 aeternum
1475 4539 1829 4603 secundum
1862 4538 2153 4603 ordinem
2173 4538 2659 4614 Melchisedech,
2696 4537 2849 4602 illud
2886 4557 3091 4621 usque
3124 4539 3206 4601 ad

579 4642 777 4705 seculi
807 4645 1432 4708 consummationem
1467 4644 1565 4732 (cf.
1602 4652 1642 4709 t.
1674 4644 1723 4708 11
1743 4664 1803 4707 n.
1827 4648 1957 4714 669
1991 4645 2065 4730 s.)
2104 4644 2327 4710 offeret
2358 4647 2426 4712 2.
2462 4642 2767 4708 Sacrificii
2800 4646 3206 4711 eucharistici

579 4750 860 4814 essentia
890 4751 1183 4815 consistit
1216 4751 1278 4814 in
1314 4752 1801 4817 consecratione
1837 4752 1923 4838 (n.
1954 4753 2132 4837 416).
2194 4751 2389 4833 Atqui
2421 4752 2487 4815 in
2520 4753 3031 4828 consecratione,
3064 4770 3204 4815 ma-
