3538 5364
579 290 707 352 242
1294 280 1478 333 Tract.
1509 279 1599 331 IX.
1629 278 1708 332 De
1737 278 2119 333 sacramentit.
2147 277 2511 347 Comparatio

580 487 717 526 vero
750 468 813 526 in
847 467 1185 542 Evangelio,
1236 466 1457 524 veritas
1503 465 1567 522 in
1600 466 1977 525 coelestibus.
2044 464 2265 522 Umbra
2296 465 2608 541 Evangelii
2639 468 2701 523 et
2730 464 3032 523 Ecclesiae
3064 482 3197 523 con-

578 556 940 635 gregationis
988 556 1047 613 in
1097 557 1260 631 lege;
1308 555 1502 631 imago
1549 555 1788 612 futurae
1819 553 2090 612 veritatis
2123 555 2187 612 in
2217 554 2559 629 Evangelio,
2608 554 2828 613 veritas
2874 554 2938 612 in
2982 552 3199 630 judicio

581 648 743 705 Dei.‹
813 646 895 705 cf.
933 645 1005 703 de
1041 646 1144 703 hac
1176 644 1565 702 distinctione
1597 643 1942 719 Perpetuite
1974 643 2049 701 de
2081 644 2139 700 la
2170 642 2253 701 foi
2284 647 2325 701 t.
2365 652 2398 704 2
2437 643 2473 700 l.
2509 653 2543 703 6
2580 661 2626 701 0.
2670 654 2775 713 10;
2810 662 2853 701 s·
2884 642 3199 702 Thomas

585 748 637 800 1.
675 748 708 798 2
746 756 799 811 q.
842 746 954 798 101
998 755 1046 791 a.
1085 744 1153 803 2;
1202 753 1255 807 q.
1299 744 1416 795 106
1452 752 1501 791 a.
1539 744 1575 794 4
1609 732 1683 790 ad
1724 744 1788 800 13
1837 750 1883 790 c.
1917 736 2127 808 gentes
2160 731 2255 801 IV,
2294 743 2407 800 57;
2459 733 2804 790 Becanus
2837 733 3011 791 Anal.
3043 731 3112 794 V.
3143 736 3202 790 et

579 827 649 884 N.
682 826 741 889 Τ,
779 827 859 884 De
891 824 1106 883 habitu
1139 822 1208 880 N.
1243 822 1305 884 Τ.
1337 822 1410 880 ad
1444 820 1510 879 V.
1543 822 1842 896 praeclare
1873 821 2143 896 disputat
2172 820 2650 879 Humbertus
2683 820 2837 880 card.
2870 821 3002 879 adv.
3035 840 3200 897 grae-

580 935 782 974 corum
814 912 1141 973 calumnias
1174 931 1232 969 n.
1269 920 1347 974 38
1384 929 1463 969 SS.
1497 911 1752 987 Migne
1794 920 1936 979 143,
1974 921 2099 973 950
2136 929 2241 979 ss.;
2277 909 2689 968 Franzelin
2722 910 2808 971 th.
2844 919 2901 972 2.

756 1036 820 1103 2.
854 1033 921 1098 Si
955 1033 1300 1116 quaeritur,
1336 1051 1490 1096 num
1523 1037 1933 1096 sacramenta
1962 1030 2036 1093 V.
2070 1030 2133 1093 L.
2184 1032 2493 1116 (seposita
2539 1030 2792 1095 interim
2825 1032 3202 1114 quaestione

582 1144 662 1208 de
695 1141 979 1207 remedio
1014 1150 1285 1205 naturae
1320 1147 1384 1203 et
1419 1138 1927 1222 circumcisione)
1963 1138 2350 1201 contulerint
2381 1139 2653 1219 gratiam
2674 1158 2755 1203 ex
2790 1156 2985 1219 opere
3019 1154 3202 1218 ope-

579 1258 786 1326 rat0‚
820 1248 1187 1329 negandum
1219 1248 1283 1311 id
1318 1246 1581 1310 omnino
1615 1251 1742 1310 est:
1778 1245 2073 1327 quamvis
2108 1263 2240 1308 non
2258 1264 2582 1326 negemu5‚
2602 1246 2886 1326 potuisse
2909 1262 2989 1308 ea
3007 1244 3203 1325 prod-

582 1376 727 1422 esse
761 1357 844 1420 ad
876 1354 1151 1420 salutem
1183 1356 1288 1431 ita.
1311 1362 1380 1418 ut
1401 1354 1508 1436 qui
1529 1352 1648 1416 illis
1672 1358 2020 1427 uterentur,
2041 1353 2316 1431 gratiam
2335 1359 2884 1434 consequerentur
2905 1370 2987 1416 ex
3008 1370 3202 1432 opere

581 1464 1044 1546 operantis:
1076 1480 1226 1525 nam
1261 1479 1418 1524 sane
1451 1459 1824 1523 excitabant
1843 1459 2051 1533 fidem,
2076 1458 2381 1523 fovebant
2398 1479 2597 1540 spem,
2618 1459 3050 1540 poenitentiae
3071 1459 3200 1539 spi-

580 1572 776 1636 ritum
805 1579 1000 1653 atque
1034 1569 1365 1633 fervorem.

759 1680 822 1744 3.
857 1676 924 1741 Si
958 1694 1110 1756 ergo
1144 1675 1404 1757 propria
1437 1675 1601 1737 ratio
1636 1675 1934 1754 generica
1968 1674 2354 1737 sacramenti
2388 1674 2449 1736 in
2485 1692 2563 1737 eo
2598 1681 2711 1750 est,
2746 1682 2818 1735 ut
2848 1673 2930 1736 sit
2962 1673 3205 1736 sancti-

581 1786 895 1850 ficationis
928 1783 1264 1862 signum,
1299 1781 1437 1844 sine
1470 1780 1662 1844 dubio
1710 1800 1752 1843 u
1772 1780 1961 1844 nivo
1981 1799 2066 1845 ce
2112 1781 2501 1845 sacramenti
2532 1781 2696 1845 ratio
2728 1780 3033 1845 convenit
3070 1787 3204 1842 tam

581 1891 1002 1957 sacramentis
1033 1889 1107 1953 V.
1141 1888 1204 1951 L.
1240 1906 1432 1970 quam
1467 1888 1890 1952 sacramentis
1923 1886 1994 1951 N.
2028 1886 2116 1963 T..
2148 1888 2239 1951 ita
2273 1895 2505 1962 tamen,
2540 1894 2610 1951 ut
2661 1888 2743 1951 ab
2776 1886 3051 1952 invicem
3085 1885 3205 1950 dif-

585 1999 791 2065 ferant
823 1998 1053 2080 specie.
1088 1995 1152 2060 Si
1188 2003 1404 2059 autem
1437 1994 1698 2076 propria
1731 1994 1898 2058 ratio
1932 1996 2323 2058 sacramenti
2354 1994 2615 2076 ponitur
2644 1995 2709 2058 in
2732 2013 2829 2071 e0‚
2863 1995 3036 2077 quod
3056 2002 3209 2058 sunt

581 2124 884 2169 causae
931 2102 1471 2168 sanctificationis.
1519 2107 1930 2165 sacramenta
1960 2101 2033 2165 V.
2067 2101 2133 2164 T.
2188 2101 2627 2181 analogice
2677 2108 2928 2164 tantum
2980 2119 3207 2165 sacra-

585 2219 804 2278 menta
852 2210 1284 2293 appellantur3
1334 2228 1484 2272 nam
1530 2215 1940 2273 sacramenta
1971 2206 2044 2271 N.
2077 2208 2141 2271 L.
2174 2215 2446 2272 causant
2488 2209 2899 2274 sanctitatem
2949 2227 3206 2274 veram:

582 2326 992 2385 sacramenta
1022 2336 1174 2383 vero
1213 2317 1280 2380 V.
1314 2316 1378 2379 L.
1426 2315 1789 2380 causabant
1839 2323 2091 2380 tantum
2141 2334 2333 2381 verae
2379 2316 2739 2380 sanctitatis
2789 2315 3088 2379 umbram
3137 2326 3204 2380 et

583 2429 869 2508 figuram,
903 2425 1316 2489 sanctitatem
1349 2424 1476 2486 scil.
1509 2423 1816 2504 legalem3
1867 2423 1972 2486 illa
2023 2423 2267 2487 faciunt
2315 2424 2643 2488 hominem
2692 2428 3005 2499 sanctum,
3038 2424 3204 2487 haec

577 2533 933 2600 reddebant
979 2552 1126 2597 eum
1179 2538 1431 2595 tantum
1483 2548 1757 2594 sacrum.
1823 2529 1910 2594 Cf.
1945 2550 1991 2592 s,
2027 2529 2374 2594 Thomas
2412 2537 2464 2599 1.
2500 2536 2541 2599 2
2574 2551 2630 2612 q.
2673 2535 2797 2599 103
2844 2549 2899 2593 a.
2936 2536 2991 2598 2.
3056 2529 3202 2594 Non

578 2642 759 2706 deest
789 2647 1007 2706 tamen
1039 2640 1224 2714 rati0‚
1270 2637 1390 2701 sub
1440 2655 1568 2719 qua
1613 2635 1735 2700 dici
1784 2637 2031 2719 possint
2077 2637 2348 2703 univoce
2396 2644 2834 2705 sacramenta:
2884 2656 3036 2702 nam
3083 2640 3204 2704 etsi

585 2749 895 2813 sanctitas
946 2746 1275 2824 analogice
1307 2752 1559 2809 tantum
1592 2745 1819 2808 dicitur
1852 2745 1930 2809 de
1963 2743 2307 2811 sanctitate
2354 2746 2557 2827 legali,
2608 2764 2950 2827 possumus
2985 2752 3205 2811 tamen

580 2874 623 2919 a
654 2861 1210 2918 sacramentorum
1232 2851 1563 2932 utriusque
1582 2850 1649 2913 T.
1685 2849 1912 2916 effectu
1944 2851 2320 2917 abstrahere
2352 2860 2738 2933 conceptum
2770 2853 3116 2916 univocum
3139 2860 3206 2917 et

577 2980 987 3025 communem
1020 2958 1396 3033 sanctitatis
1432 2958 1538 3040 qui
1573 2958 1917 3038 significari
1947 2965 2163 3040 potest
2213 2960 2471 3023 nomine
2519 2961 3205 3025 consecrationis

580 3076 692 3131 aut
725 3066 1144 3131 dedicationis
1178 3072 1243 3128 et
1275 3065 1742 3146 conjunctionis
1775 3066 2112 3147 peculiaris
2159 3085 2306 3129 cum
2341 3066 2491 3130 Deo,
2555 3067 2748 3148 Atqui
2778 3067 3205 3130 sacramentis

581 3174 916 3255 utriusque
948 3172 1343 3237 Testamenti
1376 3172 1687 3252 ejusmodi
1720 3173 2123 3237 consecratio
2157 3174 2517 3255 respondet.
2561 3171 2827 3256 Utrique
2859 3192 3009 3254 ergo
3042 3173 3205 3237 ritus

580 3281 855 3344 univoce
888 3279 1013 3342 dici
1044 3285 1315 3360 possunt
1348 3285 1772 3355 sacramenta,
1820 3280 1872 3342 si
1920 3280 2306 3344 sacramenti
2352 3282 2611 3344 nomine
2645 3281 3012 3360 intelligitur
3041 3281 3204 3345 ritus

586 3389 997 3452 sanctitatem
1031 3387 1393 3466 significans
1426 3393 1489 3451 et
1519 3406 1636 3450 suo
1671 3406 1792 3450 usu
1827 3405 2214 3452 consecrans
2247 3388 2558 3454 homines,

758 3513 824 3582 4.
848 3518 931 3576 De
952 3535 982 3575 c
999 3517 1018 3574 i
1037 3537 1065 3574 r
1081 3537 1111 3576 c
1128 3538 1167 3575 u
1183 3538 1240 3575 m
1258 3518 1453 3575 cisio
1469 3517 1591 3575 nis
1615 3519 1840 3576 virtute
1860 3521 1921 3576 et
1940 3519 2210 3588 efficacia,
2231 3521 2349 3578 tre
2366 3537 2392 3577 s
2422 3523 2565 3578 sunt
2584 3519 2932 3578 sententiae.
2966 3520 3156 3577 Prim
3172 3539 3208 3577 a

577 3628 765 3684 eaque
794 3611 948 3666 teste
980 3625 1025 3665 s,
1057 3607 1331 3666 Thoma
1367 3618 1420 3669 3.
1455 3628 1510 3683 p.
1545 3627 1599 3681 q.
1639 3618 1715 3669 70
1752 3627 1802 3663 a.
1838 3616 1875 3668 4
1911 3607 2030 3666 sere
2063 3609 2412 3679 communis,
2447 3607 2719 3679 affirmat,
2754 3609 3206 3667 circumcisione

578 3698 780 3756 datam
811 3697 998 3755 fuisse
1029 3697 1282 3772 gratiam
1316 3715 1385 3754 ex
1417 3714 1592 3770 opere
1625 3700 1865 3771 operato
1896 3698 1992 3755 vel
2023 3716 2091 3755 ex
2125 3697 2433 3756 infallibili
2452 3699 2684 3756 decreto
2715 3702 2779 3755 et
2809 3698 3205 3773 promissione

576 3787 797 3858 divina,
845 3787 930 3845 ita
976 3786 1414 3844 Alexander
1463 3785 1744 3855 balensis,
1797 3786 2382 3858 Bonaventura‚
2434 3787 2833 3856 Valentia,
2889 3788 3211 3858 Suarez‚‘

579 3877 896 3936 Pereira
926 3880 1034 3934 etc.
1083 3875 1471 3950 Praecipuum
1494 3874 1948 3934 fundamentum
1982 3878 2074 3933 est
2104 3876 2424 3934 auctoritas
2458 3894 2502 3934 s,
2537 3876 2989 3952 Augustini,
3026 3895 3207 3951 quem

579 3966 783 4041 plures
804 3965 1121 4040 scriptores
1143 3963 1497 4040 posteriores
1520 3967 1873 4038 sequuntur,
1908 3965 2132 4040 quique
2152 3964 2435 4023 innititur
2465 3965 2529 4023 in
2559 3966 2771 4041 primis
2790 3966 2934 4026 Gen.
2965 3976 3059 4036 17,
3105 3977 3202 4034 14,

578 4057 641 4112 et
673 4055 996 4113 auctoritas
1028 4053 1477 4112 Innocentii
1512 4053 1633 4126 111„
1668 4054 1772 4128 qui
1809 4053 2079 4123 affirmat,
2115 4054 2477 4130 baptismum
2511 4054 2942 4114 circumcisioni
2974 4071 3208 4113 succes-

581 4143 747 4201 sisse.
780 4177 867 4186 —-
899 4144 1203 4203 Sententia
1234 4143 1489 4201 altera
1520 4148 1609 4200 est
1641 4142 1816 4218 plane
1850 4144 2161 4213 contraria,
2206 4148 2385 4220 negat
2417 4144 2575 4201 enim
2610 4143 3050 4201 circumcisione
3083 4143 3207 4202 col-

583 4234 762 4290 latam
794 4232 979 4290 fuisse
999 4233 1255 4308 gratiam
1277 4252 1346 4290 ex
1367 4251 1539 4308 opere
1560 4236 1819 4307 operam,
1855 4252 2033 4307 quam
2064 4237 2316 4290 tuentur
2350 4234 2395 4290 B
2412 4233 2684 4291 ellarm
2702 4233 2718 4288 i
2736 4252 2834 4290 nu
2851 4250 2895 4302 S,
2933 4232 3137 4290 Canu
3156 4250 3205 4304 s,

581 4321 929 4396 Vasquez
962 4328 1039 4386 et.
1073 4325 1145 4378 ut
1175 4321 1430 4389 videtur,
1465 4322 1784 4379 Thomas
1822 4333 1876 4384 3.
1909 4341 1963 4397 p.
1996 4342 2050 4397 q.
2089 4330 2167 4382 62
2204 4342 2252 4383 a.
2289 4332 2323 4384 6
2357 4322 2429 4379 ad
2466 4336 2534 4391 3;
2568 4341 2622 4397 q.
2663 4333 2739 4385 70
2775 4341 2824 4383 a.
2860 4329 2916 4383 4.
2981 4321 3207 4379 Provo-

578 4414 717 4469 cant
762 4411 823 4468 hi
871 4409 942 4467 ad
991 4408 1328 4485 Scripturae
1359 4412 1550 4478 effata,
1599 4430 1748 4485 quae
1782 4412 2109 4487 generatim
2144 4411 2300 4469 ritus
2331 4411 2632 4478 mosaicOS,
2664 4430 2787 4469 non
2818 4410 3054 4469 exclusa
3085 4410 3204 4469 cir·

580 4500 956 4568 cumcisione,
1000 4517 1187 4575 egena
1217 4504 1277 4557 et
1308 4500 1541 4558 infirma
1573 4504 1742 4558 vocat
1775 4501 2095 4558 elementa:
2136 4500 2208 4558 ad
2242 4503 2441 4574 patres
2477 4500 2632 4558 haud
2665 4517 2902 4577 paucos»,
2934 4499 3041 4575 qui
3074 4518 3206 4557 om-

580 4607 713 4646 nem
746 4588 1180 4646 circumcisioni
1213 4588 1510 4665 abnegant
1542 4588 1828 4647 virtutem
1862 4593 2043 4663 atque
2075 4589 2396 4657 inculcant,
2444 4608 2573 4647 eam
2603 4593 2841 4647 tantum
2877 4589 3065 4646 fuisse
3099 4587 3207 4646 da-

579 4683 702 4736 tam
735 4678 808 4736 ad
841 4677 1258 4736 discernendos
1286 4678 1530 4752 judaeos
1565 4699 1598 4735 a
1627 4678 1991 4754 gent-ilibus;
2025 4677 2097 4735 ad
2131 4678 2378 4736 concilia
2411 4677 2929 4737 florentinum
2961 4681 3022 4735 et
3050 4677 3204 4735 tri-

578 4767 1023 4838 dentinum,
1072 4786 1222 4842 quae
1271 4769 1342 4825 de
1376 4767 1647 4824 omnibus
1681 4767 2065 4826 sacramentis
2101 4766 2163 4824 V.
2199 4767 2260 4823 T.
2295 4770 2532 4843 negant,
2582 4767 2737 4842 quod
2773 4767 3028 4844 gratiam
3061 4784 3205 4824 con·
