<?xml version="1.0" encoding="UTF-8"?>
<!DOCTYPE html PUBLIC "-//W3C//DTD XHTML 1.0 Transitional//EN"
    "http://www.w3.org/TR/xhtml1/DTD/xhtml1-transitional.dtd">
<html xmlns="http://www.w3.org/1999/xhtml" xml:lang="en" lang="en">
 <head>
  <title>
</title>
<meta http-equiv="Content-Type" content="text/html;charset=utf-8" />
  <meta name='ocr-system' content='tesseract 3.04.00' />
  <meta name='ocr-capabilities' content='ocr_page ocr_carea ocr_par ocr_line ocrx_word'/>
</head>
<body>
  <div class='ocr_page' id='page_1' title='image "./theologiaedogma00hurtgoog_0108.png"; bbox 0 0 3538 5364; ppageno 0'>
   <div class='ocr_carea' id='block_1_1' title="bbox 565 231 2562 312">
    <p class='ocr_par' dir='ltr' id='par_1_1' title="bbox 565 231 2562 312">
     <span class='ocr_line' id='line_1_1' title="bbox 565 231 2562 312; baseline -0.002 -21"><span class='ocrx_word' id='word_1_1' title='bbox 565 247 647 312; x_wconf 79' lang='grc'>96</span> <span class='ocrx_word' id='word_1_2' title='bbox 1182 236 1369 291; x_wconf 59' lang='lat' dir='ltr'>&#39;lh-act.</span> <span class='ocrx_word' id='word_1_3' title='bbox 1396 234 1545 289; x_wconf 79' lang='lat' dir='ltr'>Vnt.</span> <span class='ocrx_word' id='word_1_4' title='bbox 1571 234 1641 288; x_wconf 88' lang='lat' dir='ltr'>de</span> <span class='ocrx_word' id='word_1_5' title='bbox 1668 233 1873 305; x_wconf 84' lang='lat' dir='ltr'>gratia.</span> <span class='ocrx_word' id='word_1_6' title='bbox 1901 233 2101 289; x_wconf 85' lang='lat' dir='ltr'>Thesis</span> <span class='ocrx_word' id='word_1_7' title='bbox 2127 233 2336 288; x_wconf 84' lang='lat' dir='ltr'>CXCII.</span> <span class='ocrx_word' id='word_1_8' title='bbox 2364 231 2562 287; x_wconf 78' lang='lat' dir='ltr'>Gratia</span> 
     </span>
    </p>
   </div>
   <div class='ocr_carea' id='block_1_2' title="bbox 562 416 3183 927">
    <p class='ocr_par' dir='ltr' id='par_1_2' title="bbox 562 416 3183 927">
     <span class='ocr_line' id='line_1_2' title="bbox 564 416 3183 501; baseline -0.003 -17"><span class='ocrx_word' id='word_1_9' title='bbox 564 420 1008 501; x_wconf 80' lang='lat' dir='ltr'>eleemosynas</span> <span class='ocrx_word' id='word_1_10' title='bbox 1054 419 1477 483; x_wconf 87' lang='lat' dir='ltr'>salutares</span> <span class='ocrx_word' id='word_1_11' title='bbox 1526 416 1755 493; x_wconf 82' lang='lat' dir='ltr'>facere,</span> <span class='ocrx_word' id='word_1_12' title='bbox 1803 435 2013 498; x_wconf 89' lang='lat' dir='ltr'>neque</span> <span class='ocrx_word' id='word_1_13' title='bbox 2061 416 2267 496; x_wconf 88' lang='lat' dir='ltr'>legem</span> <span class='ocrx_word' id='word_1_14' title='bbox 2317 416 2922 496; x_wconf 81' lang='lat' dir='ltr'>integramservare</span> <span class='ocrx_word' id='word_1_15' title='bbox 2953 419 3183 495; x_wconf 82' lang='lat' dir='ltr'>potest.</span> 
     </span>
     <span class='ocr_line' id='line_1_3' title="bbox 563 521 3183 610; baseline -0.002 -20"><span class='ocrx_word' id='word_1_16' title='bbox 563 527 757 610; x_wconf 87' lang='lat' dir='ltr'><strong>Atqui</strong></span> <span class='ocrx_word' id='word_1_17' title='bbox 788 546 917 591; x_wconf 88' lang='lat' dir='ltr'>non</span> <span class='ocrx_word' id='word_1_18' title='bbox 948 525 1249 591; x_wconf 88' lang='lat' dir='ltr'>obstante</span> <span class='ocrx_word' id='word_1_19' title='bbox 1282 525 1489 606; x_wconf 86' lang='lat' dir='ltr'>gratia</span> <span class='ocrx_word' id='word_1_20' title='bbox 1534 525 1637 588; x_wconf 92' lang='lat' dir='ltr'>hic</span> <span class='ocrx_word' id='word_1_21' title='bbox 1680 523 1860 588; x_wconf 85' lang='lat' dir='ltr'>dives</span> <span class='ocrx_word' id='word_1_22' title='bbox 1905 541 2036 588; x_wconf 89' lang='lat' dir='ltr'>non</span> <span class='ocrx_word' id='word_1_23' title='bbox 2068 530 2167 587; x_wconf 90' lang='lat' dir='ltr'>est</span> <span class='ocrx_word' id='word_1_24' title='bbox 2214 522 2295 585; x_wconf 89' lang='lat' dir='ltr'>ad</span> <span class='ocrx_word' id='word_1_25' title='bbox 2329 540 2524 586; x_wconf 89' lang='lat' dir='ltr'>unum</span> <span class='ocrx_word' id='word_1_26' title='bbox 2559 521 3038 597; x_wconf 80' lang='lat' dir='ltr'>determinatuS,</span> <span class='ocrx_word' id='word_1_27' title='bbox 3069 522 3183 586; x_wconf 88' lang='lat' dir='ltr'>sed</span> 
     </span>
     <span class='ocr_line' id='line_1_4' title="bbox 563 628 3181 715; baseline -0.002 -18"><span class='ocrx_word' id='word_1_28' title='bbox 563 636 628 697; x_wconf 89' lang='lat' dir='ltr'>in</span> <span class='ocrx_word' id='word_1_29' title='bbox 659 653 779 698; x_wconf 90' lang='lat' dir='ltr'>sua</span> <span class='ocrx_word' id='word_1_30' title='bbox 809 639 1131 715; x_wconf 84' lang='lat' dir='ltr'>potestate</span> <span class='ocrx_word' id='word_1_31' title='bbox 1163 632 1369 697; x_wconf 49' lang='lat' dir='ltr'>habet*</span> <span class='ocrx_word' id='word_1_32' title='bbox 1394 650 1584 713; x_wconf 85' lang='lat' dir='ltr'>agere</span> <span class='ocrx_word' id='word_1_33' title='bbox 1618 631 1790 714; x_wconf 89' lang='lat' dir='ltr'>quod</span> <span class='ocrx_word' id='word_1_34' title='bbox 1822 630 1989 705; x_wconf 75' lang='lat' dir='ltr'>vult3</span> <span class='ocrx_word' id='word_1_35' title='bbox 2022 630 2297 712; x_wconf 88' lang='lat' dir='ltr'>ideoque</span> <span class='ocrx_word' id='word_1_36' title='bbox 2330 628 2645 704; x_wconf 89' lang='lat' dir='ltr'>laudatur,</span> <span class='ocrx_word' id='word_1_37' title='bbox 2680 629 2852 712; x_wconf 90' lang='lat' dir='ltr'>quod</span> <span class='ocrx_word' id='word_1_38' title='bbox 2884 647 3032 693; x_wconf 90' lang='lat' dir='ltr'>cum</span> <span class='ocrx_word' id='word_1_39' title='bbox 3062 647 3181 710; x_wconf 90' lang='lat' dir='ltr'>po-</span> 
     </span>
     <span class='ocr_line' id='line_1_5' title="bbox 564 734 3177 820; baseline -0.002 -16"><span class='ocrx_word' id='word_1_40' title='bbox 564 741 754 806; x_wconf 89' lang='lat' dir='ltr'>tuerit</span> <span class='ocrx_word' id='word_1_41' title='bbox 800 741 1041 803; x_wconf 89' lang='lat' dir='ltr'>malum</span> <span class='ocrx_word' id='word_1_42' title='bbox 1092 741 1300 820; x_wconf 86' lang='lat' dir='ltr'>agere,</span> <span class='ocrx_word' id='word_1_43' title='bbox 1353 736 1551 819; x_wconf 86' lang='lat' dir='ltr'>egerit</span> <span class='ocrx_word' id='word_1_44' title='bbox 1599 737 1859 801; x_wconf 87' lang='lat' dir='ltr'>bonurn.</span> <span class='ocrx_word' id='word_1_45' title='bbox 1923 734 2086 817; x_wconf 84' lang='lat' dir='ltr'>Ergo</span> <span class='ocrx_word' id='word_1_46' title='bbox 2118 737 2314 800; x_wconf 88' lang='lat' dir='ltr'>homo</span> <span class='ocrx_word' id='word_1_47' title='bbox 2366 735 2486 799; x_wconf 87' lang='lat' dir='ltr'>sub</span> <span class='ocrx_word' id='word_1_48' title='bbox 2540 736 2744 816; x_wconf 88' lang='lat' dir='ltr'>gratia</span> <span class='ocrx_word' id='word_1_49' title='bbox 2793 737 3177 801; x_wconf 83' lang='lat' dir='ltr'>constitutus</span> 
     </span>
     <span class='ocr_line' id='line_1_6' title="bbox 562 844 2159 927; baseline -0.003 -17"><span class='ocrx_word' id='word_1_50' title='bbox 562 853 784 912; x_wconf 88' lang='lat' dir='ltr'>manet</span> <span class='ocrx_word' id='word_1_51' title='bbox 813 846 989 923; x_wconf 91' lang='lat' dir='ltr'>liber,</span> <span class='ocrx_word' id='word_1_52' title='bbox 1021 864 1142 910; x_wconf 90' lang='lat' dir='ltr'>nec</span> <span class='ocrx_word' id='word_1_53' title='bbox 1172 846 1380 927; x_wconf 87' lang='lat' dir='ltr'>gratia</span> <span class='ocrx_word' id='word_1_54' title='bbox 1412 845 1494 908; x_wconf 89' lang='lat' dir='ltr'>ad</span> <span class='ocrx_word' id='word_1_55' title='bbox 1528 864 1726 908; x_wconf 88' lang='lat' dir='ltr'>unum</span> <span class='ocrx_word' id='word_1_56' title='bbox 1759 844 2159 909; x_wconf 81' lang='lat' dir='ltr'>determinat.</span> 
     </span>
    </p>
   </div>
   <div class='ocr_carea' id='block_1_3' title="bbox 558 966 3183 3087">
    <p class='ocr_par' dir='ltr' id='par_1_3' title="bbox 558 966 3183 3087">
     <span class='ocr_line' id='line_1_7' title="bbox 739 966 3181 1043; baseline -0.003 -7"><span class='ocrx_word' id='word_1_57' title='bbox 739 973 802 1041; x_wconf 73' lang='lat'>2.</span> <span class='ocrx_word' id='word_1_58' title='bbox 836 970 1060 1037; x_wconf 83' lang='lat' dir='ltr'>Gratia</span> <span class='ocrx_word' id='word_1_59' title='bbox 1105 971 1188 1034; x_wconf 87' lang='lat' dir='ltr'>ad</span> <span class='ocrx_word' id='word_1_60' title='bbox 1236 990 1434 1034; x_wconf 88' lang='lat' dir='ltr'>unum</span> <span class='ocrx_word' id='word_1_61' title='bbox 1485 969 1921 1033; x_wconf 84' lang='lat' dir='ltr'>determinans</span> <span class='ocrx_word' id='word_1_62' title='bbox 1972 967 2252 1032; x_wconf 85' lang='lat' dir='ltr'>excludit</span> <span class='ocrx_word' id='word_1_63' title='bbox 2299 967 2815 1043; x_wconf 78' lang='lat' dir='ltr'>electionem,</span> <span class='ocrx_word' id='word_1_64' title='bbox 2862 966 3181 1031; x_wconf 87' lang='lat' dir='ltr'>desectum</span> 
     </span>
     <span class='ocr_line' id='line_1_8' title="bbox 562 1073 3182 1161; baseline -0.002 -19"><span class='ocrx_word' id='word_1_65' title='bbox 562 1079 1050 1161; x_wconf 83' lang='lat' dir='ltr'>cooperationis,</span> <span class='ocrx_word' id='word_1_66' title='bbox 1072 1078 1314 1141; x_wconf 90' lang='lat' dir='ltr'>nullum</span> <span class='ocrx_word' id='word_1_67' title='bbox 1335 1077 1633 1159; x_wconf 87' lang='lat' dir='ltr'>relinquit</span> <span class='ocrx_word' id='word_1_68' title='bbox 1664 1076 1881 1139; x_wconf 88' lang='lat' dir='ltr'>locum</span> <span class='ocrx_word' id='word_1_69' title='bbox 1915 1075 2361 1141; x_wconf 85' lang='lat' dir='ltr'>exhortationi.</span> <span class='ocrx_word' id='word_1_70' title='bbox 2397 1074 2593 1157; x_wconf 88' lang='lat' dir='ltr'>Atqui</span> <span class='ocrx_word' id='word_1_71' title='bbox 2626 1074 2691 1137; x_wconf 91' lang='lat' dir='ltr'>in</span> <span class='ocrx_word' id='word_1_72' title='bbox 2726 1074 2954 1137; x_wconf 89' lang='lat' dir='ltr'>divinis</span> <span class='ocrx_word' id='word_1_73' title='bbox 2987 1073 3182 1138; x_wconf 86' lang='lat' dir='ltr'>literis</span> 
     </span>
     <span class='ocr_line' id='line_1_9' title="bbox 561 1168 3180 1266; baseline -0.003 -18"><span class='ocrx_word' id='word_1_74' title='bbox 561 1174 802 1249; x_wconf 88' lang='lat' dir='ltr'>homini</span> <span class='ocrx_word' id='word_1_75' title='bbox 847 1168 1053 1266; x_wconf 88' lang='lat' dir='ltr'>gratia</span> <span class='ocrx_word' id='word_1_76' title='bbox 1100 1190 1451 1266; x_wconf 89' lang='lat' dir='ltr'>praevento</span> <span class='ocrx_word' id='word_1_77' title='bbox 1497 1181 1768 1246; x_wconf 88' lang='lat' dir='ltr'>facultas</span> <span class='ocrx_word' id='word_1_78' title='bbox 1805 1181 2189 1245; x_wconf 86' lang='lat' dir='ltr'>adscribitur</span> <span class='ocrx_word' id='word_1_79' title='bbox 2225 1180 2534 1261; x_wconf 86' lang='lat' dir='ltr'>eligendi:</span> <span class='ocrx_word' id='word_1_80' title='bbox 2594 1179 2777 1244; x_wconf 89' lang='lat' dir='ltr'>Eccli.</span> <span class='ocrx_word' id='word_1_81' title='bbox 2820 1184 2917 1258; x_wconf 82' lang='lat'>15,</span> <span class='ocrx_word' id='word_1_82' title='bbox 2956 1186 3034 1249; x_wconf 87' lang='grc'>16</span> <span class='ocrx_word' id='word_1_83' title='bbox 3069 1200 3180 1244; x_wconf 75' lang='lat' dir='ltr'>ss:</span> 
     </span>
     <span class='ocr_line' id='line_1_10' title="bbox 563 1288 3183 1374; baseline -0.002 -19"><span class='ocrx_word' id='word_1_84' title='bbox 563 1290 633 1355; x_wconf 65' lang='lat' dir='ltr'>Sa·</span> <span class='ocrx_word' id='word_1_85' title='bbox 664 1292 927 1355; x_wconf 76' lang='lat' dir='ltr'>volueris</span> <span class='ocrx_word' id='word_1_86' title='bbox 957 1292 1266 1356; x_wconf 84' lang='lat' dir='ltr'>mandata</span> <span class='ocrx_word' id='word_1_87' title='bbox 1311 1311 1591 1355; x_wconf 80' lang='lat' dir='ltr'>servare.-</span> <span class='ocrx_word' id='word_1_88' title='bbox 1637 1290 2082 1353; x_wconf 79' lang='lat' dir='ltr'>conservabunt</span> <span class='ocrx_word' id='word_1_89' title='bbox 2114 1296 2170 1351; x_wconf 90' lang='lat' dir='ltr'>te</span> <span class='ocrx_word' id='word_1_90' title='bbox 2201 1342 2214 1355; x_wconf 95' lang='lat'>.</span> <span class='ocrx_word' id='word_1_91' title='bbox 2250 1342 2266 1356; x_wconf 93' lang='lat'>.</span> <span class='ocrx_word' id='word_1_92' title='bbox 2298 1341 2310 1355; x_wconf 93' lang='lat'>.</span> <span class='ocrx_word' id='word_1_93' title='bbox 2375 1290 2689 1374; x_wconf 77' lang='lat' dir='ltr'>Apposuit</span> <span class='ocrx_word' id='word_1_94' title='bbox 2721 1288 2833 1350; x_wconf 82' lang='lat' dir='ltr'>tibi</span> <span class='ocrx_word' id='word_1_95' title='bbox 2865 1308 3094 1372; x_wconf 79' lang='lat' dir='ltr'>aquam</span> <span class='ocrx_word' id='word_1_96' title='bbox 3129 1297 3183 1351; x_wconf 83' lang='lat' dir='ltr'>et</span> 
     </span>
     <span class='ocr_line' id='line_1_11' title="bbox 560 1395 3179 1483; baseline -0.002 -22"><span class='ocrx_word' id='word_1_97' title='bbox 560 1400 785 1481; x_wconf 78' lang='lat' dir='ltr'>iqnem,</span> <span class='ocrx_word' id='word_1_98' title='bbox 817 1400 905 1462; x_wconf 86' lang='lat' dir='ltr'>ad</span> <span class='ocrx_word' id='word_1_99' title='bbox 935 1398 1099 1483; x_wconf 84' lang='lat' dir='ltr'>quod</span> <span class='ocrx_word' id='word_1_100' title='bbox 1128 1398 1413 1474; x_wconf 76' lang='lat' dir='ltr'>volueri3‚</span> <span class='ocrx_word' id='word_1_101' title='bbox 1444 1398 1696 1479; x_wconf 76' lang='lat' dir='ltr'>porriqe</span> <span class='ocrx_word' id='word_1_102' title='bbox 1714 1415 1976 1458; x_wconf 83' lang='lat' dir='ltr'>manum</span> <span class='ocrx_word' id='word_1_103' title='bbox 1995 1402 2190 1463; x_wconf 80' lang='lat' dir='ltr'>tuam.</span> <span class='ocrx_word' id='word_1_104' title='bbox 2240 1396 2407 1458; x_wconf 80' lang='lat' dir='ltr'>Ante</span> <span class='ocrx_word' id='word_1_105' title='bbox 2443 1395 2749 1457; x_wconf 79' lang='lat' dir='ltr'>hominem</span> <span class='ocrx_word' id='word_1_106' title='bbox 2768 1396 2901 1459; x_wconf 79' lang='lat' dir='ltr'>vita</span> <span class='ocrx_word' id='word_1_107' title='bbox 2921 1402 2977 1457; x_wconf 88' lang='lat' dir='ltr'>et</span> <span class='ocrx_word' id='word_1_108' title='bbox 2996 1415 3179 1467; x_wconf 84' lang='lat' dir='ltr'>mors,</span> 
     </span>
     <span class='ocr_line' id='line_1_12' title="bbox 563 1502 3179 1589; baseline -0.001 -22"><span class='ocrx_word' id='word_1_109' title='bbox 563 1505 786 1568; x_wconf 82' lang='lat' dir='ltr'>bonum</span> <span class='ocrx_word' id='word_1_110' title='bbox 820 1511 876 1567; x_wconf 84' lang='lat' dir='ltr'>et</span> <span class='ocrx_word' id='word_1_111' title='bbox 907 1504 1164 1589; x_wconf 81' lang='lat' dir='ltr'>malum,</span> <span class='ocrx_word' id='word_1_112' title='bbox 1197 1505 1361 1589; x_wconf 82' lang='lat' dir='ltr'>quod</span> <span class='ocrx_word' id='word_1_113' title='bbox 1380 1504 1694 1589; x_wconf 78' lang='lat' dir='ltr'>placuerit</span> <span class='ocrx_word' id='word_1_114' title='bbox 1727 1506 1804 1588; x_wconf 83' lang='lat' dir='ltr'>ei,</span> <span class='ocrx_word' id='word_1_115' title='bbox 1837 1504 2083 1567; x_wconf 81' lang='lat' dir='ltr'>dabitur</span> <span class='ocrx_word' id='word_1_116' title='bbox 2122 1502 2260 1582; x_wconf 75' lang='lat' dir='ltr'>im,-</span> <span class='ocrx_word' id='word_1_117' title='bbox 2305 1502 2486 1567; x_wconf 87' lang='lat' dir='ltr'>Deut.</span> <span class='ocrx_word' id='word_1_118' title='bbox 2521 1508 2624 1578; x_wconf 87' lang='lat'>30,</span> <span class='ocrx_word' id='word_1_119' title='bbox 2665 1507 2776 1571; x_wconf 86' lang='lat'>19:</span> <span class='ocrx_word' id='word_1_120' title='bbox 2834 1502 3037 1566; x_wconf 78' lang='lat' dir='ltr'>Testes</span> <span class='ocrx_word' id='word_1_121' title='bbox 3088 1506 3179 1567; x_wconf 79' lang='lat' dir='ltr'>in-</span> 
     </span>
     <span class='ocr_line' id='line_1_13' title="bbox 560 1610 3181 1696; baseline 0 -22"><span class='ocrx_word' id='word_1_122' title='bbox 560 1632 701 1675; x_wconf 89' lang='lat' dir='ltr'>voco</span> <span class='ocrx_word' id='word_1_123' title='bbox 732 1612 911 1675; x_wconf 82' lang='lat' dir='ltr'>hodie</span> <span class='ocrx_word' id='word_1_124' title='bbox 942 1612 1175 1676; x_wconf 83' lang='lat' dir='ltr'>coelum</span> <span class='ocrx_word' id='word_1_125' title='bbox 1208 1622 1264 1675; x_wconf 85' lang='lat' dir='ltr'>et</span> <span class='ocrx_word' id='word_1_126' title='bbox 1294 1620 1548 1691; x_wconf 83' lang='lat' dir='ltr'>terram,</span> <span class='ocrx_word' id='word_1_127' title='bbox 1582 1612 1746 1696; x_wconf 78' lang='lat' dir='ltr'>quod</span> <span class='ocrx_word' id='word_1_128' title='bbox 1764 1612 2208 1694; x_wconf 69' lang='lat' dir='ltr'>proposuerim</span> <span class='ocrx_word' id='word_1_129' title='bbox 2258 1610 2428 1674; x_wconf 77' lang='lat' dir='ltr'>vobis</span> <span class='ocrx_word' id='word_1_130' title='bbox 2470 1612 2660 1674; x_wconf 74' lang='lat' dir='ltr'>vitam</span> <span class='ocrx_word' id='word_1_131' title='bbox 2695 1617 2752 1674; x_wconf 90' lang='lat' dir='ltr'>et</span> <span class='ocrx_word' id='word_1_132' title='bbox 2781 1621 3058 1685; x_wconf 85' lang='lat' dir='ltr'>mortem,</span> <span class='ocrx_word' id='word_1_133' title='bbox 3091 1611 3181 1675; x_wconf 87' lang='lat' dir='ltr'>be·</span> 
     </span>
     <span class='ocr_line' id='line_1_14' title="bbox 562 1716 3183 1801; baseline -0.001 -20"><span class='ocrx_word' id='word_1_134' title='bbox 562 1719 963 1782; x_wconf 79' lang='lat' dir='ltr'>nedictionem</span> <span class='ocrx_word' id='word_1_135' title='bbox 996 1726 1051 1783; x_wconf 89' lang='lat' dir='ltr'>et</span> <span class='ocrx_word' id='word_1_136' title='bbox 1084 1719 1587 1784; x_wconf 80' lang='lat' dir='ltr'>maledictionem.</span> <span class='ocrx_word' id='word_1_137' title='bbox 1649 1716 1829 1800; x_wconf 74' lang='lat' dir='ltr'>Eliye</span> <span class='ocrx_word' id='word_1_138' title='bbox 1878 1738 2020 1801; x_wconf 75' lang='lat' dir='ltr'>erqo</span> <span class='ocrx_word' id='word_1_139' title='bbox 2070 1720 2283 1800; x_wconf 81' lang='lat' dir='ltr'>vitam,</span> <span class='ocrx_word' id='word_1_140' title='bbox 2329 1724 2399 1780; x_wconf 85' lang='lat' dir='ltr'>ut</span> <span class='ocrx_word' id='word_1_141' title='bbox 2448 1725 2504 1781; x_wconf 90' lang='lat' dir='ltr'>et</span> <span class='ocrx_word' id='word_1_142' title='bbox 2554 1723 2623 1779; x_wconf 78' lang='lat' dir='ltr'>tu</span> <span class='ocrx_word' id='word_1_143' title='bbox 2666 1719 2838 1781; x_wconf 77' lang='lat' dir='ltr'>viras</span> <span class='ocrx_word' id='word_1_144' title='bbox 2880 1725 2938 1781; x_wconf 88' lang='lat' dir='ltr'>et</span> <span class='ocrx_word' id='word_1_145' title='bbox 2983 1738 3183 1783; x_wconf 80' lang='lat' dir='ltr'>semen</span> 
     </span>
     <span class='ocr_line' id='line_1_15' title="bbox 562 1823 3180 1909; baseline -0 -21"><span class='ocrx_word' id='word_1_146' title='bbox 562 1832 759 1909; x_wconf 81' lang='lat' dir='ltr'>tuum,</span> <span class='ocrx_word' id='word_1_147' title='bbox 792 1833 845 1889; x_wconf 87' lang='lat' dir='ltr'>et</span> <span class='ocrx_word' id='word_1_148' title='bbox 876 1827 1099 1908; x_wconf 75' lang='lat' dir='ltr'>diliyas</span> <span class='ocrx_word' id='word_1_149' title='bbox 1132 1825 1471 1889; x_wconf 81' lang='lat' dir='ltr'>Dominum</span> <span class='ocrx_word' id='word_1_150' title='bbox 1507 1824 1711 1888; x_wconf 78' lang='lat' dir='ltr'>Deum</span> <span class='ocrx_word' id='word_1_151' title='bbox 1744 1832 1964 1903; x_wconf 78' lang='lat' dir='ltr'>tuum‚·</span> <span class='ocrx_word' id='word_1_152' title='bbox 1995 1823 2069 1890; x_wconf 86' lang='lat' dir='ltr'>cf.</span> <span class='ocrx_word' id='word_1_153' title='bbox 2102 1825 2231 1889; x_wconf 87' lang='lat' dir='ltr'>Jos.</span> <span class='ocrx_word' id='word_1_154' title='bbox 2266 1830 2370 1901; x_wconf 81' lang='lat'>24,</span> <span class='ocrx_word' id='word_1_155' title='bbox 2410 1829 2508 1894; x_wconf 79' lang='lat'>15.</span> <span class='ocrx_word' id='word_1_156' title='bbox 2545 1828 2663 1900; x_wconf 77' lang='lat'>223</span> <span class='ocrx_word' id='word_1_157' title='bbox 2698 1824 2918 1888; x_wconf 79' lang='lat' dir='ltr'>Matth.</span> <span class='ocrx_word' id='word_1_158' title='bbox 2955 1829 3057 1902; x_wconf 85' lang='lat'>19,</span> <span class='ocrx_word' id='word_1_159' title='bbox 3085 1830 3180 1894; x_wconf 78' lang='lat'>17.</span> 
     </span>
     <span class='ocr_line' id='line_1_16' title="bbox 562 1932 3178 2013; baseline -0.003 -11"><span class='ocrx_word' id='word_1_160' title='bbox 562 1939 679 2008; x_wconf 81' lang='lat'>21;</span> <span class='ocrx_word' id='word_1_161' title='bbox 719 1938 771 2001; x_wconf 95' lang='grc'><strong>1.</strong></span> <span class='ocrx_word' id='word_1_162' title='bbox 805 1932 946 1997; x_wconf 88' lang='lat' dir='ltr'>Cor.</span> <span class='ocrx_word' id='word_1_163' title='bbox 983 1940 1039 2009; x_wconf 76' lang='lat'>7,</span> <span class='ocrx_word' id='word_1_164' title='bbox 1073 1938 1191 2009; x_wconf 83' lang='lat'>37;</span> <span class='ocrx_word' id='word_1_165' title='bbox 1224 1933 1297 1997; x_wconf 88' lang='lat' dir='ltr'>Is.</span> <span class='ocrx_word' id='word_1_166' title='bbox 1332 1937 1435 2009; x_wconf 83' lang='lat'>50,</span> <span class='ocrx_word' id='word_1_167' title='bbox 1475 1938 1572 2001; x_wconf 89' lang='grc'>16.</span> <span class='ocrx_word' id='word_1_168' title='bbox 1607 1938 1692 2002; x_wconf 79' lang='grc'>20</span> <span class='ocrx_word' id='word_1_169' title='bbox 1725 1938 1875 2008; x_wconf 85' lang='lat' dir='ltr'>etc.;</span> <span class='ocrx_word' id='word_1_170' title='bbox 1909 1938 2253 1996; x_wconf 89' lang='lat' dir='ltr'>monentur</span> <span class='ocrx_word' id='word_1_171' title='bbox 2287 1933 2600 2008; x_wconf 89' lang='lat' dir='ltr'>homines,</span> <span class='ocrx_word' id='word_1_172' title='bbox 2635 1938 2707 1995; x_wconf 93' lang='lat' dir='ltr'>ut</span> <span class='ocrx_word' id='word_1_173' title='bbox 2733 1932 2978 2013; x_wconf 85' lang='lat' dir='ltr'>gratiae</span> <span class='ocrx_word' id='word_1_174' title='bbox 3015 1938 3178 1996; x_wconf 83' lang='lat' dir='ltr'>stre-</span> 
     </span>
     <span class='ocr_line' id='line_1_17' title="bbox 561 2038 3180 2122; baseline -0.001 -19"><span class='ocrx_word' id='word_1_175' title='bbox 561 2058 688 2103; x_wconf 84' lang='lat' dir='ltr'>nue</span> <span class='ocrx_word' id='word_1_176' title='bbox 736 2047 1195 2122; x_wconf 83' lang='lat' dir='ltr'>cooperentur;</span> <span class='ocrx_word' id='word_1_177' title='bbox 1246 2040 1466 2122; x_wconf 89' lang='lat' dir='ltr'>Philip.</span> <span class='ocrx_word' id='word_1_178' title='bbox 1502 2046 1559 2114; x_wconf 80' lang='grc'>2,</span> <span class='ocrx_word' id='word_1_179' title='bbox 1602 2044 1710 2107; x_wconf 80' lang='lat'>12:</span> <span class='ocrx_word' id='word_1_180' title='bbox 1764 2038 1921 2105; x_wconf 77' lang='lat' dir='ltr'>Cum</span> <span class='ocrx_word' id='word_1_181' title='bbox 1973 2046 2137 2103; x_wconf 75' lang='lat' dir='ltr'>metu</span> <span class='ocrx_word' id='word_1_182' title='bbox 2188 2048 2242 2103; x_wconf 89' lang='lat' dir='ltr'>et</span> <span class='ocrx_word' id='word_1_183' title='bbox 2291 2046 2551 2103; x_wconf 86' lang='lat' dir='ltr'>tremore</span> <span class='ocrx_word' id='word_1_184' title='bbox 2601 2046 2869 2103; x_wconf 82' lang='lat' dir='ltr'>vestram</span> <span class='ocrx_word' id='word_1_185' title='bbox 2918 2040 3180 2102; x_wconf 78' lang='lat' dir='ltr'>salutem</span> 
     </span>
     <span class='ocr_line' id='line_1_18' title="bbox 561 2146 3177 2234; baseline 0 -26"><span class='ocrx_word' id='word_1_186' title='bbox 561 2149 1006 2234; x_wconf 80' lang='lat' dir='ltr'>operamini¹);</span> <span class='ocrx_word' id='word_1_187' title='bbox 1040 2153 1098 2217; x_wconf 84' lang='grc'><strong>2.</strong></span> <span class='ocrx_word' id='word_1_188' title='bbox 1132 2146 1297 2212; x_wconf 88' lang='lat' dir='ltr'>Petr.</span> <span class='ocrx_word' id='word_1_189' title='bbox 1335 2153 1391 2223; x_wconf 90' lang='lat'>1,</span> <span class='ocrx_word' id='word_1_190' title='bbox 1434 2154 1537 2217; x_wconf 79' lang='grc' dir='ltr'>1οτ</span> <span class='ocrx_word' id='word_1_191' title='bbox 1601 2153 1882 2230; x_wconf 72' lang='lat' dir='ltr'>FratreS,</span> <span class='ocrx_word' id='word_1_192' title='bbox 1931 2149 2135 2230; x_wconf 76' lang='lat' dir='ltr'>maqis</span> <span class='ocrx_word' id='word_1_193' title='bbox 2183 2150 2472 2229; x_wconf 75' lang='lat' dir='ltr'>satayite,</span> <span class='ocrx_word' id='word_1_194' title='bbox 2523 2151 2592 2208; x_wconf 82' lang='lat' dir='ltr'>ut</span> <span class='ocrx_word' id='word_1_195' title='bbox 2627 2168 2748 2229; x_wconf 81' lang='lat' dir='ltr'>per</span> <span class='ocrx_word' id='word_1_196' title='bbox 2799 2147 2960 2209; x_wconf 84' lang='lat' dir='ltr'>bona</span> <span class='ocrx_word' id='word_1_197' title='bbox 2993 2167 3177 2229; x_wconf 77' lang='lat' dir='ltr'>opera</span> 
     </span>
     <span class='ocr_line' id='line_1_19' title="bbox 563 2252 3176 2334; baseline 0.002 -19"><span class='ocrx_word' id='word_1_198' title='bbox 563 2260 792 2317; x_wconf 85' lang='lat' dir='ltr'>certam</span> <span class='ocrx_word' id='word_1_199' title='bbox 826 2260 1091 2318; x_wconf 81' lang='lat' dir='ltr'>vestram</span> <span class='ocrx_word' id='word_1_200' title='bbox 1125 2256 1500 2318; x_wconf 81' lang='lat' dir='ltr'>vocationem</span> <span class='ocrx_word' id='word_1_201' title='bbox 1546 2261 1603 2317; x_wconf 90' lang='lat' dir='ltr'>et</span> <span class='ocrx_word' id='word_1_202' title='bbox 1635 2256 1979 2318; x_wconf 81' lang='lat' dir='ltr'>electionem</span> <span class='ocrx_word' id='word_1_203' title='bbox 2012 2253 2272 2334; x_wconf 83' lang='lat' dir='ltr'>faciatis</span> <span class='ocrx_word' id='word_1_204' title='bbox 2287 2276 2314 2331; x_wconf 90' lang='lat'>‚·</span> <span class='ocrx_word' id='word_1_205' title='bbox 2364 2252 2436 2316; x_wconf 87' lang='lat' dir='ltr'>cf.</span> <span class='ocrx_word' id='word_1_206' title='bbox 2472 2253 2668 2319; x_wconf 87' lang='lat' dir='ltr'>etiam</span> <span class='ocrx_word' id='word_1_207' title='bbox 2701 2253 2888 2318; x_wconf 89' lang='lat' dir='ltr'>Hebr.</span> <span class='ocrx_word' id='word_1_208' title='bbox 2930 2259 3026 2329; x_wconf 81' lang='lat'>12,</span> <span class='ocrx_word' id='word_1_209' title='bbox 3067 2257 3176 2328; x_wconf 81' lang='lat'>12;</span> 
     </span>
     <span class='ocr_line' id='line_1_20' title="bbox 563 2358 3179 2441; baseline -0.003 -11"><span class='ocrx_word' id='word_1_210' title='bbox 563 2358 758 2441; x_wconf 82' lang='lat' dir='ltr'>Apoc.</span> <span class='ocrx_word' id='word_1_211' title='bbox 794 2367 852 2437; x_wconf 83' lang='lat'>3,</span> <span class='ocrx_word' id='word_1_212' title='bbox 888 2367 988 2432; x_wconf 88' lang='grc'>18.</span> <span class='ocrx_word' id='word_1_213' title='bbox 1023 2366 1139 2438; x_wconf 79' lang='lat'>20;</span> <span class='ocrx_word' id='word_1_214' title='bbox 1174 2366 1277 2437; x_wconf 81' lang='lat'>22,</span> <span class='ocrx_word' id='word_1_215' title='bbox 1320 2366 1395 2428; x_wconf 85' lang='lat'>17</span> <span class='ocrx_word' id='word_1_216' title='bbox 1431 2368 1579 2436; x_wconf 89' lang='lat' dir='ltr'>etc.;</span> <span class='ocrx_word' id='word_1_217' title='bbox 1613 2360 1757 2425; x_wconf 93' lang='lat' dir='ltr'>ideo</span> <span class='ocrx_word' id='word_1_218' title='bbox 1793 2366 2010 2425; x_wconf 89' lang='lat' dir='ltr'>autem</span> <span class='ocrx_word' id='word_1_219' title='bbox 2032 2365 2392 2436; x_wconf 88' lang='lat' dir='ltr'>monentur,</span> <span class='ocrx_word' id='word_1_220' title='bbox 2427 2360 2598 2441; x_wconf 89' lang='lat' dir='ltr'>quod</span> <span class='ocrx_word' id='word_1_221' title='bbox 2632 2380 2710 2424; x_wconf 88' lang='lat' dir='ltr'>ex</span> <span class='ocrx_word' id='word_1_222' title='bbox 2743 2358 2994 2424; x_wconf 87' lang='lat' dir='ltr'>defectu</span> <span class='ocrx_word' id='word_1_223' title='bbox 3023 2376 3179 2421; x_wconf 89' lang='lat' dir='ltr'>coo-</span> 
     </span>
     <span class='ocr_line' id='line_1_21' title="bbox 562 2460 3181 2553; baseline -0.001 -22"><span class='ocrx_word' id='word_1_224' title='bbox 562 2467 911 2549; x_wconf 86' lang='lat' dir='ltr'>perationis</span> <span class='ocrx_word' id='word_1_225' title='bbox 957 2468 1092 2533; x_wconf 86' lang='lat' dir='ltr'>fieri</span> <span class='ocrx_word' id='word_1_226' title='bbox 1136 2469 1353 2553; x_wconf 82' lang='lat' dir='ltr'>possit,</span> <span class='ocrx_word' id='word_1_227' title='bbox 1385 2475 1458 2533; x_wconf 92' lang='lat' dir='ltr'>ut</span> <span class='ocrx_word' id='word_1_228' title='bbox 1487 2468 1694 2549; x_wconf 86' lang='lat' dir='ltr'>gratia</span> <span class='ocrx_word' id='word_1_229' title='bbox 1725 2460 1990 2531; x_wconf 86' lang='lat' dir='ltr'>maneat</span> <span class='ocrx_word' id='word_1_230' title='bbox 2038 2483 2259 2543; x_wconf 88' lang='lat' dir='ltr'>vacua,</span> <span class='ocrx_word' id='word_1_231' title='bbox 2313 2473 2370 2551; x_wconf 77' lang='lat'>2.</span> <span class='ocrx_word' id='word_1_232' title='bbox 2408 2465 2549 2530; x_wconf 89' lang='lat' dir='ltr'>Cor.</span> <span class='ocrx_word' id='word_1_233' title='bbox 2585 2473 2643 2542; x_wconf 92' lang='grc'>6,</span> <span class='ocrx_word' id='word_1_234' title='bbox 2683 2474 2751 2535; x_wconf 88' lang='lat'>1:</span> <span class='ocrx_word' id='word_1_235' title='bbox 2785 2467 3181 2550; x_wconf 62' lang='lat' dir='ltr'>Adjuvantes</span> 
     </span>
     <span class='ocr_line' id='line_1_22' title="bbox 562 2574 3182 2658; baseline -0 -20"><span class='ocrx_word' id='word_1_236' title='bbox 562 2574 983 2653; x_wconf 78' lang='lat' dir='ltr'>exhortamur,</span> <span class='ocrx_word' id='word_1_237' title='bbox 1014 2598 1091 2639; x_wconf 82' lang='lat' dir='ltr'>ne</span> <span class='ocrx_word' id='word_1_238' title='bbox 1124 2578 1191 2638; x_wconf 85' lang='lat' dir='ltr'>in</span> <span class='ocrx_word' id='word_1_239' title='bbox 1222 2596 1480 2641; x_wconf 76' lang='lat' dir='ltr'>vacuum</span> <span class='ocrx_word' id='word_1_240' title='bbox 1512 2577 1790 2658; x_wconf 76' lang='lat' dir='ltr'>qratiam</span> <span class='ocrx_word' id='word_1_241' title='bbox 1826 2574 1948 2638; x_wconf 85' lang='lat' dir='ltr'>Dei</span> <span class='ocrx_word' id='word_1_242' title='bbox 1982 2576 2302 2658; x_wconf 80' lang='lat' dir='ltr'>recipiatis</span> <span class='ocrx_word' id='word_1_243' title='bbox 2318 2599 2343 2653; x_wconf 83' lang='lat'><em>;</em></span> <span class='ocrx_word' id='word_1_244' title='bbox 2391 2574 2611 2639; x_wconf 84' lang='lat' dir='ltr'>Matth.</span> <span class='ocrx_word' id='word_1_245' title='bbox 2649 2580 2751 2650; x_wconf 81' lang='lat'>23,</span> <span class='ocrx_word' id='word_1_246' title='bbox 2788 2578 2904 2651; x_wconf 80' lang='lat'>373</span> <span class='ocrx_word' id='word_1_247' title='bbox 2951 2574 3088 2639; x_wconf 85' lang='lat' dir='ltr'>Act.</span> <span class='ocrx_word' id='word_1_248' title='bbox 3125 2580 3182 2648; x_wconf 75' lang='lat'>7,</span> 
     </span>
     <span class='ocr_line' id='line_1_23' title="bbox 562 2676 3182 2768; baseline -0.002 -17"><span class='ocrx_word' id='word_1_249' title='bbox 562 2684 641 2751; x_wconf 84' lang='lat'>51</span> <span class='ocrx_word' id='word_1_250' title='bbox 682 2689 831 2761; x_wconf 86' lang='lat' dir='ltr'>etc.;</span> <span class='ocrx_word' id='word_1_251' title='bbox 884 2691 947 2749; x_wconf 89' lang='lat' dir='ltr'>et</span> <span class='ocrx_word' id='word_1_252' title='bbox 976 2685 1139 2750; x_wconf 91' lang='lat' dir='ltr'>haec</span> <span class='ocrx_word' id='word_1_253' title='bbox 1188 2684 1560 2765; x_wconf 88' lang='lat' dir='ltr'>cooperatio</span> <span class='ocrx_word' id='word_1_254' title='bbox 1613 2682 1947 2748; x_wconf 88' lang='lat' dir='ltr'>exhibetur</span> <span class='ocrx_word' id='word_1_255' title='bbox 1995 2680 2265 2768; x_wconf 89' lang='lat' dir='ltr'>subinde</span> <span class='ocrx_word' id='word_1_256' title='bbox 2318 2682 2410 2747; x_wconf 88' lang='lat' dir='ltr'>ita</span> <span class='ocrx_word' id='word_1_257' title='bbox 2460 2676 2744 2760; x_wconf 78' lang='lat' dir='ltr'>difficilis,</span> <span class='ocrx_word' id='word_1_258' title='bbox 2791 2690 2862 2748; x_wconf 88' lang='lat' dir='ltr'>ut</span> <span class='ocrx_word' id='word_1_259' title='bbox 2895 2680 3182 2749; x_wconf 89' lang='lat' dir='ltr'>Christus</span> 
     </span>
     <span class='ocr_line' id='line_1_24' title="bbox 563 2790 3181 2872; baseline -0 -18"><span class='ocrx_word' id='word_1_260' title='bbox 563 2796 832 2856; x_wconf 81' lang='lat' dir='ltr'>testetur</span> <span class='ocrx_word' id='word_1_261' title='bbox 850 2791 1070 2855; x_wconf 88' lang='lat' dir='ltr'>Matth.</span> <span class='ocrx_word' id='word_1_262' title='bbox 1097 2797 1151 2867; x_wconf 85' lang='lat'>7,</span> <span class='ocrx_word' id='word_1_263' title='bbox 1176 2797 1261 2858; x_wconf 81' lang='lat'>24</span> <span class='ocrx_word' id='word_1_264' title='bbox 1282 2797 1527 2854; x_wconf 89' lang='lat' dir='ltr'>arctam</span> <span class='ocrx_word' id='word_1_265' title='bbox 1549 2809 1689 2855; x_wconf 86' lang='lat' dir='ltr'>esse</span> <span class='ocrx_word' id='word_1_266' title='bbox 1711 2790 1900 2865; x_wconf 90' lang='lat' dir='ltr'>viam,</span> <span class='ocrx_word' id='word_1_267' title='bbox 1933 2808 2100 2872; x_wconf 88' lang='lat' dir='ltr'>quae</span> <span class='ocrx_word' id='word_1_268' title='bbox 2132 2790 2306 2854; x_wconf 88' lang='lat' dir='ltr'>ducit</span> <span class='ocrx_word' id='word_1_269' title='bbox 2337 2790 2420 2853; x_wconf 89' lang='lat' dir='ltr'>ad</span> <span class='ocrx_word' id='word_1_270' title='bbox 2445 2790 2657 2866; x_wconf 88' lang='lat' dir='ltr'>vitam,</span> <span class='ocrx_word' id='word_1_271' title='bbox 2691 2791 2857 2855; x_wconf 88' lang='lat' dir='ltr'>adeo</span> <span class='ocrx_word' id='word_1_272' title='bbox 2891 2796 2962 2855; x_wconf 90' lang='lat' dir='ltr'>ut</span> <span class='ocrx_word' id='word_1_273' title='bbox 2991 2792 3181 2872; x_wconf 88' lang='lat' dir='ltr'>pauci</span> 
     </span>
     <span class='ocr_line' id='line_1_25' title="bbox 558 2896 3179 2980; baseline 0.001 -21"><span class='ocrx_word' id='word_1_274' title='bbox 558 2896 734 2960; x_wconf 89' lang='lat' dir='ltr'>illam</span> <span class='ocrx_word' id='word_1_275' title='bbox 767 2898 1096 2978; x_wconf 89' lang='lat' dir='ltr'>arripiant,</span> <span class='ocrx_word' id='word_1_276' title='bbox 1118 2898 1291 2980; x_wconf 89' lang='lat' dir='ltr'>quod</span> <span class='ocrx_word' id='word_1_277' title='bbox 1311 2898 1376 2961; x_wconf 89' lang='lat' dir='ltr'>in</span> <span class='ocrx_word' id='word_1_278' title='bbox 1396 2898 1736 2980; x_wconf 81' lang='lat' dir='ltr'>hypothesi</span> <span class='ocrx_word' id='word_1_279' title='bbox 1756 2898 2002 2978; x_wconf 87' lang='lat' dir='ltr'>gratiae</span> <span class='ocrx_word' id='word_1_280' title='bbox 2021 2899 2469 2964; x_wconf 88' lang='lat' dir='ltr'>necessitantis</span> <span class='ocrx_word' id='word_1_281' title='bbox 2490 2899 2808 2962; x_wconf 89' lang='lat' dir='ltr'>immerito</span> <span class='ocrx_word' id='word_1_282' title='bbox 2845 2898 3179 2963; x_wconf 88' lang='lat' dir='ltr'>diceretur.</span> 
     </span>
     <span class='ocr_line' id='line_1_26' title="bbox 561 3003 2893 3087; baseline 0.001 -21"><span class='ocrx_word' id='word_1_283' title='bbox 561 3003 724 3083; x_wconf 85' lang='lat' dir='ltr'>Ergo</span> <span class='ocrx_word' id='word_1_284' title='bbox 756 3006 963 3084; x_wconf 85' lang='lat' dir='ltr'>gratia</span> <span class='ocrx_word' id='word_1_285' title='bbox 996 3005 1077 3068; x_wconf 92' lang='lat' dir='ltr'>ad</span> <span class='ocrx_word' id='word_1_286' title='bbox 1110 3023 1307 3068; x_wconf 92' lang='lat' dir='ltr'>unum</span> <span class='ocrx_word' id='word_1_287' title='bbox 1340 3022 1472 3068; x_wconf 89' lang='lat' dir='ltr'>non</span> <span class='ocrx_word' id='word_1_288' title='bbox 1503 3004 1949 3082; x_wconf 89' lang='lat' dir='ltr'>determinant,</span> <span class='ocrx_word' id='word_1_289' title='bbox 1982 3024 2191 3087; x_wconf 88' lang='lat' dir='ltr'>neque</span> <span class='ocrx_word' id='word_1_290' title='bbox 2226 3006 2479 3087; x_wconf 88' lang='lat' dir='ltr'>perimit</span> <span class='ocrx_word' id='word_1_291' title='bbox 2514 3005 2893 3071; x_wconf 86' lang='lat' dir='ltr'>libertatem.</span> 
     </span>
    </p>
   </div>
   <div class='ocr_carea' id='block_1_4' title="bbox 561 3126 3186 3639">
    <p class='ocr_par' dir='ltr' id='par_1_4' title="bbox 561 3126 3186 3639">
     <span class='ocr_line' id='line_1_27' title="bbox 740 3126 3182 3212; baseline -0 -18"><span class='ocrx_word' id='word_1_292' title='bbox 740 3129 806 3195; x_wconf 81' lang='lat'>3.</span> <span class='ocrx_word' id='word_1_293' title='bbox 854 3126 1174 3192; x_wconf 87' lang='lat' dir='ltr'>Probatur</span> <span class='ocrx_word' id='word_1_294' title='bbox 1224 3147 1305 3194; x_wconf 91' lang='lat' dir='ltr'>ex</span> <span class='ocrx_word' id='word_1_295' title='bbox 1354 3129 1798 3194; x_wconf 87' lang='lat' dir='ltr'>controversia</span> <span class='ocrx_word' id='word_1_296' title='bbox 1847 3148 1994 3194; x_wconf 86' lang='lat' dir='ltr'>curn</span> <span class='ocrx_word' id='word_1_297' title='bbox 2043 3150 2085 3212; x_wconf 96' lang='lat' dir='ltr'>p</span> <span class='ocrx_word' id='word_1_298' title='bbox 2103 3150 2138 3195; x_wconf 92' lang='lat' dir='ltr'>e</span> <span class='ocrx_word' id='word_1_299' title='bbox 2154 3130 2175 3193; x_wconf 95' lang='lat' dir='ltr'>l</span> <span class='ocrx_word' id='word_1_300' title='bbox 2191 3149 2281 3210; x_wconf 83' lang='lat' dir='ltr'>ag</span> <span class='ocrx_word' id='word_1_301' title='bbox 2297 3130 2316 3193; x_wconf 93' lang='lat' dir='ltr'>i</span> <span class='ocrx_word' id='word_1_302' title='bbox 2335 3149 2433 3193; x_wconf 88' lang='lat' dir='ltr'>an</span> <span class='ocrx_word' id='word_1_303' title='bbox 2449 3130 2468 3193; x_wconf 92' lang='lat' dir='ltr'>i</span> <span class='ocrx_word' id='word_1_304' title='bbox 2485 3151 2549 3205; x_wconf 87' lang='lat' dir='ltr'>s;</span> <span class='ocrx_word' id='word_1_305' title='bbox 2627 3148 2836 3212; x_wconf 87' lang='lat' dir='ltr'>neque</span> <span class='ocrx_word' id='word_1_306' title='bbox 2898 3131 3070 3194; x_wconf 89' lang='lat' dir='ltr'>enim</span> <span class='ocrx_word' id='word_1_307' title='bbox 3119 3151 3182 3201; x_wconf 78' lang='lat' dir='ltr'>a.</span> 
     </span>
     <span class='ocr_line' id='line_1_28' title="bbox 562 3235 3184 3318; baseline 0.002 -23"><span class='ocrx_word' id='word_1_308' title='bbox 562 3236 1002 3298; x_wconf 90' lang='lat' dir='ltr'>controversia</span> <span class='ocrx_word' id='word_1_309' title='bbox 1033 3242 1173 3300; x_wconf 87' lang='lat' dir='ltr'>erat</span> <span class='ocrx_word' id='word_1_310' title='bbox 1211 3236 1291 3302; x_wconf 93' lang='lat' dir='ltr'>de</span> <span class='ocrx_word' id='word_1_311' title='bbox 1322 3236 1581 3302; x_wconf 91' lang='lat' dir='ltr'>libero</span> <span class='ocrx_word' id='word_1_312' title='bbox 1616 3237 1898 3314; x_wconf 84' lang='lat' dir='ltr'>arbitriO,</span> <span class='ocrx_word' id='word_1_313' title='bbox 1931 3237 2044 3302; x_wconf 86' lang='lat' dir='ltr'>sed</span> <span class='ocrx_word' id='word_1_314' title='bbox 2077 3237 2157 3302; x_wconf 93' lang='lat' dir='ltr'>de</span> <span class='ocrx_word' id='word_1_315' title='bbox 2189 3237 2378 3318; x_wconf 84' lang='lat' dir='ltr'>hujus</span> <span class='ocrx_word' id='word_1_316' title='bbox 2425 3235 2949 3301; x_wconf 83' lang='lat' dir='ltr'>sufficientia</span> <span class='ocrx_word' id='word_1_317' title='bbox 2981 3238 3047 3301; x_wconf 91' lang='lat' dir='ltr'>in</span> <span class='ocrx_word' id='word_1_318' title='bbox 3078 3255 3184 3301; x_wconf 92' lang='lat' dir='ltr'>or-</span> 
     </span>
     <span class='ocr_line' id='line_1_29' title="bbox 563 3339 3185 3424; baseline 0.002 -22"><span class='ocrx_word' id='word_1_319' title='bbox 563 3339 709 3404; x_wconf 90' lang='lat' dir='ltr'>dine</span> <span class='ocrx_word' id='word_1_320' title='bbox 740 3341 983 3418; x_wconf 78' lang='lat' dir='ltr'>salutiS,</span> <span class='ocrx_word' id='word_1_321' title='bbox 1017 3348 1231 3406; x_wconf 83' lang='lat' dir='ltr'>utrum</span> <span class='ocrx_word' id='word_1_322' title='bbox 1262 3344 1504 3409; x_wconf 88' lang='lat' dir='ltr'>scilicet</span> <span class='ocrx_word' id='word_1_323' title='bbox 1535 3362 1614 3408; x_wconf 90' lang='lat' dir='ltr'>ex</span> <span class='ocrx_word' id='word_1_324' title='bbox 1647 3362 1734 3419; x_wconf 89' lang='lat' dir='ltr'>se,</span> <span class='ocrx_word' id='word_1_325' title='bbox 1769 3362 1855 3407; x_wconf 88' lang='lat' dir='ltr'>an</span> <span class='ocrx_word' id='word_1_326' title='bbox 1887 3363 1966 3409; x_wconf 89' lang='lat' dir='ltr'>ex</span> <span class='ocrx_word' id='word_1_327' title='bbox 2001 3344 2206 3424; x_wconf 85' lang='lat' dir='ltr'>gratia</span> <span class='ocrx_word' id='word_1_328' title='bbox 2226 3343 2547 3407; x_wconf 88' lang='lat' dir='ltr'>sufficiens</span> <span class='ocrx_word' id='word_1_329' title='bbox 2570 3350 2740 3408; x_wconf 90' lang='lat' dir='ltr'>esset</span> <span class='ocrx_word' id='word_1_330' title='bbox 2758 3343 2840 3406; x_wconf 91' lang='lat' dir='ltr'>ad</span> <span class='ocrx_word' id='word_1_331' title='bbox 2863 3361 3064 3423; x_wconf 92' lang='lat' dir='ltr'>opera</span> <span class='ocrx_word' id='word_1_332' title='bbox 3078 3361 3185 3407; x_wconf 88' lang='lat' dir='ltr'>sa-</span> 
     </span>
     <span class='ocr_line' id='line_1_30' title="bbox 561 3446 3182 3530; baseline 0.002 -21"><span class='ocrx_word' id='word_1_333' title='bbox 561 3446 824 3523; x_wconf 80' lang='lat' dir='ltr'>lutaria3</span> <span class='ocrx_word' id='word_1_334' title='bbox 874 3467 1006 3513; x_wconf 89' lang='lat' dir='ltr'>non</span> <span class='ocrx_word' id='word_1_335' title='bbox 1056 3449 1136 3515; x_wconf 95' lang='lat' dir='ltr'>de</span> <span class='ocrx_word' id='word_1_336' title='bbox 1186 3451 1393 3530; x_wconf 85' lang='lat' dir='ltr'>gratia</span> <span class='ocrx_word' id='word_1_337' title='bbox 1436 3452 2032 3528; x_wconf 86' lang='lat' dir='ltr'>necessitante,</span> <span class='ocrx_word' id='word_1_338' title='bbox 2083 3450 2195 3514; x_wconf 90' lang='lat' dir='ltr'>sed</span> <span class='ocrx_word' id='word_1_339' title='bbox 2244 3450 2324 3514; x_wconf 94' lang='lat' dir='ltr'>de</span> <span class='ocrx_word' id='word_1_340' title='bbox 2357 3451 2600 3529; x_wconf 82' lang='lat' dir='ltr'>gratiae</span> <span class='ocrx_word' id='word_1_341' title='bbox 2645 3451 3182 3516; x_wconf 87' lang='lat' dir='ltr'>necessitate.</span> 
     </span>
     <span class='ocr_line' id='line_1_31' title="bbox 563 3552 3186 3639; baseline 0.002 -23"><span class='ocrx_word' id='word_1_342' title='bbox 563 3552 776 3632; x_wconf 85' lang='lat' dir='ltr'>Quare</span> <span class='ocrx_word' id='word_1_343' title='bbox 810 3558 876 3624; x_wconf 87' lang='lat' dir='ltr'>b.</span> <span class='ocrx_word' id='word_1_344' title='bbox 911 3556 965 3620; x_wconf 90' lang='lat' dir='ltr'><strong>A</strong></span> <span class='ocrx_word' id='word_1_345' title='bbox 982 3576 1023 3620; x_wconf 92' lang='lat' dir='ltr'>u</span> <span class='ocrx_word' id='word_1_346' title='bbox 1039 3575 1075 3637; x_wconf 85' lang='lat' dir='ltr'><strong>g</strong></span> <span class='ocrx_word' id='word_1_347' title='bbox 1095 3577 1134 3620; x_wconf 90' lang='lat' dir='ltr'>u</span> <span class='ocrx_word' id='word_1_348' title='bbox 1152 3558 1318 3621; x_wconf 88' lang='lat' dir='ltr'>stin</span> <span class='ocrx_word' id='word_1_349' title='bbox 1335 3577 1377 3621; x_wconf 93' lang='lat' dir='ltr'>u</span> <span class='ocrx_word' id='word_1_350' title='bbox 1393 3578 1424 3621; x_wconf 88' lang='lat' dir='ltr'>s</span> <span class='ocrx_word' id='word_1_351' title='bbox 1456 3565 1527 3622; x_wconf 89' lang='lat' dir='ltr'>ut</span> <span class='ocrx_word' id='word_1_352' title='bbox 1558 3558 1947 3622; x_wconf 85' lang='lat' dir='ltr'>calumniam</span> <span class='ocrx_word' id='word_1_353' title='bbox 1980 3557 2184 3639; x_wconf 87' lang='lat' dir='ltr'>rejicit</span> <span class='ocrx_word' id='word_1_354' title='bbox 2213 3557 2699 3639; x_wconf 84' lang='lat' dir='ltr'>pelagianorum</span> <span class='ocrx_word' id='word_1_355' title='bbox 2721 3557 3186 3638; x_wconf 87' lang='lat' dir='ltr'>exceptionem,</span> 
     </span>
    </p>
   </div>
   <div class='ocr_carea' id='block_1_5' title="bbox 600 3713 915 3720">
    <p class='ocr_par' dir='ltr' id='par_1_5' title="bbox 600 3713 915 3720">
     <span class='ocr_line' id='line_1_32' title="bbox 600 3713 915 3720; baseline 0 1644"><span class='ocrx_word' id='word_1_356' title='bbox 600 3713 915 3720; x_wconf 95' lang='lat' dir='ltr'> </span> 
     </span>
    </p>
   </div>
   <div class='ocr_carea' id='block_1_6' title="bbox 556 3813 3191 4767">
    <p class='ocr_par' dir='ltr' id='par_1_6' title="bbox 556 3813 3191 4767">
     <span class='ocr_line' id='line_1_33' title="bbox 785 3813 3181 3886; baseline 0 -18"><span class='ocrx_word' id='word_1_357' title='bbox 785 3818 820 3886; x_wconf 92' lang='lat'>¹)</span> <span class='ocrx_word' id='word_1_358' title='bbox 849 3814 1307 3869; x_wconf 75' lang='lat' dir='ltr'>Praeter-mittere</span> <span class='ocrx_word' id='word_1_359' title='bbox 1336 3833 1451 3871; x_wconf 89' lang='lat' dir='ltr'>non</span> <span class='ocrx_word' id='word_1_360' title='bbox 1478 3831 1781 3886; x_wconf 86' lang='lat' dir='ltr'>possumus</span> <span class='ocrx_word' id='word_1_361' title='bbox 1807 3813 2173 3884; x_wconf 85' lang='lat' dir='ltr'>praeclarum</span> <span class='ocrx_word' id='word_1_362' title='bbox 2200 3814 2255 3868; x_wconf 92' lang='lat' dir='ltr'>h.</span> <span class='ocrx_word' id='word_1_363' title='bbox 2284 3814 2320 3868; x_wconf 95' lang='lat' dir='ltr'>l.</span> <span class='ocrx_word' id='word_1_364' title='bbox 2350 3814 2822 3868; x_wconf 86' lang='lat' dir='ltr'>commentarium</span> <span class='ocrx_word' id='word_1_365' title='bbox 2869 3815 2904 3868; x_wconf 86' lang='lat' dir='ltr'>S</span> <span class='ocrx_word' id='word_1_366' title='bbox 2922 3832 2951 3868; x_wconf 93' lang='lat' dir='ltr'>e</span> <span class='ocrx_word' id='word_1_367' title='bbox 2967 3815 3181 3885; x_wconf 86' lang='lat' dir='ltr'>gneri</span> 
     </span>
     <span class='ocr_line' id='line_1_34' title="bbox 564 3892 3186 3964; baseline 0.001 -19"><span class='ocrx_word' id='word_1_368' title='bbox 564 3892 775 3946; x_wconf 79' lang='lat' dir='ltr'>Manna</span> <span class='ocrx_word' id='word_1_369' title='bbox 814 3894 1145 3948; x_wconf 83' lang='lat' dir='ltr'>dell&#39;anima</span> <span class='ocrx_word' id='word_1_370' title='bbox 1182 3895 1255 3949; x_wconf 85' lang='lat' dir='ltr'>ad</span> <span class='ocrx_word' id='word_1_371' title='bbox 1283 3895 1336 3950; x_wconf 90' lang='lat' dir='ltr'>d.</span> <span class='ocrx_word' id='word_1_372' title='bbox 1365 3901 1415 3949; x_wconf 80' lang='lat'>2.</span> <span class='ocrx_word' id='word_1_373' title='bbox 1444 3895 1599 3964; x_wconf 75' lang='lat' dir='ltr'>MaJi,</span> <span class='ocrx_word' id='word_1_374' title='bbox 1630 3911 1744 3963; x_wconf 91' lang='lat' dir='ltr'>quo</span> <span class='ocrx_word' id='word_1_375' title='bbox 1773 3892 2026 3949; x_wconf 75' lang='lat' dir='ltr'>ostendit</span> <span class='ocrx_word' id='word_1_376' title='bbox 2051 3911 2246 3948; x_wconf 87' lang='lat' dir='ltr'>omnes</span> <span class='ocrx_word' id='word_1_377' title='bbox 2286 3894 2401 3948; x_wconf 86' lang='lat' dir='ltr'>fere</span> <span class='ocrx_word' id='word_1_378' title='bbox 2441 3895 2550 3948; x_wconf 85' lang='lat' dir='ltr'>hac</span> <span class='ocrx_word' id='word_1_379' title='bbox 2589 3894 2649 3948; x_wconf 89' lang='lat' dir='ltr'>in</span> <span class='ocrx_word' id='word_1_380' title='bbox 2689 3895 2929 3950; x_wconf 86' lang='lat' dir='ltr'>materia</span> <span class='ocrx_word' id='word_1_381' title='bbox 2967 3912 3186 3950; x_wconf 83' lang='lat' dir='ltr'>errores</span> 
     </span>
     <span class='ocr_line' id='line_1_35' title="bbox 564 3972 3191 4045; baseline 0.001 -19"><span class='ocrx_word' id='word_1_382' title='bbox 564 3972 731 4027; x_wconf 90' lang='lat' dir='ltr'>Pauli</span> <span class='ocrx_word' id='word_1_383' title='bbox 758 3974 945 4028; x_wconf 81' lang='lat' dir='ltr'>verbis</span> <span class='ocrx_word' id='word_1_384' title='bbox 970 3974 1247 4028; x_wconf 86' lang='lat' dir='ltr'>damnari.</span> <span class='ocrx_word' id='word_1_385' title='bbox 1269 3974 1479 4029; x_wconf 80' lang='lat' dir='ltr'>Contra</span> <span class='ocrx_word' id='word_1_386' title='bbox 1499 3993 1594 4031; x_wconf 82' lang='lat' dir='ltr'>eos</span> <span class='ocrx_word' id='word_1_387' title='bbox 1614 3975 1731 4029; x_wconf 89' lang='lat' dir='ltr'>scil.</span> <span class='ocrx_word' id='word_1_388' title='bbox 1754 3975 1857 4043; x_wconf 90' lang='lat' dir='ltr'>qui</span> <span class='ocrx_word' id='word_1_389' title='bbox 1879 3974 2193 4045; x_wconf 81' lang='lat' dir='ltr'>opinantur</span> <span class='ocrx_word' id='word_1_390' title='bbox 2213 3974 2472 4028; x_wconf 86' lang='lat' dir='ltr'>homines</span> <span class='ocrx_word' id='word_1_391' title='bbox 2499 3974 2620 4028; x_wconf 82' lang='lat' dir='ltr'>sola</span> <span class='ocrx_word' id='word_1_392' title='bbox 2639 3974 2748 4027; x_wconf 89' lang='lat' dir='ltr'>fide</span> <span class='ocrx_word' id='word_1_393' title='bbox 2770 3975 2997 4040; x_wconf 84' lang='lat' dir='ltr'>salvari,</span> <span class='ocrx_word' id='word_1_394' title='bbox 3018 3980 3191 4045; x_wconf 86' lang='lat' dir='ltr'>urget</span> 
     </span>
     <span class='ocr_line' id='line_1_36' title="bbox 562 4055 3188 4125; baseline 0 -17"><span class='ocrx_word' id='word_1_395' title='bbox 562 4057 670 4125; x_wconf 85' lang='lat' dir='ltr'>Ap.</span> <span class='ocrx_word' id='word_1_396' title='bbox 712 4056 944 4110; x_wconf 76' lang='lat' dir='ltr'>Vestram</span> <span class='ocrx_word' id='word_1_397' title='bbox 970 4059 1190 4110; x_wconf 78' lang='lat' dir='ltr'>salutem</span> <span class='ocrx_word' id='word_1_398' title='bbox 1218 4061 1518 4125; x_wconf 73' lang='lat' dir='ltr'>operamini</span> <span class='ocrx_word' id='word_1_399' title='bbox 1529 4079 1551 4123; x_wconf 88' lang='lat'>,·</span> <span class='ocrx_word' id='word_1_400' title='bbox 1575 4055 1664 4120; x_wconf 85' lang='lat' dir='ltr'>iis,</span> <span class='ocrx_word' id='word_1_401' title='bbox 1691 4056 1797 4124; x_wconf 89' lang='lat' dir='ltr'>qui</span> <span class='ocrx_word' id='word_1_402' title='bbox 1822 4056 1933 4109; x_wconf 87' lang='lat' dir='ltr'>sibi</span> <span class='ocrx_word' id='word_1_403' title='bbox 1955 4056 2359 4110; x_wconf 79' lang='lat' dir='ltr'>certitudinem</span> <span class='ocrx_word' id='word_1_404' title='bbox 2380 4071 2515 4110; x_wconf 82' lang='lat' dir='ltr'>suae</span> <span class='ocrx_word' id='word_1_405' title='bbox 2527 4055 2791 4125; x_wconf 86' lang='lat' dir='ltr'>justitiae</span> <span class='ocrx_word' id='word_1_406' title='bbox 2813 4058 2871 4109; x_wconf 87' lang='lat' dir='ltr'>et</span> <span class='ocrx_word' id='word_1_407' title='bbox 2889 4055 3188 4116; x_wconf 81' lang='lat' dir='ltr'>electionis</span> 
     </span>
     <span class='ocr_line' id='line_1_37' title="bbox 564 4132 3185 4206; baseline 0.002 -19"><span class='ocrx_word' id='word_1_408' title='bbox 564 4132 878 4197; x_wconf 86' lang='lat' dir='ltr'>vindicant,</span> <span class='ocrx_word' id='word_1_409' title='bbox 903 4133 966 4187; x_wconf 91' lang='lat' dir='ltr'>in</span> <span class='ocrx_word' id='word_1_410' title='bbox 992 4134 1320 4202; x_wconf 63' lang='lat' dir='ltr'>memoriam</span> <span class='ocrx_word' id='word_1_411' title='bbox 1345 4139 1576 4191; x_wconf 86' lang='lat' dir='ltr'>revocat</span> <span class='ocrx_word' id='word_1_412' title='bbox 1600 4148 1794 4191; x_wconf 81' lang='lat' dir='ltr'>metum</span> <span class='ocrx_word' id='word_1_413' title='bbox 1822 4139 1880 4190; x_wconf 84' lang='lat' dir='ltr'>et</span> <span class='ocrx_word' id='word_1_414' title='bbox 1903 4149 2202 4200; x_wconf 80' lang='lat' dir='ltr'>tremorem,</span> <span class='ocrx_word' id='word_1_415' title='bbox 2230 4154 2345 4205; x_wconf 90' lang='lat' dir='ltr'>quo</span> <span class='ocrx_word' id='word_1_416' title='bbox 2372 4138 2614 4192; x_wconf 81' lang='lat' dir='ltr'>salutem</span> <span class='ocrx_word' id='word_1_417' title='bbox 2641 4153 2802 4189; x_wconf 86' lang='lat' dir='ltr'>snam</span> <span class='ocrx_word' id='word_1_418' title='bbox 2834 4153 2907 4206; x_wconf 89' lang='lat' dir='ltr'>op</span> <span class='ocrx_word' id='word_1_419' title='bbox 2924 4138 3059 4192; x_wconf 56' lang='lat' dir='ltr'>Jrari</span> <span class='ocrx_word' id='word_1_420' title='bbox 3086 4137 3185 4191; x_wconf 86' lang='lat' dir='ltr'>de·</span> 
     </span>
     <span class='ocr_line' id='line_1_38' title="bbox 564 4211 3188 4287; baseline 0.002 -20"><span class='ocrx_word' id='word_1_421' title='bbox 564 4215 751 4268; x_wconf 84' lang='lat' dir='ltr'>beant.</span> <span class='ocrx_word' id='word_1_422' title='bbox 779 4211 1120 4284; x_wconf 81' lang='lat' dir='ltr'>Pelagianos</span> <span class='ocrx_word' id='word_1_423' title='bbox 1145 4217 1384 4271; x_wconf 85' lang='lat' dir='ltr'>salutem</span> <span class='ocrx_word' id='word_1_424' title='bbox 1412 4216 1631 4271; x_wconf 84' lang='lat' dir='ltr'>viribus</span> <span class='ocrx_word' id='word_1_425' title='bbox 1672 4220 1912 4272; x_wconf 81' lang='lat' dir='ltr'>naturae</span> <span class='ocrx_word' id='word_1_426' title='bbox 1939 4217 2257 4271; x_wconf 73' lang='lat' dir='ltr'>tribuentes</span> <span class='ocrx_word' id='word_1_427' title='bbox 2284 4218 2478 4273; x_wconf 86' lang='lat' dir='ltr'>docet:</span> <span class='ocrx_word' id='word_1_428' title='bbox 2523 4220 2667 4271; x_wconf 82' lang='lat' dir='ltr'>Deus</span> <span class='ocrx_word' id='word_1_429' title='bbox 2691 4226 2782 4281; x_wconf 78' lang='lat' dir='ltr'>est,</span> <span class='ocrx_word' id='word_1_430' title='bbox 2811 4225 2907 4287; x_wconf 75' lang='lat' dir='ltr'>qui</span> <span class='ocrx_word' id='word_1_431' title='bbox 2929 4227 3188 4287; x_wconf 81' lang='lat' dir='ltr'>operatur</span> 
     </span>
     <span class='ocr_line' id='line_1_39' title="bbox 562 4294 3183 4369; baseline 0.002 -21"><span class='ocrx_word' id='word_1_432' title='bbox 562 4299 621 4348; x_wconf 80' lang='lat' dir='ltr'>in</span> <span class='ocrx_word' id='word_1_433' title='bbox 646 4299 833 4361; x_wconf 53' lang='lat' dir='ltr'>nebim</span> <span class='ocrx_word' id='word_1_434' title='bbox 857 4294 1320 4366; x_wconf 84' lang='lat' dir='ltr'>semipelagianis</span> <span class='ocrx_word' id='word_1_435' title='bbox 1350 4312 1497 4360; x_wconf 79' lang='lat' dir='ltr'>vere,</span> <span class='ocrx_word' id='word_1_436' title='bbox 1520 4296 1624 4364; x_wconf 88' lang='lat' dir='ltr'>qui</span> <span class='ocrx_word' id='word_1_437' title='bbox 1644 4296 1880 4351; x_wconf 88' lang='lat' dir='ltr'>initium</span> <span class='ocrx_word' id='word_1_438' title='bbox 1917 4298 2118 4351; x_wconf 84' lang='lat' dir='ltr'>saltem</span> <span class='ocrx_word' id='word_1_439' title='bbox 2148 4297 2480 4352; x_wconf 86' lang='lat' dir='ltr'>asserebant</span> <span class='ocrx_word' id='word_1_440' title='bbox 2493 4297 2714 4351; x_wconf 86' lang='lat' dir='ltr'>viribus</span> <span class='ocrx_word' id='word_1_441' title='bbox 2731 4300 2988 4362; x_wconf 84' lang='lat' dir='ltr'>naturae,</span> <span class='ocrx_word' id='word_1_442' title='bbox 3011 4314 3183 4369; x_wconf 88' lang='lat' dir='ltr'>oppo-</span> 
     </span>
     <span class='ocr_line' id='line_1_40' title="bbox 564 4374 3185 4448; baseline 0.002 -20"><span class='ocrx_word' id='word_1_443' title='bbox 564 4374 681 4430; x_wconf 87' lang='lat' dir='ltr'>nit:</span> <span class='ocrx_word' id='word_1_444' title='bbox 711 4374 861 4428; x_wconf 85' lang='lat' dir='ltr'>Deus</span> <span class='ocrx_word' id='word_1_445' title='bbox 888 4379 1157 4445; x_wconf 81' lang='lat' dir='ltr'>operatur</span> <span class='ocrx_word' id='word_1_446' title='bbox 1180 4375 1243 4430; x_wconf 89' lang='lat' dir='ltr'>in</span> <span class='ocrx_word' id='word_1_447' title='bbox 1270 4377 1436 4432; x_wconf 85' lang='lat' dir='ltr'>nobis</span> <span class='ocrx_word' id='word_1_448' title='bbox 1462 4394 1579 4432; x_wconf 86' lang='lat' dir='ltr'>non</span> <span class='ocrx_word' id='word_1_449' title='bbox 1605 4377 1791 4431; x_wconf 86' lang='lat' dir='ltr'>solum</span> <span class='ocrx_word' id='word_1_450' title='bbox 1813 4383 2065 4446; x_wconf 79' lang='lat' dir='ltr'>perficere</span> <span class='ocrx_word' id='word_1_451' title='bbox 2089 4377 2186 4430; x_wconf 77' lang='lat' dir='ltr'>sed</span> <span class='ocrx_word' id='word_1_452' title='bbox 2214 4381 2273 4432; x_wconf 83' lang='lat' dir='ltr'>et</span> <span class='ocrx_word' id='word_1_453' title='bbox 2296 4377 2486 4448; x_wconf 80' lang='lat' dir='ltr'>ipsum</span> <span class='ocrx_word' id='word_1_454' title='bbox 2514 4382 2652 4432; x_wconf 84' lang='lat' dir='ltr'>velle.</span> <span class='ocrx_word' id='word_1_455' title='bbox 2683 4377 2791 4432; x_wconf 85' lang='lat' dir='ltr'>Sed</span> <span class='ocrx_word' id='word_1_456' title='bbox 2819 4395 2890 4433; x_wconf 83' lang='lat' dir='ltr'>ne</span> <span class='ocrx_word' id='word_1_457' title='bbox 2911 4377 3041 4447; x_wconf 83' lang='lat' dir='ltr'>quis</span> <span class='ocrx_word' id='word_1_458' title='bbox 3062 4395 3185 4448; x_wconf 81' lang='lat' dir='ltr'>per·</span> 
     </span>
     <span class='ocr_line' id='line_1_41' title="bbox 565 4455 3185 4529; baseline 0.002 -22"><span class='ocrx_word' id='word_1_459' title='bbox 565 4455 942 4509; x_wconf 84' lang='lat' dir='ltr'>severantiam</span> <span class='ocrx_word' id='word_1_460' title='bbox 969 4455 1169 4511; x_wconf 84' lang='lat' dir='ltr'>saltem</span> <span class='ocrx_word' id='word_1_461' title='bbox 1190 4457 1479 4513; x_wconf 84' lang='lat' dir='ltr'>adscribat</span> <span class='ocrx_word' id='word_1_462' title='bbox 1504 4457 1709 4511; x_wconf 85' lang='lat' dir='ltr'>virtuti</span> <span class='ocrx_word' id='word_1_463' title='bbox 1734 4457 2006 4522; x_wconf 85' lang='lat' dir='ltr'>naturali,</span> <span class='ocrx_word' id='word_1_464' title='bbox 2023 4462 2282 4527; x_wconf 82' lang='lat' dir='ltr'>perficere</span> <span class='ocrx_word' id='word_1_465' title='bbox 2314 4458 2485 4513; x_wconf 84' lang='lat' dir='ltr'>etiam</span> <span class='ocrx_word' id='word_1_466' title='bbox 2514 4457 2734 4529; x_wconf 85' lang='lat' dir='ltr'>gratiae</span> <span class='ocrx_word' id='word_1_467' title='bbox 2774 4474 2893 4512; x_wconf 84' lang='lat' dir='ltr'>esse</span> <span class='ocrx_word' id='word_1_468' title='bbox 2919 4459 3185 4513; x_wconf 83' lang='lat' dir='ltr'>affirmat.</span> 
     </span>
     <span class='ocr_line' id='line_1_42' title="bbox 563 4534 3182 4610; baseline 0.002 -24"><span class='ocrx_word' id='word_1_469' title='bbox 563 4534 652 4586; x_wconf 80' lang='lat' dir='ltr'>Ad</span> <span class='ocrx_word' id='word_1_470' title='bbox 681 4534 1036 4589; x_wconf 84' lang='lat' dir='ltr'>excludenda</span> <span class='ocrx_word' id='word_1_471' title='bbox 1061 4536 1265 4591; x_wconf 79' lang='lat' dir='ltr'>merita</span> <span class='ocrx_word' id='word_1_472' title='bbox 1286 4536 1575 4592; x_wconf 85' lang='lat' dir='ltr'>naturalia</span> <span class='ocrx_word' id='word_1_473' title='bbox 1597 4536 1921 4606; x_wconf 84' lang='lat' dir='ltr'>praedicat:</span> <span class='ocrx_word' id='word_1_474' title='bbox 1952 4545 2220 4605; x_wconf 75' lang='lat' dir='ltr'>Operatur</span> <span class='ocrx_word' id='word_1_475' title='bbox 2247 4537 2438 4610; x_wconf 89' lang='lat' dir='ltr'>(Deus)</span> <span class='ocrx_word' id='word_1_476' title='bbox 2472 4545 2524 4592; x_wconf 73' lang='lat' dir='ltr'>e&#39;n</span> <span class='ocrx_word' id='word_1_477' title='bbox 2545 4541 2689 4594; x_wconf 71' lang='lat' dir='ltr'>vobis</span> <span class='ocrx_word' id='word_1_478' title='bbox 2713 4541 2837 4592; x_wconf 78' lang='lat' dir='ltr'>velle</span> <span class='ocrx_word' id='word_1_479' title='bbox 2860 4547 2907 4592; x_wconf 81' lang='lat' dir='ltr'>et</span> <span class='ocrx_word' id='word_1_480' title='bbox 2925 4541 3182 4608; x_wconf 79' lang='lat' dir='ltr'>perficere</span> 
     </span>
     <span class='ocr_line' id='line_1_43' title="bbox 556 4616 3183 4688; baseline 0.001 -20"><span class='ocrx_word' id='word_1_481' title='bbox 556 4634 663 4684; x_wconf 82' lang='lat' dir='ltr'>pro</span> <span class='ocrx_word' id='word_1_482' title='bbox 686 4618 716 4669; x_wconf 85' lang='lat' dir='ltr'>b</span> <span class='ocrx_word' id='word_1_483' title='bbox 736 4634 822 4669; x_wconf 69' lang='lat' dir='ltr'>ena</span> <span class='ocrx_word' id='word_1_484' title='bbox 844 4636 872 4670; x_wconf 87' lang='lat' dir='ltr'><strong><em>v</em></strong></span> <span class='ocrx_word' id='word_1_485' title='bbox 905 4620 1119 4672; x_wconf 81' lang='lat' dir='ltr'>luntate.</span> <span class='ocrx_word' id='word_1_486' title='bbox 1151 4619 1238 4671; x_wconf 86' lang='lat' dir='ltr'>Ita</span> <span class='ocrx_word' id='word_1_487' title='bbox 1263 4616 1463 4688; x_wconf 84' lang='lat' dir='ltr'>paucis</span> <span class='ocrx_word' id='word_1_488' title='bbox 1491 4616 1677 4671; x_wconf 86' lang='lat' dir='ltr'>verbis</span> <span class='ocrx_word' id='word_1_489' title='bbox 1705 4616 2108 4687; x_wconf 90' lang='lat' dir='ltr'>complectitur</span> <span class='ocrx_word' id='word_1_490' title='bbox 2134 4616 2332 4671; x_wconf 88' lang='lat' dir='ltr'>doctor</span> <span class='ocrx_word' id='word_1_491' title='bbox 2350 4617 2610 4687; x_wconf 89' lang='lat' dir='ltr'>gentium</span> <span class='ocrx_word' id='word_1_492' title='bbox 2632 4617 2960 4671; x_wconf 82' lang='lat' dir='ltr'>universam</span> <span class='ocrx_word' id='word_1_493' title='bbox 2980 4617 3097 4671; x_wconf 83' lang='lat' dir='ltr'>fere</span> <span class='ocrx_word' id='word_1_494' title='bbox 3113 4616 3183 4670; x_wconf 83' lang='lat' dir='ltr'>de</span> 
     </span>
     <span class='ocr_line' id='line_1_44' title="bbox 564 4695 1363 4767; baseline 0.008 -18"><span class='ocrx_word' id='word_1_495' title='bbox 564 4695 753 4767; x_wconf 84' lang='lat' dir='ltr'>gratia</span> <span class='ocrx_word' id='word_1_496' title='bbox 778 4698 996 4752; x_wconf 80' lang='lat' dir='ltr'>actuali</span> <span class='ocrx_word' id='word_1_497' title='bbox 1021 4698 1363 4755; x_wconf 82' lang='lat' dir='ltr'>doctrinam.</span> 
     </span>
    </p>
   </div>
  </div>
 </body>
</html>
