3538 5364
1159 304 1497 376 Polygamia
1522 305 1585 358 in
1612 305 1677 361 V.
1708 305 1772 359 Τ.
1799 303 1916 358 fuit
1938 302 2232 375 permissa.
2491 342 2498 351 ι
2521 340 2660 387 w

1867 403 2030 457 1⁴20
2081 398 2244 459 fb&
2299 367 2543 479 ἀἴῃ
2589 420 2702 475 a!
2735 387 3250 467 wk'w

381 507 546 553 unus
579 487 675 551 vir
704 485 995 551 sufficere
1027 486 1111 551 ad
1142 485 1665 551 satisfaciendum
1696 485 1985 568 pluribus
2006 484 2317 550 uxoribus
2339 485 2421 548 ad
2441 491 2682 562 votum,
2717 491 2782 549 et
2802 485 2998 550 etiam
3039 458 3467 568 ean-02⁶⁸·

383 595 532 678 quia
574 593 1072 658 communicatio
1117 593 1393 674 plurium
1422 594 1489 657 in
1518 611 1650 658 uno
1684 592 1893 657 officio
1924 599 2153 657 causat
2180 593 2359 658 litem
2391 642 2405 655 .
2440 643 2452 655 .
2487 642 2500 655 .
2533 592 2612 657 Et
2642 592 2787 657 ideo
2820 598 3048 674 patet·
3067 552 3336 673 μ’μ’,

382 721 460 767 ex
492 702 676 765 dictis
709 701 881 783 quod
912 698 1245 782 pluralitas
1276 718 1552 764 uxorum
1584 700 2063 782 quodammodo
2097 704 2195 764 est
2228 705 2458 764 contra
2486 699 2692 780 legem
2723 706 2998 764 naturae
3026 687 3165 747 μ’
3184 655 3405 727 ²⁴³²
3427 678 3477 690 ’

381 815 444 874 et
475 808 955 891 quodammodo
988 820 1176 871 non.⁴1
1217 806 1438 890 Neque
1470 806 1670 872 verba
1699 806 2137 872 Innocentii
2169 806 2260 870 111.
2293 805 2562 871 dicentis
2594 807 2674 872 de
2707 806 2998 872 divortiis
3042 794 3076 817 ⁴
3099 766 3300 820 ’Μ
3338 790 3359 806 ’

380 934 431 980 c.
466 922 538 985 8:
608 914 777 989 ,Nec
821 914 930 979 ulli
974 934 1261 997 unquam
1292 915 1472 979 licuit
1503 912 1757 979 insimul
1790 915 2006 996 plures
2037 931 2274 979 uxores
2305 912 2563 992 habere,
2600 914 2721 978 nisi
2750 913 2854 978 cui
2886 912 3001 978 fuit

379 1022 595 1087 divina
638 1022 1030 1091 revelatione
1074 1037 1519 1098 concessum«
1566 1020 1866 1103 probant,
1912 1022 2349 1105 polygamiam
2373 1021 2517 1104 jure
2550 1027 2823 1085 naturae
2856 1038 2998 1085 esse

378 1129 673 1194 absolute
716 1128 1014 1194 illicitam.
1076 1129 1168 1194 Ea
1211 1130 1384 1194 enim
1417 1149 1548 1194 non
1580 1129 1903 1210 attingunt
1941 1130 2404 1212 quaestionem,
2436 1146 2594 1193 num
2624 1127 2992 1210 polygamia

379 1235 568 1301 fuerit
596 1254 859 1319 prorsus
890 1236 1107 1301 illicita
1138 1254 1217 1301 ex
1243 1236 1389 1318 jure
1420 1241 1713 1312 naturae,
1761 1236 1879 1300 sed
1912 1234 2238 1300 affirmant
2268 1233 2438 1300 facto
2473 1252 2619 1301 eam
2652 1233 2846 1300 fuisse
2876 1234 2997 1299 illi-

378 1342 588 1420 citam,
633 1344 805 1425 quod
850 1342 1001 1407 oriri
1044 1342 1255 1425 potuit
1301 1361 1380 1407 ex
1410 1341 1810 1408 institutione
1860 1342 2076 1406 divina
2109 1347 2175 1407 et
2199 1342 2343 1425 jure
2376 1340 2667 1425 originali
2700 1343 2786 1431 (n.
2821 1344 2997 1430 602),

379 1449 525 1514 hinc
557 1469 635 1515 ex
667 1451 804 1530 lege
834 1450 1127 1531 positiva.

555 1560 703 1626 605.
753 1557 876 1627 IV.
938 1554 1006 1621 Si
1030 1557 1169 1638 ,iam
1201 1574 1500 1639 quaeras,
1545 1575 1703 1620 num
1734 1558 1801 1621 in
1833 1557 1905 1621 V.
1940 1558 2011 1622 T.
2047 1557 2237 1623 fuerit
2266 1557 2635 1640 polygamia
2664 1556 2997 1637 permissa,

378 1664 726 1728 tenendum
771 1681 930 1728 sane
976 1670 1075 1729 est
1123 1669 1352 1728 contra
1384 1662 1739 1738 Calvinum,
1787 1685 1928 1728 eam
1973 1667 2040 1728 in
2084 1666 2437 1755 oeconomia
2478 1662 2904 1752 patriarchali
2941 1668 2998 1726 et
3008 1703 3092 1769 ὰ.
3125 1724 3203 1762 m
3216 1672 3351 1747 ,1-

375 1773 652 1835 mosaica
667 1770 867 1853 fuisse
879 1773 1254 1854 permissam
1273 1770 1503 1837 saltem
1536 1790 1615 1837 ex
1647 1770 1688 1835 d
1705 1770 1773 1834 is
1789 1790 1831 1864 p
1848 1789 1883 1835 e
1899 1772 2122 1836 nsati
2139 1789 2179 1835 o
2195 1789 2290 1836 ne
2322 1771 2567 1834 divina:
2600 1788 2809 1853 neque
2827 1770 2997 1835 enim
3029 1827 3128 1864 u·-
3165 1778 3418 1852 μῆρ’.

377 1877 546 1942 Deus
576 1884 712 1942 tam
744 1876 1137 1944 familiariter
1167 1885 1587 1942 conversatus
1621 1878 1844 1943 {uisset
1876 1894 2025 1942 cum
2056 1878 2456 1961 patriarchis,
2501 1877 2556 1941 si
2587 1877 2654 1941 in
2683 1875 2997 1941 habituali
3245 1911 3318 1954 ο

375 1983 685 2049 vixissent
729 1984 1044 2050 adulterio
1088 1990 1393 2067 statuque
1436 1985 1703 2066 peccati.
1768 1983 1978 2064 Quam
2024 1984 2569 2066 dispensationem
2599 1974 2997 2048 redundasse
3035 2024 3197 2087 ω

376 2109 632 2173 quoque
664 2091 746 2155 ad
776 2097 998 2172 gentes
1019 2098 1171 2156 ante
1191 2091 1426 2155 Christi
1447 2091 1797 2157 adventum
1816 2090 1993 2156 haud
2011 2091 2204 2173 pauci
2219 2109 2355 2155 non
2373 2091 2697 2155 immerito
2718 2096 2995 2156 tuentur.
3007 2113 3122 2186 J...
3133 2116 3181 2178 ι,
3194 2130 3267 2172 4„
3285 2099 3440 2167 ΜΤ.
3459 2135 3483 2152 .

374 2198 534 2261 Hinc
563 2196 922 2279 prophetae
967 2203 1034 2263 et
1063 2196 1300 2261 Paulus
1346 2215 1447 2279 ap.
1482 2198 1648 2262 inter
1692 2197 1983 2274 crimina,
2030 2215 2197 2280 quae
2242 2196 2539 2279 gentibus
2584 2196 2995 2278 exprobrant,

374 2323 707 2389 nunquam
736 2304 1021 2370 referunt
1050 2304 1501 2387 polygamiam.
1532 2303 1713 2368 Hanc
1745 2304 2131 2369 sententiam
2161 2304 2253 2368 ita
2272 2304 2575 2369 enunciat
2603 2303 2653 2367 P
2670 2303 2994 2369 almieri

377 2413 542 2478 thesi
581 2416 660 2481 15
692 2431 752 2475 n.
784 2415 859 2481 5:
900 2409 1217 2486 ,Censere
1250 2430 1401 2493 ergo
1434 2411 1601 2488 licet,
1632 2411 1836 2476 Deum
1867 2410 2254 2492 permisisse,
2288 2418 2360 2476 ut
2376 2410 2773 2492 privilegium
2790 2429 2905 2492 per
2925 2428 2995 2475 se

374 2518 665 2584 fidelibus
710 2536 1091 2584 concessum
1138 2518 1220 2583 ab
1267 2518 1628 2584 infidelibus
1661 2536 1919 2602 quoque
1950 2524 2384 2601 usurparetur.
2446 2518 2538 2582 Ex
2571 2536 2650 2583 eo
2682 2524 2902 2582 autem
2931 2517 2996 2582 id

374 2633 515 2692 erat
546 2644 966 2710 consequenS,
999 2633 1071 2692 ut
1102 2627 1221 2710 ipsi
1251 2624 1362 2691 illo
1393 2626 1800 2710 privarentur
1832 2626 1938 2690 vix
1969 2643 2049 2691 ac
2082 2632 2254 2692 esset
2283 2623 2440 2691 illud
2468 2643 2589 2707 pro
2621 2624 2859 2708 populo
2880 2624 2996 2690 Dei

372 2732 698 2798 sublatum
744 2734 835 2819 (in
866 2732 938 2797 N.
971 2733 1087 2820 T.),
1129 2734 1221 2798 ita
1266 2739 1339 2798 ut
1381 2733 1744 2815 ignorantia
1790 2751 1904 2799 eos
1936 2732 2194 2816 quidem
2226 2738 2567 2797 excusaret
2599 2730 2831 2807 adhue,
2861 2749 2995 2795 non

373 2847 592 2905 autem
622 2860 663 2904 v
679 2841 754 2904 al
770 2840 791 2904 i
807 2839 847 2902 d
866 2859 902 2905 e
933 2840 1147 2922 plures
1178 2859 1421 2906 uxores
1440 2840 1682 2907 habere
1703 2840 1977 2922 amplius
1996 2847 2316 2922 possent·
2357 2839 2503 2904 Non
2521 2838 2755 2905 desunt
2774 2846 2995 2904 tamen

373 2948 482 3030 qui
528 2948 873 3031 opinentur
918 2947 1135 3011 divina
1164 2947 1644 3028 dispensatione
1673 2966 1809 3011 non
1839 2946 2038 3013 fuisse
2070 2937 2355 3029 opus,'ut
2385 2946 2528 3029 quis
2558 2946 2775 3029 plures
2806 2943 2995 3008 simul

372 3054 606 3119 ducere
636 3054 915 3136 potuerit
947 3071 1204 3131 uxores,
1239 3054 1413 3136 quod
1442 3055 1810 3136 polygamia
1840 3072 1973 3118 non
2001 3054 2083 3119 sit
2104 3053 2331 3136 quovis
2350 3053 2417 3117 in
2435 3071 2593 3117 casu
2611 3052 2993 3117 intrinsecus

372 3160 560 3238 mala,
582 3160 866 3245 alioquin
886 3160 1057 3225 Deus
1089 3178 1234 3225 eam
1266 3179 1397 3225 non
1412 3160 1808 3242 permisisset
1839 3160 2218 3242 patriarchis
2251 3167 2316 3227 et
2347 3160 2695 3241 generatim
2724 3157 2994 3242 judaeis,

372 3266 496 3332 Pro
531 3285 659 3350 qua
691 3266 993 3349 opinione
1025 3273 1382 3348 provocant
1413 3273 1477 3331 et
1509 3268 1593 3331 ad
1622 3274 1858 3351 patres.
1889 3267 1987 3331 Ita
2007 3286 2102 3332 ex.
2126 3288 2213 3349 gr.
2235 3266 2455 3332 scribit
2485 3266 2757 3348 Augus
2776 3265 2994 3330 tinus

370 3373 450 3439 de
468 3373 672 3439 Jacob
703 3373 1076 3454 patriarcha
1106 3392 1158 3438 c.
1192 3373 1500 3438 Faustum
1529 3374 1718 3450 XXII,
1751 3380 1870 3443 47:
1913 3371 2018 3448 ,Si
2049 3383 2351 3438 naturam
2382 3373 2704 3449 consulaS,
2735 3391 2869 3436 non
2895 3372 2993 3437 la-

368 3479 693 3555 sciviendi,
723 3480 838 3545 sed
869 3479 1167 3562 gignendi
1198 3498 1398 3545 causa
1427 3480 1550 3544 illis
1569 3480 1948 3547 mulieribus
1967 3481 2296 3546 utebatur:
2329 3481 2383 3545 si
2402 3499 2667 3556 morem,
2700 3480 2808 3545 illo
2827 3487 2991 3545 tem-

367 3604 526 3667 pore
558 3590 752 3668 atque
783 3586 850 3650 in
880 3584 990 3649 illa
1021 3592 1198 3651 terra
1228 3587 1354 3651 hoc
1386 3586 1830 3663 factitabatur;
1866 3589 1920 3652 si
1949 3594 2387 3671 praeceptum,
2421 3585 2597 3652 nulla
2616 3586 2754 3667 lege
2772 3587 2991 3667 prohi-

367 3690 699 3757 bebatur.‘
753 3693 822 3756 In
852 3711 1020 3776 quae
1051 3713 1099 3758 s.
1132 3693 1471 3775 Augustini
1501 3694 1702 3760 verba
1732 3715 1781 3759 s.
1815 3695 2166 3760 Thomas
2198 3701 2384 3759 notat
2413 3693 2614 3776 suppl.
2649 3713 2706 3775 q.
2740 3696 2827 3762 65
2858 3710 2915 3755 a.
2957 3700 2985 3761 1

366 3799 452 3862 ad
485 3804 559 3867 2:
613 3799 777 3877 ,Illa,
824 3819 991 3882 quae
1035 3802 1137 3865 lex
1170 3800 1481 3865 naturalis
1513 3801 1714 3867 dictat
1745 3803 1932 3884 quasi
1965 3820 2044 3866 ex
2075 3801 2400 3885 principiis
2431 3800 2652 3882 primis
2684 3799 2840 3881 legis
2871 3817 2991 3863 na-

369 3913 554 3970 turae
599 3906 888 3971 derivata
934 3907 1143 3993 (cujus
1187 3908 1362 3972 modi
1408 3914 1507 3972 est
1530 3908 1719 3990 juxta
1750 3909 1960 3990 ipsum
1991 3908 2420 3990 monogamia,
2452 3906 2528 3970 cf.
2561 3906 2763 3971 verba
2792 3924 2989 3987 supra

365 4030 426 4074 n.
461 4013 617 4099 604)
663 4031 795 4076 non
838 4012 1083 4077 habent
1127 4013 1256 4076 vim
1304 4014 1667 4078 coactivam
1713 4032 1832 4095 per
1864 4013 2129 4077 modum
2160 4013 2490 4095 praecepti
2521 4012 2836 4090 absolute,
2868 4013 2991 4076 nisi

367 4122 711 4199 postquam
755 4118 893 4199 lege
938 4119 1153 4184 divina
1199 4127 1264 4184 et
1323 4120 1609 4184 humana
1670 4121 1923 4185 sancita
1953 4127 2118 4186 sunt.
2182 4120 2260 4185 Et
2303 4122 2428 4184 hoc
2474 4127 2587 4197 est,
2635 4121 2810 4203 quod
2841 4120 2993 4185 dicit

365 4220 896 4302 Augustinus,
930 4225 1102 4307 quod
1133 4245 1264 4290 non
1297 4225 1619 4291 faciebant
1651 4232 1880 4291 contra
1911 4226 2067 4308 legis
2085 4234 2452 4310 praecepta,
2486 4228 2639 4310 quia
2656 4226 2834 4293 nulla
2851 4229 2990 4308 lege

368 4336 509 4395 erat
538 4331 982 4412 prohibitum«
1037 4331 1124 4396 Cf.
1157 4332 1240 4397 ib.
1273 4352 1330 4398 a..
1364 4341 1421 4403 2.
1487 4332 1731 4399 Similia
1775 4353 1925 4398 curn
1969 4355 2017 4398 S.
2064 4334 2420 4416 Augustino
2451 4336 2695 4400 habent
2736 4335 2989 4400 Theo-

362 4435 707 4502 doretus
753 4458 810 4521 q.
843 4445 927 4508 67
962 4459 1022 4510 n.
1056 4443 1142 4509 85
1189 4441 1256 4505 in
1288 4439 1623 4518 Genesim3
1673 4442 2234 4523 Hieronymus
2281 4460 2375 4523 ep.
2410 4447 2495 4511 69
2542 4443 2626 4507 ad
2657 4439 2988 4508 Oceanum

365 4562 423 4606 n.
459 4548 533 4620 ὃς
566 4544 1018 4610 Eucherius
1049 4545 1214 4628 lugd.
1248 4547 1537 4614 instruct.
1574 4549 1609 4613 l.
1651 4556 1683 4617 1
1721 4568 1776 4613 a.
1817 4555 1848 4617 1
1884 4550 1950 4614 in
1991 4549 2147 4614 Gen.
2182 4556 2289 4627 30,
2327 4557 2406 4620 19
2439 4572 2486 4616 s,

544 4675 911 4745 Perrone,
960 4676 1065 4751 qui
1109 4677 1240 4736 fuse
1280 4678 1388 4737 hac
1420 4678 1492 4737 de
1523 4698 1589 4737 re
1621 4679 1895 4755 disputat
1925 4699 1974 4738 a.
2015 4689 2070 4751 3,
2119 4684 2193 4739 ut
2236 4682 2310 4740 ad
2355 4682 2718 4741 harmoniam
2754 4686 2989 4743 revocet

364 4763 604 4835 patrum
637 4763 811 4822 effata
841 4764 957 4823 sibi
987 4765 1052 4823 in
1084 4767 1282 4842 specie
1314 4767 1623 4838 contraria,
1659 4786 1827 4827 suam
1862 4770 2221 4830 sententiam
2253 4771 2341 4830 ita
2371 4771 2680 4831 enunciat:
2731 4772 2984 4849 ,Itaque
