3538 5364
611 333 745 397 490
1067 324 1253 380 Tract.
1281 325 1370 378 [X.
1400 324 1469 378 dc
1497 322 1875 393 poenitentia.
1902 322 1982 377 De
2010 324 2362 378 confessione
2390 322 2554 377 laicis
2580 324 2749 378 facta.

610 511 714 568 dos
747 511 974 586 peccati
1002 510 1145 569 licet
1190 511 1387 587 gravis
1431 527 1570 569 reus
1616 509 1926 568 nonnullis
1974 509 2038 567 in
2084 510 2376 585 adjunctis
2420 511 2619 585 potest
2662 510 2958 569 contritus
3006 510 3231 585 absque

607 599 846 675 praevia
876 599 1251 658 absolutione
1284 618 1519 658 sacrum
1551 599 1864 658 celebrare.
1925 598 2081 657 Haec
2125 617 2265 657 vero
2310 599 2739 657 reconcilitatio
2783 599 3042 658 multum
3090 615 3230 658 con-

608 688 832 747 ferebat
862 689 1061 764 lapsis,
1094 691 1166 747 ut
1195 708 1331 748 cum
1363 707 1543 763 pace
1574 688 1906 764 migrarent
1936 688 2011 745 ad
2044 688 2380 757 Dominum,
2416 706 2550 766 cum
2583 688 2804 746 scirent
2833 692 3000 747 extra
3030 688 3234 746 Eccle-

608 778 751 836 siam
797 796 917 836 non
962 796 1089 836 esse
1134 778 1405 840 salutem.
1466 778 1750 835 Poterant
1796 776 2023 835 diaconi
2056 776 2236 835 etiam
2268 777 2552 836 indirecte
2583 776 2812 852 aliquid
2846 776 3111 835 conferre
3158 777 3233 834 ad

607 867 1139 925 reconciliationem
1173 867 1362 942 ipsam
1397 886 1529 925 cum
1564 867 1703 936 De0,
1751 866 1998 924 monitis
2045 865 2168 926 scil.
2199 868 2262 923 et
2293 866 2576 938 consiliiS,
2625 866 2843 941 quibus
2888 866 2981 924 illi
3027 867 3233 941 poeni-

607 959 806 1013 tentes
840 956 913 1013 ad
947 955 1266 1031 perfectam
1298 954 1719 1014 contritionem
1751 953 2223 1031 disponerentur.

788 1089 933 1143 509.
964 1080 1100 1138 Alia
1131 1079 1453 1138 difficultas
1486 1079 1622 1138 inde
1655 1080 1898 1155 petitur,
1946 1080 2101 1154 quod
2150 1099 2185 1137 a
2224 1098 2335 1138 sec.
2368 1080 2577 1137 saltem
2610 1079 2707 1142 XI.
2740 1082 2801 1137 et
2832 1079 3105 1155 deinceps
3141 1080 3232 1137 in-

607 1169 800 1227 valuit
829 1169 1022 1245 praxis
1054 1169 1372 1228 confitendi
1402 1169 1467 1227 in
1499 1188 1636 1227 casu
1669 1170 2033 1228 necessitatis
2053 1169 2296 1227 absente
2317 1168 2618 1227 sacerdote
2637 1169 2817 1227 etiam
2836 1169 3016 1230 laicis,
3056 1169 3235 1226 Initio

608 1258 848 1332 quidem
894 1277 963 1316 ea
1007 1258 1532 1316 commendabatur
1574 1261 1646 1316 ut
1689 1258 1858 1317 utilis
1904 1262 1965 1317 et
2010 1258 2287 1317 salutaris
2319 1257 2669 1333 praesertim
2707 1258 2782 1316 ob
2815 1259 3236 1317 auctoritatem

607 1347 743 1405 libri
775 1347 847 1404 de
879 1365 1019 1405 vera
1048 1350 1109 1406 et
1141 1347 1285 1406 falsa
1315 1347 1681 1423 poenitentia
1710 1348 1901 1405 medio
1935 1366 2075 1405 aevo
2107 1347 2370 1405 multum
2401 1346 2652 1419 vulgati,
2701 1347 2806 1421 qui
2852 1346 2996 1405 falso
3030 1368 3074 1408 s.
3106 1349 3232 1405 Au-

608 1436 854 1512 gustino
898 1436 1292 1506 tribuebatur,
1343 1437 1405 1494 in
1450 1455 1569 1511 quo
1616 1456 1701 1494 ex.
1750 1456 1837 1513 gr.
1870 1455 1918 1498 c.
1958 1448 2031 1499 10
2067 1454 2124 1493 n.
2162 1444 2239 1497 25
2278 1433 2469 1516 (Mig.
2503 1436 2612 1503 XL,
2674 1432 2868 1518 1113)
2915 1436 3075 1494 inter
3118 1436 3235 1493 alia

609 1523 899 1600 legimus:
935 1563 963 1593 ,
977 1525 1167 1583 Tanta
1189 1527 1276 1584 vis
1296 1529 1386 1583 est
1406 1526 1806 1596 confessionis,
1839 1531 1911 1584 ut
1929 1526 1978 1584 si
1997 1525 2162 1584 deest
2181 1525 2469 1597 sacerdos,
2492 1524 2846 1583 confiteatur
2863 1525 3130 1600 proximo
3153 1570 3166 1582 .
3187 1569 3199 1582 .
3223 1570 3234 1581 .

611 1613 738 1671 Etsi
787 1613 886 1671 ille
934 1614 1030 1673 cui
1078 1614 1474 1684 confitebitur,
1523 1617 1885 1690 potestatem
1916 1614 2183 1672 solvendi
2215 1631 2335 1673 non
2366 1613 2602 1687 habeat,
2656 1613 2726 1671 fit
2769 1619 2970 1672 tamen
3016 1614 3233 1690 dignus

607 1702 786 1760 venia
816 1721 884 1761 ex
918 1703 1233 1762 sacerdotis
1267 1704 1575 1769 desiderio,
1624 1703 1728 1779 qui
1775 1705 1993 1762 crimen
2028 1703 2344 1762 confitetur
2375 1703 2586 1762 soci0.‘
2638 1703 2847 1763 Postea
2877 1722 2997 1762 non
3029 1703 3233 1761 defue-

606 1795 752 1849 runt
782 1791 917 1867 quis
950 1793 1128 1867 hujus
1161 1792 1543 1851 confessionis
1564 1793 1934 1851 inculcarent
1953 1793 2378 1851 necessitatem.
2429 1792 2854 1868 Hinclegimus
2887 1794 2948 1849 in
2982 1811 3153 1853 serm.
3179 1802 3234 1854 S.

606 1899 651 1943 s,
683 1881 1281 1940 Bonaventurae
1309 1880 1355 1962 1)
1402 1882 1467 1940 in
1513 1881 1726 1940 diebus
1764 1883 1904 1958 Rog.
1969 1883 2081 1950 ,In
2127 1882 2478 1940 necessitate
2524 1882 2673 1940 laico
2715 1881 3135 1949 confitendum,
3185 1883 3234 1938 si

608 1968 876 2028 sacerdos
910 1970 1111 2029 haberi
1145 1989 1265 2029 non
1298 1971 1548 2046 possit.‘
1613 1970 1694 2029 cf.
1727 1990 1769 2028 S.
1804 1971 2119 2030 Thomas
2153 1971 2347 2046 suppl.
2380 1991 2437 2046 q.
2474 1980 2507 2034 8
2543 1991 2591 2028 a.
2630 1980 2663 2031 2
2700 1971 2774 2028 ad
2814 1982 2864 2032 1.
2901 1980 2956 2032 4.
3014 1970 3230 2028 Omnes

606 2061 1088 2134 praetergressus
1133 2063 1222 2118 est
1267 2059 1643 2118 Albertus
1688 2061 1762 2118 M.
1796 2061 1857 2118 in
1894 2071 1948 2122 4.
1982 2060 2036 2121 d.
2079 2070 2150 2121 17
2188 2080 2237 2121 a.
2274 2069 2375 2123 58.
2410 2069 2527 2130 59„
2576 2059 2683 2118 ubi
2727 2060 2886 2118 inter
2931 2060 3048 2118 alia
3096 2060 3230 2117 haec

608 2147 757 2205 mira
789 2147 996 2206 habet:
1047 2148 1401 2217 ,Absolutio
1434 2148 1723 2224 quaedam
1771 2155 1861 2207 est
1904 2149 2025 2207 hic:
2075 2149 2215 2207 licet
2261 2167 2379 2207 non
2423 2150 2659 2207 tantum
2705 2149 2981 2207 effectum
3029 2167 3231 2207 conse-

604 2239 843 2312 quatur,
879 2236 1035 2296 sicut
1066 2237 1118 2296 si
1149 2237 1530 2297 confiteretur
1563 2232 1885 2319 (peccator)
1920 2236 2228 2306 sacerdoti,
2261 2241 2464 2296 tamen
2494 2239 2883 2311 consequitur
2913 2237 3231 2296 absolutio·

607 2343 743 2383 nem
777 2325 838 2383 in
871 2327 1184 2397 communi,
1235 2330 1296 2385 et
1340 2326 1412 2384 ad
1457 2327 1607 2385 hanc
1652 2345 1772 2385 non
1822 2329 1913 2385 est
1948 2327 2274 2386 necessaria
2302 2327 2389 2385 vis
2422 2327 2692 2396 clavium,
2745 2327 2850 2385 ubi
2882 2345 3004 2385 non
3039 2330 3229 2402 potest

607 2413 880 2473 sacerdos
911 2414 1114 2474 haberi
1146 2461 1160 2474 .
1194 2460 1207 2474 .
1243 2460 1256 2473 .
1289 2415 1583 2474 absolutio
1617 2416 1723 2474 illa
1752 2419 1844 2475 est
1874 2416 2332 2485 sacramentalis,
2379 2421 2449 2474 ut
2496 2419 2586 2474 est
2630 2415 2960 2491 baptismus
3007 2435 3040 2473 a
3089 2416 3219 2474 laico

605 2502 799 2574 datuS‚
833 2506 894 2562 et
926 2504 1110 2563 laicus
1143 2524 1210 2563 eo
1246 2523 1382 2564 casu
1413 2508 1504 2563 est
1524 2506 1651 2564 veri
1668 2505 1931 2564 ministri
1960 2506 1996 2564 i.
2018 2524 2066 2564 e.
2100 2505 2419 2563 sacerdotis
2440 2505 2753 2563 vicarius.‘
2790 2504 3217 2580 Quintuplicem

606 2592 744 2650 dein
777 2592 1095 2670 distinguit
1125 2593 1471 2652 absolvendi
1489 2595 1940 2653 auctoritatem:
1974 2612 2042 2652 ex
2075 2594 2447 2662 auctoritate,
2482 2613 2634 2669 quae
2667 2596 2758 2652 est
2789 2594 2926 2664 Dei;
2964 2612 3035 2651 ex
3070 2599 3224 2670 pote·

607 2685 758 2740 state
779 2684 1361 2758 superexcellentiae,
1396 2702 1466 2741 ex
1498 2685 1655 2743 vitae
1687 2684 1914 2753 merito,
1949 2703 2018 2742 ex
2051 2684 2255 2745 officiO.
2305 2682 2572 2751 ,Ultima
2602 2687 2696 2743 est
2726 2704 2793 2743 ex
2825 2682 3067 2742 unitate
3102 2682 3228 2742 fidei

605 2774 668 2830 et
699 2772 978 2837 caritatis,
1027 2775 1090 2829 et
1135 2773 1276 2830 haec
1312 2792 1420 2848 pro
1453 2773 1823 2832 necessitatis
1855 2774 2105 2831 articulo
2138 2773 2438 2831 descendit
2468 2774 2528 2830 in
2561 2792 2793 2832 omnem
2825 2773 3129 2831 hominem
3160 2772 3224 2830 ad

606 2861 940 2935 proximum
974 2860 1479 2932 subveniendum;
1528 2866 1589 2920 et
1633 2864 1783 2921 hanc
1826 2865 2180 2937 potestatem
2214 2862 2394 2920 habet
2424 2863 2609 2920 laicus
2640 2862 2702 2920 in
2749 2863 3004 2920 articulo
3036 2880 3232 2920 nec-es·

607 2948 823 3019 sitatis,
877 2953 937 3008 et
985 2949 1201 3007 mulier
1248 2950 1583 3009 similiter.G
1651 2952 1811 3010 Haec
1855 2956 1998 3010 sunt
2043 2951 2383 3028 singularia,
2435 2970 2629 3027 neque
2679 2951 2901 3010 similia
2946 2952 3232 3027 leguntur

604 3038 763 3112 apud
795 3039 943 3097 alios
977 3041 1260 3100 auctores,
1314 3038 1367 3102 S.
1403 3040 1448 3097 T
1467 3040 1504 3098 h
1523 3059 1722 3099 omas
1753 3041 2085 3099 doctrinam
2117 3040 2389 3117 magistri
2422 3040 2590 3116 quasi
2622 3043 2963 3116 temperans
2996 3041 3035 3099 l.
3055 3058 3106 3098 c.
3127 3061 3175 3098 a.
3197 3048 3227 3099 2

607 3125 678 3183 ad
721 3138 769 3187 1.
805 3128 1227 3185 confessionem
1261 3127 1406 3188 laico
1442 3129 1655 3188 factam
1689 3130 1834 3188 dicit
1889 3130 2087 3205 ,quasi
2122 3128 2647 3188 sacramentalem‘
2684 3134 2984 3207 negatque
3019 3129 3232 3186 laicum

607 3214 745 3272 dare
795 3216 1248 3287 absolutionem,
1304 3218 1641 3285 ,defectum
1691 3223 1894 3277 tamen
1942 3219 2263 3277 sacerdotis
2311 3237 2579 3277 summus
2625 3220 2896 3277 sacerdos
2931 3218 3230 3293 supplet.‘

608 3428 852 3482 facultas
878 3431 1203 3503 excipiendi
1232 3432 1404 3487 etiam
1433 3432 1833 3488 confessiones.
1870 3432 2076 3486 Verum
2105 3433 2163 3486 id
2182 3450 2284 3503 pro
2303 3449 2434 3486 casu
2456 3432 2809 3488 necessitatis
2827 3434 3037 3488 mirum
3060 3430 3233 3486 videri

607 3525 724 3562 non
751 3508 937 3573 debet,
964 3527 1093 3565 cum
1122 3528 1186 3565 eo
1217 3514 1486 3580 tempore,
1514 3514 1580 3565 ut
1596 3528 1727 3564 mox
1753 3510 2090 3577 videbimus,
2108 3513 2309 3582 opinio
2333 3512 2668 3577 invaluerit,
2694 3530 2759 3567 eo
2777 3513 2839 3566 in
2856 3530 2989 3566 casu
3007 3515 3230 3567 absente

608 3588 899 3643 sacerdote
930 3592 1018 3645 vel
1046 3591 1190 3645 laico
1219 3607 1336 3645 esse
1364 3591 1768 3646 confitendum.
1798 3590 1928 3646 Non
1953 3592 2164 3645 desunt
2194 3595 2387 3646 tamen
2415 3593 2659 3647 concilia
2686 3595 2774 3648 vel
2796 3593 3232 3648 constitutiones

608 3667 925 3736 synodales,
954 3670 1016 3723 in
1044 3670 1273 3739 quibus,
1301 3686 1560 3726 concessa
1586 3688 1689 3739 pro
1719 3688 1853 3724 casu
1883 3671 2238 3725 necessitatis
2279 3673 2559 3727 facultate
2585 3672 2914 3744 excipiendi
2940 3672 3232 3727 confessio·

610 3765 725 3811 nes,
751 3752 999 3820 negatur
1018 3751 1116 3819 jus
1137 3751 1314 3804 dandi
1341 3750 1762 3805 absolutionem
1797 3768 1957 3812 „cum
1986 3752 2172 3806 claves
2190 3770 2303 3807 non
2325 3754 2581 3807 habeant
2603 3768 2646 3806 :⁶⁸
2678 3752 2853 3821 idque
2881 3755 3029 3807 forte
3059 3769 3231 3807 neces·

609 3827 823 3881 sarium
850 3833 1003 3883 erat:
1030 3847 1098 3883 ex
1124 3830 1421 3884 nonnullis
1448 3831 1600 3884 enim
1629 3831 2018 3887 monumentis
2062 3832 2221 3886 illius
2262 3833 2468 3887 aetatis
2509 3833 2645 3887 satis
2690 3833 3000 3904 colligitur,
3046 3848 3234 3887 revera

607 3909 900 3979 irrepsisse
927 3912 1140 3965 abusus
1165 3916 1344 3979 atque
1372 3912 1641 3966 diaconos
1667 3928 1836 3965 ausos
1863 3929 1980 3966 esse
2009 3914 2098 3967 vel
2124 3915 2415 3969 absolvere
2444 3914 2820 3984 poenitentes.
2866 3916 2985 3969 Sec.
3013 3915 3133 3968 XV.
3162 3912 3235 3965 vi·

609 3990 821 4044 dentur
847 4009 984 4044 usus
1010 3995 1068 4045 et
1093 3994 1306 4045 abusus
1333 3991 1704 4046 diaconorum
1746 3992 1897 4046 circa
1938 3994 2299 4061 poenitentes
2337 3993 2399 4047 in
2440 4012 2573 4048 casu
2614 3993 2968 4048 necessitatis
3008 3996 3234 4048 absente

609 4071 897 4126 sacerdote
920 4088 1179 4136 cessasse,
1209 4073 1452 4141 ideoque
1479 4071 1539 4125 in
1568 4071 1711 4125 actis
1740 4071 1971 4125 concilii
1999 4073 2302 4126 tridentini
2344 4090 2415 4126 ne
2457 4075 2765 4144 vestigium
2807 4074 3091 4144 reperitur
3116 4090 3238 4127 con·

609 4149 916 4204 troversiae
942 4152 1011 4204 de
1031 4152 1162 4221 jure
1191 4151 1560 4207 diaconorum
1588 4151 1764 4204 etiam
1796 4151 1858 4204 in
1884 4167 2017 4204 casu
2045 4151 2401 4205 necessitatis
2445 4150 2506 4205 in
2534 4153 2907 4222 poenitentes.
2963 4150 3046 4206 Cf.
3076 4151 3240 4204 Lau-

609 4230 781 4283 rain
807 4230 846 4283 1.
874 4229 969 4284 cit.
998 4231 1121 4284 fuse
1148 4231 1217 4285 de
1245 4233 1350 4285 hac
1380 4249 1433 4300 q.
1461 4232 1539 4287 ib.
1566 4251 1621 4301 p.
1652 4236 1904 4287 68—-114
1929 4231 2316 4285 disserentem.

831 4315 867 4380 ¹)
894 4312 953 4365 Si
981 4314 1172 4366 tamen
1200 4311 1382 4383 ipsius
1409 4316 1495 4365 est
1519 4310 1615 4364 hic
1641 4325 1845 4364 sermo.
1872 4326 2005 4364 nam
2032 4310 2173 4365 alibi
2200 4312 2311 4383 (Tr.
2340 4311 2485 4377 Quia
2512 4312 2715 4366 fratres
2742 4311 2878 4365 min.
2908 4313 3239 4382 praedicent

610 4392 667 4443 et
693 4390 1073 4444 confessiones
1113 4392 1356 4444 audiant
1398 4407 1529 4461 opp.
1557 4391 1679 4455 VII,
1708 4397 1812 4446 345
1842 4390 2114 4460 Lugduni
2146 4397 2300 4463 1668)
2330 4392 2555 4447 scribit:
2608 4391 2803 4457 „Quod
2830 4393 2983 4446 enim
3011 4392 3237 4452 dicitur,

609 4470 764 4538 quod
793 4468 854 4522 in
881 4470 1150 4524 extremis
1177 4471 1383 4525 debeat
1408 4472 1574 4526 homo
1603 4470 1749 4525 laico
1782 4470 2059 4534 confiteri,
2082 4469 2129 4523 si
2156 4471 2505 4525 sacerdotem
2532 4489 2648 4525 non
2676 4471 2901 4535 habeat,
2931 4488 3046 4525 non
3069 4480 3151 4525 est
3172 4470 3236 4522 de

612 4547 963 4612 necessitate,
991 4565 1121 4602 cum
1148 4549 1328 4604 laicus
1349 4569 1465 4606 non
1485 4552 1695 4605 habeat
1713 4550 2116 4604 auctoritatem
2136 4550 2394 4619 aliquam
2415 4551 2766 4613 absolvendi,
2788 4551 2884 4605 sed
2906 4555 2994 4604 est
3012 4550 3237 4621 signum

611 4632 839 4682 tantum
867 4628 1247 4695 contritionis,
1278 4648 1391 4699 quo
1419 4631 1812 4701 perpenditur,
1860 4630 2012 4699 quod
2043 4631 2392 4685 sacerdotem
2432 4630 2841 4685 desideraverit
2865 4634 3003 4686 etc.“
3062 4631 3146 4685 Cf.
3171 4630 3234 4682 de

613 4710 720 4762 hac
748 4709 912 4777 praxi
941 4709 1063 4762 fuse
1091 4713 1149 4763 et
1174 4709 1398 4763 erudite
1424 4711 1794 4766 disserentem
1821 4711 1966 4764 Lau
1985 4710 2215 4767 rainl.
2246 4729 2290 4766 c.
2321 4731 2374 4781 p.
2403 4718 2608 4768 8-68:
2639 4711 2772 4765 Fra
2791 4711 2883 4764 nk
2909 4711 2947 4764 1.
2971 4720 3005 4767 2
3024 4729 3068 4767 c.
3091 4718 3124 4766 3
3144 4722 3169 4777 ς·
3190 4717 3236 4765 S:

615 4789 1081 4844 Benedictus
1109 4790 1237 4843 XIV
1265 4791 1333 4844 de
1362 4808 1484 4859 syn.
1511 4792 1690 4849 dioec.
1719 4795 1752 4848 l.
1782 4798 1814 4848 7
1843 4809 1888 4848 e.
1922 4800 2002 4848 16.
