3538 5364
527 347 658 412 534
1003 337 1184 391 Tract.
1216 338 1305 391 IX.
1333 337 1401 390 de
1429 334 1816 391 matrimonio.
1844 336 2045 390 Thesis
2074 336 2352 392 CCLXVI.
2382 335 2667 391 Ecclesiae

527 519 829 584 Christus.
864 521 936 587 b.
971 517 1025 580 A
1060 516 1087 579 f
1097 535 1136 580 o
1152 536 1184 580 r
1201 517 1260 580 ti
1277 534 1315 580 o
1334 517 1437 580 ri:
1469 522 1680 598 potest
1704 516 1876 581 enirn
1897 516 2249 582 secundum
2272 516 2676 582 adversarios
2696 519 2973 583 societas
2994 518 3153 582 civi-

525 627 603 691 lis
638 633 924 691 statuere
957 626 1415 707 impedimenta
1446 625 1840 689 dirimentia:
1890 644 1932 688 a
1976 625 2218 690 fortiori
2268 644 2419 706 ergo
2452 626 2756 703 Ecclesia,
2807 635 3157 710 postquam

527 734 1008 797 matrimonium
1041 735 1281 797 tactum
1313 739 1411 797 est
1443 739 1940 796 sacramentum.
1974 752 2039 801 c.
2074 732 2164 796 Ex
2196 732 2428 813 agendi
2461 733 2715 798 ratione
2747 734 3156 799 adversario-

534 860 695 915 rum,
730 841 836 922 qui
868 857 999 903 non
1033 839 1160 902 alia
1190 838 1270 903 de
1303 856 1502 901 causa
1533 839 1698 902 adeo
1732 844 1962 920 urgent
1991 838 2534 920 separabilitatem
2554 841 2942 904 sacramenti
2973 859 3014 904 a
3047 859 3158 904 ra-

528 947 699 1010 tione
719 952 1092 1010 contractus
1121 944 1184 1007 in
1202 944 1611 1007 matrimonio
1645 944 2012 1021 christiano,
2048 962 2240 1026 quam
2259 945 2410 1026 quia
2428 944 2601 1010 clare
2623 945 2857 1021 vident,
2878 966 2949 1013 se
2971 947 3162 1012 aliter

526 1052 849 1119 Ecclesiae
880 1053 1187 1134 potestati
1218 1051 1606 1117 subtrahere
1654 1071 1785 1116 non
1829 1070 2022 1133 posse
2053 1053 2552 1129 matrimonium,
2603 1054 2658 1117 si
2689 1055 2896 1135 ipsum
2927 1055 3012 1119 sit
3043 1072 3159 1118 sa-

528 1166 946 1225 cramentum.
981 1157 1142 1223 Cum
1174 1178 1324 1239 ergo
1357 1156 1807 1240 inseparabilis
1838 1159 1921 1221 sit
1949 1159 2117 1223 ratio
2149 1159 2539 1224 sacramenti
2571 1178 2611 1223 a
2642 1168 2978 1227 contractu
3010 1179 3162 1225 ma-

528 1267 889 1344 trimoniali,
937 1266 1241 1347 denegari
1285 1284 1417 1329 non
1462 1267 1699 1348 poterit
1728 1265 2052 1330 Ecclesiae
2099 1283 2179 1329 ea
2223 1272 2512 1347 potestas
2561 1266 2625 1329 in
2656 1268 3162 1332 matrimonium.

710 1415 855 1478 627.
889 1410 1439 1478 Demonstrati«)
1474 1428 1541 1494 p.
1575 1408 1674 1478 11.
1726 1407 2084 1472 Causarum
2115 1409 2862 1474 matrimonialium
2893 1411 3162 1476 nomine

529 1533 661 1579 non
680 1514 1087 1596 intelligimus
1108 1532 1529 1599 quascunque
1552 1532 1803 1592 causaS,
1843 1532 2010 1597 quae
2042 1517 2384 1579 occasione
2417 1516 2806 1580 matrimonii
2840 1516 3162 1592 oriuntur,

528 1622 642 1686 sed
689 1640 818 1699 eaS,
865 1640 1031 1705 quae
1082 1622 1605 1685 intrinsecus
1651 1638 1799 1684 cum
1846 1640 1922 1685 eo
1970 1628 2118 1685 sunt
2164 1639 2496 1686 connexae
2544 1629 2605 1687 et
2655 1623 2755 1687 vel
2805 1622 3162 1704 respiciunt

530 1729 918 1793 matrimonii
949 1729 1274 1793 vinculum
1310 1746 1427 1792 seu
1460 1728 1765 1803 valorem,
1799 1728 1899 1793 vel
1932 1728 2016 1791 ad
2047 1728 2199 1791 illud
2233 1729 2603 1793 immediate
2624 1735 2687 1793 et
2707 1747 2822 1810 per
2843 1749 2913 1795 se
2934 1728 3160 1811 dispo-

532 1843 709 1909 nunt,
745 1841 818 1899 ut
847 1842 998 1900 sunt
1027 1835 1371 1917 sponsalia,
1419 1835 1517 1899 vel
1554 1853 1682 1911 eaS,
1717 1852 1883 1917 quae
1916 1834 2198 1915 pendent
2229 1854 2269 1898 a
2300 1836 2555 1899 vinculo
2602 1835 2880 1918 illudque
2926 1852 3160 1900 conse-

531 1949 828 2024 quuntur,
862 1949 931 2006 ut
961 1942 1325 2022 legitimitas
1374 1941 1588 2022 prolis,
1642 1948 1707 2004 et
1756 1959 2017 2017 causae,
2070 1959 2236 2023 quae
2284 1941 2651 2007 referuntur
2701 1942 2783 2006 ad
2815 1942 3161 2024 conjugum

528 2051 1018 2131 separationem.
1082 2049 1213 2113 Has
1244 2066 1477 2113 causas
1510 2048 1839 2112 obnoxias
1874 2065 2017 2113 esse
2047 2047 2370 2113 Ecclesiae

711 2176 776 2243 1.
809 2175 1095 2257 sequitur
1126 2172 1573 2237 corollarii
1607 2172 1801 2236 modo
1837 2190 1915 2236 ex
1947 2180 2132 2253 parte
2164 2173 2591 2253 praecedenti.
2656 2173 2952 2239 Profecto
2987 2176 3160 2239 enim

533 2282 616 2345 ad
646 2281 823 2345 illum
853 2286 1103 2362 spectat
1135 2297 1526 2360 cognoscere
1559 2296 1812 2354 causaS,
1845 2297 2012 2361 quae
2045 2280 2395 2362 respiciunt
2425 2278 2713 2344 valorem
2747 2281 3162 2355 matrimonii,

535 2388 618 2452 ad
651 2407 842 2469 quem
873 2393 1124 2469 spectat
1156 2393 1440 2452 statuere
1473 2386 1905 2461 conditioneS,
1939 2386 2170 2468 quibus
2205 2388 2476 2451 servatis
2509 2393 2878 2452 contractus
2912 2395 3011 2453 est
3041 2407 3161 2452 va·

534 2495 715 2559 lidus.
777 2494 974 2577 Atqui
1007 2513 1085 2558 ex
1117 2493 1303 2557 dictis
1333 2493 1497 2558 haec
1530 2494 1827 2574 potestas
1854 2494 2161 2574 competit
2191 2491 2531 2559 Ecclesiae.

711 2621 776 2689 2.
809 2619 898 2685 Ex
931 2619 1018 2685 th.
1041 2625 1168 2689 261
1191 2625 1388 2701 patet,
1415 2617 1812 2681 matrimonii
1832 2624 2235 2681 contractum
2269 2636 2338 2682 re
2370 2637 2502 2682 non
2535 2617 2805 2696 differre,
2827 2636 2947 2685 nec
2967 2638 3163 2702 posse

535 2729 781 2810 sejungi
831 2746 870 2791 a
918 2727 1170 2792 ratione
1220 2726 1631 2789 sacramenti.
1696 2725 1892 2807 Atqui
1941 2724 2264 2790 Ecclesiae
2316 2733 2414 2791 est
2456 2726 2745 2808 judicare
2797 2728 2876 2792 de
2926 2728 3163 2803 causis,

537 2854 703 2918 quae
734 2835 1081 2917 respiciunt
1110 2840 1667 2898 sacramentorum
1721 2832 2021 2897 valorem.
2085 2832 2254 2913 Ergo
2288 2840 2353 2898 et
2384 2833 2464 2897 de
2495 2834 2725 2911 causiS,
2758 2852 2924 2916 quae
2956 2835 3164 2916 respi-

537 2943 713 3006 ciunt
760 2941 1150 3005 matrimonii
1194 2945 1623 3015 contractum,
1682 2940 1796 3021 qui
1850 2946 1948 3004 est
1998 2947 2492 3016 sacramentum,
2545 2941 2809 3023 ejusque
2858 2939 3166 3007 valorem.

536 3048 840 3112 lllationis
872 3050 999 3111 vim
1031 3048 1186 3111 vidit
1219 3045 1616 3111 Calvinus
1663 3046 1950 3110 scribens
1983 3047 2174 3111 instit.
2208 3046 2244 3109 l.
2279 3052 2321 3113 4
2354 3064 2404 3110 c.
2443 3050 2525 3114 19
2559 3051 2592 3131 ξ
2628 3052 2744 3116 37:
2800 3046 2958 3121 ,Ubi
2992 3048 3166 3112 enim

537 3155 736 3220 semel
769 3155 1103 3220 obtinuere
1136 3154 1431 3218 catholici
1478 3154 1962 3219 matrimonium
2011 3173 2154 3219 esse
2202 3162 2700 3231 sacramentum,
2733 3155 3166 3238 conjugalium

539 3279 881 3325 causarum
915 3262 1347 3341 cognitionem
1398 3261 1481 3324 ad
1532 3280 1602 3326 se
1655 3266 2145 3336 contraxerunt3
2198 3261 2431 3343 quippe
2482 3281 2585 3327 res
2632 3261 2975 3344 spiritualis
3022 3269 3168 3326 erat

538 3367 821 3449 profanis
846 3367 1166 3449 judicibus
1196 3387 1329 3432 non
1362 3367 1831 3431 attrectanda.²
1903 3367 2039 3430 Hoc
2088 3375 2467 3448 argumento
2501 3369 2700 3433 utitur
2732 3368 2920 3433 Pius
2951 3369 3052 3432 VI.
3102 3369 3168 3432 in

540 3493 635 3557 ep.
670 3476 753 3539 ad
786 3476 975 3557 episc.
1006 3475 1434 3539 motulensem
1474 3479 1549 3542 17
1557 3524 1569 3536 .
1606 3471 1781 3555 Sept.
1812 3480 1886 3542 17
1896 3479 1997 3549 88,
2025 3474 2088 3537 in
2111 3492 2240 3555 qua
2258 3474 2590 3555 proposito
2612 3474 2914 3556 dogmate
2935 3475 3167 3539 catho-

540 3583 662 3647 lico
696 3584 775 3647 de
807 3582 1200 3646 matrimonii
1231 3587 1640 3646 sacramento
1677 3562 1901 3657 infert}
1974 3580 2171 3654 ,Hinc
2218 3580 2303 3657 fit,
2336 3589 2409 3646 ut
2440 3581 2522 3645 ad
2557 3581 2761 3646 solam
2792 3580 3167 3658 Ecclesiam,

304 3698 506 3800 ὑμῶν
543 3691 645 3754 cui
679 3696 816 3754 tota
849 3689 928 3754 de
961 3690 1385 3755 sacramentis
1436 3695 1533 3752 est
1583 3705 1740 3752 cura
1790 3689 2176 3764 concredita,
2221 3689 2327 3771 jus
2361 3707 2553 3754 omne
2587 3706 2664 3752 ac
2695 3694 2985 3771 potestas
3017 3707 3168 3771 per-

18 3763 275 3871 dita-‘J'
314 3859 381 3902 ὃ,
541 3797 742 3861 tineat
774 3814 958 3859 suam
992 3795 1360 3876 assignandi
1414 3794 1686 3858 formam
1735 3794 1887 3858 huic
1937 3796 2294 3859 contractui
2344 3795 2428 3860 ad
2474 3794 2909 3860 sublimiorem
2944 3812 3169 3859 sacra-

3 3922 307 4000 *ests-
324 3899 518 4010 ’.ωλι
541 3905 738 3969 menti
770 3903 1145 3984 dignitatem
1178 3907 1419 3978 evect0,
1454 3919 1530 3965 ac
1563 3901 1838 3984 proinde
1871 3902 1950 3966 de
1984 3902 2541 3966 matrimoniorum
2573 3902 2902 3968 validitate
2936 3909 3050 3967 aut
3069 3903 3171 3966 in-

45 4047 86 4103 (
130 3999 277 4072 ιμ’·
540 4010 868 4075 validitate
894 4009 1202 4090 judicium
1234 4008 1451 4074 ferre.‘
1492 4009 1674 4088 Quae
1711 4010 1946 4074 iterum
1979 4009 2321 4074 inculcavit
2353 4009 2493 4073 Piu
2513 4028 2544 4072 s
2576 4009 2677 4072 lx.
2729 4009 2909 4073 alloc.
2944 4009 3172 4074 habita

546 4122 648 4184 27.
683 4114 855 4198 Sept.
896 4122 1081 4186 1852.

719 4242 783 4308 3.
816 4240 908 4304 Ex
940 4240 1168 4304 divinis
1200 4240 1417 4317 literiS,
1450 4240 1841 4304 nominatim
1876 4258 1955 4304 ex
1996 4247 2047 4309 1.
2082 4239 2222 4304 Cor.
2259 4246 2293 4308 7
2349 4240 2668 4305 habemus
2717 4262 2782 4309 a.
2817 4240 3171 4305 corinthios

528 4339 938 4412 ‘consuluisse
970 4345 1241 4412 Paulum
1292 4349 1370 4412 de
1423 4348 1909 4430 quaestionibus
1961 4348 2043 4411 ad
2095 4348 2573 4412 matrimonium
2626 4347 3072 4430 spectantibus
3106 4355 3173 4413 et

545 4453 740 4517 etiam
791 4454 869 4517 de
920 4471 1135 4531 causa,
1186 4474 1352 4537 quae
1399 4455 1610 4536 ipsum
1662 4456 2013 4536 respiceret
2063 4455 2456 4518 matrimonii
2487 4454 2808 4518 vinculum
2841 4474 2897 4517 v.
2938 4459 3017 4522 12
3050 4473 3170 4529 ss,;

546 4562 614 4629 b.
645 4558 913 4623 Paulum
948 4560 1030 4623 ad
1064 4579 1174 4625 eas
1208 4560 1619 4643 quaestiones
1652 4561 2066 4642 respondere,
2118 4567 2180 4625 et
2212 4561 2471 4642 quidem
2521 4559 3015 4625 authentice
3066 4560 3170 4625 vel

544 4666 963 4748 proponendo
997 4673 1059 4730 et
1093 4666 1469 4747 explicando
1503 4668 1708 4748 legem
1742 4667 1823 4731 de
1858 4667 2251 4730 matrimonii
2273 4666 2831 4732 indissolubilitate
2850 4687 2908 4730 v.
2929 4671 3035 4741 39,
3068 4665 3171 4730 vel

545 4772 1010 4854 promulgando
1047 4771 1277 4836 Christi
1309 4780 1724 4855 praeceptum
1757 4795 1814 4838 v.
1857 4780 1935 4842 lo
1967 4793 2015 4836 s,
2051 4774 2134 4861 (n.
2171 4778 2396 4861 617⁰);
2449 4773 2549 4839 vel
2592 4773 3021 4856 peremptorie
3053 4771 3169 4836 de-

102 4289 221 4344 *ὦ
