3538 5364
399 4166 443 4221 d

554 220 684 285 536
1058 209 1241 263 Tract.
1269 209 1364 262 IX.
1391 209 1461 262 de
1489 207 1703 262 ordine.
1734 206 1815 262 De
1833 207 2305 263 ordinationibus
2330 208 2669 281 anglicanis,

553 398 707 456 facta
737 396 1117 473 particularia
1147 413 1215 453 ex
1248 394 1589 471 ignorantia
1618 394 1714 453 vel
1745 394 1981 454 malitia
2020 398 2273 472 patrata,
2324 396 2617 456 Ecclesiae
2647 398 3010 457 universalis
3043 416 3176 456 sen·

553 504 656 546 sus
689 486 887 563 colligi
919 484 1147 561 nequit.

733 610 903 680 Quod
949 609 1003 668 si
1049 604 1114 671 4.
1155 625 1346 683 usque
1378 607 1453 665 ad
1483 609 1689 666 nostra
1718 609 1986 683 tempora
2018 612 2577 671 controvertebatur
2607 611 2679 671 de
2710 612 2911 671 valore
2945 610 3179 670 ordina·

554 700 793 759 tionum
823 697 1415 776 anglicanarum
1433 741 1446 767 ,
1493 695 1647 755 ratio
1692 714 1815 755 non
1844 699 1972 756 erat
2002 698 2254 758 dubium
2285 700 2360 758 de
2391 701 2560 771 thesi,
2606 719 2754 759 num
2785 700 2908 760 scil.
2942 699 3180 760 ordina-

556 789 750 848 tiones
771 788 1210 847 haereticorum
1230 785 1356 844 sint
1375 785 1623 856 validae,
1659 785 1762 844 sed
1784 786 2135 863 gravissima
2166 788 2347 847 dubia
2379 805 2441 852 a.
2474 789 2548 847 de
2580 789 2778 848 valida
2807 789 3182 849 ordinatione

554 879 735 955 primi
779 875 1037 954 episcopi
1082 871 1438 956 (Parker),
1488 894 1523 932 a
1570 893 1688 949 quo
1734 875 2106 950 reliquorum
2152 877 2562 954 episcoporum
2602 878 2896 938 ordinatio
2929 878 3180 953 pendet;

555 965 630 1032 b.
663 967 737 1026 de
769 964 1126 1026 sufficientia
1156 962 1649 1022 intentionis
1681 963 1746 1020 in
1780 964 2075 1024 ministris
2095 966 2568 1026 ordinationum:
2603 986 2738 1027 cum
2770 968 2931 1027 enim
2962 972 3183 1045 negent

556 1060 617 1116 et
661 1058 859 1132 ipsum
906 1053 1128 1113 ordinis
1160 1055 1612 1123 sacramentum,
1648 1052 2018 1112 sacrificandi
2051 1059 2410 1131 potestatem
2455 1058 2517 1115 et
2562 1058 2957 1116 characterem
2990 1075 3181 1115 sacer·

556 1146 833 1215 dotalem,
881 1146 942 1201 et
985 1143 1146 1200 hunc
1190 1142 1254 1199 in
1300 1140 1477 1199 finem
1516 1141 1972 1201 immutaverint
2003 1144 2206 1215 ritum,
2257 1145 2352 1204 vix
2397 1147 2459 1204 in
2509 1145 2859 1205 ordinandis
2892 1145 3183 1205 Ecclesiae

555 1235 848 1293 ministris
893 1232 1179 1291 videntur
1229 1229 1343 1288 dici
1388 1248 1563 1305 posse
1607 1230 1919 1290 intendere
1964 1232 2027 1290 id
2058 1233 2263 1304 facere,
2311 1235 2471 1309 quod
2515 1234 2659 1293 facit
2688 1234 2970 1293 Ecclesia.
3037 1236 3184 1293 Prae

558 1324 765 1400 primis
796 1340 936 1380 vero
969 1334 1034 1384 e.
1070 1318 1418 1396 gravissima
1450 1323 1766 1378 moventur
1798 1320 1981 1379 dubia
1999 1321 2071 1379 de
2094 1321 2452 1382 sufficientia
2481 1323 2768 1383 formae
2813 1323 2879 1382 in
2923 1324 3185 1399 anglica·

556 1431 770 1472 norum
803 1407 1283 1470 ordinationibus
1315 1407 1633 1479 adhibitae,
1651 1427 1802 1484 quae
1823 1409 1968 1468 satis
1999 1428 2213 1486 anceps
2244 1415 2337 1470 est
2355 1416 2493 1488 post
2511 1413 2816 1472 inductam
2830 1413 2983 1471 inea
3012 1413 3182 1471 inno·

557 1501 860 1560 vationem
905 1498 978 1557 ad
1024 1496 1455 1573 designandam
1487 1515 1684 1555 veram
1714 1500 2070 1573 potestatem
2104 1500 2539 1560 sacerdotalem.
2605 1501 2762 1559 Hinc
2804 1502 2878 1560 ab
2924 1521 2975 1560 a.
3017 1511 3182 1565 1554

556 1593 831 1650 constans
865 1587 1139 1665 viguerat
1160 1586 1286 1661 jam
1333 1585 1395 1643 in
1440 1585 1704 1644 Ecclesia
1748 1589 2012 1662 praxis
2059 1589 2296 1649 illorum
2330 1589 2735 1650 ordinationes
2766 1609 2874 1666 pro
2906 1590 3186 1649 invalidis

556 1679 833 1741 habendi.
917 1674 1393 1736 Controversiam
1441 1674 1646 1749 potius
1704 1676 2230 1737 theoreticam
2288 1680 2686 1756 peremptorie
2736 1682 2941 1738 nostra
2991 1683 3186 1738 aetate

556 1769 800 1828 diremit
831 1768 973 1825 Leo
1003 1764 1163 1827 XIII.
1195 1764 1260 1822 in
1290 1763 1458 1821 bulla
1490 1764 1559 1822 de
1592 1764 1668 1822 iis
1701 1763 1862 1822 edita
1902 1777 1997 1830 13.
2032 1769 2192 1844 Sept.
2239 1778 2421 1840 1896,
2454 1769 2520 1827 in
2551 1788 2670 1845 qua
2701 1769 2860 1827 inter
2890 1769 3009 1828 alia
3037 1769 3187 1846 legi-

556 1876 720 1917 mus:
755 1855 1009 1927 ‚Verba,
1043 1871 1195 1929 quae
1227 1852 1300 1911 ad
1332 1853 1655 1928 proximam
1687 1872 1878 1928 usque
1906 1859 2160 1915 aetatem
2181 1857 2480 1916 habentur
2495 1858 2718 1933 passim
2748 1858 2822 1916 ab
2854 1858 3186 1935 anglicanis

555 1951 857 2023 tamquam
892 1944 1137 2002 forma
1165 1941 1410 2018 propria
1439 1942 1831 2001 ordinationis
1874 1946 2300 2023 presbyteralis
2348 1947 2466 2006 vid.
2511 1947 2745 2022 ,Accipe
2793 1946 3089 2023 Spiritum
3124 1951 3186 2008 S.‘

557 2035 802 2095 minime
834 2051 977 2093 sane
1008 2030 1351 2108 significant
1383 2030 1621 2089 definite
1654 2030 1919 2092 ordinem
1954 2034 2268 2094 sacerdotii
2314 2037 2408 2095 vel
2454 2037 2584 2112 ejus
2615 2035 2868 2113 gratiam
2914 2040 2977 2095 et
3021 2039 3186 2110 pote·

559 2128 792 2197 statem,
839 2140 991 2199 quae
1029 2120 1345 2196 praecipue
1376 2123 1465 2177 est
1494 2123 1758 2196 potestas
1793 2124 2172 2183 consecrandi
2217 2127 2278 2182 et
2324 2124 2609 2183 offerendi
2642 2143 2848 2183 verum
2882 2143 3099 2200 corpus
3131 2135 3188 2182 et

560 2213 909 2292 sanguinem
944 2209 1182 2268 Domini
1217 2252 1230 2264 .
1264 2254 1277 2266 .
1312 2251 1325 2265 .
1380 2208 1463 2266 De
1494 2210 1937 2271 consecratione
1968 2213 2293 2289 episcopali
2325 2213 2604 2272 similiter
2635 2216 2730 2272 est
2763 2262 2775 2276 .
2807 2260 2823 2276 .
2855 2262 2868 2275 .
2902 2214 3050 2271 Cum
3083 2213 3189 2271 hoc

558 2305 752 2382 igitur
782 2300 998 2360 intimo
1030 2298 1321 2357 formae
1353 2296 1591 2356 defectu
1623 2300 1978 2373 conjunctus
2011 2305 2103 2361 est
2135 2302 2400 2361 defectus
2446 2302 2934 2361 intentionis
2980 2347 2994 2360 .
3029 2347 3042 2360 .
3079 2346 3092 2360 .
3139 2301 3189 2358 si

558 2395 715 2452 ritus
751 2391 1107 2449 immutetur
1138 2405 1206 2445 eo
1239 2384 1554 2446 manifesto
1587 2388 1855 2460 consilio,
1901 2395 1972 2450 ut
2005 2391 2161 2449 alius
2194 2391 2515 2450 inducatur
2543 2391 2616 2449 ab
2649 2390 2913 2450 Ecclesia
2942 2409 3067 2449 non
3100 2408 3189 2448 re·

560 2485 789 2558 ceptuS,
841 2482 1030 2553 utque
1074 2476 1138 2535 id
1183 2475 1527 2552 repellatur,
1584 2475 1746 2551 quod
1777 2476 1921 2540 facit
1952 2480 2214 2539 Ecclesia
2259 2483 2319 2538 et
2363 2479 2523 2555 quod
2569 2498 2640 2537 ex
2684 2478 3074 2539 institutione
3119 2478 3189 2537 ad

558 2573 836 2630 naturam
856 2567 1076 2626 attinet
1108 2565 1481 2636 sacramenti,
1514 2568 1662 2622 tunc
1691 2565 1887 2639 palam
1922 2572 2015 2626 est
2045 2587 2166 2626 non
2198 2568 2392 2627 solum
2412 2568 2801 2627 necessariam
2823 2573 3190 2626 sacramento

559 2659 952 2720 intentionem
986 2657 1209 2725 deesse,
1257 2652 1358 2713 sed
1401 2653 1798 2713 intentionem
1842 2657 1962 2717 imo
2005 2657 2208 2716 haberi
2240 2661 2605 2717 sacramento
2637 2657 2945 2716 adversam
2990 2660 3054 2715 et
3097 2675 3187 2716 re·

559 2751 929 2828 pugnantem
963 2797 976 2810 .
1012 2791 1025 2803 .
1058 2790 1071 2803 .
1131 2746 1341 2819 Itaque
1373 2744 1652 2802 omnibus
1684 2746 2034 2819 pontificum
2068 2747 2447 2805 decessorum
2478 2748 2542 2804 in
2582 2747 2689 2805 hac
2721 2747 2851 2823 ipsa
2880 2764 3061 2805 causa
3092 2746 3188 2804 de·

561 2840 739 2899 cretis
772 2852 1205 2911 usquequaque
1235 2833 1625 2891 assentientes
1655 2851 1843 2909 eaque
1874 2835 2220 2912 plenissime
2252 2835 2664 2895 confirmantes
2695 2855 2761 2895 ac
2799 2836 2990 2895 veluti
3021 2854 3188 2895 reno·

559 2932 785 3004 ventes,
821 2925 1175 2984 auctoritate
1205 2920 1442 2993 Nostra,
1477 2925 1645 2980 motu
1676 2925 1936 3001 proprie,
1969 2927 2131 2983 certa
2164 2924 2430 2995 scientia,
2479 2925 2942 3001 pronunciamus
2990 2929 3053 2984 et
3091 2924 3188 2982 de-

561 3019 853 3077 claramus
884 3012 1288 3071 ordinationes
1320 3011 1447 3069 ritu
1477 3011 1789 3088 anglicano
1822 3016 1983 3073 actas
2016 3013 2216 3072 irritas
2261 3032 2507 3089 prorsus
2554 3013 2738 3073 fuisse
2783 3018 2845 3072 et
2890 3032 3022 3073 esse
3068 3032 3186 3072 om·

559 3108 825 3182 uinoque
855 3103 1110 3161 nullas·
1163 3098 1244 3157 Cf.
1277 3100 1340 3157 E.
1371 3100 1436 3164 E.
1467 3101 1851 3174 Estcourt,
1888 3103 2010 3162 The
2055 3103 2331 3179 question
2377 3102 2444 3161 of
2479 3103 2772 3180 Anglican
2805 3103 3183 3162 Ordinations

562 3194 898 3262 discussed3
946 3193 993 3249 B
1012 3189 1269 3258 randi,
1321 3188 1403 3247 La
1435 3191 1743 3252 condanna
1775 3194 1932 3252 delle
1965 3191 2329 3252 ordinazioni
2361 3192 2687 3269 anglicane,
2734 3191 2952 3250 Romae
2992 3203 3017 3255 1
3036 3201 3184 3257 897³

561 3283 843 3341 Katholik
885 3290 1070 3343 1894.
1101 3281 1177 3349 II,
1230 3286 1352 3343 582
1390 3297 1497 3350 SS.;
1546 3281 1893 3357 Lingeus
1942 3282 2167 3344 Ztschr.
2214 3281 2252 3344 f.
2303 3282 2464 3339 kath.
2509 3281 2706 3344 Theol.
2760 3289 2923 3345 1895
2962 3280 3094 3339 XIX
3136 3298 3185 3354 p.

568 3382 690 3435 718
727 3390 835 3441 ss.;
874 3380 995 3433 756
1034 3388 1144 3439 ss.;
1188 3377 1351 3431 1896
1385 3368 1504 3441 XX,
1545 3380 1667 3433 588
1705 3389 1783 3433 ss.

739 3512 890 3579 565.
939 3510 1196 3577 ’ῙἾΙθΒῘΒ
1253 3506 1626 3577 CCLVIII·
1691 3531 1929 3595 Runa,
1978 3543 2115 3597 quo
2172 3531 2566 3583 initiantur
2606 3529 2937 3595 episcopi,
2986 3540 3191 3582 verus

561 3625 661 3675 est
699 3622 873 3674 ordo
910 3635 956 3673 a
997 3621 1297 3687 reliquis
1336 3620 1707 3674 distinctus
1743 3634 2126 3686 verumque
2164 3621 2710 3672 sacramentum.

741 3739 1189 3808 Declaratlo.
1226 3743 1309 3800 De
1328 3760 1447 3817 qua
1466 3742 1820 3818 quaestione
1841 3741 2049 3800 scribit
2080 3743 2125 3799 P
2140 3762 2171 3801 e
2186 3762 2217 3800 r
2229 3763 2261 3801 r
2276 3761 2309 3802 o
2326 3761 2367 3800 n
2382 3760 2414 3800 e
2432 3762 2445 3799 ε
2482 3779 2510 3810 ‚
2526 3742 2587 3800 Si
2619 3760 2653 3800 o
2669 3761 2698 3799 r
2712 3739 2878 3798 dini
2897 3757 2925 3798 s
2958 3740 3194 3798 nomine

595 3833 934 3910 ignificetur
965 3853 1006 3910 g
1018 3853 1050 3891 r
1063 3852 1098 3890 a
1112 3832 1150 3890 d
1166 3851 1210 3890 u
1225 3850 1251 3890 s
1269 3878 1284 3902 ‚
1330 3830 1500 3889 nulla
1530 3834 1730 3907 potest
1760 3850 1890 3890 esse
1923 3832 2243 3902 contentio,
2292 3850 2427 3891 cum
2476 3831 2548 3889 de
2594 3829 2710 3889 fide
2755 3829 2834 3888 sit
2863 3828 3193 3897 definitum,

467 3935 493 3963 ⁰
566 3922 692 3980 dari
726 3923 790 3981 in
820 3922 1083 3981 Ecclesia
1115 3920 1403 3979 catholica
1432 3919 1823 3979 hierarchiam
1857 3920 2061 3979 divina
2081 3920 2458 3979 ordinatione
2480 3919 2838 3988 institutam,
2872 3936 3029 3992 quae
3060 3935 3194 3976 con·

492 3993 553 4092 ,γ’
566 4013 688 4069 stat
732 4030 801 4069 ex
848 4010 1155 4087 episcopis,
1209 4009 1573 4085 presbyteris
1625 4012 1687 4067 et
1734 4009 2031 4068 ministris
2078 4004 2174 4090 (cf.
2207 4029 2265 4069 n.
2304 4008 2474 4082 567).
2538 4006 2951 4068 Controversia
2995 4007 3197 4082 itaque

445 4080 523 4180 ’,ἦ
564 4100 731 4176 viget
777 4117 884 4158 seu
928 4099 1134 4174 potius
1180 4098 1379 4176 viguit
1426 4097 1499 4157 de
1545 4098 1907 4174 episcopatu,
1957 4102 2251 4173 quatenus
2292 4098 2533 4157 nomine
2565 4096 2792 4156 ordinis
2825 4095 3198 4172 significatur

565 4188 694 4265 ipse
738 4188 948 4246 ritus
993 4187 1453 4246 consecrationis
1470 4182 1535 4269 ²).
1598 4186 1841 4245 Veteres
1887 4186 2161 4262 plerique
2207 4186 2544 4245 scholastici
2575 4187 2939 4244 censuerunt
2971 4185 3196 4260 episco-

567 4278 775 4351 patum
820 4295 1013 4352 neque
1059 4276 1328 4335 ordinem
1360 4294 1487 4335 esse
1517 4275 1755 4352 proprie
1788 4274 2035 4346 dictum,
2084 4294 2279 4350 neque
2310 4274 2562 4351 proinde
2594 4275 3047 4345 sacramentum,
3098 4273 3197 4332 sed

788 4516 823 4581 ¹)
855 4510 1036 4566 Prael.
1066 4513 1104 4561 t.
1133 4517 1165 4565 9
1192 4510 1260 4562 dc
1289 4508 1408 4562 ord.
1437 4525 1483 4561 c.
1510 4515 1540 4562 ‘2
1570 4508 1755 4562 Schol.
1789 4508 1871 4562 Cf.
1900 4509 1934 4561 S
1958 4525 1986 4560 c
2005 4508 2041 4560 h
2062 4507 2221 4560 ulte
2240 4541 2255 4550 -
2280 4506 2320 4558 P
2341 4507 2408 4560 la
2426 4526 2451 4559 s
2470 4526 2494 4559 s
2511 4526 2564 4560 m
2581 4524 2613 4559 a
2631 4525 2666 4559 n
2687 4524 2724 4559 n
2759 4506 2860 4559 der
2887 4504 3197 4576 Episcopat

569 4591 665 4643 ein
696 4607 822 4643 vom
851 4589 1211 4657 Presbyter-at
1232 4588 1677 4652 verschiedener,
1700 4587 2131 4657 selbstiindiger,
2155 4587 2591 4640 sacramentaler
2608 4586 2775 4649 Ordo,
2799 4585 3195 4640 Paclerbornae

576 4677 740 4728 1883:
768 4670 829 4723 in
859 4668 1060 4739 primis
1087 4668 1154 4720 cle
1184 4668 1231 4720 R
1250 4686 1285 4720 ιι
1307 4669 1464 4720 heis
1493 4668 1625 4721 diss.
1654 4674 1721 4725 27
1748 4668 1810 4721 in
1838 4687 1877 4723 s,
1908 4668 2184 4721 Thomam
2214 4684 2258 4720 c.
2288 4677 2337 4721 4.
