3538 5364
1203 254 2072 327 justificationipraemittenda.
2128 317 2132 321 ¹
2265 300 2270 305 .
2337 296 2348 307 .
2829 269 2953 335 133

329 448 471 505 tum
504 459 585 504 ex
616 457 757 521 cap.
789 443 851 513 4,
887 445 1023 502 tum
1067 456 1147 503 ex
1193 438 1537 504 verborum
1582 438 2060 505 universalitate
2114 440 2575 521 ,disponuntur
2620 448 2837 508 autem
2870 442 2954 505 ad

332 549 543 629 ipsam
569 546 946 629 justitiam,‘
989 552 1124 609 tum
1156 565 1234 611 ex
1266 564 1468 627 scopo
1500 545 1759 623 decreti,
1793 546 1993 609 voluit
2012 547 2181 610 enim
2203 547 2461 628 plenam
2483 546 2956 629 justificationis

334 654 701 718 doctrinam
749 653 1036 727 tradere3
1088 659 1223 716 tum
1273 653 1424 735 quia
1472 653 1638 717 inter
1686 652 2136 735 dispositiones
2185 660 2477 719 recenset
2507 659 2727 719 votum
2758 654 2954 718 etiam

334 760 655 842 baptismi.

514 886 582 955 2.
621 888 893 947 Dubitari
935 890 1163 964 nequit,
1210 888 1411 946 mino
1431 908 1578 948 rem
1626 889 1851 965 requiri
1897 890 2344 966 dispositionem
2376 890 2450 949 ad
2473 890 2957 966 justificationem

333 999 443 1056 per
474 985 932 1047 sacramentum,
964 996 1143 1053 quam
1174 983 1339 1036 extra
1359 977 1510 1036 illud
1533 979 2024 1053 consequendam.
2077 979 2247 1048 Quod
2279 984 2442 1055 patet
2473 994 2535 1044 8.
2566 999 2636 1038 ex
2666 997 2958 1039 consensu

332 1070 753 1145 theologorum
773 1084 1070 1141 sensuque
1092 1067 1374 1136 fidelium,
1411 1068 1517 1143 qui
1532 1067 1683 1127 bene
1704 1072 1949 1144 sperant
1965 1068 2039 1127 de
2058 1068 2152 1138 iis,
2185 1070 2289 1144 qui
2311 1069 2653 1127 moriuntur
2670 1069 2960 1145 baptismo

338 1159 431 1217 vel
462 1156 872 1234 poenitentiae
904 1160 1271 1215 sacramento
1304 1160 1608 1233 suscepto:
1643 1157 1803 1216 anxii
1832 1177 1972 1217 vero
2005 1164 2149 1216 sunt
2179 1158 2252 1216 de
2284 1159 2375 1226 iis,
2412 1158 2516 1233 qui
2546 1159 2650 1216 illo
2683 1157 2960 1218 destituti

335 1249 462 1306 vita
498 1246 828 1315 decedunt3
879 1240 949 1306 b.
998 1264 1064 1302 ex
1111 1244 1383 1303 doctnina
1428 1264 1586 1305 conc.
1618 1265 1757 1305 sess.
1800 1257 1875 1309 14
1910 1266 1956 1310 c.
1993 1258 2063 1317 43
2116 1261 2176 1312 e.
2227 1266 2297 1305 ex
2342 1265 2513 1323 scopo
2558 1246 2960 1305 institutionis

336 1339 858 1395 sacramentorum.
909 1333 1198 1392 Instituta
1229 1334 1385 1392 enim
1406 1334 1671 1406 fuerunt,
1703 1339 1777 1394 ut
1805 1335 2126 1395 faciliorem
2148 1336 2468 1395 redderent
2487 1336 2963 1395 consecutionem

336 1426 574 1484 salutis.
636 1424 702 1482 Si
744 1442 884 1482 vero
928 1422 1001 1480 ad
1037 1422 1525 1498 justificationem
1574 1424 1961 1484 sacramentis
1996 1424 2378 1484 obtinendam
2413 1425 2613 1484 eadem
2648 1424 2962 1500 dispositio

338 1515 771 1589 requireretur,
817 1531 973 1588 quae
1017 1512 1242 1587 absque
1287 1512 1408 1571 illis
1453 1513 1691 1583 sufficit,
1737 1517 2102 1573 sacramenta
2137 1533 2256 1573 non
2288 1513 2606 1573 redderent
2635 1513 2962 1574 faciliorem

338 1604 499 1661 viam
532 1602 766 1673 salutiS‚
801 1601 902 1660 sed
938 1601 1138 1676 potius
1171 1601 1634 1678 impeditiorem.
1668 1604 1785 1661 imo
1817 1609 2016 1662 essent
2048 1604 2165 1662 sere
2198 1604 2451 1662 inutilia
2819 1622 2822 1627 ·

517 1690 588 1754 3.
621 1691 753 1750 Etsi
796 1691 1029 1748 timor
1060 1689 1179 1749 fere
1211 1709 1442 1766 semper
1471 1692 1639 1751 adest
1684 1692 1747 1749 in
1793 1692 2178 1769 dispositione
2208 1693 2399 1752 adulti
2430 1695 2492 1751 et
2520 1662 2838 1751 admodum
2870 1698 2963 1751 est

337 1772 533 1853 utilis,
582 1779 957 1839 necessarius
984 1783 1181 1838 tamen
1213 1798 1332 1838 non
1362 1784 1455 1838 est-
1485 1786 1624 1839 actu
1655 1778 1956 1857 explicito,
2003 1801 2195 1858 neque
2227 1783 2581 1841 necessitate
2609 1782 2810 1852 medii,
2857 1800 2961 1839 ne-

338 1889 456 1945 que
486 1870 806 1946 praecepti.
873 1866 1000 1936 Qua
1029 1868 1102 1926 de
1132 1887 1310 1927 causa
1339 1869 1403 1927 in
1434 1887 1558 1932 can.
1594 1880 1650 1939 3,
1698 1869 1803 1928 ubi
1837 1870 2056 1930 iterum
2090 1875 2476 1930 recensentur
2504 1872 2690 1941 actus,
2739 1871 2842 1946 qui
2889 1871 2960 1928 ad

330 1959 829 2034 justificationem
861 1956 1201 2032 disponunt,
1237 1958 1555 2018 omittitur.

517 2043 590 2110 4.
622 2048 717 2106 Ad
739 2046 1250 2123 justificationem,
1286 2063 1642 2122 quocunque
1662 2048 1902 2107 demum
1924 2049 2097 2108 modo
2117 2049 2440 2119 obtinetur,
2473 2047 2839 2107 necessarius
2871 2054 2967 2106 est

340 2139 404 2195 in
434 2137 648 2196 adulto
679 2136 899 2211 aliquis
931 2136 1098 2193 actus
1127 2137 1705 2211 poenitentiae,
1753 2140 1817 2195 et
1857 2155 1976 2196 non
2024 2139 2218 2197 solum
2264 2138 2610 2197 necessitate
2649 2137 2963 2213 praecepti,

344 2226 447 2285 sed
480 2232 545 2285 et
576 2225 777 2293 medii,
815 2231 887 2282 ut
915 2223 1147 2299 patebit
1177 2242 1244 2282 ex
1278 2230 1447 2285 tract.
1482 2225 1554 2285 de
1586 2227 1955 2327 poenitentia
1985 2222 2070 2311 (n.
2106 2223 2279 2306 458).

526 2312 596 2376 5.
630 2314 854 2372 Caritas
885 2317 947 2370 et
978 2313 1258 2372 contritio
1288 2314 1549 2389 perfecta
1578 2317 1902 2375 necessario
1934 2317 2327 2392 requiruntur
2370 2315 2441 2374 ad
2484 2304 2967 2389 justificationem

342 2407 510 2462 extra
542 2406 979 2461 sacramentum
1012 2420 1122 2460 con
1126 2403 1500 2476 equendam,
1547 2422 1668 2463 non
1715 2423 1853 2463 vero
1900 2406 1951 2463 si
1999 2406 2220 2463 virtute
2258 2403 2607 2463 sacramenti
2641 2404 2966 2467 obtinetur.

524 2488 596 2555 6.
632 2492 819 2568 Spes
864 2494 927 2549 et
971 2508 1253 2566 propos
1274 2491 1463 2550 itum
1508 2493 1633 2551 sive
1648 2493 2306 2569 suscipiendibaptismi
2337 2494 2460 2552 sive
2491 2492 2766 2551 servandi
2800 2512 2968 2568 prae-

344 2586 518 2658 cepta
548 2587 698 2639 sumt
726 2580 1054 2640 necessaria
1083 2581 1433 2639 necessitate
1465 2582 1875 2641 connexionis:
1925 2584 2029 2641 illa
2073 2602 2193 2642 non
2221 2586 2344 2642 tam
2374 2586 2619 2659 propter
2663 2600 2742 2651 se,
2788 2601 2970 2657 quam

345 2675 595 2748 propter
640 2670 788 2744 alios
833 2675 1035 2740 actus3
1078 2669 1414 2745 requiritur
1459 2671 1621 2730 enim
1663 2674 1735 2731 ut
1780 2672 2068 2732 habeatur
2106 2673 2305 2733 efficax
2338 2670 2644 2731 conversio
2676 2671 2741 2730 in
2773 2671 2967 2741 finem,

341 2779 464 2836 quo
483 2761 662 2820 homo
684 2779 746 2818 se
767 2759 920 2818 serio
938 2758 1011 2817 ad
1024 2759 1513 2833 justificationem
1545 2762 2018 2838 consequendam
2051 2762 2343 2837 disponat,
2366 2767 2426 2821 et
2445 2765 2658 2838 sponte
2690 2780 2798 2819 sua
2828 2760 2966 2819 obo-

344 2850 505 2908 ritur
534 2870 608 2909 ex
642 2849 757 2907 fide
793 2848 897 2907 Dei
927 2849 1408 2908 remuneratoris.
1475 2850 1855 2927 Propositum
1883 2870 2039 2914 ,vero
2071 2852 2224 2910 illud
2256 2852 2474 2928 duplex
2506 2849 2851 2927 requiritur,
2899 2854 2971 2907 ut

342 2959 487 2998 vera
519 2939 604 2997 sit
636 2943 698 2997 et
730 2937 1030 2996 sufficiens
1063 2936 1434 3012 poenitentia
1464 2942 1526 2997 et
1555 2940 1856 2998 contritio,

530 3025 596 3090 7.
631 3028 991 3102 Plerumque
1020 3029 1352 3103 peccatores
1384 3028 1771 3103 paulatim
1805 3029 2040 3104 disponi
2075 3029 2302 3100 solent;
2352 3031 2550 3104 potest
2580 3034 2777 3086 tamen
2808 3028 2969 3086 Deus

345 3117 553 3176 subito
585 3121 952 3192 peccatorem
984 3115 1058 3172 ad
1088 3116 1531 3190 justificationis
1564 3117 1814 3193 gratiam
1848 3117 2179 3193 disponere,
2213 3124 2285 3176 ut
2314 3117 2378 3176 in
2401 3117 2582 3176 Paulo
2604 3117 2822 3175 factum
2845 3135 2972 3176 esse

343 3207 663 3264 credimus.
726 3204 808 3262 cf.
841 3203 1159 3263 Thomas
1205 3216 1249 3265 1.
1288 3213 1322 3266 2
1358 3224 1413 3280 q.
1455 3215 1573 3267 112
1610 3225 1660 3267 a.
1697 3216 1730 3268 2
1768 3207 1839 3265 ad
1876 3217 1945 3277 23
1979 3226 2035 3282 q.
2082 3218 2194 3270 113
2230 3227 2281 3266 a.
2317 3219 2371 3271 7.

527 3308 596 3373 8.
631 3314 890 3369 Actuum
922 3310 1120 3383 series,
1154 3330 1331 3386 quam
1364 3312 1680 3371 concilium
1712 3331 1759 3373 c.
1784 3324 1817 3375 6
1853 3313 2155 3384 describit,
2188 3333 2387 3373 rerum
2419 3313 2652 3371 naturis
2684 3312 2969 3380 hominis-

344 3420 463 3477 que
496 3400 689 3458 indoli
720 3400 896 3475 plane
928 3401 1021 3458 est
1050 3400 1513 3470 accommodata;
1560 3420 1678 3461 non
1724 3406 1927 3490 tamen
1974 3403 2059 3461 ita
2099 3408 2375 3461 constans
2407 3406 2497 3462 est
2527 3409 2589 3460 et
2619 3402 2966 3471 necessaria,

345 3492 415 3548 ut
447 3508 518 3547 ex
551 3491 722 3565 parte
754 3488 964 3546 saltem
994 3507 1114 3547 non
1146 3489 1337 3563 possit
1367 3490 1617 3549 inverti:
1667 3491 1768 3548 sed
1808 3481 2041 3567 semper
2072 3496 2239 3551 actus
2271 3491 2409 3550 fidei
2440 3495 2651 3596 utpote
2675 3491 2972 3592 justifica-

346 3577 534 3637 tionis
569 3577 736 3636 radix
769 3581 831 3636 et
861 3577 1314 3636 fundamentum
1347 3580 1572 3653 praeire
1604 3579 1800 3639 debet.

530 3682 601 3748 9.
635 3683 1100 3759 Dispositionem
1147 3701 1215 3742 eo
1262 3688 1578 3754 moment0‚
1626 3703 1744 3760 quo
1776 3685 2035 3761 perfecta
2065 3688 2174 3756 est,
2207 3687 2423 3762 excipit
2454 3688 2581 3762 ipsa
2606 3686 2969 3761 justificatiO.

348 3774 497 3833 Nam
532 3777 605 3832 ut
636 3774 723 3831 ait
756 3773 914 3830 Deus
948 3772 1150 3831 Ezecb.
1186 3781 1286 3842 33,
1329 3783 1440 3835 12:
1492 3774 1768 3848 Impietas
1797 3776 1967 3850 impii
1997 3793 2111 3833 non
2151 3773 2368 3834 nocebit
2412 3778 2501 3852 ei,
2533 3778 2594 3833 in
2638 3794 2973 3851 quacunque

346 3864 439 3921 die
486 3880 794 3921 conversus
832 3861 1034 3934 fuerit.
1104 3860 1453 3937 Dispositio,
1487 3867 1785 3937 quatenus
1818 3863 2082 3939 disponit
2125 3869 2188 3922 et
2222 3865 2671 3940 justificationis
2717 3864 2971 3940 gratiam

346 3951 670 4028 praecedit,
718 3950 939 4009 dicitur
982 3949 1376 4021 informis;
1424 3955 1722 4025 quatenus
1754 3970 1891 4012 cum
1921 3953 2129 4029 gratia,
2175 3954 2247 4011 ad
2294 3972 2474 4029 quam
2519 3953 2802 4029 disponit,
2843 3954 2970 4036 jam

348 4041 743 4126 conjungitur
772 4042 833 4098 et
862 4038 934 4096 ab
968 4057 1036 4097 ea
1066 4040 1388 4115 perficitur,
1422 4039 1644 4098 dicitur
1674 4041 2019 4105 formata.

534 4164 679 4229 152.
714 4158 1065 4231 Scholion
1101 4163 1175 4228 11
1189 4163 1239 4230 Ι.
1302 4162 1665 4244 Dispositio,
1698 4181 1893 4245 quam
1927 4161 2394 4245 descripsimuS,
2427 4181 2559 4226 non
2592 4167 2842 4227 tantum
2873 4168 2973 4227 est

347 4268 635 4333 conditio
668 4268 808 4333 sine
839 4286 969 4350 qua
998 4287 1148 4346 non,
1181 4268 1297 4333 sed
1317 4270 1453 4334 veri
1471 4268 1749 4333 nominis
1782 4270 2230 4352 dispositio
2263 4269 2544 4347 moraliS,
2579 4287 2746 4351 quae
2766 4269 2968 4333 Deum

348 4375 435 4439 ad
458 4374 938 4466 justificationis
968 4376 1240 4456 gratiam
1275 4376 1711 4457 elargiendam
1741 4378 2116 4460 aliqualiter,
2163 4377 2541 4459 praesertim
2581 4377 2639 4440 si
2677 4383 2777 4441 est
2818 4393 2966 4457 per-

350 4481 538 4560 fecta,
570 4488 807 4546 movet.
869 4481 1006 4546 Hoc
1037 4484 1382 4547 statuimus
1412 4491 1641 4548 contra
1671 4484 2182 4548 lutheranos.
2246 4482 2417 4549 Sane

534 4606 598 4672 l.
632 4604 975 4670 concilium
1007 4607 1068 4670 id
1102 4606 1309 4684 docet,
1344 4625 1494 4671 nam
1529 4607 1781 4671 actibus
1813 4606 1948 4694 ‘illis
1992 4607 2232 4689 passim
2281 4608 2561 4672 vindicat
2590 4608 2717 4671 vim
2749 4606 2966 4688 dispo-

350 4712 564 4789 nendi,
598 4712 1045 4794 praeparandi,
1076 4712 1476 4794 impetrandi,
1510 4721 1574 4778 et
1604 4714 1861 4796 quidem
1895 4714 2002 4791 ita,
2035 4720 2105 4778 ut
2136 4714 2347 4795 gratia
2377 4714 2743 4778 infundatur
2774 4714 2970 4777 etiam
