3538 5364
512 260 636 323 172
742 250 926 303 Tract.
954 249 1103 301 Vns.
1130 248 1198 300 de
1220 246 1656 317 justificatione.
1684 246 1764 300 De
1794 245 2107 300 virtutibus
2135 246 2291 300 theol
2316 250 2375 300 et
2399 246 2565 300 donis
2592 247 2882 320 Spiritujs.

502 452 619 498 seu
654 433 869 515 aliqua
902 430 1101 512 ipsius
1135 428 1471 510 perfectio;
1505 428 1813 493 virtutum
1831 445 1985 492 vero
2007 427 2349 491 moralium
2381 427 2638 492 bonitas
2669 449 2786 495 seu
2816 432 3136 497 honestas

508 543 650 622 ipsa
682 546 897 615 actus3
931 558 992 607 c.
1026 537 1277 600 virtutis
1311 535 1714 616 theologicae
1746 539 1863 611 est,
1894 535 2223 599 hominem
2274 535 2752 602 immediate
2797 558 2914 620 per
2946 546 3134 602 actus

502 665 653 711 cum
675 647 806 711 Deo
841 646 964 709 fine
999 643 1475 725 supernaturali
1506 642 1913 724 conjungere,
1945 642 2011 704 in
2041 642 2217 705 illum
2252 642 2549 707 ordinare
2583 650 2647 708 et
2665 644 2934 725 dirigere
2954 647 3132 729 ejus-

512 772 634 836 que
666 754 866 817 vitam
899 751 1164 816 reddere
1198 750 1573 815 deiformem
1608 753 1692 836 (n.
1728 750 1918 836 209):
1951 750 2200 814 virtutis
2221 768 2377 813 vero
2404 750 2666 814 moralis
2686 752 2964 817 mediate
2984 760 3133 816 tan-

509 869 666 935 tum,
697 865 992 924 versatur
1024 859 1193 923 enim
1227 859 1398 921 circa
1442 875 1522 921 ea
1566 875 1732 939 quae
1778 863 1929 920 sunt
1974 856 2058 919 ad
2097 856 2306 922 finem.
2379 857 2698 932 ,Virtutes
2732 858 3137 941 theologicae

506 967 713 1048 inquit
743 965 1093 1029 Thomas
1133 972 1183 1033 1.
1221 971 1260 1032 2
1294 984 1349 1046 q.
1384 970 1469 1033 62
1505 982 1559 1027 a.
1597 968 1656 1039 3,
1701 963 1828 1027 hoc
1874 963 2068 1027 modo
2117 964 2415 1028 ordinant
2447 964 2776 1029 hominem
2809 965 2893 1029 ad
2923 966 3136 1030 beati-

512 1073 800 1138 tudinem
834 1074 1405 1154 supernaturalem,
1454 1073 1618 1135 sicut
1647 1090 1763 1153 per
1795 1072 2157 1135 naturalem
2189 1071 2669 1136 inclinationem
2703 1073 3037 1136 ordinatur
3068 1072 3137 1135 in

508 1179 703 1243 finem
734 1179 854 1242 sibi
886 1181 1429 1243 connaturalem«
1483 1178 1560 1243 Et
1592 1179 1656 1242 in
1687 1183 1747 1246 4.
1782 1178 1838 1241 d.
1872 1183 1960 1246 44
1993 1198 2049 1260 q.
2089 1184 2122 1246 1
2159 1197 2213 1242 a.
2256 1183 2279 1246 1
2323 1179 2439 1260 qcl.
2473 1184 2515 1244 4
2549 1179 2630 1242 ad
2666 1185 2740 1246 2:
2811 1178 3137 1253 „Virtutes

507 1286 754 1351 infusae
786 1286 1113 1367 tripliciter
1144 1305 1216 1349 se
1249 1285 1493 1351 habent
1529 1286 1612 1349 ad
1644 1285 1865 1350 Deum.
1929 1284 2265 1364 Quaedam
2298 1286 2470 1350 enim
2502 1285 2704 1349 Deum
2738 1286 2982 1351 habent
3013 1305 3135 1367 pro

506 1394 763 1475 objecto
799 1400 862 1457 et
894 1393 1036 1467 fine,
1058 1394 1225 1457 sicut
1247 1393 1664 1473 theologicae.
1699 1391 2034 1471 Quaedam
2054 1411 2184 1456 non
2207 1411 2324 1475 pro
2346 1392 2619 1473 obJ'ectO,
2641 1394 2705 1455 in
2725 1393 2898 1475 quod
2918 1398 3136 1456 trans-

509 1508 620 1564 eat
653 1518 875 1565 earum
907 1505 1107 1576 actus,
1141 1500 1252 1564 sed
1287 1517 1403 1581 pro
1435 1498 1562 1563 fine
1594 1499 1922 1580 proximo:
1968 1499 2133 1562 sicut
2176 1505 2357 1580 patet
2388 1500 2466 1563 de
2498 1500 2686 1563 latria
2718 1501 2860 1586 (seu
2892 1500 2972 1564 de
3003 1501 3137 1565 vir-

511 1612 648 1670 tute
681 1607 1044 1692 religionis),
1079 1624 1244 1688 quae
1267 1606 1515 1688 aliquas
1536 1606 1858 1670 servitutis
1891 1608 2391 1688 protestationes
2426 1608 2611 1689 quasi
2642 1608 2983 1671 materiam
3014 1610 3137 1672 ha-

509 1714 635 1790 bet,
658 1732 819 1795 quas
842 1715 1206 1780 immediate
1227 1715 1481 1778 ordinat
1513 1716 1577 1778 in
1601 1714 1805 1779 Deum
1838 1715 2023 1797 quasi
2053 1716 2119 1778 in
2151 1715 2374 1791 finem3
2409 1722 2472 1781 et
2501 1716 2664 1780 tales
2685 1715 2953 1781 virtutes
2972 1736 3137 1798 pro-

510 1820 967 1901 pinquissimae
1000 1829 1151 1886 sunt
1183 1822 1590 1902 theologicis:
1627 1821 1798 1885 unde
1832 1828 1896 1885 et
1916 1826 2097 1885 actus
2118 1822 2346 1885 harum
2366 1823 2671 1887 virtutum
2695 1824 3138 1887 attribuuntur

511 1927 852 1990 virtutibus
885 1929 1295 2009 -theologiciS,
1347 1928 1510 1993 sicut
1558 1929 1865 2010 proximis
1912 1929 2372 2010 imperantibus
2406 1980 2418 1992 .
2453 1979 2465 1991 .
2501 1980 2513 1992 .
2548 1928 2882 2009 Quaedam
2914 1937 3138 1994 autem

510 2052 642 2097 non
673 2034 927 2098 habent
948 2035 1150 2101 Deum
1181 2054 1298 2117 pro
1332 2034 1610 2115 objecto,
1644 2054 1853 2118 neque
1886 2055 2001 2117 pro
2035 2035 2160 2100 fine
2191 2036 2500 2117 proximo,
2536 2036 2649 2101 sed
2681 2037 2937 2112 ultimo;
2970 2037 3140 2101 sicut

515 2143 957 2223 temperantia,
991 2160 1155 2224 quae
1187 2140 1386 2206 habet
1424 2143 1759 2224 passiones
1792 2159 1907 2222 pro
1942 2143 2212 2205 materia
2245 2148 2308 2206 et
2340 2142 2622 2224 quietem
2644 2143 2839 2206 animi
2870 2161 2987 2223 pro
3009 2142 3139 2207 fine

512 2249 833 2328 proxim03
886 2249 999 2313 sed
1048 2249 1217 2311 hanc
1266 2249 1529 2314 ulterius
1581 2249 1840 2312 ordinat
1884 2248 1968 2311 ad
2013 2248 2269 2312 Deum.‘
2340 2250 2412 2316 d.
2448 2248 2539 2314 De
2587 2249 2838 2312 ratione
2883 2249 3139 2312 virtutis

518 2355 913 2435 theologicae
947 2363 1065 2430 est,
1097 2361 1168 2420 ut
1201 2356 1554 2421 adhaereat
1586 2375 1704 2420 suo
1740 2356 1995 2436 objecto
2030 2362 2196 2433 actu,
2232 2357 2341 2438 qui
2371 2358 2454 2420 sit
2485 2358 2907 2439 appretiative
2939 2376 3135 2439 super

510 2462 801 2541 omnia,
835 2482 1001 2545 quae
1035 2471 1398 2545 repugnant
1428 2464 1512 2527 illi
1545 2463 1918 2545 praedicato
1942 2464 2173 2540 divinO,
2209 2465 2381 2545 quod
2404 2471 2501 2529 est
2519 2464 2786 2529 formale
2808 2464 3132 2546 obJectum

509 2575 693 2633 actus
746 2570 1102 2651 theologici.
1143 2609 1229 2619 —
1265 2569 1469 2634 Porro
1519 2571 1790 2635 virtutes
1840 2570 2239 2651 theologicae
2290 2578 2709 2636 numerantur
2759 2577 2906 2648 treS,
2958 2572 3132 2654 quod

508 2678 769 2760 quidem
800 2698 933 2742 non
965 2685 1062 2742 est
1096 2678 1174 2742 de
1207 2677 1346 2753 fide,
1381 2676 1495 2741 sed
1527 2677 1843 2757 theologis
1875 2684 2138 2755 certum,
2184 2678 2500 2761 hujusque
2531 2678 3132 2762 numerirationem

510 2784 792 2868 aliquam
841 2786 1161 2849 internam
1211 2785 1418 2848 reddit
1467 2805 1513 2847 s.
1547 2781 1901 2865 Thomas
1952 2786 2017 2849 in
2049 2806 2149 2868 qq.
2202 2786 2501 2868 disputat.
2536 2787 2614 2851 de
2646 2787 2785 2851 virt.
2836 2787 2900 2850 in
2950 2805 3130 2850 com-

510 2893 688 2957 muni
720 2912 776 2956 a.
813 2898 912 2961 12.

685 3018 752 3083 4.
789 3015 1275 3096 Distinguuntur
1320 3016 1595 3098 denique
1629 3016 1896 3081 virtutes
1931 3017 2180 3082 ratione
2228 3018 2621 3083 extensionis
2653 3038 2768 3083 seu
2801 3017 3034 3099 objecti
3064 3017 3133 3079 in

516 3122 1079 3196 „universales
1114 3129 1176 3187 et
1206 3123 1855 3210 particularesl).
1903 3124 2122 3188 Virtus
2154 3125 2530 3189 universalis
2563 3143 2643 3188 ea
2674 3124 2918 3200 dicitur,
2949 3109 3131 3204 cujus

507 3230 835 3310 objectum
884 3228 1234 3294 formale
1281 3247 1358 3294 ea
1391 3229 1628 3310 gaudet
1664 3230 2101 3311 amplitudine,
2133 3236 2204 3294 ut
2237 3232 2295 3296 ei
2327 3232 2598 3313 quodvis
2642 3237 2982 3314 peccatum
3012 3230 3131 3294 ad-

510 3341 833 3411 versetur3
868 3335 1271 3416 particularis
1303 3354 1338 3400 e
1372 3336 1716 3412 contrario,
1750 3337 1853 3400 cui
1886 3337 2149 3419 aliquod
2184 3344 2434 3402 tantum
2467 3337 2830 3421 opponitur.
2893 3336 3131 3401 Prioris

506 3443 757 3522 generis
791 3448 943 3505 sunt
973 3443 1224 3519 caritas,
1259 3461 1423 3524 speS,
1455 3444 1693 3524 religi0,
1743 3444 2127 3522 obedientia,
2174 3446 2495 3525 gratitudo
2542 3464 2693 3527 ergo
2727 3445 2946 3522 Deum,
2981 3450 3046 3508 et
3076 3444 3130 3506 si

727 3677 762 3745 ¹)
791 3673 897 3728 Pro
920 3674 1333 3742 complemento
1351 3672 1641 3727 doctrinae
1660 3672 1729 3727 de
1748 3672 2060 3727 virtutibus
2076 3675 2137 3727 in
2154 3691 2358 3744 genere
2380 3679 2531 3739 nota,
2550 3692 2697 3744 quae
2718 3674 2918 3730 scribit
2935 3675 3050 3728 Sas
3065 3690 3129 3725 se

510 3754 697 3807 instit.
743 3754 1098 3824 theologicae
1125 3753 1194 3806 de
1223 3752 1589 3806 sacramentis
1617 3754 1683 3816 ΙΙ,
1716 3759 1812 3810 16:
1866 3752 2352 3824 ..Distinguuntur
2391 3754 2625 3808 virtutis
2665 3754 2950 3826 (alicujus)
2977 3752 3129 3823 prin-

506 3833 711 3903 cipalis
738 3839 930 3903 partes
960 3851 985 3886 s
1009 3851 1045 3886 u
1064 3834 1100 3885 b
1109 3834 1133 3903 j
1153 3850 1182 3885 e
1200 3850 1229 3886 c
1246 3832 1305 3886 ti
1321 3851 1356 3886 v
1372 3850 1404 3886 a
1422 3849 1450 3884 e
1479 3835 1537 3885 et
1562 3851 1599 3902 p
1618 3850 1648 3886 o
1667 3835 1692 3886 t
1707 3849 1735 3886 e
1755 3852 1790 3885 n
1808 3836 1833 3887 t
1848 3833 1868 3886 i
1884 3849 1918 3886 a
1935 3833 1955 3886 l
1971 3849 2000 3886 e
2017 3852 2041 3886 s
2069 3834 2507 3907 (potestativae).
2559 3834 2753 3888 Partes
2780 3833 3128 3903 subjectivae

506 3916 645 3966 suut
669 3931 766 3967 eae
794 3915 1054 3977 virtutes,
1083 3930 1230 3981 quae
1257 3913 1534 3967 rationem
1565 3912 1798 3967 virtutis
1839 3913 2176 3983 principalis
2211 3915 2459 3983 perfecte
2488 3914 2845 3984 participant
2868 3929 2934 3966 ac
2959 3913 3128 3983 proin

508 3993 692 4047 veluti
719 3994 932 4064 species
959 3993 1255 4048 inferiores
1283 3992 1485 4046 virtuti
1513 3994 1697 4064 princi
1707 3994 1824 4063 pali
1854 3997 2149 4061 tamquam
2171 3993 2368 4064 generi
2390 3993 2815 4063 praedicatione
2835 3991 3129 4048 essentiali

507 4074 914 4143 subjiciuntur,
941 4077 1010 4128 ut
1028 4074 1261 4144 justitia
1288 4074 1350 4126 in
1377 4073 1846 4128 commutativam
1877 4077 1937 4125 et
1965 4073 2395 4128 distributivam
2421 4073 2723 4127 dividitur.
2774 4073 2970 4126 Partes
2995 4088 3127 4126 vero

507 4155 849 4225 potentiales
876 4172 973 4209 eae
1003 4156 1244 4208 virtutes
1272 4173 1335 4208 su
1346 4157 1423 4219 nt,
1470 4171 1616 4222 quae.
1644 4153 1877 4221 quidem
1906 4152 2198 4224 propriam
2223 4153 2504 4209 rationem
2531 4154 2763 4208 virtutis
2792 4152 3129 4224 principalis

504 4235 702 4303 aliquo
731 4237 898 4289 modo
929 4234 1296 4306 participant,
1317 4234 1484 4288 simul
1513 4237 1701 4287 tamen
1723 4232 2104 4287 essentialiter
2124 4249 2157 4284 a
2178 4233 2429 4303 perfecta
2449 4235 2571 4303 ejus
2592 4234 2815 4288 ratione
2835 4234 3128 4298 deficiunt,

507 4313 780 4367 nimirum
807 4331 923 4368 non
943 4318 1074 4368 actu
1098 4319 1155 4368 et
1175 4317 1438 4384 perfecte,
1461 4315 1557 4367 sed
1579 4316 1863 4383 potestate
1886 4312 2339 4380 „quodammodo
2362 4330 2458 4367 seu
2480 4314 2542 4367 in
2563 4314 2825 4384 potentia
2846 4314 3125 4368 rationem

507 4392 740 4446 virtutis
768 4393 1106 4464 principalis
1133 4397 1565 4462 assequuntur.“
1620 4395 1706 4446 lta
1732 4410 1774 4452 s,
1803 4393 2049 4447 Thomas
2079 4400 2128 4448 2.
2149 4397 2197 4445 2.
2227 4411 2280 4461 q.
2308 4401 2378 4450 80
2403 4410 2454 4446 a.
2485 4403 2509 4450 1
2546 4397 2839 4462 tamquam
2885 4393 3128 4447 virtutes

502 4473 763 4542 justitiae
789 4491 885 4528 seu
915 4478 1104 4544 partes
1132 4474 1474 4545 potentiales
1500 4476 1801 4527 enumerat
1826 4474 2175 4544 religionem,
2204 4475 2495 4544 pietatem,
2523 4474 2959 4539 observantiam,
2985 4474 3127 4528 veri-

507 4555 703 4618 tatem,
730 4555 994 4623 gratiam,
1022 4553 1486 4618 vindicationem,
1514 4553 1848 4618 amicitiam,
1878 4553 2312 4614 liberalitatemz
2354 4558 2412 4610 et
2451 4574 2504 4624 q.
2553 4562 2652 4612 143
2691 4571 2786 4610 eas
2826 4557 2994 4609 vocat
3018 4554 3128 4607 vir-

506 4635 657 4686 tutes
686 4633 1195 4688 secundariae.
