3538 5364
488 242 620 305 3234
734 231 921 284 Traet.
951 232 1044 285 lX.
1070 231 1140 285 de
1167 230 1616 285 confirmatione.
1657 229 1737 284 De
1763 228 2030 284 ministro
2058 232 2117 282 et
2140 229 2381 283 materia
2406 229 2868 284 confirmationis.

492 423 666 478 teros
702 430 959 496 quoque
989 413 1117 475 hoc
1139 411 1623 476 administrasse
1644 418 2139 487 sacramentum,
2160 411 2289 474 imo
2311 411 2378 474 in
2398 408 2659 477 Oriente
2675 413 2842 475 hanc
2861 410 3112 492 praxim

496 540 640 586 esse
673 520 858 602 quasi
890 518 1298 583 ordinariam.
1362 517 1707 598 Quaeritur
1739 536 1910 599 erge,
1956 537 2111 581 num
2156 518 2440 600 episcopi
2477 518 2621 599 ,iure
2668 519 2982 594 divine,
3029 536 3114 582 an

488 628 1096 693 ecclesiastico
1148 632 1402 690 tantum
1457 626 1585 689 sint
1628 626 1817 707 hujus
1862 626 2252 689 sacramenti
2282 624 2555 689 ministri
2587 625 2908 689 ordinarii.
2970 623 3115 688 Non

488 735 726 798 desunt
758 733 1053 813 theologi,
1105 733 1212 814 qui
1262 733 1389 796 hoc
1440 733 1760 813 posterius
1812 727 2144 795 affirment.
2209 728 2520 795 Omnibus
2567 738 2784 795 tamen
2817 732 3115 813 expensis

489 841 774 906 tenenda
805 847 903 905 est
935 858 1016 904 ea
1046 840 1385 915 sententia,
1439 857 1606 921 quae
1658 839 1902 914 statuit,
1952 838 2363 921 presbyteros
2413 857 2544 903 non
2595 856 2737 903 esse
2787 838 3116 903 ministros

492 948 807 1030 propriOS,
842 947 956 1011 sed
990 947 1073 1011 ad
1104 947 1248 1022 hoc,
1299 953 1371 1010 ut
1419 946 1671 1027 possint
1719 945 2224 1010 confirmationis
2275 944 2567 1010 conferre
2617 952 3114 1021 sacramentum,

492 1054 773 1135 indigere
805 1054 1226 1134 delegatione,
1259 1061 1324 1117 et
1355 1052 1612 1134 quidem
1645 1052 1712 1116 in
1744 1052 2033 1117 Ecclesia
2062 1052 2263 1117 latina
2294 1072 2335 1117 a
2365 1071 2635 1117 romano
2668 1052 3001 1134 pontifice;
3050 1055 3115 1117 in

487 1157 750 1226 Oriente
782 1179 936 1225 vero
970 1180 1048 1226 ex
1079 1160 1407 1242 privilegio
1442 1167 1508 1224 et
1539 1160 1736 1224 tacito
1769 1160 1954 1242 quasi
1999 1159 2169 1225 sedis
2217 1160 2611 1240 apostolicae
2642 1178 2960 1224 consensu
2999 1178 3115 1225 eos

490 1268 774 1348 indigere
808 1267 1210 1348 delegatione
1243 1267 1541 1348 episcopi.
1607 1265 1776 1329 Nam
1821 1266 2229 1347 Eugenius
2262 1266 2361 1331 IV.
2395 1267 2680 1331 declarat
2719 1266 2784 1329 in
2824 1266 3113 1332 instruct.

489 1393 607 1455 pro
661 1375 967 1439 armenis:
1039 1374 1329 1453 „Legitur
1379 1380 1598 1438 tamen
1649 1372 1995 1455 aliquando
2041 1392 2157 1456 per
2208 1373 2602 1455 apostolicae
2652 1372 2824 1438 sedis
2854 1373 3113 1456 dispen—

489 1482 807 1546 sationem
843 1501 930 1546 ex¹
955 1479 1322 1545 rationabili
1353 1488 1418 1544 et
1436 1487 1705 1562 urgente
1736 1480 2086 1545 admodum
2119 1498 2320 1545 causa
2338 1480 2690 1563 simplicem
2710 1481 3115 1546 sacerdotem

493 1588 844 1652 chrismate
877 1606 991 1668 per
1017 1586 1388 1669 episcopum
1411 1586 1706 1663 confecto
1726 1587 1853 1652 hoc
1872 1588 2354 1653 administrasse
2372 1586 2875 1653 confirmationis
2893 1605 3113 1651 sacra·

489 1702 832 1759 mentumss
873 1693 1088 1773 Quare
1122 1695 1490 1777 presbyteri
1522 1695 1828 1760 censendi
1859 1700 2010 1759 sunt
2041 1701 2289 1759 tantum
2336 1695 2607 1758 ministri
2652 1695 3113 1759 extraordi-

493 1821 536 1865 n
554 1802 729 1866 arii.
763 1802 855 1865 Ex
887 1803 1013 1865 hac
1046 1808 1265 1866 autem
1299 1801 1701 1881 delegatione
1733 1802 1887 1883 ipsis
1916 1802 2305 1877 necessaria,
2335 1807 2408 1865 ut
2437 1801 2646 1866 valide
2678 1802 2927 1883 possint
2955 1819 3112 1866 con-

489 1908 653 1973 terre
687 1908 1191 1974 confirmationis
1213 1916 1711 1986 sacramentum,
1733 1927 1867 1973 non
1888 1909 2188 1991 sequitur,
2210 1908 2346 1990 ejus
2367 1908 2778 1974 collationem
2795 1927 3113 1974 revocan-

488 2016 643 2080 dam
677 2034 821 2080 esse
854 2016 938 2080 ad
969 2021 1365 2097 potestatem
1390 2016 2045 2097 jurisdictioniS,
2079 2022 2149 2080 ut
2179 2013 2394 2097 plures
2415 2022 2682 2080 censent
2698 2014 2981 2096 theologi
3000 2034 3114 2081 ve-

493 2122 831 2186 tustiores:
863 2122 977 2188 sed
1010 2122 1156 2187 inde
1190 2123 1442 2188 videtur
1472 2124 1799 2205 consequi,
1834 2123 1917 2186 ad
1949 2123 2085 2204 eius
2118 2122 2403 2187 valorem
2435 2123 2671 2205 requiri
2701 2121 3029 2205 quandam
3048 2123 3114 2185 in

490 2228 774 2294 Ecclesia
806 2231 1204 2295 eminenti
1223 2248 1344 2295 am
1376 2237 1442 2295 et
1473 2230 1868 2311 dignitatem,
1901 2248 2068 2313 qnae
2100 2230 2207 2293 illa
2238 2230 2637 2310 delegatione
2669 2248 2828 2295 sane
2859 2229 3111 2294 confer-

488 2334 689 2423 tur‘2):
736 2337 908 2418 quod
942 2344 1005 2402 et
1037 2359 1083 2401 S.
1118 2338 1472 2402 Thomas
1505 2337 1662 2403 satis
1695 2337 1901 2402 innuit
1930 2355 1982 2400 c.
2034 2344 2256 2418 gentes
2285 2336 2387 2413 IV,
2421 2343 2535 2406 60:
2605 2334 3113 2411 ,Convenienter

489 2443 686 2505 etiam
719 2442 844 2507 hoc
876 2451 1354 2509 sacramentum
1389 2462 1428 2508 a
1465 2444 1619 2508 solis
1651 2442 2058 2525 pontificibus
2091 2442 2434 2520 confertur,
2475 2443 2584 2526 qui
2614 2448 2765 2507 sunt
2796 2442 3111 2525 quodam-

490 2549 685 2613 modo
716 2550 912 2615 duces
935 2552 1251 2616 exercitus
1285 2551 1645 2626 christiani3
1678 2568 1832 2615 nam
1865 2558 1930 2616 et
1962 2551 2132 2633 apud
2164 2551 2520 2616 secularem
2553 2550 2845 2616 militiam
2877 2550 2960 2613 ad
2990 2550 3110 2614 du-

489 2675 631 2720 cem
665 2658 981 2723 exercitus
1026 2659 1319 2740 pertinet,
1367 2658 1449 2723 ad
1482 2658 1772 2722 militiam
1823 2658 2112 2740 eligendo
2163 2657 2483 2741 quosdam
2532 2657 2951 2723 adscribere.‘
3021 2654 3109 2720 Cf.

487 2762 700 2845 quodl.
738 2769 817 2832 11
855 2785 912 2847 q.
950 2771 984 2831 7
1022 2782 1077 2827 a.
1115 2771 1170 2832 7.
1236 2763 1448 2844 Quare
1499 2766 1564 2828 in
1611 2765 1912 2847 episcopo
1961 2765 2298 2831 character
2342 2765 2725 2847 episcopalis
2771 2770 2870 2830 est
2913 2780 3113 2828 causa

489 2871 706 2934 totalis
738 2871 989 2934 validae
1023 2871 1562 2936 confirmationis:
1609 2873 1673 2935 in
1705 2872 2083 2955 presbytero
2116 2873 2452 2937 character
2482 2870 2901 2936 sacerdotalis
2932 2889 3111 2935 com-

489 2979 696 3057 pletus
732 2986 796 3042 et
827 2979 1113 3043 elevatus
1161 2997 1277 3060 per
1307 2979 1774 3059 delegationem
1803 2979 2213 3061 pontificiam,
2262 2998 2428 3062 quae
2460 2979 2677 3061 utique
2710 2984 2893 3042 actus
2917 2979 3111 3059 juris-

485 3085 782 3148 dictionis
816 3092 930 3149 est.

672 3242 816 3294 324.
867 3233 952 3291 De
983 3237 1229 3293 materia
1259 3236 1434 3307 hujus
1463 3237 1817 3293 sacramenti
1863 3235 2060 3309 quad
2079 3234 2353 3311 ruplex
2400 3238 2494 3292 est
2537 3234 2852 3304 sententia,
2899 3238 2961 3293 et
3002 3252 3111 3310 pro

486 3321 759 3395 qualibet
789 3340 1000 3398 graves
1032 3325 1196 3382 stant
1215 3322 1469 3400 patroni.
1516 3322 1803 3397 Prima,
1837 3342 2014 3398 quam
2050 3322 2534 3396 SirmonduS,
2570 3324 2645 3385 Is,
2676 3322 2972 3382 Habert
3000 3326 3111 3383 ete.

487 3413 755 3481 tuentur,
803 3416 1006 3471 censet
1049 3413 1357 3472 materiam
1389 3412 1720 3487 proximam
1751 3430 1881 3471 esse
1928 3413 2113 3471 solam
2159 3431 2445 3471 manuum
2490 3411 3110 3488 impositionem,

485 3500 656 3574 cujus
688 3500 862 3558 unice
892 3501 957 3559 in
991 3501 1297 3578 Scriptura
1327 3500 1397 3559 fit
1427 3501 1662 3562 mentio.
1683 3535 1771 3545 -
1790 3502 2091 3572 Altera,
2124 3520 2276 3577 quae
2307 3501 2512 3560 arrisit
2541 3501 2766 3560 Thom
2786 3520 2898 3571 ae,
2931 3501 3106 3560 Bel-

488 3587 765 3646 larmin
783 3607 846 3662 0,
894 3590 1090 3649 Mald
1109 3595 1370 3661 onat0‚
1424 3590 1750 3660 contendit,
1801 3591 1988 3649 solam
2034 3591 2341 3649 materiam
2388 3589 2769 3649 essentialem
2814 3609 2944 3649 esse
2989 3590 3064 3648 in
3083 3621 3108 3633 -

488 3677 970 3752 unctionem,
1004 3699 1155 3756 quae
1187 3680 1518 3739 substituta
1548 3679 1732 3739 fuerit
1761 3698 2046 3738 manuum
2066 3678 2466 3755 impositioni;
2499 3697 2605 3755 pro
2637 3698 2757 3755 qua
2783 3679 3112 3739 assertione

488 3771 809 3840 provocant
857 3769 930 3827 ad
974 3769 1159 3828 libros
1203 3769 1451 3828 rituales
1483 3770 1806 3845 pluresque
1851 3772 2067 3844 patres,
2117 3769 2219 3844 qui
2268 3768 2457 3828 solius
2502 3768 2870 3827 inunctionis
2903 3768 3112 3827 memi-

487 3859 733 3926 nerunt3
786 3857 849 3915 in
893 3859 1104 3934 primis
1136 3859 1209 3918 ad
1241 3858 1667 3936 Eugenium
1701 3858 1818 3928 IV„
1865 3857 1971 3932 qui
2000 3858 2065 3916 in
2096 3857 2374 3917 instruct.
2404 3875 2514 3932 pro
2544 3857 2802 3916 armenis
2833 3856 3110 3927 declarat,

489 3944 670 4019 hujus
703 3948 1054 4005 sacramenti
1083 3948 1389 4007 materiam
1423 3966 1549 4006 esse
1594 3947 1884 4017 chrisma;
1932 3948 1992 4005 et
2037 3946 2234 4005 citatis
2280 3947 2479 4005 verbis
2511 3947 2641 4007 Act.
2676 3957 2735 4022 8,
2777 3955 2855 4010 14
2888 3964 2935 4005 ε.
2968 3944 3111 4005 sub·

488 4033 607 4091 dit:
660 4034 851 4102 „Loco
899 4040 1095 4095 autem
1145 4038 1311 4095 illius
1359 4054 1572 4095 manus
1619 4036 2025 4112 impositionis
2058 4035 2236 4094 datur
2279 4036 2344 4093 in
2389 4036 2649 4094 Ecclesia
2680 4034 3107 4096 confirmatiO.⁴²

487 4123 569 4179 Cf.
604 4142 760 4182 conc.
795 4128 1065 4201 mogunt.
1097 4146 1145 4185 a.
1186 4135 1351 4189 1549
1387 4144 1511 4202 cap.
1551 4135 1661 4196 183
1708 4125 1960 4184 Billot
1998 4125 2084 4185 th.
2121 4133 2221 4187 32.
2257 4158 2339 4167 —
2373 4124 2655 4199 Reliquae
2686 4124 2839 4184 duae
2871 4132 3111 4183 senten-

486 4212 606 4270 tiae
641 4216 784 4270 sunt
815 4214 1041 4273 mediae
1073 4215 1145 4272 ad
1178 4215 1484 4273 evitandas
1514 4215 1742 4291 primae
1773 4217 1835 4272 et
1866 4214 2120 4272 alterius
2142 4212 2540 4272 difficultates.
2600 4214 2898 4285 Tertia,
2932 4232 3112 4289 quam

489 4301 765 4375 sequitur
794 4321 882 4363 ex.
913 4322 1000 4379 gr.
1035 4304 1306 4363 Ruardus
1352 4303 1679 4380 Tapper‚
1728 4303 1945 4361 statuit
1988 4306 2049 4362 et
2094 4322 2378 4361 manuum
2422 4301 2864 4379 impositionem
2911 4307 2973 4360 et
3017 4303 3110 4359 in-

489 4391 832 4449 unctionem
867 4393 1195 4451 seorsim
1229 4393 1539 4452 materiam
1573 4411 1702 4451 esse
1747 4391 2146 4463 essentialem,
2193 4395 2264 4449 ut
2309 4391 2558 4450 suadere
2603 4391 2887 4450 videntur
2930 4409 3109 4467 argu-

711 4617 745 4686 ¹)
776 4614 856 4669 Cf.
887 4616 929 4668 L
947 4634 975 4669 e
993 4618 1030 4670 h
1048 4617 1158 4669 mk
1177 4635 1214 4670 u
1234 4617 1326 4680 hl,
1367 4616 1635 4671 Zeitschr.
1663 4617 1755 4669 fiir
1781 4615 1942 4669 kath.
1970 4615 2162 4669 Theol.
2191 4620 2239 4678 6,
2270 4617 2371 4670 567
2398 4631 2485 4676 es,
2526 4613 2846 4682 Oeuiponte
2894 4618 3028 4669 1882
3055 4613 3114 4664 et

493 4695 673 4749 Pras
695 4712 935 4750 mater
961 4696 1239 4750 Katholik
1273 4705 1424 4752 1884.
1453 4699 1494 4761 Ι,
1521 4700 1622 4754 271
1653 4715 1722 4750 ss.
1751 4718 1762 4756 ;
1796 4695 2021 4750 Pesch
2066 4695 2139 4748 VI
2165 4713 2221 4747 n.
2251 4703 2354 4751 554
2379 4713 2419 4747 s.
