3538 5364
782 307 978 362 Thesis
1006 308 1293 362 CCXXIII.
1321 306 1613 369 Miracula,
1642 322 1787 374 quae
1815 305 2220 359 eucharistiam
2247 304 2612 360 comitantur.
2871 312 3001 378 315

389 495 555 554 fidei:
588 514 728 554 nam
760 496 811 554 si
842 495 1193 572 mysterium
1226 498 1337 564 est,
1370 513 1488 552 non
1521 493 1681 552 valet
1712 492 2156 568 comprehendi;
2191 493 2241 551 si
2272 492 2425 567 fidei,
2461 493 2638 553 debet
2669 493 2845 563 credi,
2879 512 2998 552 non

389 585 665 645 discuti.‘
717 584 843 643 Vim
879 602 1202 643 consensus
1232 588 1473 660 patrum
1504 583 1632 658 ipse
1666 583 1913 659 agnovit
1943 582 2351 654 Lutherus,
2383 583 2555 658 cujus
2588 582 2998 642 testimonium

391 674 647 749 palmare
679 674 748 735 cf.
781 674 938 750 apud
970 673 1262 732 Mohler
1292 672 1596 749 Symbolik
1627 676 1659 744 ἓ
1693 681 1774 735 48
1810 691 1861 733 a.

565 815 712 878 348.
744 810 1000 878 'rhesis
1033 808 1426 879 CCXXIII.
1500 833 1750 885 Patres
1792 835 2174 897 praetcrea
2210 832 2269 883 1.
2308 833 2677 887 mirantur
2731 833 2994 887 realem

390 920 649 973 Christi
687 922 766 974 in
802 921 1230 975 eucharistia
1262 921 1743 986 praesentiam
1776 924 2071 985 propter
2118 923 2491 988 stupenda,
2540 936 2722 989 quae
2758 924 2994 988 ipsam

386 1010 833 1074 comitantur,
860 1010 1255 1074 miracula5
1291 1012 1356 1063 2.
1381 1012 1459 1063 in
1486 1011 1799 1063 rationes
1822 1011 2218 1076 inquirunt,
2237 1015 2538 1077 propter
2559 1024 2736 1078 quas
2758 1013 2996 1065 voluc-

386 1102 483 1153 rit
519 1100 842 1154 Salvator
878 1103 1104 1166 ipsam
1144 1114 1352 1154 suam
1389 1114 1676 1154 carnem
1716 1102 1894 1154 dare
1932 1102 2032 1155 ad
2054 1103 2681 1168 vnanducandum,·
2717 1105 2783 1155 et
2818 1102 2887 1154 3.
2914 1116 2995 1155 ea

386 1191 706 1254 inferunt
741 1191 1149 1256 corollaria,
1187 1202 1364 1258 quae
1402 1191 1757 1244 evidenter
1794 1192 2187 1256 ostendunt,
2223 1192 2497 1245 eosdem
2535 1191 2641 1244 vel
2678 1193 2995 1245 maaelme

387 1282 656 1334 alienos
669 1281 892 1344 fuisse
925 1283 1016 1336 ab
1054 1295 1272 1348 caena
1297 1281 1855 1335 umbraticorum
1881 1280 2209 1344 opinione
2229 1282 2991 1348 persuasissimumque

386 1372 730 1435 habuisse,
765 1372 845 1424 in
882 1372 1318 1425 eucharistia
1354 1370 1590 1435 ipsum
1625 1371 1867 1425 adesse
1905 1380 2157 1433 corpus
2181 1372 2246 1423 et
2269 1370 2692 1435 sanquinem
2722 1371 2999 1424 Christi.

565 1493 1106 1561 Demonstrati«)
1139 1512 1208 1577 p.
1243 1492 1305 1559 1.
1369 1491 1460 1555 Ex
1490 1488 1778 1572 plurimis
1810 1490 2148 1566 miraculis,
2182 1508 2348 1572 quae
2382 1491 2735 1555 secundum
2767 1501 2983 1573 patres

387 1602 510 1663 hoc
543 1600 932 1665 comitantur
962 1600 1358 1681 mysterium,
1402 1599 1563 1663 haec
1607 1599 1671 1661 in
1718 1598 1939 1680 primis
1990 1598 2335 1661 mirantur:
2382 1616 2614 1680 corpus
2649 1598 2882 1663 Christi
2915 1601 2997 1663 ad

388 1710 720 1775 dexteram
754 1706 868 1771 Dei
898 1707 1129 1772 sedens
1174 1705 1626 1771 celebrationis
1658 1705 2122 1771 eucharisticae
2156 1712 2441 1787 tempore
2472 1705 2753 1769 fidelium
2785 1707 2992 1770 mani-

385 1815 505 1880 bus
536 1815 757 1891 teneri,
791 1821 886 1879 tot
918 1814 1191 1878 millibus
1237 1812 1516 1878 fidelium
1564 1812 1942 1898 (secundum
1987 1811 2297 1899 animam)
2346 1812 2590 1878 alendis
2635 1833 2835 1877 unum
2866 1813 2998 1877 suf-

386 1923 591 2000 ficere,
633 1920 1010 1985 indivisibile
1045 1939 1312 1985 manens
1345 1920 1538 1984 dividi
1570 1928 1634 1985 et
1665 1938 1997 2002 nunquam
2029 1922 2352 1996 consumi;
2386 1921 2668 2001 singulos
2700 1920 2853 1985 illud
2885 1939 2995 1985 ac-

386 2031 596 2113 cipere
627 2031 974 2109 integrum3
1026 2027 1351 2092 Christum
1404 2046 1475 2091 se
1525 2027 1735 2108 ipsum
1782 2035 2097 2108 portasse,
2145 2026 2356 2109 ipsum
2390 2046 2531 2092 esse
2564 2028 2901 2092 convivam
2935 2035 2999 2093 et

386 2135 748 2200 convivium
779 2143 898 2201 etc.
949 2134 1122 2200 Haec
1154 2141 1371 2199 autem
1406 2135 1731 2199 evidenter
1762 2141 2132 2216 supponunt
2162 2134 2401 2199 realem
2433 2134 2722 2216 corporis
2755 2133 2990 2199 Christi

387 2245 451 2308 in
483 2243 867 2309 eucharistia
897 2242 1346 2326 praesentiam.
1410 2242 1826 2321 Quorundam
1872 2243 2103 2308 saltem
2147 2249 2403 2324 patrum
2444 2243 2781 2307 audiamus
2814 2243 2997 2307 testi-

386 2351 620 2427 monia,
652 2357 724 2414 ut
755 2358 1084 2432 appareat,
1116 2350 1437 2415 Christum
1467 2368 1618 2414 vere
1649 2350 1715 2413 in
1746 2349 2138 2413 instituendo
2171 2350 2297 2413 hoc
2328 2357 2737 2415 sacramento
2771 2370 2992 2412 memo-

382 2460 548 2523 riam
581 2456 805 2523 fecisse
836 2456 1224 2521 mirabilium
1254 2477 1510 2520 suorum
1542 2456 1641 2520 Ps.
1680 2462 1825 2533 110,
1861 2463 1919 2526 3.

559 2608 650 2666 Ita
681 2606 871 2684 Chry
892 2612 1277 2665 sostomus
1311 2607 1382 2665 de
1415 2607 1633 2665 sacerd.
1669 2607 1774 2677 111,
1806 2616 1876 2668 4:
1931 2607 2115 2676 ,Cum
2148 2608 2308 2667 enim
2342 2607 2575 2675 videris),
2624 2604 2841 2679 inquit,
2879 2604 2994 2662 Do-

384 2698 615 2756 minum
644 2697 1015 2755 immolatum
1047 2701 1109 2755 et
1131 2698 1426 2772 jacentem
1472 2701 1534 2755 et
1578 2697 1941 2756 sacerdotem
1976 2697 2254 2758 sacrificio
2286 2698 2730 2757 incumbentem
2760 2712 2827 2752 ac
2859 2712 2993 2768 pre-

384 2789 612 2845 cantem
644 2804 968 2862 omnesque
1000 2787 1261 2861 pretioso
1293 2787 1397 2844 illo
1430 2786 1721 2862 sanguine
1752 2787 2053 2856 rubentes,
2086 2807 2163 2846 an
2195 2789 2372 2863 putas
2404 2789 2465 2845 te
2497 2785 2693 2844 adhuc
2723 2801 2859 2842 cum
2892 2783 2995 2840 ho-

383 2876 646 2935 minibus
692 2879 754 2934 et
798 2876 860 2933 in
903 2879 1062 2934 terra
1107 2878 1277 2934 esse?
1323 2894 1519 2934 annon
1549 2876 1752 2952 potius
1785 2875 1848 2934 in
1880 2877 2072 2935 coelos
2105 2878 2432 2936 translatus
2465 2874 2743 2949 omnique
2774 2871 2995 2931 carnali

383 2965 736 3041 cogitatione
780 2965 1106 3035 eliminata,
1138 2965 1300 3023 nudo
1333 2964 1527 3023 animo
1557 2968 1874 3039 menteque
1905 2985 2055 3041 pura
2086 2985 2237 3040 quae
2268 2966 2332 3025 in
2364 2965 2539 3026 coelis
2574 2966 2717 3022 sunt
2745 2961 2996 3020 circum-

384 3055 602 3130 spicis?
661 3054 708 3112 Ο
739 3054 1123 3113 miraculum!
1173 3053 1220 3112 Ο
1255 3053 1360 3112 Dei
1391 3053 1855 3130 benignitatem!
1904 3054 2017 3123 Qui
2049 3073 2184 3114 cum
2203 3057 2377 3114 Patre
2409 3073 2645 3114 sursum
2678 3051 2861 3121 sedet,
2894 3049 2999 3108 illa

385 3144 527 3202 hora
543 3139 809 3204 omnium
840 3143 1112 3201 manibus
1143 3146 1440 3213 tenentur,
1476 3160 1723 3219 seseque
1755 3143 2090 3203 colentibus
2123 3144 2225 3202 dat
2256 3144 2768 3220 complectendum
2799 3145 2861 3201 et
2900 3159 2995 3199 ac-

384 3232 778 3307 cipiendum.‘
827 3232 1028 3291 Relate
1072 3232 1209 3291 dein
1253 3231 1418 3291 Eliae
1467 3232 1774 3301 miraculo,
1823 3251 1944 3307 quo
1989 3234 2128 3310 igne
2173 3234 2421 3293 coelitus
2471 3234 2669 3292 delato
2720 3231 2995 3291 victimae

383 3323 762 3397 consumptae
807 3324 967 3393 sunt,
1015 3323 1214 3380 censet
1256 3340 1376 3380 non
1419 3321 1618 3380 minus
1665 3321 2019 3380 miraculum
2064 3324 2126 3381 in
2173 3323 2281 3381 hoc
2320 3323 2662 3400 contingere
2693 3320 2997 3398 mysterio,

382 3410 461 3469 Cf.
493 3411 589 3480 VI,
640 3421 695 3472 4.
745 3444 833 3453 —
863 3412 1089 3469 Auctor
1117 3428 1447 3486 anonymus
1494 3410 1646 3474 hom.
1692 3410 1764 3469 de
1811 3410 1931 3469 filio
1975 3411 2224 3488 prodigo
2272 3411 2429 3470 inter
2460 3410 2995 3487 chrysostomi

382 3499 653 3558 homilias
685 3500 917 3575 spurias
951 3497 1228 3580 (Migne
1265 3509 1363 3569 59,
1405 3498 1556 3579 519)
1591 3500 1676 3558 ita
1707 3501 1953 3575 exponit
1986 3501 2163 3559 verba
2192 3501 2382 3576 patris
2414 3501 2524 3560 filii
2558 3500 2792 3577 prodigi
2828 3495 2991 3581 (Luc.

391 3599 484 3660 15,
521 3585 664 3670 23):
713 3589 998 3648 Adducite
1027 3591 1265 3648 vitulum
1295 3591 1626 3666 saqinatum
1657 3596 1707 3647 et
1738 3591 1972 3648 occidite
2002 3592 2141 3648 etc.:
2198 3592 2490 3659 ,Mactate
2520 3609 2675 3659 eum,
2709 3589 2814 3663 qui
2845 3588 2996 3646 vivi-

382 3678 518 3737 ficat
547 3696 664 3748 eos,
713 3678 819 3752 qui
852 3697 914 3737 se
959 3681 1252 3747 mactant3
1294 3679 1543 3737 occidite
1574 3698 1728 3750 eum,
1763 3678 1867 3753 qui
1902 3678 2186 3749 occidtur,
2221 3680 2324 3738 sed
2354 3699 2477 3739 non
2511 3678 2790 3745 moritur;
2842 3677 2993 3736 occi·

382 3766 504 3826 dite
533 3786 687 3838 eum,
735 3767 838 3843 qui
871 3768 1239 3826 membratim
1273 3768 1606 3826 conciditur
1637 3771 1698 3826 et
1728 3786 1827 3826 eos
1862 3768 2209 3838 sanctificat,
2246 3770 2351 3845 qui
2384 3787 2446 3827 se
2478 3767 2786 3835 occidunt;
2835 3767 2993 3824 occi-

381 3855 505 3915 dite
536 3874 690 3926 eum,
735 3856 840 3932 qui
885 3857 1217 3915 comeditur
1259 3857 1332 3914 ab
1380 3858 1481 3927 eis,
1529 3857 1634 3931 qui
1681 3876 1818 3916 eum
1859 3861 2098 3927 norunt,
2150 3861 2211 3916 et
2241 3876 2549 3934 nunquam
2583 3855 2990 3924 consumitur;

380 3945 627 4003 occidite
658 3964 810 4015 eum,
845 3948 949 4021 qui
982 3945 1353 4004 comedentes
1385 3948 1588 4006 beatos
1620 3946 1817 4005 reddit
1848 3951 2001 4007 eta<<
2036 3979 2120 3988 —-
2143 3948 2196 4006 S.
2230 3948 2275 4004 E
2295 3948 2428 4023 pbr
2454 3964 2608 4003 aem
2641 3940 2701 4028 (†
2737 3954 2814 4007 37
2825 3955 2859 4008 3
2895 3946 2990 4003 vel

384 4030 536 4116 379)
568 4035 697 4093 adv.
729 4037 1089 4093 scrutatores
1111 4053 1157 4093 s.
1184 4046 1292 4098 10:
1329 4037 1618 4112 ‚Angelis
1639 4035 2008 4095 Abrahamus
2028 4036 2390 4111 incorporeis
2425 4053 2761 4110 corpoream
2781 4034 2990 4109 dapem

384 4124 624 4194 obtulit,
657 4124 913 4183 oblatam
945 4124 1035 4182 illi
1066 4123 1465 4183 comederunt.
1511 4124 1746 4184 Novum
1780 4143 1939 4185 nunc
1963 4144 2138 4184 cerno
2159 4126 2511 4184 miraculum
2545 4123 2650 4181 illo
2683 4125 2991 4199 praestan·

382 4213 506 4271 tius
537 4233 571 4270 a
602 4213 851 4272 Domino
895 4216 1102 4272 nostro
1137 4213 1373 4285 factum,
1420 4215 1564 4273 dum
1608 4232 1927 4290 corporeus
1959 4214 2338 4290 incorporeus
2385 4234 2454 4274 ex
2500 4214 2640 4291 igne
2672 4216 2733 4271 et
2766 4211 2995 4287 Spiritu

384 4304 628 4376 paratur
658 4302 825 4361 cibus
872 4306 933 4360 et
977 4305 1173 4378 potus,
1235 4301 1442 4362 Jactus
1472 4303 1546 4361 ab
1577 4303 1727 4362 irato
1760 4305 1883 4362 Deo
1913 4304 2067 4380 ignis
2098 4306 2380 4363 nocentes
2411 4303 2634 4362 invasit
2665 4305 2726 4360 et
2759 4319 2993 4360 concre-

383 4391 572 4449 mavit
601 4385 768 4472 (Gen.
812 4385 935 4473 19),
969 4391 1127 4468 ignis
1159 4391 1311 4450 alter
1341 4393 1414 4450 ab
1448 4392 1669 4463 eodem,
1718 4393 1821 4452 sed
1856 4393 2086 4468 placato
2117 4393 2339 4451 missus
2372 4391 2680 4452 descendit
2711 4392 2773 4449 in
2804 4394 2992 4449 terras

379 4481 439 4537 et
469 4481 534 4538 in
565 4499 716 4556 pane
747 4480 983 4540 mansit.
1017 4482 1215 4551 Porr0,
1247 4481 1298 4539 si
1331 4481 1488 4558 ignis
1520 4481 1622 4541 ille
1655 4482 1889 4541 voravit
1907 4481 2171 4540 homines
2192 4485 2253 4540 et
2271 4482 2622 4557 absumpsit,
2656 4481 2784 4548 iste,
2818 4497 2996 4556 quem

378 4569 442 4627 in
475 4587 626 4644 pane
658 4569 985 4639 comedim,
1019 4569 1394 4629 comedentes
1426 4571 1552 4629 vita
1582 4571 1830 4630 donavit
1860 4574 2011 4629 etc.‘

557 4693 605 4750 G
622 4711 696 4751 re
713 4712 800 4770 go
818 4694 939 4752 riu
958 4713 985 4752 s
1018 4712 1310 4770 nyssenus
1341 4713 1424 4755 or.
1457 4696 1673 4756 catech.
1708 4712 1755 4752 c.
1793 4703 1905 4757 38:
1944 4734 1970 4762 »
1986 4694 2131 4752 Cum
2150 4698 2350 4752 autem
2372 4696 2566 4753 solum
2586 4695 2738 4754 illud
2761 4713 2992 4770 corpuS,

375 4780 537 4856 quod
567 4783 756 4841 Deum
804 4783 1087 4859 suscepit,
1133 4784 1280 4843 hanc
1324 4784 1576 4860 gratiam
1613 4781 1979 4864 (vivificandi
2013 4777 2165 4864 scil.)
2200 4784 2510 4859 acceperit,
2559 4787 2869 4842 ostensum
2915 4784 2998 4841 sit
