3538 5364
518 245 558 309 8
1076 233 1259 288 Tract.
1286 233 1434 287 Vm.
1460 233 1529 288 de
1556 233 1762 305 gratia.
1790 233 1871 287 De
1896 234 2084 304 gratia
2111 234 2214 287 Dei
2242 236 2302 288 et
2326 234 2553 289 Christi.

516 421 640 480 sint
670 421 776 479 filii
812 423 1079 481 Abrahae
1112 416 1347 503 (Matth.
1385 431 1440 490 3,
1482 416 1567 498 9),
1603 421 1845 479 scribit:
1898 421 2100 489 ,Haec
2136 420 2253 479 erit
2284 421 2374 478 vis
2408 419 2641 479 divinae
2674 421 2897 497 gratiae
2928 423 3137 497 poten-

515 511 633 568 tior
663 511 874 586 utique
904 516 1135 580 natura,
1182 510 1404 569 habens
1435 511 1499 568 in
1530 510 1703 568 nobis
1743 510 2148 585 subjacentem
2178 509 2295 568 sibi
2328 509 2577 568 liberam
2609 510 2847 567 arbitrii
2878 513 3137 586 potesta-

516 603 655 668 tem,
693 601 851 674 quod
883 595 1261 672 αὖτεξοὺσιον
1288 599 1527 658 dicitur.
1542 608 1569 638 ⁸
1605 600 1683 657 Et
1701 599 1831 659 adv.
1852 599 2283 675 Hermogenem
2305 616 2352 656 c.
2377 609 2446 661 5:
2481 637 2510 668 ,
2525 598 2674 657 Nam
2696 601 2757 656 et
2777 598 2874 658 dei
2894 599 3134 666 erimus,

518 688 570 746 si
603 689 1047 747 meminerimus
1080 688 1173 747 illi
1205 707 1334 747 esse
1366 689 1438 747 de
1471 689 1693 764 quibus
1724 688 2120 765 praedicavit:
2155 688 2279 765 Eyo
2310 689 2454 758 dixi,
2488 707 2585 746 vos
2614 688 2702 746 dii
2730 690 2863 746 estis
2894 689 3011 765 (Ps.
3038 696 3138 757 81,

522 774 603 857 6),
640 821 652 835 .
687 825 699 838 .
735 822 748 834 .
795 778 896 837 sed
943 798 1014 836 ex
1060 778 1252 854 gratia
1294 777 1501 852 ipsius,
1549 796 1670 836 non
1717 796 1787 835 ex
1833 780 2040 835 nostra
2071 778 2461 853 proprietate:
2510 777 2652 851 quia
2680 776 2806 851 ipse
2838 782 2929 837 est
2958 778 3138 848 solue,

519 866 625 939 qui
657 866 797 925 deos
830 867 1065 925 faciat.‘
1134 867 1270 925 Alia
1300 865 1645 925 testimonia
1676 885 1783 942 per
1813 868 2137 924 tractatum
2170 884 2373 940 sparsa
2403 865 2680 941 reperies,

697 986 761 1054 6.
794 985 1256 1052 Praetermisso
1289 986 1634 1051 scholae
1666 986 1971 1067 suffragio
1990 987 2035 1072 ¹)
2069 986 2261 1067 huJus
2293 986 2594 1068 loquendi
2615 1005 2769 1050 usus
2789 1002 3141 1067 congruam

518 1090 729 1156 reddit
761 1090 1064 1158 Suarez
1095 1094 1160 1157 in
1191 1093 1428 1176 proleg.
1463 1097 1503 1161 3
1536 1094 1615 1158 de
1648 1113 1736 1175 gr.
1757 1111 1811 1156 c.
1834 1100 1874 1162 2
1895 1113 1954 1157 n.
1975 1100 2018 1162 4
2037 1094 2385 1158 rationem:
2428 1090 2690 1167 ,Gratia
2708 1093 3141 1175 propriissime

522 1205 779 1279 sumpta
810 1201 1112 1281 supponit
1142 1218 1492 1282 personam
1537 1201 1638 1266 vel
1682 1208 2003 1276 naturam,
2051 1201 2152 1264 cui
2203 1200 2304 1266 fit:
2354 1208 2418 1265 et
2449 1200 2595 1265 ideo
2628 1199 2833 1281 prima
2865 1199 3143 1263 hominis

523 1305 765 1370 creatio
798 1307 1151 1371 secundum
1185 1305 1552 1389 Scripturae
1584 1306 1873 1389 phrasim
1895 1326 2026 1371 non
2048 1307 2278 1371 dicitur
2297 1308 2553 1388 proprie
2573 1307 2796 1387 gratia,
2819 1305 2971 1388 quia
2990 1306 3143 1370 nihil

521 1413 839 1494 supponit,
892 1414 1003 1478 sed
1053 1413 1331 1496 primum
1380 1433 1522 1480 esse
1572 1413 1838 1480 confert.
1904 1413 2334 1496 Proprietates
2378 1422 2596 1477 autem
2646 1412 3031 1478 resultantes
3064 1432 3144 1478 ex

520 1525 849 1584 natm-aet
880 1520 1180 1597 subsidia,
1213 1539 1379 1603 quae
1413 1540 1489 1586 ex
1524 1523 1586 1586 vi
1617 1522 1816 1603 ipsius
1850 1528 2119 1585 naturae
2164 1521 2251 1584 illi
2302 1520 2635 1597 debentur,
2668 1517 2914 1601 gratiae
2948 1522 3143 1584 etiam

521 1625 586 1688 in
617 1627 825 1706 rigore
857 1646 988 1691 non
1021 1637 1186 1705 sunt,
1220 1636 1291 1692 ut
1319 1630 1570 1695 notavit
1599 1630 1949 1693 Thomas
1987 1635 2040 1696 1.
2075 1632 2115 1694 2
2150 1649 2205 1712 q.
2246 1634 2369 1697 111
2406 1646 2461 1692 a.
2507 1638 2531 1697 1
2570 1629 2652 1692 ad
2674 1633 2770 1695 2.·ι
2810 1629 2887 1692 Et
2917 1646 3145 1694 revera

523 1731 579 1795 si
608 1733 804 1797 semel
838 1735 1248 1813 concedatur,
1281 1743 1537 1818 praeter
1567 1736 1743 1800 bona
1774 1736 2097 1800 naturalia
2147 1754 2289 1800 esse
2323 1736 2518 1799 etiam
2549 1735 2724 1799 bona
2756 1743 3140 1817 supernatu-

521 1838 700 1916 ralia,
732 1841 821 1903 nil
853 1841 1102 1919 mirum,
1136 1841 1298 1908 haec
1329 1844 1396 1907 in
1426 1844 1644 1925 primis
1677 1845 1949 1924 gratiam
1994 1843 2230 1919 vocari,
2276 1860 2424 1906 cum
2474 1842 2701 1923 triplex
2734 1843 2979 1922 gratiae
3012 1843 3142 1907 ele-

525 1951 810 2009 mentum
843 1947 929 2032 (n.
950 1950 1018 2034 4)
1053 1946 1119 2011 in
1138 1947 1292 2029 ipsis
1326 1967 1520 2031 quam
1551 1950 1832 2014 maxime
1864 1950 2144 2015 eluceat:
2195 1967 2348 2011 nam
2379 1968 2442 2017 a.
2477 1954 2541 2013 et
2571 1949 2637 2011 in
2667 1949 2918 2014 ratione
2951 1949 3145 2012 doni

525 2053 842 2118 excedunt
873 2053 1047 2117 bona
1091 2056 1427 2132 naturalia,
1474 2064 1625 2121 sunt
1673 2058 1844 2121 enim
1895 2075 2025 2120 non
2077 2056 2363 2136 eJusdem
2414 2055 2527 2118 sed
2579 2055 2824 2120 altioris
2873 2056 3145 2131 ordinis:

525 2162 596 2229 b.
630 2178 763 2223 non
795 2167 944 2225 sunt
974 2168 1227 2226 tantum
1258 2163 1572 2244 negative,
1605 2163 1720 2227 sed
1752 2169 1819 2227 et
1848 2163 2139 2245 positive,
2171 2162 2505 2243 supposita
2525 2162 2653 2225 scil.
2677 2162 3006 2226 creatione
3030 2163 3146 2226 ad-

525 2267 650 2330 huc
680 2268 1077 2339 indebita,
1111 2269 1381 2351 ideoque
1413 2271 1616 2351 magis
1646 2270 1935 2333 indebita
1964 2288 2079 2333 seu
2100 2269 2334 2351 duplici
2354 2268 2568 2333 titulo:
2602 2269 2946 2334 excludunt
2977 2271 3147 2335 enim

523 2393 655 2437 non
687 2374 896 2438 solum
927 2374 1213 2440 debitum
1246 2395 1325 2439 ex
1358 2376 1658 2457 operibus
1689 2374 2060 2457 profectum,
2094 2376 2208 2441 sed
2241 2381 2305 2441 et
2325 2376 2611 2441 debitum
2645 2376 2709 2439 in
2743 2383 2975 2441 natura
3006 2377 3146 2458 ipsa

523 2480 894 2558 fundatum:
937 2489 1002 2547 et
1033 2501 1094 2549 c.
1128 2482 1380 2547 ratione
1427 2482 2080 2548 benevolentiae
2125 2483 2520 2564 praecellunt
2555 2481 2730 2547 bona
2761 2490 3146 2565 supernatu-

524 2588 685 2652 ralia
734 2596 1004 2654 naturae
1054 2589 1257 2652 bona:
1309 2590 1469 2653 haec
1519 2590 1688 2654 enim
1740 2589 2032 2653 oriuntur
2077 2607 2158 2653 ex
2203 2589 2658 2655 benevolentia
2691 2589 2942 2653 Domini
2995 2608 3147 2670 erga

526 2714 816 2772 servum:
848 2695 956 2760 illa
986 2697 1347 2762 redundant
1379 2716 1456 2761 ex
1491 2697 1938 2763 benevolentia
1969 2697 2177 2761 Patris
2210 2697 2590 2779 adoptantis·
2612 2698 2792 2761 filios.

706 2801 1004 2885 Seposita
1034 2805 1240 2885 gratia
1271 2804 1564 2880 naturali,
1597 2805 1662 2867 in
1693 2805 1819 2867 hoc
1849 2811 1925 2868 tr.
1959 2804 2039 2868 de
2071 2805 2278 2884 gratia
2323 2823 2469 2885 sup
2488 2822 2629 2868 ern
2650 2804 2962 2868 aturali
2994 2823 3146 2885 age-

528 2930 688 2987 muS,
723 2929 888 2993 quae
922 2910 1167 2975 definiri
1200 2911 1462 2992 poterit:
1509 2910 1760 2975 Donum
1793 2910 2281 2993 supernaturale
2327 2911 2523 2991 gratis
2557 2929 2597 2975 a
2628 2911 2761 2975 Deo
2811 2918 3145 2976 creaturae

528 3018 829 3080 rationali
860 3035 1239 3083 concessum
1270 3019 1594 3100 pertinens
1628 3018 1842 3101 aliquo
1876 3018 2071 3082 modo
2106 3017 2188 3081 ad
2219 3018 2422 3082 vitam
2456 3024 2805 3083 aeternam.

711 3175 766 3228 8.
802 3165 1015 3224 Gratia
1035 3167 1147 3224 Dei
1179 3174 1229 3225 et
1265 3166 1497 3228 Christi.
1530 3200 1615 3210 —-
1641 3166 2051 3243 Distinguitur
2080 3166 2329 3225 tertio
2360 3167 2555 3243 gratia
2587 3171 3148 3244 supernatura-

530 3254 629 3312 lis
674 3254 736 3312 in
774 3257 1035 3330 qratiam
1083 3256 1190 3314 Dei
1233 3258 1296 3314 et
1335 3259 1593 3333 qratiam
1631 3255 1853 3315 Christi
1883 3275 1991 3332 pro
2027 3255 2368 3315 discrimine
2402 3259 2595 3315 status
2630 3257 3057 3332 originalis
3088 3261 3150 3315 et

528 3342 764 3418 lapsi:
799 3362 950 3418 quae
983 3345 1140 3404 enim
1174 3346 1237 3403 in
1270 3346 1374 3404 illo
1407 3344 1617 3404 collata
1636 3345 1768 3417 fuit,
1805 3345 2028 3404 dicitur
2045 3345 2239 3422 gratia
2256 3345 2402 3416 Dei3
2436 3364 2589 3420 quae
2620 3346 2793 3404 modo
2825 3345 3146 3416 confertur,

530 3432 757 3490 ratione
789 3451 998 3491 causae
1029 3434 1366 3494 meritoriae
1399 3438 1646 3493 vocatur
1677 3435 1871 3511 gratia
1902 3434 2123 3492 Christi
2154 3451 2262 3491 seu
2302 3435 2497 3511 gratia
2531 3435 2634 3493 Dei
2681 3453 2787 3509 per
2831 3435 3148 3494 Christum.

532 3523 696 3581 Inter
727 3527 1042 3598 utramque
1073 3527 1215 3582 sunt
1245 3524 1444 3599 aliqua
1475 3524 1837 3593 discrimina,
1872 3523 1972 3582 sed
2004 3541 2164 3582 mere
2196 3523 2609 3593 accidentalia3
2658 3523 2945 3583 differunt
2989 3524 3150 3582 enim

528 3627 593 3674 a.
631 3611 858 3670 ratione
906 3613 1282 3687 subjecti:
1330 3613 1521 3690 gratia
1565 3612 1674 3671 Dei
1720 3613 1934 3671 collata
1964 3612 2084 3670 fuit
2115 3630 2236 3670 non
2268 3613 2483 3689 digno:
2532 3613 2728 3689 gratia
2759 3613 2979 3671 Christi
3011 3630 3149 3671 con-

526 3702 718 3760 fertur
737 3700 1015 3776 indign03
1048 3698 1118 3764 b.
1153 3703 1381 3761 ratione
1412 3702 1482 3760 fo
1500 3703 1698 3760 ntis:
1732 3701 1900 3761 illius
1921 3700 2081 3760 enim
2102 3701 2234 3759 fons
2256 3706 2350 3760 est
2366 3702 2800 3773 benevolentia,
2834 3702 3016 3777 hujus
3036 3702 3151 3760 mi-

527 3790 870 3860 sericordia:
920 3804 983 3852 e.
1032 3790 1260 3849 ratione
1306 3790 1335 3849 f
1343 3791 1530 3849 inis:
1577 3791 1684 3849 illa
1726 3790 1887 3849 enim
1918 3791 2133 3849 collata
2162 3789 2296 3861 fuit,
2347 3793 2414 3848 ut
2460 3791 2718 3849 elevaret
2750 3791 3047 3850 hominem
3079 3791 3151 3849 ad

530 3881 794 3939 ordinem
818 3882 1360 3954 supernaturalem:
1396 3880 1536 3939 haec
1555 3899 1693 3938 vero
1714 3880 1894 3939 simul
1915 3882 2008 3937 est
2038 3877 2407 3938 medicinalis
2440 3883 2500 3937 et
2532 3879 2768 3938 elevans
2801 3898 2907 3939 seu
2939 3898 3151 3939 sanans

529 3970 942 4044 impotentiam
976 3974 1095 4028 tam
1122 3970 1404 4029 moralem
1424 3988 1494 4028 ex
1514 3969 1993 4045 concupiscentia
2011 3968 2354 4044 profectam,
2378 3988 2556 4043 quam
2577 3968 2881 4045 physicam
2903 3973 3151 4028 naturae

528 4059 773 4118 insitam
805 4059 879 4116 ad
912 4064 1081 4118 actus
1115 4061 1406 4119 salutares
1440 4054 1524 4140 (n.
1561 4062 1686 4134 35).
1756 4058 2053 4116 Differunt
2100 4053 2170 4121 (l.
2218 4058 2448 4116 ratione
2492 4058 3001 4134 gratuitatis:
3049 4057 3154 4115 illa

527 4151 656 4206 erat
689 4167 833 4223 pure
865 4150 1144 4224 gratuita,
1192 4149 1334 4207 haec
1365 4148 1596 4206 meritis
1628 4150 1721 4205 est
1751 4151 1940 4222 parta,
1987 4164 2108 4205 non
2140 4146 2383 4223 quidem
2414 4165 2449 4204 a
2480 4146 2666 4216 nobis,
2718 4147 2819 4204 sed
2856 4166 2890 4204 a
2923 4146 3152 4205 Christo

529 4237 719 4312 capite
751 4243 972 4296 nostro.
1031 4237 1195 4306 Quo-l
1228 4241 1429 4296 tamen
1460 4237 1781 4295 discrimen
1813 4237 2108 4312 supponit
2140 4234 2535 4312 hypothesim,
2571 4254 2746 4310 quam
2780 4235 3152 4294 defendimus

754 4466 788 4535 ¹)
818 4462 899 4518 Cf.
927 4462 1293 4517 Palmieri
1321 4463 1389 4516 de
1410 4461 1598 4533 gratia
1619 4463 1727 4514 act.
1750 4461 1833 4514 th.
1862 4468 1924 4518 2:
1952 4462 2043 4513 du
2071 4460 2358 4514 Plessis
2385 4458 2822 4529 d'Argentre
2849 4457 2910 4511 in
2938 4458 3152 4511 observ.

531 4542 604 4596 ad
631 4543 961 4598 testimonia
987 4544 1283 4598 doctorum
1313 4543 1597 4604 scholast„
1625 4542 1725 4610 qui
1754 4559 1788 4594 a
1816 4556 1921 4595 sec.
1950 4541 2072 4595 ΧΙΙ.
2114 4539 2352 4593 ineunte
2391 4540 2465 4592 ad
2506 4539 2658 4592 hanc
2700 4555 2881 4606 usque
2909 4539 3153 4591 aetatem

532 4622 601 4676 de
628 4628 816 4693 gratia
843 4643 946 4697 pro
973 4624 1302 4680 conditione
1330 4625 1629 4693 corruptae
1661 4624 1897 4675 naturae
1925 4620 2300 4690 disputarunt
2324 4636 2374 4672 a.
2405 4625 2431 4674 1
2455 4628 2482 4686 5
2508 4627 2527 4673 1
2553 4640 2564 4679 ;
2593 4619 2777 4686 deque
2804 4617 2894 4671 bis
2922 4616 3155 4670 distinc-

535 4706 795 4762 tionibus
821 4707 909 4760 Su
927 4721 1048 4758 are
1070 4724 1097 4757 z
1124 4703 1342 4774 proleg.
1368 4709 1402 4759 3
1429 4720 1475 4758 c.
1501 4708 1537 4755 4
1563 4720 1604 4755 s.
2585 4709 2596 4719 ‘
