3538 5364
523 285 656 350 682
897 274 1082 327 Tract.
1112 274 1177 326 X.
1205 274 1274 326 de
1304 271 1418 326 Deo
1446 275 1913 328 consummatore.
1943 271 2140 325 Thasie
2167 270 2525 326 COLXXXII.
2553 271 2756 326 Cultus

524 459 721 538 giunt,
772 464 837 521 et
878 454 1348 519 inhabitatores
1380 452 1703 534 Vigilantii
1752 452 2004 517 illorum
2056 471 2126 517 se
2177 452 2416 516 sentire
2466 454 2919 534 praesentiam·
2946 452 3148 517 confi·

528 547 786 628 tentur‘?
850 561 1210 642 Sacrilegus
1262 560 1570 626 dicendus
1604 566 1701 624 est
1734 568 1801 626 et
1833 579 2003 624 nunc
2034 560 2362 642 Augustus
2393 561 2727 636 ArcadiuS‚
2761 561 2870 644 qui
2902 579 3054 624 ossa
3086 560 3148 623 b.

525 669 842 735 Samuelis
879 670 1070 750 longo
1104 673 1253 749 post
1283 674 1574 748 tempore
1616 654 1695 731 de
1726 667 1974 731 ,Iudaea
2007 667 2332 732 transtulit
2363 667 2430 731 in
2459 668 2845 732 Thraciam?
2908 663 3150 731 Omnes

525 777 806 858 episcopi
838 794 967 839 non
999 776 1210 839 solum
1241 774 1551 855 sacrilegi,
1602 774 1714 838 sed
1759 781 1824 838 et
1857 773 2013 838 fatui
2052 774 2399 856 judicandi,
2447 776 2555 857 qui
2603 794 2742 840 rem
2773 773 3149 838 vilissimam

524 891 587 949 et
620 884 866 948 cineres
898 882 1245 946 dissolutos
1279 882 1343 945 in
1374 882 1581 946 serico
1615 889 1679 946 et
1711 899 1866 946 vase
1900 900 2098 946 aureo
2137 886 2603 963 portaverunt?
2636 879 2827 946 Stulti
2857 882 3148 945 omnium

524 990 938 1055 ecclesiarum
986 988 1224 1070 populi,
1274 990 1384 1071 qui
1445 995 1870 1053 occurrerunt
1914 990 2154 1052 sanctis
2204 989 2489 1071 reliquiis
2540 995 2604 1054 et
2656 995 2837 1052 tanta
2886 988 3147 1064 laetitia,

524 1096 707 1178 quasi
739 1102 1145 1177 praesentem
1179 1096 1628 1178 viventemque
1673 1096 2060 1177 prophetam
2107 1102 2462 1172 cernerent,
2495 1103 2930 1177 susceperunt,
2966 1102 3038 1158 ut
3067 1095 3147 1159 de

522 1203 891 1268 Palaestina
926 1222 1142 1285 usque
1193 1201 1670 1266 Chalcedonem
1715 1204 2137 1284 jungerentur
2186 1203 2576 1285 populorum
2627 1203 2925 1268 examina
2972 1209 3037 1266 et
3080 1202 3149 1264 in

526 1308 757 1374 Christi
788 1309 1012 1374 laudes
1044 1328 1175 1373 una
1208 1327 1367 1374 voce
1400 1312 1865 1375 resonarentP‘

705 1422 849 1485 731.
885 1417 1433 1485 Demonstratio
1467 1438 1535 1503 p.
1572 1417 1716 1486 111.
1761 1418 1820 1487 l.
1853 1416 2046 1480 Ratio
2080 1417 2301 1498 nequit
2331 1435 2463 1480 non
2497 1415 2857 1497 approbare
2889 1414 3150 1491 cultum,

520 1542 718 1604 quem
753 1522 922 1586 Deus
973 1522 1324 1586 innumeris
1375 1522 1758 1604 comprobat
1809 1523 2132 1586 miraculis
2180 1528 2243 1588 et
2289 1522 2538 1587 collatis
2584 1529 2882 1586 munerat
2912 1520 3150 1602 gratiis.

524 1630 719 1710 Atqui
752 1629 924 1694 Deus
956 1629 1371 1711 reliquiarum
1404 1630 1647 1693 cultum
1680 1629 2035 1694 innumeris
2068 1629 2474 1693 confirmavit
2504 1628 2830 1693 miraculis
2862 1628 3149 1692 collatis·

525 1754 649 1818 que
699 1736 915 1816 gratiis
968 1737 1345 1800 muneravit.
1408 1736 1545 1800 Hoc
1592 1745 1811 1818 patres
1862 1754 1990 1802 sec.
2041 1736 2421 1818 praesertim
2473 1736 2569 1800 IV.
2605 1742 2668 1800 et
2700 1735 2773 1799 V.
2824 1741 3150 1799 testantur

524 1842 876 1907 unanimes.
941 1841 1028 1906 Cf.
1063 1842 1460 1908 Petavius
1493 1843 1654 1919 XIV,
1695 1848 1791 1912 13.

703 1954 794 2012 Ita
839 1972 927 2012 ex.
971 1974 1057 2031 gr.
1090 1954 1298 2013 scribit
1329 1955 1866 2014 Theodoretus
1900 1974 2072 2013 serm.
2110 1966 2144 2015 8
2181 1956 2253 2013 de
2286 1974 2409 2014 cur.
2442 1955 2629 2016 affect.
2664 1973 2885 2032 graec.:
2935 1954 3148 2024 ,Quod

525 2062 664 2102 vero
697 2049 995 2119 compotes
1026 2046 1299 2102 votorum
1331 2044 1476 2102 fiant
1508 2044 1612 2119 qui
1647 2043 1903 2102 fideliter
1934 2048 2153 2120 petunt
2184 2039 2279 2125 (ad
2315 2047 2655 2103 sanctorum
2688 2042 3001 2126 sepulcra),
3045 2064 3149 2120 pa-

525 2134 642 2190 lam
675 2137 978 2190 testantur
1007 2133 1249 2191 illorum
1282 2133 1525 2192 donaria
1559 2134 1924 2191 curationem
1946 2133 2290 2192 indicantia.
2338 2133 2460 2191 Alii
2491 2133 2650 2192 enim
2683 2134 3009 2204 oculorum,
3043 2133 3150 2192 alii

527 2221 763 2296 pedum,
815 2221 919 2280 alii
961 2241 1243 2280 manuum
1291 2223 1608 2282 simulacra
1650 2222 2027 2298 suspendunt
2074 2241 2144 2281 ex
2193 2226 2440 2300 argento
2491 2241 2707 2282 aurove
2737 2223 3048 2282 confecta.
3086 2268 3100 2280 .
3133 2265 3147 2279 .

528 2311 685 2369 Haec
714 2313 912 2369 autem
944 2311 1288 2370 morborum
1319 2312 1724 2387 depulsionem
1758 2312 2042 2382 indicant,
2082 2312 2179 2370 cui
2212 2312 2518 2370 testandae
2551 2311 2625 2371 ab
2657 2311 2732 2371 iis
2762 2312 2957 2388 posita
2988 2316 3148 2380 sunt,

528 2400 633 2475 qui
666 2400 977 2458 sanitatem
1009 2404 1391 2476 receperunt-3
1427 2400 1637 2460 horum
1670 2419 1847 2476 porro
1879 2401 2074 2460 virtus
2106 2402 2291 2460 Deum
2325 2420 2525 2460 eorum
2560 2419 2767 2459 verum
2799 2419 2927 2459 esse
2962 2402 3146 2459 Deum

526 2490 803 2549 testatur.
818 2496 845 2526 ‘
882 2487 1069 2557 Quam
1089 2489 1203 2548 sibi
1224 2489 1437 2548 similis
1460 2490 1670 2565 quovis
1692 2491 1888 2549 seculo
1910 2490 2199 2549 catholica
2219 2490 2437 2565 pietas!
2472 2525 2559 2533 —
2580 2490 2770 2559 Quare
2803 2490 2843 2549 C
2857 2509 2896 2567 y
2911 2489 2978 2547 ri
2994 2490 3017 2547 l
3032 2491 3054 2548 1
3070 2507 3103 2547 o
3122 2522 3148 2534 -

527 2596 660 2635 nas
701 2577 764 2636 in
798 2577 1053 2637 carmine
1085 2597 1193 2654 pro
1224 2579 1377 2637 festo
1410 2579 1677 2638 omnium
1711 2580 1808 2638 SS.
1841 2580 1913 2638 ad
1947 2599 1997 2641 a.
2036 2589 2160 2643 396
2197 2573 2296 2661 (cf.
2327 2579 2555 2638 Bickell
2588 2578 3006 2656 Ausgewahlte
3039 2579 3150 2637 Ge-

525 2666 725 2725 dichte
757 2666 864 2725 der
895 2686 1012 2744 syr.
1046 2667 1167 2739 KV,
1202 2668 1497 2745 Kempten
1538 2676 1656 2733 187
1668 2678 1700 2731 2
1735 2690 1792 2745 p.
1836 2664 1967 2750 17):
2017 2668 2228 2741 ,Ossa,
2277 2668 2493 2744 inquit,
2535 2671 2874 2728 sanctorum
2904 2672 3149 2727 tuorum

526 2756 679 2815 facta
711 2759 854 2815 sunt
884 2777 919 2814 a
956 2760 1017 2815 te
1058 2756 1382 2817 thesaurus
1415 2758 1783 2817 ditissimus:
1836 2759 2153 2817 immensae
2184 2758 2430 2817 divitiae
2462 2760 2607 2817 tunc
2637 2758 2977 2817 reconditae
3008 2761 3151 2816 sunt

528 2848 591 2903 in
624 2846 853 2923 pugillo
886 2847 1152 2904 cinerum
1183 2847 1526 2924 ipsorum3⁴¹
1577 2851 1639 2907 et
1672 2847 2197 2923 Hieronymus
2229 2867 2319 2922 ep.
2356 2858 2434 2910 46
2471 2866 2528 2905 n.
2567 2856 2635 2910 8:
2672 2847 2791 2916 ,Et
2820 2850 3148 2923 martyrum

528 2934 750 3010 ubique
782 2935 1051 3011 sepulcra
1081 2954 1450 3007 veneramur,
1498 2940 1558 2995 et
1604 2939 1867 2995 sanctam
1913 2935 2172 2994 favillam
2206 2936 2395 2995 oculis
2429 2939 2813 3012 apponenteS,
2862 2936 2914 2994 si
2959 2936 3149 3005 liceat,

527 3024 706 3082 etiam
738 3042 836 3082 ore
866 3024 1300 3101 contingimus:
1333 3030 1395 3084 et
1424 3029 1896 3095 monumentum,
1928 3025 1990 3083 in
2020 3043 2139 3100 quo
2159 3025 2450 3085 Dominus
2470 3025 2746 3083 conditus
2765 3026 2874 3096 est,
2910 3024 3150 3100 quidam

527 3113 867 3171 existimant
898 3114 1369 3190 negligendum?
1421 3114 1483 3172 Si
1515 3116 1689 3173 nobis
1720 3133 1840 3173 non
1873 3113 2204 3172 credimus:
2240 3114 2546 3173 credamus
2580 3115 2791 3173 saltem
2823 3114 3059 3173 diabolo
3089 3116 3151 3172 et

529 3202 755 3278 angelis
785 3202 944 3277 ejus:
978 3203 1084 3276 qui
1117 3203 1592 3279 quotiescunque
1623 3206 1760 3262 ante
1792 3202 1946 3261 illud
1980 3203 2053 3261 de
2085 3203 2345 3262 obsessis
2371 3204 2718 3279 corporibus
2751 3203 3148 3279 expelluntur,

529 3291 704 3365 quasi
747 3291 809 3348 in
854 3293 1172 3366 conspectu
1204 3292 1526 3352 tribunalis
1558 3293 1782 3351 Christi
1814 3294 2042 3351 stantes
2075 3293 2559 3362 contremiscunt,
2610 3292 2868 3370 rugiunt
2915 3296 2977 3351 et
3025 3310 3150 3352 sero

528 3380 732 3438 dolent
762 3378 1141 3452 crucifixisse,
1175 3400 1351 3455 quem
1383 3382 1640 3440 timeant
1669 3385 1822 3441 etc.‘
1892 3381 1974 3441 Cf.
2006 3382 2186 3440 verba
2216 3375 2651 3459 Augustini
2685 3381 2730 3446 Ι.
2761 3401 2821 3444 n.
2854 3390 2935 3445 92
2969 3401 3020 3444 a.

711 3496 854 3549 732.
893 3486 1060 3556 Quod
1107 3488 1158 3546 si
1201 3488 1525 3547 adversarii
1557 3489 1631 3547 de
1664 3488 1874 3547 horum
1907 3488 2331 3547 miraculorum
2365 3488 2649 3547 dubitant
2679 3487 2928 3547 veritate
2960 3488 3055 3546 vel
3087 3506 3153 3545 ea

530 3582 767 3651 negant,
800 3576 1046 3634 audiant
1077 3592 1141 3638 a.
1179 3577 1724 3636 Damascenum
1756 3577 1816 3638 F.
1852 3576 1917 3635 Ο.
1949 3576 2044 3649 IV,
2086 3588 2196 3640 15:
2232 3578 2462 3646 ,Nemo
2495 3577 2734 3636 credere
2766 3581 3024 3652 respuat.
3090 3576 3150 3635 Si

528 3665 688 3723 enim
719 3683 787 3723 ex
819 3684 966 3740 rupe
997 3668 1060 3724 et
1091 3665 1239 3724 duro
1273 3684 1408 3724 saxo
1441 3686 1595 3742 aqua
1626 3667 1687 3724 in
1729 3684 1926 3725 eremo
1961 3665 2266 3741 prosilivit
2297 3668 2533 3725 volente
2564 3667 2686 3725 Deo
2718 3669 2781 3725 et
2811 3685 2881 3725 ex
2913 3666 3156 3724 maxilla

528 3754 681 3812 asini
715 3753 978 3813 Samsoni
1013 3754 1269 3813 sitienti:
1303 3774 1372 3814 ex
1404 3761 1735 3831 martyrum
1767 3754 2041 3830 reliquiis
2073 3757 2453 3832 unguentum
2485 3756 2834 3814 suaveolens
2867 3751 3017 3836 (scil.
3052 3754 3154 3813 be-

527 3839 763 3924 neficia)
798 3861 1066 3902 emanare
1099 3844 1446 3904 incredibile
1478 3847 1611 3904 est?
1676 3845 1862 3903 Nullo
1892 3846 2063 3920 pacto
2108 3844 2205 3915 iis,
2255 3844 2361 3920 qui
2408 3844 2608 3903 sciunt
2637 3844 2922 3903 virtutem
2957 3844 3064 3902 Dei
3095 3847 3156 3902 et

529 3933 601 3991 ab
635 3932 760 4008 ipso
794 3931 1063 3991 habitum
1097 3934 1318 3992 sanctis
1339 3934 1683 3995 honorem.‘
1733 3934 2018 4009 Suspecta
2048 3936 2142 3992 est
2171 3933 2310 3992 dein
2342 3930 2415 3996 b.
2448 3933 2623 3993 nobis
2658 3933 2801 3992 haec
2831 3933 3151 4009 responsiO.

529 4023 689 4098 quod
715 4023 837 4098 jam
886 4041 914 4079 a
934 4022 1140 4080 riani
1187 4041 1254 4080 ea
1299 4027 1444 4082 sunt
1487 4023 1585 4082 usi
1626 4023 1911 4081 adversus
1944 4022 2264 4081 catholicos
2298 4025 2686 4098 provocantes
2718 4022 2791 4080 ad
2822 4025 3154 4097 martyrum

529 4111 833 4179 miracula,
881 4113 1032 4170 teste
1064 4110 1499 4183 Ambrosio,
1547 4112 1650 4187 qui
1696 4111 1879 4170 refert
1911 4130 2000 4187 ep.
2038 4120 2115 4173 22
2150 4129 2210 4175 n.
2255 4121 2348 4183 16,
2398 4127 2541 4182 ‚eos
2572 4129 2790 4188 negare
2821 4116 3155 4186 martyrum

530 4201 759 4270 merita,
807 4218 1064 4274 quornm
1110 4219 1286 4276 opera
1331 4201 1509 4260 etiam
1542 4202 1861 4260 daemones
1896 4199 2271 4263 confitentur.
2343 4201 2456 4260 Sed
2500 4201 2610 4259 hoc
2655 4218 2774 4259 non
2823 4200 3061 4269 mirum,
3107 4199 3157 4257 si

531 4289 772 4363 quidem
806 4291 975 4347 tanta
1005 4293 1096 4348 est
1127 4290 1570 4349 incredulorum
1603 4288 1868 4366 perfidia,
1917 4292 1990 4348 nt
2034 4289 2403 4348 tolerabilior
2432 4290 2516 4349 sit
2545 4289 2769 4349 diaboli
2801 4289 3157 4365 plerumque

531 4378 839 4436 confessio,
905 4378 1148 4437 Dicebat
1178 4379 1334 4438 enim
1368 4380 1669 4439 diabolus:
1716 4378 1878 4456 Jesu,
1915 4379 2033 4436 Fila·
2064 4376 2174 4437 Dei
2216 4381 2333 4437 vivi
2363 4382 2492 4451 etc.,
2539 4383 2600 4437 et
2644 4396 2779 4437 cum
2812 4378 2953 4437 haec
2983 4377 3155 4436 audi-

531 4470 666 4525 rent
688 4467 916 4542 judaei,
963 4468 1078 4542 ipsi
1115 4471 1315 4527 tamen
1348 4469 1566 4528 Filium
1600 4468 1705 4527 Dei
1740 4467 2113 4545 denegabant
2144 4510 2159 4525 .
2193 4510 2207 4524 .
2242 4511 2255 4524 .
2301 4467 2510 4526 Ariani
2557 4467 2799 4526 dicunt:
2847 4467 2983 4525 Non
3014 4468 3157 4525 sunt

531 4555 634 4613 isti
665 4560 966 4631 martyres„
999 4575 1107 4615 nec
1138 4557 1440 4616 diabolum
1471 4561 1749 4633 torquere
1781 4558 2054 4632 possunt,
2101 4574 2209 4615 nec
2255 4556 2511 4632 aliquem
2542 4556 2815 4627 liberare,
2863 4574 2998 4614 cum
3030 4558 3153 4614 tor·

531 4647 732 4702 menta
752 4645 1108 4703 daemonum
1125 4646 1392 4722 ipsorum
1424 4664 1564 4705 voce
1598 4643 1696 4728 (ad
1730 4650 2060 4722 martyrum
2093 4644 2219 4704 scil.
2240 4647 2526 4721 sepulcra,
2559 4645 2807 4722 proinde
2840 4638 3151 4724 reliquias)

532 4733 863 4808 probentur
908 4752 973 4791 ac
1015 4735 1301 4793 beneficia
1331 4740 1662 4812 martyrum
1694 4734 1974 4794 remediis
2008 4737 2349 4794 sanctorum
2382 4738 2443 4794 et
2477 4735 2886 4794 absolutorum
2918 4733 3153 4793 indiciis
