3538 5364
1313 293 1673 349 naturalibus
1700 299 1759 347 et
1786 295 2008 349 infusis.
2848 306 2973 370 169

522 481 592 546 2.
629 482 1007 542 Dividuntur
1037 482 1275 540 habitus
1308 482 1371 539 in
1401 482 1598 540 bono
1619 501 1646 540 s
1680 485 1741 540 et
1773 502 1828 540 m
1849 482 2047 552 alos;
2081 483 2312 542 ratione
2344 484 2593 559 originis

524 570 589 636 3.
642 574 709 631 in
759 571 1171 630 naturales
1217 589 1324 629 seu
1369 570 1499 646 ipsa
1541 574 1759 629 natura
1789 572 2021 641 insitos,
2069 571 2542 648 acquisitOS,
2588 573 2694 648 qui
2739 573 2973 632 actibus

345 661 767 737 acquiruntur,
790 665 852 719 et
882 661 957 719 in
974 660 1054 719 fu
1070 678 1097 717 s
1113 679 1146 718 o
1165 679 1192 719 s
1223 678 1371 735 quos
1387 660 1543 718 Deus
1561 661 2097 735 supernaturaliter
2114 681 2296 739 agens
2316 663 2543 721 animae
2563 663 2975 724 communicat.

346 751 684 810 Habituum
706 752 1042 810 infusorum
1077 750 1177 807 alii
1210 750 1495 808 dicuntur
1525 749 1709 808 infusi
1745 769 1850 824 per
1881 751 2197 810 acciden
2217 769 2274 821 s,
2309 752 2352 809 ii
2385 752 2528 821 scil„
2564 752 2672 825 qui
2704 752 2976 827 repetitis

346 841 583 899 actibus
615 841 692 898 ab
724 840 967 898 homine
998 839 1224 913 acquiri
1257 838 1498 913 quidem
1531 843 1790 913 possent,
1837 839 2230 899 nihilominus
2263 844 2463 899 tamen
2495 862 2527 897 a
2559 841 2678 900 Deo
2712 841 2977 917 gratuito

348 948 468 987 non
498 934 846 1009 exspectata
876 930 1115 987 actuum
1147 927 1500 1002 repetitione
1533 926 1957 999 infunduntur,
2005 933 2073 987 ut
2118 949 2203 988 ex.
2236 950 2321 1007 gr.
2357 930 2578 988 donum
2613 930 2976 1005 linguarum.

348 1018 424 1075 Hi
457 1019 703 1093 quidem
737 1017 935 1093 quoad
968 1017 1362 1075 substantiam
1397 1020 1541 1074 sunt
1572 1019 1874 1075 naturales
1906 1021 1969 1075 et
1998 1020 2238 1077 nonnisi
2271 1019 2466 1095 quoad
2497 1020 2657 1078 mod
2678 1039 2716 1077 u
2736 1040 2818 1086 m,
2854 1038 2973 1094 quo

350 1109 760 1174 conferuntur,
795 1106 1292 1182 supernaturales,
1359 1105 1478 1163 Alii
1513 1124 1652 1164 vero
1683 1106 1970 1166 dicuntur
2000 1108 2184 1167 infusi
2217 1127 2322 1185 per
2352 1127 2432 1177 se,
2480 1109 2584 1184 qui
2618 1109 2815 1183 quoad
2849 1128 2972 1166 mo-

348 1196 488 1253 dum
524 1202 587 1253 et
620 1197 1018 1255 substantiam
1052 1199 1195 1254 sunt
1226 1196 1744 1270 supernaturales3
1793 1197 2045 1272 ideoque
2076 1217 2264 1256 unum
2299 1199 2486 1256 Deum
2520 1197 2740 1256 habent
2772 1200 2974 1256 aucto-

349 1303 490 1357 rem,
524 1290 589 1344 et
616 1286 790 1344 nulla
819 1288 1064 1344 actuum
1095 1284 1275 1343 etiam
1306 1285 1851 1358 supernaturalium
1874 1287 2228 1362 repetitione
2247 1288 2475 1363 acquiri
2497 1290 2777 1362 possuntz
2811 1287 2975 1361 iique

346 1394 466 1433 non
483 1377 610 1433 tam
635 1375 854 1452 agendi
874 1374 1234 1444 facilitatem,
1269 1392 1446 1448 quam
1465 1374 1672 1448 potius
1694 1375 1907 1451 agendi
1943 1395 1979 1449 p
1997 1393 2030 1432 o
2046 1379 2118 1434 te
2136 1395 2175 1434 n
2192 1380 2220 1434 t
2235 1377 2254 1434 i
2272 1397 2306 1434 a
2322 1396 2377 1433 m
2411 1377 2740 1435 conserunt.
2776 1377 2859 1435 De
2880 1376 2972 1433 his

352 1468 637 1525 Suarez
683 1465 757 1522 de
789 1484 876 1538 gr.
908 1463 982 1533 11,
1019 1473 1054 1527 9
1088 1482 1145 1521 n.
1184 1473 1251 1525 3:
1302 1462 1467 1530 ,Nec
1498 1466 1641 1521 sunt
1671 1464 1809 1538 puri
1841 1464 2099 1534 habitus,
2147 1484 2255 1524 nec
2288 1484 2469 1541 purae
2499 1465 2820 1541 potentiae,
2871 1465 2974 1524 sed

348 1558 671 1629 utramque
692 1553 983 1611 rationem
1004 1552 1289 1611 eminenti
1311 1551 1481 1609 modo
1503 1553 1877 1628 participant.
1927 1554 2080 1611 Sunt
2111 1555 2267 1612 enim
2301 1554 2339 1612 h
2357 1575 2392 1612 a
2407 1555 2445 1611 b
2463 1555 2482 1612 i
2497 1560 2522 1612 t
2538 1574 2578 1614 u
2596 1573 2640 1622 S,
2676 1558 2973 1628 quatenus

349 1646 707 1719 supponunt
736 1642 1086 1717 potentiam,
1119 1660 1272 1717 quae
1303 1644 1397 1699 est
1428 1641 1756 1715 proximum
1779 1642 2141 1718 principium
2176 1644 2554 1720 operationis,
2587 1648 2651 1702 et
2680 1644 2846 1701 illam
2879 1644 2972 1701 in-

347 1732 607 1790 formant
652 1736 715 1789 et
761 1733 833 1790 ad
881 1731 1248 1806 operandum
1280 1730 1584 1805 adjuvant,
1631 1749 1739 1789 nec
1783 1735 2038 1807 possunt
2084 1733 2213 1791 sine
2245 1732 2411 1791 illius
2445 1732 2678 1791 influxu
2709 1733 2971 1808 operari:

348 1826 492 1880 sunt
524 1840 666 1879 vero
699 1821 1114 1896 potentiae
1145 1820 1347 1895 aliquo
1376 1819 1568 1887 mode,
1603 1822 1901 1894 quatenus
1934 1840 2053 1879 non
2087 1822 2231 1880 dant
2251 1822 2435 1880 solam
2457 1822 2801 1881 facilitatem
2835 1840 2972 1897 ope·

347 1911 521 1968 randi
543 1910 704 1968 sicut
726 1909 865 1985 puri
885 1909 1143 1980 habitus,
1176 1909 1277 1967 sed
1309 1907 1492 1966 etiam
1524 1908 1670 1967 dant
1700 1910 1797 1968 vel
1828 1911 2128 1985 complent
2148 1914 2523 1986 potestatem,
2558 1912 2689 1971 Non
2718 1916 2973 1987 possunt

347 2004 550 2058 autem
597 1999 716 2057 dici
764 1998 1118 2074 simpliciter
1154 1997 1473 2073 potentiae,
1519 1999 1659 2073 quia
1691 2017 1810 2057 non
1843 2004 1987 2057 sunt
2016 2004 2213 2059 totum
2245 2001 2606 2076 principium
2637 2000 2971 2077 proximum

347 2088 593 2164 agendi:
644 2089 787 2163 quia
817 2106 1055 2146 necesse
1088 2091 1197 2157 est,
1233 2091 1303 2145 ut
1333 2087 1499 2161 ipsae
1531 2088 1832 2161 potentiae
1864 2089 2093 2147 animae
2124 2088 2467 2148 immediate
2498 2090 2754 2148 influant
2785 2090 2850 2147 in
2880 2108 2973 2148 ac-

349 2184 497 2246 tum,
531 2177 803 2252 alioquin
835 2177 989 2234 actio
1020 2195 1139 2234 non
1173 2180 1332 2234 esset
1365 2176 1582 2234 vitalis.
1651 2176 1952 2235 Vocantur
1983 2183 2181 2236 autem
2217 2178 2571 2254 simpliciter
2602 2180 2860 2248 habitus,
2902 2185 2972 2237 ut

354 2267 811 2343 distinguantur
841 2286 875 2324 a
906 2265 1159 2341 propriis
1183 2264 1489 2339 potentiis,
1511 2265 1730 2340 quibus
1756 2265 2259 2342 superadduntur,
2295 2271 2354 2325 et
2375 2268 2516 2343 quia
2537 2268 2664 2326 sine
2684 2268 2970 2343 potentiis

357 2356 503 2413 nihil
536 2375 712 2432 agere
744 2360 1030 2431 possunt:
1080 2356 1379 2430 potentiae
1410 2359 1611 2412 autem
1645 2355 1917 2413 absolute
1949 2375 2120 2431 agere
2153 2363 2408 2432 possunt
2439 2357 2568 2414 sine
2601 2357 2705 2415 tali
2739 2357 2969 2427 habitu,

354 2446 404 2503 si
440 2446 595 2503 Dens
629 2464 737 2521 per
769 2444 1009 2520 aliquod
1043 2443 1327 2501 auxilium
1366 2443 1549 2501 vicem
1583 2445 1710 2518 ejus
1756 2444 2092 2519 suppleat.‘
2162 2446 2237 2503 Et
2283 2445 2430 2503 bene
2477 2465 2522 2508 s.
2569 2448 2971 2505 Bonaven-

350 2540 530 2592 tura
561 2535 624 2592 in
662 2543 717 2596 2.
752 2533 806 2591 d.
845 2542 923 2597 28
960 2533 1099 2594 dub.
1145 2545 1208 2595 l:
1264 2533 1412 2601 „Est
1443 2532 1683 2606 quidam
1718 2532 1978 2603 habitus»,
2029 2535 2133 2608 qui
2178 2538 2377 2592 ortum
2410 2535 2589 2592 habet
2619 2555 2653 2592 a
2686 2536 2970 2610 potentia,

350 2624 508 2681 sicut
540 2624 645 2680 ille
680 2623 784 2699 qui
805 2642 913 2700 per
931 2620 1413 2681 assuefactionem
1436 2623 1766 2697 acquiritur
1797 2623 1870 2680 ab
1902 2642 1989 2696 eo,
2023 2624 2238 2700 inquo
2269 2627 2388 2692 est;
2425 2628 2486 2681 et
2517 2624 2589 2681 de
2621 2624 2729 2682 tali
2763 2625 2972 2684 habitu

348 2732 560 2772 verum
591 2717 701 2783 est,
751 2713 909 2788 quod
943 2732 1063 2771 non
1094 2712 1198 2771 dat
1229 2729 1444 2770 novam
1476 2713 1826 2788 potentiam,
1875 2713 1979 2772 sed
2027 2714 2279 2789 priorem
2313 2715 2637 2790 potentiam
2675 2714 2971 2776 habilitat.

348 2804 458 2861 Est
489 2809 552 2860 et
597 2803 755 2861 alius
790 2802 1047 2872 habitus,
1097 2803 1202 2877 qui
1235 2802 1547 2861 desursum
1582 2801 1904 2871 descendit,
1953 2805 2014 2860 et
2057 2822 2177 2861 non
2226 2804 2421 2861 solum
2453 2803 2746 2878 dependet
2777 2804 2850 2860 ab
2883 2823 2970 2874 e0,

347 2894 411 2949 in
443 2910 563 2966 quo
595 2897 703 2963 est,
740 2891 843 2949 sed
875 2891 1064 2967 magis
1097 2891 1170 2948 ab
1202 2910 1287 2961 eo,
1321 2910 1356 2949 a
1388 2909 1506 2964 quo
1539 2893 1660 2960 est3
1694 2895 1755 2948 et
1785 2891 1922 2950 talis
1957 2892 2196 2950 habitus
2230 2893 2409 2950 habet
2440 2893 2761 2968 potentiam
2794 2892 2970 2950 nobi·

350 2982 523 3039 litare
569 2985 631 3038 et
679 2984 878 3057 potest
909 2981 1085 3038 etiam
1120 2980 1288 3048 illud,
1338 2980 1401 3037 in
1447 2998 1564 3054 quo
1610 2983 1724 3049 est,
1767 2998 2005 3038 movere
2051 2985 2111 3039 et
2157 3000 2340 3055 supra
2385 3000 2443 3039 se
2483 2983 2710 3040 elevare
2741 2981 2970 3040 ratione

351 3070 536 3140 illius,
571 3090 606 3127 a
638 3088 758 3145 quo
789 3069 1072 3145 procedit,
1106 3074 1167 3128 et
1196 3068 1334 3127 talis
1366 3067 1607 3126 habitus
1640 3080 1730 3126 est
1761 3068 1891 3144 ipsa
1922 3070 2173 3146 gratia.‘
2246 3069 2436 3138 Quare
2471 3071 2739 3129 habitum
2772 3090 2878 3146 per
2910 3089 2971 3130 se

348 3160 619 3217 infusum
653 3159 862 3217 definit
893 3158 1221 3234 Ripalda
1252 3158 1306 3220 d.
1350 3167 1466 3218 118
1504 3176 1548 3214 S.
1598 3169 1613 3218 1
1644 3178 1657 3215 :
1708 3157 2018 3226 ,Qualitas
2052 3177 2156 3234 per
2189 3177 2250 3216 se
2282 3159 2477 3217 infusa
2508 3163 2568 3218 et
2600 3179 2969 3230 permanens,

347 3248 643 3323 adjuvans
677 3247 1001 3323 potentiam
1036 3247 1277 3305 vitalem
1309 3246 1383 3304 ad
1416 3246 1711 3322 agendum
1744 3249 1913 3304 actus
1935 3249 2438 3322 supernaturales,
2473 3253 2533 3306 et
2564 3259 2774 3308 tenens
2809 3268 2871 3307 se
2903 3268 2972 3308 ex

348 3339 520 3413 parte
555 3338 922 3413 potentiae.‘
987 3335 1067 3395 cf.
1100 3336 1154 3394 d.
1199 3345 1354 3407 1193
1389 3353 1435 3396 s,
1468 3335 1788 3394 Thomas
1830 3347 1878 3399 1.
1917 3345 1950 3397 2
1987 3357 2043 3412 q.
2082 3346 2178 3400 54.

534 3471 680 3526 203.
715 3463 923 3520 Plures
957 3463 1334 3538 quaestiones
1365 3464 1471 3520 hac
1502 3462 1804 3520 occasione
1837 3462 2070 3538 agitant
2098 3462 2391 3537 theologi:

534 3547 597 3614 l.
634 3552 794 3610 Num
827 3551 1068 3610 habitus
1100 3551 1287 3610 infusi
1318 3551 1461 3610 dent
1492 3555 1725 3627 praeter
1757 3569 1932 3626 posse
1968 3551 2143 3609 etiam
2179 3551 2206 3607 f
2214 3551 2503 3609 acilius
2544 3569 2733 3626 posse.
2798 3555 2973 3612 Affir-

350 3645 477 3698 mat
508 3640 907 3709 Valentia,
953 3645 1177 3718 negant
1207 3640 1578 3717 probabilius
1612 3640 1733 3701 alii.
1799 3640 1951 3697 Hinc
1983 3658 2101 3698 non
2135 3657 2366 3714 semper
2396 3639 2543 3697 dant
2574 3641 2737 3701 illam
2769 3643 2971 3718 proni-

346 3733 553 3799 tatem,
587 3730 1108 3789 delectabilitatem
1141 3730 1215 3787 ad
1246 3731 1466 3789 bonum
1488 3729 1871 3805 operandum,
1906 3733 1967 3786 et
1999 3729 2320 3787 consistere
2342 3733 2592 3802 possunt
2612 3732 2975 3806 experientia

345 3823 508 3877 teste
529 3837 665 3878 cum
690 3818 1040 3878 difficultate
1060 3826 1122 3877 et
1142 3818 1542 3896 repugnantia
1560 3837 1699 3895 erga
1718 3822 1888 3876 actus
1918 3817 2121 3887 bonos,
2156 3835 2309 3892 quae
2341 3817 2406 3874 in
2440 3817 2739 3879 habitibus
2771 3822 2971 3896 acqui-

346 3908 482 3966 sitis
513 3909 711 3966 locum
742 3927 862 3966 non
896 3909 1072 3967 habet
1105 3904 1187 3989 (n.
1228 3919 1367 3970 183.
1405 3903 1577 3989 210).

530 4032 599 4096 2.
648 4035 983 4104 Quaeritur,
1030 4054 1176 4092 num
1219 4035 1572 4109 repetitione
1618 4038 1863 4093 actuum
1895 4035 2248 4093 salutarium
2283 4052 2390 4092 seu
2422 4034 2973 4108 supernaturalium

346 4125 641 4200 gignatur
670 4124 914 4182 habitus
947 4123 1434 4200 supernaturalis.
1486 4124 1722 4199 Negant
1754 4125 2150 4182 communiter
2180 4123 2460 4200 theologi,
2494 4126 2624 4181 tum
2659 4123 2801 4197 quia
2838 4143 2973 4198 per-

348 4214 470 4271 iret
514 4213 838 4271 discrimen
883 4213 1042 4272 inter
1072 4213 1312 4271 habitus
1344 4212 1669 4288 acquisitos
1719 4217 1782 4271 et
1826 4214 2073 4286 infusos,
2123 4213 2227 4287 qui
2274 4212 2379 4270 uni
2415 4213 2535 4271 Deo
2581 4212 2971 4282 tribuuntur,

348 4305 481 4360 tum
528 4302 670 4377 quia
716 4302 955 4360 habitus
992 4301 1461 4377 supernaturalis
1513 4320 1575 4361 se
1628 4301 1806 4360 habet
1846 4322 1952 4378 per
1998 4302 2238 4360 modum
2286 4302 2618 4376 potentiae3
2669 4302 2972 4377 potentiae

349 4393 550 4449 autem
585 4391 819 4449 actibus
849 4410 967 4449 non
1000 4391 1410 4467 acquiruntur,
1447 4391 1547 4449 sed
1581 4391 1652 4448 ad
1686 4409 1785 4449 eos
1818 4393 2400 4467 praesupponuntur.

531 4497 595 4563 3.
629 4499 691 4559 Si
724 4499 1048 4573 quaeritur,
1095 4500 1253 4558 unde
1284 4518 1424 4574 ergo
1457 4498 1561 4556 illa
1591 4499 1865 4567 facilitas,
1913 4516 2064 4574 quae
2096 4498 2454 4573 repetitione
2486 4506 2729 4556 actuum
2762 4515 2969 4572 super-

349 4588 721 4647 naturalium
754 4587 1088 4662 acquiritur
1119 4588 1193 4646 ad
1226 4588 1364 4646 illos
1396 4587 1715 4655 iterandos,
1763 4605 1886 4645 non
1917 4606 2039 4645 una
2067 4590 2163 4645 est
2197 4586 2615 4662 theologorum
2648 4586 2970 4662 responsio.

351 4677 436 4735 Ea
464 4676 710 4736 videtur
740 4677 1064 4752 repetenda
1093 4696 1215 4735 non
1247 4677 1439 4735 solum
1486 4694 1554 4734 ex
1599 4679 1776 4734 aucto
1823 4676 2035 4735 habitu
2065 4676 2282 4748 inquO,
2329 4677 2500 4734 aucta
2531 4675 2724 4752 gratia
2752 4674 2972 4733 actuali

351 4769 415 4823 et
443 4767 776 4826 remotione
807 4766 1266 4836 obstaculorum,
1315 4765 1417 4823 sed
1461 4765 1642 4823 etiam
1678 4783 1748 4823 ex
1795 4784 1880 4835 eo,
1929 4767 2088 4842 quod
2120 4767 2251 4842 ipso
2283 4769 2524 4823 actuum
2557 4763 2833 4823 exercitio
2865 4782 2969 4838 po-
