3538 5364
589 281 720 347 674
1200 273 1384 327 Tract-
1411 273 1477 325 X.
1503 273 1572 326 de
1600 272 1717 327 Deo
1748 272 2234 327 Consummatore.
2262 272 2591 329 Corollaria.

587 462 816 520 sancta
848 454 1134 542 (spiritus
1165 454 1405 541 sancti)
1439 456 1505 518 in
1541 461 1757 520 mente
1789 456 2023 520 havete
2055 473 2283 519 omnes
2317 453 2544 520 fratres
2576 461 2851 518 nostros.
2886 493 2975 503 —
3004 452 3214 517 Petite

588 563 811 644 spirita
842 569 1089 637 sancta,
1122 568 1194 624 ut
1215 561 1630 626 Verecundus
1661 579 1809 626 cum
1841 561 1974 626 suis
2006 562 2173 626 bene
2207 561 2483 642 naviget.
2503 600 2590 609 -—
2612 558 2761 625 Otia
2790 562 2985 643 petite
3005 566 3072 625 et
3090 578 3210 642 pro

587 676 854 752 parente
887 675 953 735 et
982 688 1100 751 pro
1134 668 1435 733 fratribus
1466 670 1620 751 ejus,
1643 709 1731 718 —
1755 669 1995 734 Vibant
2024 688 2173 734 cum
2204 670 2396 733 bono.
2430 666 2629 734 Sante
2662 666 2853 733 Suste
2888 665 3094 753 (Sixte
3114 666 3212 752 ΙΙ.)

587 777 653 839 in
685 783 900 841 mente
931 775 1177 840 habeas
1209 777 1271 839 in
1304 777 1681 841 horationes
1714 777 1976 841 Aureliu
2007 777 2424 859 Repentinu‘

771 916 802 969 7
815 915 915 970 22.
946 899 1384 969 Corollaria.
1422 904 1481 970 l.
1546 907 1630 964 Ex
1675 906 1887 966 iisdem
1933 907 2269 967 rationibus
2314 905 2485 982 sequi
2518 904 2772 975 videtur,
2820 906 3060 962 sanctos
3103 922 3215 979 pro

589 996 895 1053 animabus
925 996 988 1053 in
1018 997 1357 1073 puryatom'o
1387 996 1626 1054 detentis
1655 996 2022 1055 intercedere
2053 1015 2261 1072 posse;
2297 994 2579 1071 quocirca
2608 994 2783 1053 etiam
2816 992 3079 1052 Ecclesia
3109 990 3215 1049 de·

589 1084 811 1143 functis
857 1084 1125 1159 requiem
1167 1084 1696 1154 ,intercedentibus
1742 1086 2021 1144 omnibus
2069 1084 2309 1144 sanctis‘
2355 1085 2724 1160 adprecatur.
2809 1083 2955 1141 Cum
3004 1084 3209 1139 tamen

588 1173 778 1232 sancti
807 1192 928 1231 non
959 1172 1083 1231 sint
1112 1173 1175 1231 in
1206 1175 1387 1244 statu,
1416 1173 1482 1231 in
1512 1193 1631 1249 quo
1662 1175 1901 1249 possint
1920 1174 2271 1245 satisfacere,
2302 1172 2718 1251 purgatorium
2750 1191 2888 1231 vero
2922 1170 3005 1229 sit
3036 1170 3204 1229 locus

579 1262 857 1337 justitiae
888 1265 950 1320 et
981 1262 1417 1334 satisfactionis,
1449 1281 1654 1322 eorum
1687 1263 2034 1323 intercessio
2061 1264 2261 1322 minus
2294 1262 2573 1338 prodesse
2604 1260 2841 1321 videtur
2871 1278 3054 1336 quam
3086 1258 3215 1317 suf-

588 1350 778 1428 fragia
807 1351 1092 1410 fidelium.
1157 1351 1238 1410 cf.
1270 1351 1550 1411 Petrus
1583 1371 1716 1411 ven.
1746 1353 1856 1414 loc.
1890 1372 1935 1416 c.
1968 1372 2103 1430 pag.
2138 1362 2263 1417 825
2300 1370 2345 1416 s,

764 1435 829 1505 2.
863 1440 1174 1498 Probabile
1206 1444 1317 1510 est,
1361 1442 1590 1499 animas
1635 1442 1701 1499 in
1745 1443 2092 1519 purgatorio
2127 1442 2400 1502 invocare
2432 1458 2604 1518 posse
2637 1442 2891 1507 sanctos,
2939 1437 3216 1513 quamvis

589 1549 792 1588 earum
822 1529 1118 1587 invocatio
1151 1548 1220 1587 ex
1252 1529 1482 1589 ratione
1514 1530 1698 1589 allata
1726 1532 1926 1591 minus
1961 1532 2043 1589 sit
2074 1531 2291 1590 efficax.
2357 1530 2440 1592 Cf.
2472 1529 2708 1588 Knoll
2739 1532 2771 1601 ἓ
2808 1537 2932 1591 773
2968 1544 3015 1589 s.

767 1613 834 1679 3.
872 1617 1042 1676 [laud
1059 1618 1452 1694 improbabile
1483 1623 1579 1677 est
1609 1622 1841 1679 animas
1870 1623 1933 1679 in
1954 1622 2307 1699 purgatorio
2338 1636 2446 1696 pro
2466 1617 2811 1678 viventibus
2842 1616 3210 1689 immaculet-e,

589 1707 841 1783 ideoque
871 1725 1044 1782 posse
1083 1709 1342 1765 invocari
1369 1703 1449 1789 ¹);
1496 1727 1699 1767 earum
1745 1712 1945 1769 tamen
1977 1709 2319 1770 intercessio
2352 1708 2578 1768 ratione
2610 1707 2815 1766 habita
2845 1708 3042 1764 status
3076 1722 3216 1779 poe-

589 1796 744 1855 nalis
776 1814 896 1855 non
926 1795 1014 1854 ita
1042 1795 1310 1872 proderit
1351 1816 1419 1856 ac
1459 1800 1802 1857 sanctorum
1834 1800 2043 1859 oratio.
2110 1799 2484 1876 Quapropter
2512 1796 2776 1856 Ecclesia
2805 1814 3007 1854 earum
3041 1793 3216 1852 invo-

588 1885 884 1944 cationem
914 1902 1109 1960 neque
1141 1884 1526 1957 commendat,
1558 1906 1753 1962 neque
1786 1889 1965 1947 etiam
1996 1888 2290 1965 reprobat.
2354 1886 2439 1944 Ex
2470 1888 2712 1962 patrum
2744 1884 2921 1943 dictis

764 1971 834 2036 4.
882 1974 1174 2050 sequitur,
1219 1977 1451 2034 sanctos
1497 1994 1617 2034 non
1663 1979 1901 2035 tantum
1946 1978 2011 2036 in
2056 1996 2273 2054 genere
2317 1994 2425 2053 pro
2470 1975 2641 2034 nobis
2671 1973 3055 2042 intercedere,
3110 1971 3212 2030 sed

589 2063 769 2122 etiam
801 2063 866 2121 in
899 2064 1096 2139 specie
1127 2081 1235 2139 pro
1267 2064 1534 2123 coetibus
1566 2067 1628 2123 et
1658 2066 1932 2141 personis
1965 2065 2371 2144 singularibus
2404 2064 2698 2139 certisque
2727 2062 3050 2123 beneficiis.

766 2147 834 2214 5.
870 2152 1155 2227 Sequitur
1185 2151 1574 2212 fundamento
1605 2173 1725 2213 non
1757 2174 1970 2227 carere,
2017 2156 2176 2231 quod
2222 2153 2495 2214 catholici
2540 2154 2640 2230 pie
2669 2156 2883 2212 tenent
2912 2153 2982 2209 de
3012 2169 3092 2209 ss.
3124 2158 3215 2208 tu·

590 2241 884 2301 telaribuS.
948 2240 1117 2299 Sicut
1160 2241 1319 2299 enim
1364 2242 1428 2300 in
1474 2261 1717 2318 corpore
1762 2263 1884 2303 non
1930 2244 2129 2304 omnia
2157 2243 2421 2303 membra
2451 2241 2706 2302 eundem
2741 2241 2961 2299 habent
2992 2243 3215 2309 actum,

588 2349 783 2406 neque
815 2330 881 2388 in
911 2329 1112 2406 aliquo
1144 2349 1328 2407 regno
1360 2349 1565 2391 omnes
1596 2332 1856 2392 ministri
1886 2335 2091 2394 eodem
2118 2333 2458 2410 funguntur
2474 2350 2737 2402 munere,
2771 2349 2965 2406 neque
2997 2332 3216 2387 natura

589 2419 814 2495 ubique
846 2418 1077 2477 easdem
1108 2420 1323 2478 exserit
1355 2420 1531 2492 vires,
1578 2440 1774 2498 neque
1806 2424 2032 2500 angelis
2064 2423 2342 2481 omnibus
2375 2420 2577 2479 eadem
2611 2423 2959 2497 competunt
2989 2418 3213 2476 officia:

587 2509 674 2566 ita
720 2508 944 2566 nemini
991 2508 1211 2567 mirum
1259 2509 1448 2568 videri
1497 2509 1691 2580 debet,
1758 2511 1811 2570 si
1861 2513 2021 2572 Deus
2073 2512 2345 2571 dividens
2394 2529 2642 2570 munera
2691 2529 2798 2568 sua
2847 2511 3033 2584 prout
3080 2506 3215 2565 vult

589 2593 674 2679 (l.
710 2598 832 2656 Cor.
872 2608 897 2659 1
915 2606 969 2667 2,
1005 2607 1043 2659 4
1077 2592 1199 2679 ss.)‚
1234 2599 1515 2674 specialia
1545 2600 1834 2675 quaedam
1865 2601 2149 2660 beneficia
2179 2620 2285 2678 per
2314 2600 2462 2659 alios
2493 2602 2672 2675 atque
2704 2598 2851 2657 alios
2882 2596 3033 2657 velit
3060 2596 3214 2656 elar-

587 2688 702 2765 giri
733 2689 997 2746 sanctos:
1032 2706 1213 2762 quam
1244 2688 1320 2748 ob
1350 2708 1475 2748 rem
1507 2691 1994 2767 superstitiosum
2039 2710 2160 2751 non
2205 2691 2338 2762 erit,
2388 2690 2440 2749 si
2487 2694 2798 2766 propterea
2826 2688 3030 2747 fideles
3064 2688 3213 2746 alios

587 2796 697 2853 pro
729 2775 864 2835 aliis
895 2776 1105 2853 gratiis
1135 2776 1415 2837 invocent
1446 2782 1699 2840 sanctos.
1761 2780 1853 2838 Ad
1902 2782 2043 2841 haec
2085 2785 2331 2857 propter
2374 2780 2684 2838 arctiorem
2726 2778 2984 2854 alicujus
3017 2778 3212 2837 sancti

588 2866 660 2924 ad
694 2869 882 2923 certas
916 2883 1218 2941 personae,
1247 2867 1475 2938 urbem,
1508 2868 1848 2927 societatem
1871 2873 1981 2934 etc.
2011 2870 2355 2929 relationem
2378 2868 2977 2945 conjunctionemque
2998 2868 3210 2925 merito

587 2954 955 3024 confidimus,
1002 2973 1140 3013 eum
1170 2955 1500 3031 impensius
1533 2956 1709 3014 etiam
1759 2978 1865 3034 pro
1912 2959 2003 3018 his
2049 2958 2430 3029 intercedere,
2478 2958 2619 3016 hinc
2650 2975 2760 3016 ceu
2800 2960 3209 3032 patronum

589 3043 901 3119 specialem
932 3062 1106 3118 posse
1136 3044 1416 3107 invocari.
1485 3045 1694 3115 ,Sicut
1738 3048 1899 3107 enim
1947 3049 2092 3107 dicit
2134 3047 2459 3124 Apostolus
2495 3043 2581 3129 (1.
2615 3046 2742 3107 Cor.
2783 3055 2881 3116 12,
2918 3044 3047 3125 30),
3094 3063 3211 3102 non

587 3151 788 3191 omnes
819 3131 1009 3190 sancti
1041 3131 1262 3192 habent
1292 3132 1446 3192 dona
1476 3135 1854 3195 curationum
1890 3183 1902 3197 .
1937 3182 1950 3195 .
1984 3182 2016 3208 .,
2049 3137 2136 3196 ita
2164 3156 2272 3196 nec
2302 3137 2367 3194 in
2397 3136 2677 3195 omnibus
2708 3135 3012 3194 memoriis
3045 3152 3212 3193 sanc·

588 3227 787 3279 torum
819 3220 935 3279 ista
965 3221 1094 3279 fieri
1125 3222 1320 3281 voluit
1351 3222 1473 3294 ille,
1507 3224 1614 3299 qui
1644 3225 1864 3285 dividit
1896 3226 2139 3303 propria
2168 3225 2493 3300 unicuique
2523 3229 2705 3302 prout
2734 3224 2988 3300 vult2).‘

765 3306 833 3373 6.
867 3309 1077 3385 Neque
1108 3330 1142 3369 a
1172 3311 1408 3371 ratione·
1430 3313 1693 3372 alienum
1726 3318 1821 3374 est
1852 3316 2012 3391 quod
2044 3315 2261 3375 statuit
2291 3332 2337 3376 s.
2371 3314 2691 3373 Thomas
2724 3314 3018 3390 supplem.
3052 3331 3109 3388 q.
3134 3321 3207 3375 ’72

589 3417 640 3458 a.
677 3407 709 3459 2
744 3397 819 3455 ad
855 3407 923 3460 2:
961 3399 1282 3468 ,Quamvis
1315 3402 1504 3460 sancti
1536 3403 1874 3480 superiores
1909 3405 2034 3463 sint
2065 3404 2252 3481 magis
2273 3404 2394 3463 Deo
2416 3404 2643 3480 accepti
2672 3422 2852 3478 quam
2883 3401 3210 3471 inferiores,

589 3487 739 3544 utile
771 3489 970 3546 tamen
1002 3491 1092 3547 est
1122 3489 1303 3548 etiam
1334 3491 1590 3550 minores
1623 3498 1855 3553 sanctos
1889 3494 2190 3552 interdum
2224 3512 2408 3563 orare,
2442 3495 2504 3551 et
2535 3492 2643 3551 hoc
2673 3495 2915 3569 propter
2946 3490 3213 3568 quinque

588 3575 882 3635 rationes:
931 3571 996 3639 l.
1044 3596 1115 3635 ex
1161 3578 1271 3638 hoc
1313 3580 1471 3654 quod
1518 3580 1877 3657 quandoque
1920 3582 2136 3658 aliquis
2181 3583 2363 3641 habet
2406 3583 2686 3657 majorem
2719 3581 3096 3641 devotionem
3140 3579 3211 3638 ad

588 3665 873 3724 minorem
908 3669 1180 3725 sanctum
1209 3687 1388 3743 quam
1435 3669 1508 3727 ad
1554 3674 1828 3730 sanctum
1868 3673 2180 3747 majorem:
2231 3691 2301 3731 ex
2350 3670 2664 3730 devotione
2713 3675 2915 3730 autem
2960 3670 3213 3728 maxime

589 3753 883 3830 dependet
911 3755 1196 3814 orationis
1241 3758 1516 3828 effectum
1563 3756 1629 3823 2.
1674 3765 1919 3836 propter
1963 3761 2271 3820 fastidium
2303 3759 2657 3831 tollendum,
2704 3761 2849 3836 quia
2893 3759 3212 3819 assiduitas

589 3842 771 3901 unius
803 3844 892 3902 rei
924 3843 1234 3904 fastidium
1251 3846 1440 3921 parit:
1474 3867 1580 3922 per
1601 3848 1710 3907 hoc
1727 3853 1929 3909 autem
1950 3851 2108 3926 quod
2128 3849 2397 3909 diversos
2417 3852 2651 3909 sanctos
2675 3868 2931 3920 oramus,
2953 3850 3132 3925 quasi
3152 3849 3213 3907 in

590 3932 848 4008 singulis
880 3951 1070 3991 novus
1102 3935 1296 3993 fervor
1326 3933 1662 3996 devotionis
1696 3939 2023 4011 excitatum
2069 3935 2132 4005 3.
2179 3938 2322 4014 quia
2352 3938 2714 4011 quibusdam
2747 3937 2970 3998 sanctis
3004 3938 3210 3998 datum

589 4023 682 4079 est
726 4021 790 4078 in
835 4020 1139 4095 aliquibus
1173 4023 1534 4098 specialibus
1568 4027 1761 4086 causis
1795 4029 2111 4105 praecipue
2141 4027 2501 4103 patrocinari
2537 4076 2551 4090 .
2585 4071 2600 4086 .
2632 4071 2647 4086 .
2694 4024 2763 4091 4.
2815 4031 2887 4086 ut
2933 4027 3212 4086 omnibus

589 4109 777 4168 honor
807 4109 1047 4168 debitus
1081 4112 1430 4171 exhibeatur
1460 4133 1493 4171 a
1525 4115 1733 4186 nobis3
1768 4114 1834 4179 ὅ.
1867 4119 2010 4193 quia
2029 4118 2294 4194 plurium
2315 4117 2686 4176 orationibus
2712 4116 3072 4192 quandoque
3105 4117 3213 4175 im·

589 4201 878 4273 petratur,
912 4199 1074 4275 quod
1105 4201 1282 4260 unius
1315 4202 1580 4262 oratione
1611 4221 1731 4263 non
1762 4206 2243 4283 impetraretur.‘
2279 4207 2489 4265 Merito
2520 4224 2661 4284 ergo
2694 4226 2728 4265 a
2761 4206 2892 4265 Pio
2914 4205 3015 4270 VI.
3036 4205 3213 4274 ,doc-

589 4287 749 4345 trina
797 4291 858 4347 et
907 4290 1292 4366 praescriptio
1345 4286 1474 4372 (70.
1522 4293 1734 4370 synodi
1779 4290 2185 4376 pistoriensis)
2232 4296 2559 4372 generatim
2606 4296 2928 4373 reprobans
2977 4314 3212 4354 omnem

813 4492 848 4555 ¹)
877 4489 958 4539 (Ἀ.
988 4487 1190 4541 ΟόΙιιει·
1217 4488 1555 4543 Pastoralbl.
1590 4498 1721 4547 1883
1750 4513 1806 4562 p.
1838 4500 1902 4549 13
1929 4511 1999 4546 ss.

809 4567 848 4634 ²)
879 4567 960 4618 Ita
989 4585 1030 4621 s.
1059 4570 1420 4638 Augustinus
1448 4587 1533 4640 ep.
1564 4574 1632 4628 78
1660 4590 1712 4628 n.
1741 4577 1791 4626 3.
1844 4572 1925 4627 Cf.
1956 4573 2104 4641 Ray
2124 4592 2205 4626 na
2229 4575 2319 4628 ud
2350 4574 2538 4628 Pietas
2578 4574 2843 4646 specialis
2869 4545 3005 4645 erga
3034 4593 3213 4630 unum

590 4645 841 4776 affligam}
870 4651 1129 4782 sanpgum
1157 4666 1291 4718 prae
1319 4650 1449 4703 aliis
1476 4654 1723 4720 purgata
1751 4656 1809 4706 et
1834 4669 1897 4706 ex
1926 4653 2043 4706 suis
2073 4653 2262 4707 titulis
2290 4655 2577 4709 illustrata
2604 4673 2735 4724 opp.
2762 4655 2908 4718 vlu,
2930 4659 3029 4712 41
3003 4681 3138 4712 ο-
3117 4660 3214 4711 94

589 4740 618 4776 e
721 4742 798 4794 ug
842 4742 944 4777 um
1081 4735 1112 4783 3
