3538 5364
1142 326 1294 380 iuter
1318 326 1613 398 episcopos
1640 331 1698 382 et
1721 329 2097 399 presbyteros.
2786 339 2913 404 531

296 511 369 570 et
401 507 468 575 b.
501 511 635 569 tam
667 506 797 570 late
827 512 1021 586 patet,
1054 524 1249 588 quam
1280 507 1422 588 ipsa
1453 506 1771 583 Ecclesia;
1803 508 1976 590 quod
2011 527 2074 577 c.
2106 516 2323 590 patres
2359 517 2689 592 tamquam
2723 511 2806 575 ad
2827 510 2918 575 es-

303 611 469 675 ficax
502 612 827 676 criterium
858 613 1319 678 discernendae
1351 632 1543 679 verae
1575 614 1913 679 doctrinae
1943 634 2263 698 veraeque
2282 615 2605 683 Ecclesiae
2639 617 2722 681 ab
2759 619 2917 682 hae-

302 719 654 783 reticorum
685 719 975 784 coetibus
1008 720 1091 783 ad
1123 739 1452 803 nunquam
1493 720 1917 802 interruptam
1963 723 2410 804 episcoporum
2442 725 2917 790 successionem

311 832 690 907 provocant,
722 832 796 889 ut
826 826 1221 890 ostendimus
1254 833 1295 891 t.
1328 826 1351 890 1
1384 846 1442 890 n.
1483 832 1622 897 121.
1657 833 1805 897 314.

487 973 856 1050 Quapropter
899 993 944 1033 s.
989 974 1124 1052 Ign
1143 975 1353 1034 atius
1398 975 1471 1034 ad
1502 975 1679 1034 Trall.
1712 995 1771 1034 n.
1808 986 1842 1040 3
1878 977 2114 1036 scribit:
2166 977 2419 1046 ,Cuncti
2449 977 2725 1036 similiter
2753 996 2916 1036 reve·

300 1066 552 1123 reantur
583 1063 858 1122 diaconos
888 1067 961 1122 ut
990 1064 1336 1122 mandatum
1367 1063 1423 1122 J.
1455 1064 1692 1134 Christi,
1726 1068 1790 1124 et
1818 1066 2159 1142 episcopum
2193 1069 2264 1124 ut
2293 1065 2350 1125 J.
2382 1066 2680 1126 Christum
2699 1067 2917 1125 Filium

302 1152 517 1222 Patris,
551 1155 612 1210 et
642 1153 1019 1229 presbyteros
1050 1158 1122 1211 ut
1154 1156 1426 1212 senatum
1458 1153 1566 1212 Dei
1596 1158 1658 1213 et
1689 1154 2012 1213 concilium
2043 1155 2475 1230 apostolorum:
2523 1156 2652 1213 sine
2682 1155 2776 1213 his
2808 1156 2917 1214 Ec·

297 1241 482 1300 clesia
512 1260 630 1300 non
663 1245 968 1305 vocatur.‘
1001 1276 1088 1285 —
1120 1242 1197 1300 Et
1228 1242 1664 1319 Cyprianus
1700 1262 1792 1319 ep.
1826 1254 1905 1307 69
1940 1263 1998 1302 n.
2034 1254 2104 1308 8:
2140 1244 2442 1312 ,Ecclesia
2473 1264 2507 1302 a
2537 1244 2769 1304 Christo
2800 1263 2920 1303 non

300 1330 546 1402 recedit,
593 1333 654 1389 et
698 1330 789 1387 illi
834 1335 975 1390 sunt
1007 1332 1283 1402 Ecclesia,
1318 1332 1487 1407 plebs
1520 1332 1813 1391 sacerdoti
1846 1332 2122 1405 adunata,
2155 1336 2216 1391 et
2246 1334 2472 1409 pastori
2504 1352 2612 1392 suo
2643 1353 2786 1411 grex
2817 1334 2918 1392 ad·
2956 1341 2963 1346 ’

302 1419 568 1477 haerenS.
631 1417 799 1477 Unde
832 1419 981 1478 scire
1013 1420 1208 1493 debes,
1256 1421 1598 1497 episcopum
1647 1422 1710 1479 in
1741 1422 2003 1480 Ecclesia
2047 1440 2192 1493 esse,
2240 1424 2301 1480 et
2344 1422 2668 1481 Ecclesiam
2699 1423 2764 1480 in
2794 1424 2920 1499 epi-

297 1527 492 1584 scop0,
541 1512 603 1566 et
648 1509 699 1566 si
746 1508 881 1583 quis
927 1527 1062 1568 cum
1109 1510 1382 1586 episcopo
1412 1528 1532 1568 non
1565 1509 1663 1580 sit,
1709 1510 1775 1568 in
1806 1510 2066 1569 Ecclesia
2095 1529 2215 1570 non
2245 1520 2435 1569 esse.‘
2500 1512 2604 1587 Ep.
2641 1520 2717 1574 27
2755 1531 2813 1572 n.
2854 1523 2918 1574 1:

305 1597 641 1666 ,Dominus
674 1597 763 1666 N„
799 1599 971 1674 cujus
1001 1600 1314 1674 praecepta
1344 1601 1405 1656 et
1433 1598 1659 1657 monita
1680 1600 1990 1659 observare
2010 1600 2312 1669 debemus,
2348 1600 2605 1676 episcopi
2640 1601 2919 1660 honorem
3108 1555 3401 1706 dm

297 1689 366 1744 et
397 1686 690 1745 Ecclesiae
722 1704 861 1745 suae
894 1687 1185 1745 rationem
1218 1687 1542 1763 disponens
1573 1687 1636 1746 in
1657 1688 1981 1765 Evangelio
2001 1689 2274 1763 loquitur
2303 1692 2365 1747 et
2395 1688 2541 1748 dicit
2560 1690 2764 1749 Petro:
2797 1690 2921 1767 Eyo
2956 1628 3072 1752 αθ

296 1776 429 1834 dico
461 1776 581 1852 tibi,
616 1778 755 1853 quia
788 1782 851 1833 tu
880 1795 940 1834 es
959 1751 1165 1835 Petrus
1195 1780 1302 1838 etc.
1336 1776 1570 1853 (Matth.
1599 1787 1695 1849 16,
1736 1774 1861 1858 18).
1908 1776 2054 1836 Inde
2087 1797 2193 1854 per
2224 1782 2561 1854 temporum
2592 1783 2654 1837 et
2686 1796 2921 1838 succes-

303 1865 544 1923 sionum
578 1864 733 1923 vices
764 1864 1174 1941 episcoporum
1208 1865 1502 1924 ordinatio
1533 1868 1595 1924 et
1614 1865 1906 1925 Ecclesiae
1936 1867 2089 1926 ratio
2120 1867 2398 1936 decurrit,
2431 1870 2503 1926 ut
2531 1867 2789 1926 Ecclesia
2819 1887 2919 1927 su·

304 1973 412 2030 per
456 1953 764 2030 episcopos
805 1953 1224 2025 constituatur,
1271 1957 1332 2012 et
1376 1955 1570 2013 omnis
1615 1957 1786 2014 actus
1820 1955 2112 2015 Ecclesiae
2144 1974 2251 2032 per
2282 1956 2517 2014 eosdem
2551 1957 2919 2033 praepositos

302 2042 697 2120 gubernetur.
763 2042 908 2100 Cum
940 2043 1141 2118 itaque
1173 2044 1283 2101 hoc
1313 2042 1519 2102 divina
1551 2044 1681 2125 lege
1713 2044 2030 2103 fundatum
2064 2045 2145 2102 sit
2174 2047 2326 2108 eta«
2386 2045 2476 2103 Ita
2506 2045 2728 2120 passim
2760 2046 2921 2105 alibi.

483 2164 546 2233 2.
579 2162 836 2227 Nullum
871 2163 1190 2244 assignari
1221 2170 1436 2245 potest
1467 2164 1824 2240 concilium,
1846 2163 2020 2246 quod
2040 2164 2379 2246 episcopos
2400 2165 2776 2230 instituerit:
2810 2183 2922 2229 eo-

303 2288 449 2333 rum
483 2269 796 2335 institutio
831 2277 1206 2335 constanter
1237 2276 1577 2336 revocatur
1608 2270 1691 2333 ad
1726 2270 2072 2352 apostoloS,
2107 2269 2217 2352 qui
2248 2270 2421 2334 illam
2441 2270 2670 2335 iterum
2693 2272 2759 2335 in
2779 2271 2921 2354 Spi-

301 2377 496 2440 ritum
527 2397 575 2440 s.
610 2383 675 2441 et
706 2376 1027 2442 Christum
1058 2378 1405 2442 refundunt
1434 2377 1574 2442 Act.
1607 2380 1711 2455 20,
1745 2385 1863 2453 28;
1897 2378 2123 2460 Ephes.
2156 2382 2216 2455 4,
2253 2383 2353 2446 11.

483 2505 548 2569 3.
585 2501 929 2569 Praeterea
961 2504 1406 2584 episcoporum
1437 2504 1764 2584 proprium
1812 2508 1911 2567 est
1956 2501 2256 2567 ordinare
2289 2502 2453 2566 alios
2486 2503 2826 2585 episcopos
2858 2510 2924 2568 et

298 2608 732 2692 presbyteros
767 2615 831 2674 et
863 2609 1119 2693 quidem
1150 2610 1275 2673 hoc
1307 2610 1395 2673 ita
1426 2609 1753 2691 proprium
1788 2615 1908 2685 est,
1958 2615 2032 2671 ut
2080 2608 2254 2672 nullo
2300 2608 2365 2672 in
2413 2626 2567 2672 casu
2602 2607 2781 2686 alius,
2815 2611 2923 2694 qui

300 2734 437 2780 non
466 2718 549 2782 sit
579 2718 933 2800 episcopua
980 2717 1189 2782 valide
1232 2717 1438 2799 possit
1482 2717 1781 2781 ordinare
1815 2714 1916 2803 (cs.
1950 2716 2108 2781 thes.
2142 2718 2318 2802 seq.).
2374 2712 2575 2798 ‘Atqui
2606 2716 2922 2797 ejusmodi

299 2830 694 2905 potestatem
729 2843 859 2889 non
890 2823 1134 2889 habent
1164 2823 1246 2887 ab
1279 2824 1578 2899 Ecclesia,
1626 2824 1910 2906 alioquin
1956 2820 2241 2886 Ecclesia
2291 2840 2436 2887 eam
2471 2822 2609 2886 aliis
2644 2823 2921 2889 tribuere

299 2937 553 3011 posset:
587 2949 739 3012 ergo
774 2949 816 2994 a
846 2930 1013 3006 Deo;
1046 2930 1314 3012 proinde
1348 2936 1498 2994 sunt
1529 2930 1948 2994 institutionis
1980 2929 2250 2999 divinae.

484 3078 632 3144 560.
666 3074 1215 3142 Demonstrati«)
1249 3093 1316 3158 p.
1347 3073 1473 3140 IV.
1539 3071 2012 3137 Praestantiam
2059 3072 2506 3154 episcoporum
2554 3088 2708 3152 prae
2740 3091 2921 3153 pres-

300 3180 543 3263 byteris
576 3180 816 3262 pariter
846 3197 988 3244 esse
1015 3179 1174 3261 juris
1205 3179 1469 3243 divini
1518 3179 1716 3266 (quod
1760 3179 2019 3262 quidem
2064 3179 2403 3243 concilium
2435 3178 2685 3243 trident.
2718 3178 2923 3242 noluit

299 3287 598 3368 explicite
661 3286 969 3374 definire),
1030 3285 1343 3368 probatur
1398 3288 1455 3355 1.
1506 3305 1584 3351 ex
1634 3286 1840 3350 dictis.
1903 3285 2022 3349 Vel
2082 3286 2252 3350 enim
2301 3283 2591 3349 Christus
2650 3285 2923 3350 instituit

297 3394 639 3475 episcopos
673 3392 1067 3475 presbyteris
1100 3393 1404 3475 aequales
1455 3393 1556 3457 vel
1606 3393 1995 3475 inaequales.
2059 3389 2127 3455 Si
2159 3392 2480 3473 aequaleS‚
2526 3397 2702 3455 certe
2747 3390 2923 3456 nulla

295 3508 401 3565 est
433 3500 808 3578 differentia,
841 3519 1049 3583 neque
1074 3501 1210 3582 jam
1242 3500 1366 3564 dici
1396 3507 1666 3581 possunt
1712 3499 1796 3564 ab
1843 3499 1964 3563 illis
2008 3497 2326 3577 distingui,
2374 3514 2541 3579 quae
2573 3504 2791 3562 tamen
2823 3498 2919 3561 di-

296 3608 559 3672 stinctio
593 3614 692 3673 est
725 3607 1124 3672 admittenda
1156 3608 1241 3693 (n.
1274 3608 1463 3693 557);
1497 3607 1552 3669 si
1584 3606 1974 3688 inaequaleS,
2006 3622 2119 3669 eos
2152 3604 2423 3668 instituit
2454 3603 2555 3667 vel
2590 3603 2919 3669 inferiores

297 3714 400 3779 vel
432 3713 954 3795 praestantiores.
1016 3712 1145 3778 Sed
1176 3712 1327 3777 illud
1360 3720 1458 3778 est
1490 3712 1868 3776 inauditum.
1914 3712 2077 3793 Ergo
2104 3712 2246 3793 jure
2278 3710 2493 3775 divino
2525 3711 2918 3791 praecellunt

299 3819 732 3901 presbyteros.
766 3820 950 3900 Quod
971 3820 1387 3885 confirmatur
1404 3823 1469 3889 2.
1491 3838 1572 3884 ex
1594 3837 1673 3883 ea
1694 3819 2169 3901 praerogativa,
2199 3818 2279 3882 de
2308 3835 2439 3899 qua
2466 3835 2616 3880 mox
2634 3819 2718 3902 (n.
2741 3819 2916 3903 562),

295 3926 474 4008 quod
507 3925 635 3989 scil.
671 3928 791 3991 soli
825 3928 1074 4010 possint
1105 3928 1264 3992 alios
1297 3928 1630 4003 ordinare3
1664 3927 1731 3995 3.
1769 3945 1848 3989 ex
1880 3925 2296 3990 damnatione
2326 3923 2380 3987 A
2400 3922 2569 3999 ‘ex-ii,
2602 3922 2710 4004 qui
2740 3929 2916 3987 certo

295 4051 431 4097 non
462 4033 724 4114 negavit
756 4034 1094 4116 episcopos
1128 4034 1298 4097 sacto
1331 4033 1718 4115 presbyteris
1764 4050 1908 4097 esse
1953 4032 2334 4114 superioreS,
2380 4029 2493 4093 sed
2536 4029 2697 4109 jure,
2744 4029 2917 4109 quod

297 4140 547 4204 scilicet
579 4147 852 4221 putaret,
886 4158 1111 4205 omnes
1143 4140 1398 4204 Christo
1433 4148 1698 4205 auctore
1730 4158 1877 4205 esse
1907 4139 2229 4221 aequales.
2293 4136 2501 4216 Quam
2548 4136 2913 4218 opinionem

295 4245 811 4327 Epiphanius
844 4247 1016 4312 haer.
1057 4252 1139 4316 75
1176 4247 1275 4333 (cs.
1310 4267 1368 4311 n.
1405 4250 1560 4335 562)
1596 4247 1832 4328 dogma
1863 4252 2053 4311 vocat
2084 4262 2297 4326 ‚supra
2328 4221 2622 4318 hominis
2653 4249 2915 4324 captum

299 4352 608 4416 furiosum
641 4361 704 4417 et
725 4354 1022 4430 immane,
1055 4353 1422 4419 stoliditatis
1442 4354 1917 4435 plenissimum.⁶
1952 4352 2111 4416 Hinc
2141 4352 2209 4418 4.
2244 4351 2438 4415 etiam
2459 4348 2701 4414 nullum
2724 4349 2914 4414 vesti-

297 4460 471 4540 gium
504 4460 818 4540 reperitur
849 4461 1389 4535 murmurationiS,
1422 4459 1963 4536 contradictioniS‚
1995 4456 2361 4523 rebellionis
2392 4456 2914 4538 presbyterorum

295 4566 609 4631 adversus
642 4568 980 4649 episcopos
1014 4567 1097 4632 ob
1131 4569 1364 4632 horum
1412 4573 1482 4629 ut
1527 4567 1785 4646 fingitur
1834 4565 2318 4647 usurpationem
2350 4565 2687 4646 potestatis
2720 4582 2914 4645 supra

301 4674 491 4754 ipsos.
555 4673 833 4757 Ideoque
863 4675 899 4740 J
911 4694 1224 4739 oannes
1256 4674 1440 4738 XXII.
1474 4692 1643 4738 anno
1684 4676 1850 4743 1327
1888 4672 2220 4736 damnavit
2251 4671 2597 4735 Marsilii
2629 4670 2913 4751 patavini

295 4780 662 4845 doctrinam
695 4783 783 4866 (n.
813 4784 917 4869 4):
957 4781 1179 4861 ‚Quod
1213 4799 1438 4845 omnes
1467 4781 1840 4863 sacerdotes
1859 4780 1994 4845 sive
2014 4780 2097 4843 sit
2115 4797 2302 4860 papa,
2326 4780 2461 4844 sive
2479 4778 2912 4858 archiepisco-

2488 4883 2579 4938 34·
