3538 5364
1250 251 1642 305 Eucharistiae
1669 249 2038 320 praestantia.
2826 256 2953 321 289

331 434 398 497 in
431 452 653 515 expos.
687 432 773 496 lit.
809 434 1028 515 gallic,
1060 431 1462 498 confectione
1495 433 1784 515 corporis
1818 438 1882 498 et
1908 431 2235 512 sanguinis
2251 431 2523 496 Christi?
2554 431 2792 514 etquid
2812 432 2955 514 plus

331 541 738 605 immundum
774 542 1019 626 (quam)
1054 558 1249 605 canes
1283 546 1348 604 et
1376 540 1556 622 porci
1589 540 1650 625 (i.
1686 560 1737 603 e.
1773 539 2060 603 nondum
2092 538 2505 624 baptizati)·?‹

514 687 673 746 Hinc
717 691 916 763 patres
959 688 1024 746 in
1071 688 1197 747 suis
1244 687 1630 758 sermonibus,
1677 706 1813 747 cum
1863 687 2149 746 orationis
2196 692 2507 748 contextus
2554 689 2733 764 hujus
2765 706 2955 747 sacra-

335 777 524 835 menti
555 778 822 854 exigeret
851 778 1233 848 mentionem,
1281 777 1517 837 silentio
1561 778 1758 853 ipsum
1790 777 2295 853 praetermittunt,
2342 778 2438 836 vel
2484 776 2680 836 obiter
2720 780 2958 837 tantum

336 866 667 943 attingunt,
702 866 861 941 quod
883 867 1033 925 illud
1054 869 1299 926 noscant
1317 866 1559 937 initiati,
1593 867 1690 925 vel
1722 865 1972 925 obscure
2003 870 2064 926 et
2096 868 2270 943 plane
2289 867 2677 944 aenigmatice
2698 867 2957 941 loquun-

336 962 455 1014 tur.
518 955 895 1014 Praeclarum
941 957 1272 1031 exemplum
1315 955 1498 1014 habes
1530 954 1690 1032 apud
1721 955 2287 1015 Theodoretnm
2318 956 2384 1014 in
2415 955 2551 1014 dial.
2590 965 2623 1018 2
2663 951 2747 1039 (p.
2786 952 2956 1036 125),

338 1044 437 1102 cui
468 1044 845 1103 adversarius
876 1046 1269 1120 eutychianus
1302 1063 1470 1104 suam
1514 1064 1584 1104 ex
1629 1045 1985 1103 eucharistia
2015 1045 2237 1104 nititur
2267 1044 2515 1123 probare
2545 1045 2836 1105 haeresim
2867 1045 2957 1103 di-

339 1152 503 1192 cens:
541 1174 567 1202 ,
583 1134 929 1209 Opportune
963 1133 1034 1193 de
1066 1133 1287 1192 divinis
1308 1133 1604 1209 mysteriis
1624 1134 1890 1192 intulisti
1910 1153 2253 1193 sermonem.
2295 1134 2449 1193 Nam
2468 1133 2607 1193 inde
2627 1134 2740 1193 tibi
2762 1138 2957 1193 osten-

339 1222 494 1291 dam,
528 1240 742 1298 corpus
764 1223 1001 1282 Domini
1031 1223 1094 1282 in
1125 1223 1302 1281 aliam
1333 1223 1552 1282 mutari
1573 1227 1868 1287 naturam.
1916 1223 2220 1299 Responde
2251 1224 2441 1301 igitur
2471 1222 2545 1282 ad
2578 1242 2737 1283 meas
2769 1224 2957 1282 inter-

338 1312 694 1388 rogationes.
757 1311 1001 1375 Orthod.
1035 1311 1439 1388 Respondebo,
1489 1312 1554 1372 E.
1589 1311 1745 1381 Quid
1778 1313 2043 1389 appellas
2075 1313 2316 1383 donum,
2349 1312 2511 1387 quod
2543 1313 2791 1372 offertur
2821 1318 2958 1372 ante

341 1399 663 1458 sacerdotis
683 1401 1160 1461 invocationem?
1208 1400 1272 1460 O.
1304 1402 1522 1476 Aperte
1555 1401 1872 1461 dicendum
1902 1419 2023 1461 non
2054 1406 2164 1472 est,
2197 1401 2522 1461 verisimile
2541 1402 2699 1461 enim
2732 1406 2827 1462 est
2856 1403 2958 1461 ad-

338 1508 469 1549 esse
502 1489 731 1565 aliquos
764 1491 1064 1566 mysteriis
1096 1509 1215 1549 non
1245 1490 1533 1550 initiatos.
1583 1491 1646 1555 Ε.
1696 1490 2149 1567 Respondeatur
2179 1491 2583 1568 aenigmatice.
2635 1490 2699 1550 Ο.
2746 1491 2956 1550 Cibum

339 1598 410 1636 ex
444 1578 666 1637 talibus
700 1579 1085 1638 seminibus}
1118 1612 1206 1623 —
1238 1579 1638 1639 Praeclariora
1668 1579 1820 1640 forte
1854 1582 2014 1651 sunt,
2048 1598 2199 1655 quae
2233 1579 2441 1640 scribit
2470 1580 2959 1657 Epiphanius

339 1670 406 1724 in
438 1669 651 1726 Ancor.
685 1687 742 1726 n.
768 1679 880 1731 57:
917 1709 943 1737 ,
963 1668 1238 1728 Videmus
1272 1669 1430 1728 enim
1451 1668 1813 1731 Salvator-em
1844 1669 2045 1746 ipsum
2073 1688 2286 1746 panem
2317 1670 2381 1728 in
2412 1688 2622 1728 manus
2642 1670 2957 1746 accepisse,

341 1761 416 1815 nt
446 1757 511 1815 in
542 1757 864 1834 Evangelio
896 1758 1135 1835 legitur,
1185 1758 1345 1833 quod
1378 1778 1411 1816 a
1443 1776 1621 1817 coena
1652 1777 1905 1836 surgens
1938 1759 2082 1817 haec
2112 1758 2407 1834 acceperit
2436 1761 2498 1817 et
2526 1759 2750 1835 gratias
2782 1778 2960 1836 agens

343 1845 589 1904 dixerit:
637 1846 760 1905 Hoc
791 1866 975 1905 meum
1005 1854 1087 1907 est
1117 1849 1238 1920 hoc,
1286 1854 1459 1910 τοῦτό
1493 1869 1608 1932 μου
1641 1844 1764 1912 ἐστὶ
1796 1847 1945 1911 τόδε.
2006 1848 2195 1923 Atqui
2224 1847 2496 1906 videmus
2529 1848 2773 1924 aequale
2803 1848 2959 1907 illud

343 1953 467 1993 non
511 1954 636 1994 esse
680 1953 788 1994 nec
832 1936 1041 2007 simile,
1087 1954 1207 1995 non
1254 1940 1565 2013 susceptae
1604 1937 1798 1996 carnis
1830 1936 2096 2014 imagini,
2141 1955 2263 1996 non
2309 1936 2599 1995 invisibili
2631 1936 2954 2008 divinitati,

343 2041 466 2082 non
496 2024 895 2084 membrorum
927 2025 1301 2084 lineamentis
1332 2044 1397 2084 ac
1430 2026 1606 2089 notis.
1666 2025 1825 2085 Illud
1870 2026 2029 2085 enim
2071 2025 2400 2085 rotundum
2443 2029 2537 2085 est
2581 2028 2642 2084 et
2686 2026 2846 2102 qnod
2886 2027 2959 2086 ad

345 2113 468 2171 vim
502 2114 736 2184 attinet,
783 2133 994 2173 sensns
1033 2133 1272 2191 expers3
1316 2119 1377 2173 et
1420 2114 1809 2174 nihilominus
1842 2134 1911 2174 ex
1942 2115 2135 2192 gratia
2164 2114 2556 2191 pronunciare
2587 2116 2814 2174 voluit:
2858 2116 2961 2175 hoc

349 2220 534 2260 meum
577 2210 658 2261 est
701 2203 819 2261 hoc.
882 2204 958 2262 Et
1001 2222 1173 2262 nemo
1218 2223 1338 2263 non
1384 2203 1573 2263 credit
1605 2203 1880 2275 sermoni,
1927 2223 2066 2264 nam
2098 2204 2202 2280 qui
2233 2221 2442 2262 verum
2473 2203 2650 2263 illum
2681 2223 2808 2264 esse
2838 2224 2960 2264 non

348 2292 556 2362 credit,
607 2293 692 2351 ita
735 2297 806 2351 ut
849 2292 1012 2363 dicit,
1060 2312 1094 2351 a
1139 2293 1332 2369 gratia
1363 2297 1424 2351 et
1455 2292 1648 2352 salute
1679 2311 1921 2369 prorsus
1954 2292 2230 2355 excidit.‘
2293 2292 2370 2350 Et
2400 2293 2555 2355 haer.
2590 2302 2671 2356 42
2707 2293 2809 2358 ref.
2846 2305 2957 2357 61:

352 2382 706 2457 ,Accipiens
738 2381 877 2439 haec
909 2386 972 2440 et
1003 2382 1108 2440 illa
1140 2381 1318 2440 dixit:
1367 2382 1493 2442 Hoc
1536 2386 1630 2441 est
1661 2383 1803 2441 haec
1834 2385 1896 2441 et
1926 2382 2089 2440 ina<
2155 2382 2342 2439 Tanta
2372 2385 2571 2440 autem
2607 2382 2965 2454 sollicitud0,

349 2490 468 2546 qua
512 2472 620 2529 hoc
665 2474 1099 2530 sacramentum
1144 2471 1608 2543 custodiebatur,
1657 2471 1964 2531 conciliari
1996 2470 2210 2546 nequit
2241 2489 2374 2529 cum
2399 2471 2607 2547 jejuna
2638 2489 2965 2531 sacramen-

346 2560 638 2618 tariorum
670 2560 964 2635 opinione.
1027 2560 1105 2620 Of.
1140 2560 1480 2636 Perpetuite
1513 2560 1584 2620 de
1617 2561 1675 2618 la
1705 2560 1787 2619 foi
1818 2560 1873 2618 11
1907 2561 1946 2618 l.
1982 2568 2017 2622 3
2054 2578 2100 2622 c.
2137 2569 2205 2629 93
2240 2559 2327 2617 111
2360 2559 2397 2619 l.
2436 2568 2470 2621 3
2505 2578 2552 2617 c.
2591 2570 2643 2621 7.

529 2703 677 2768 326.
709 2700 778 2766 4.
812 2698 1247 2763 Eucharistiae
1292 2700 1760 2781 praestantiam
1810 2698 2046 2763 evincit
2088 2699 2606 2779 comparatio
2647 2716 2792 2761 cum
2829 2698 2968 2761 aliis

349 2807 789 2882 sacramentis,
836 2824 1031 2888 quam
1076 2806 1348 2870 instituit
1395 2827 1443 2869 s,
1476 2806 1828 2870 Thomas
1864 2813 1921 2870 23.
1954 2825 2012 2888 p.
2047 2826 2104 2888 q.
2139 2811 2225 2874 65
2259 2823 2314 2869 a.
2351 2810 2409 2880 3,
2465 2805 2673 2887 ,quod
2706 2804 2964 2887 quidem

351 2912 680 2993 tripliciter
711 2920 1011 2995 apparet:
1044 2914 1304 2995 primo
1337 2913 1592 2995 quidem
1628 2932 1705 2977 ex
1739 2931 1835 2987 e0,
1874 2912 2044 2995 quod
2077 2913 2144 2976 in
2176 2931 2254 2977 eo
2287 2912 2683 2976 continetur:
2715 2929 2867 2974 nam
2904 2912 2969 2974 in

350 3026 758 3085 sacramento
793 3020 1217 3085 eucharistiae
1251 3020 1616 3085 continetur
1650 3019 1785 3102 ipse
1820 3017 2115 3083 Christus
2149 3019 2682 3083 substantialiter:
2733 3019 2798 3082 in
2830 3018 2968 3081 aliis

351 3132 569 3191 autem
602 3127 1026 3193 sacramentis
1059 3129 1422 3192 continetur
1454 3128 1773 3210 quaedam
1814 3127 2016 3191 virtus
2049 3126 2554 3191 instrumentalis
2587 3124 2969 3207 participata

351 3251 392 3295 a
424 3231 676 3297 Christo
711 3284 724 3296 .
759 3284 771 3296 .
806 3284 818 3296 .
868 3232 964 3299 Se
984 3253 1076 3298 cu
1096 3234 1251 3299 ndo
1297 3235 1421 3299 hoc
1467 3241 1735 3315 apparet
1782 3252 1863 3298 ex
1913 3233 2135 3298 ordine
2167 3239 2721 3297 sacramentorum
2754 3231 2837 3294 ad
2868 3233 2967 3295 in-

350 3340 587 3403 vicem:
620 3359 772 3404 nam
805 3341 1023 3405 omnia
1055 3340 1182 3404 alia
1212 3347 1623 3404 sacramenta
1655 3339 1934 3403 ordinari
1967 3338 2262 3403 videntur
2309 3337 2391 3400 ad
2442 3338 2568 3401 hoc
2601 3353 2971 3402 sacramen-

352 3596 485 3649 fidei
509 3596 584 3650 ad
612 3596 871 3651 veritatis
896 3596 1440 3651 demonstrationem
1469 3593 1562 3647 hic
1589 3593 1907 3648 necessario
1933 3594 2339 3664 apponendum
2369 3611 2503 3648 esse.
2556 3591 2661 3645 Sed
2690 3609 2819 3643 cuni
2848 3590 2970 3658 qui-

350 3675 483 3730 dam
508 3693 578 3731 ex
603 3676 804 3732 amicis
829 3676 942 3731 viri
967 3676 1052 3747 pii
1078 3679 1136 3730 et
1160 3677 1364 3729 harum
1392 3692 1581 3728 rerum
1608 3673 1820 3728 notitia
1846 3673 2095 3745 praediti
2121 3675 2432 3728 suasissent
2460 3672 2616 3735 mihi,
2663 3673 2730 3724 ut
2754 3687 2820 3724 ea
2847 3670 2972 3738 qui-

350 3755 495 3820 dem,
522 3773 670 3824 quae
690 3773 724 3809 a
745 3756 880 3812 solis
904 3756 1151 3811 initiatis
1172 3759 1230 3810 et
1250 3756 1639 3810 sacerdotibus
1660 3755 1776 3809 dici
1796 3755 2102 3824 audirique
2123 3756 2208 3808 fas
2230 3757 2331 3820 est,
2352 3753 2581 3808 silentio
2602 3751 2969 3812 involverem,

349 3852 548 3889 eorum
574 3837 880 3892 consilium
907 3837 1163 3908 probavi.
1193 3836 1418 3906 Quippe
1448 3834 1768 3890 verosimile
1791 3838 1877 3889 est
1901 3835 2179 3902 quosdam
2205 3831 2575 3888 sacramentis
2591 3830 2722 3885 fidei
2743 3832 2970 3884 nostrae

349 3916 590 3970 minime
615 3916 876 3972 initiatos
903 3919 1058 3972 hunc
1084 3919 1292 3972 librum
1321 3917 1570 3971 lecturos
1596 3932 1729 3973 esse.
1783 3916 1997 3970 Verum
2038 3915 2338 3969 occultatis
2362 3930 2396 3966 a
2421 3930 2511 3967 me
2539 3915 2823 3982 quantum
2850 3910 2972 3964 fieri

351 3996 548 4066 potuit
569 3998 810 4063 arcanis,
838 4015 984 4068 quae
1010 3999 1301 4053 reticenda
1328 4000 1465 4051 sunt
1489 4000 1626 4050 etc.“
1657 3996 1714 4050 Si
1739 3999 1799 4056 ss.
1824 3996 2086 4065 inquiras
2110 3996 2173 4049 in
2198 3996 2373 4064 hujus
2406 3992 2743 4063 disciplinae
2769 3991 2973 4044 funda·

349 4081 564 4142 menta,
590 4082 779 4150 patres
804 4097 861 4138 a.
891 4080 1006 4133 fere
1034 4079 1331 4134 unanimes
1356 4078 1532 4141 illam,
1560 4077 1608 4131 si
1635 4095 1749 4132 non
1772 4080 2152 4148 praeceptam,
2178 4076 2532 4130 insinuatam
2553 4074 2750 4128 saltem
2773 4071 2973 4126 vident

349 4158 540 4212 verbis
566 4160 779 4215 Christi
806 4160 1010 4214 Matth.
1039 4165 1088 4224 7,
1116 4168 1148 4217 6
1165 4180 1179 4220 z
1218 4161 1290 4216 cf.
1318 4161 1378 4213 et
1407 4167 1449 4214 1.
1481 4158 1604 4213 Cor.
1635 4165 1684 4220 3,
1710 4165 1775 4216 2:
1818 4161 2135 4229 provocant
2172 4160 2233 4213 b.
2275 4156 2347 4208 ad
2376 4155 2632 4225 ipsorum
2659 4152 2969 4223 gentilium

350 4238 595 4306 praxim,
621 4256 795 4311 penes
820 4259 963 4309 quos
1006 4239 1320 4309 „mysteriis
1360 4239 1582 4294 silentii
1618 4239 1757 4292 fides
1797 4237 2068 4291 debetur⁴⁶
2101 4237 2165 4309 (T
2182 4253 2255 4290 er
2271 4236 2419 4290 tull
2439 4235 2506 4288 ia
2524 4252 2561 4286 n
2580 4253 2617 4288 u
2636 4252 2659 4287 s
2685 4233 2839 4303 apol.
2866 4250 2910 4286 c.
2938 4235 2973 4288 7

352 4337 409 4372 n.
434 4324 558 4392 34);
585 4321 658 4375 ob
683 4322 876 4376 oculos
902 4325 1130 4392 ponunt
1155 4341 1210 4382 e.
1236 4321 1412 4390 hujus
1437 4319 1778 4389 disciplinae
1819 4317 2151 4381 utilitatem,
2192 4318 2315 4371 tum
2359 4319 2426 4370 ut
2464 4314 2735 4382 mysteria
2774 4331 2807 4366 a
2848 4329 2973 4382 pro-

352 4401 647 4456 fanatione
675 4401 1040 4456 vindicentur
1068 4402 1508 4470 venerandaque
1548 4400 1894 4458 reddantur:
1935 4403 2058 4452 tum
2088 4402 2155 4452 ut
2180 4397 2718 4450 catechumenorum
2745 4393 2974 4447 animus

352 4482 426 4535 ad
450 4480 556 4536 illa
582 4482 852 4536 discenda
879 4483 1159 4537 excitetur
1186 4485 1243 4537 et
1267 4481 1545 4537 audiendi
1570 4480 1859 4550 cupiditas
1884 4481 2142 4533 acuatur.
2193 4477 2299 4550 (Cf.
2346 4478 2394 4529 A
2410 4495 2447 4530 ιι
2466 4495 2504 4545 g
2521 4494 2557 4529 u
2576 4474 2677 4528 sti
2694 4475 2770 4528 ni
2806 4491 2970 4528 serm.

359 4569 459 4618 132
484 4581 539 4617 n.
575 4567 638 4634 l).
691 4562 841 4616 Haec
870 4563 1177 4635 disciplina
1204 4566 1258 4620 ἵ.
1286 4563 1348 4616 in
1374 4562 1605 4617 Oriente
1645 4562 1716 4614 ad
1758 4561 1930 4615 finem
1957 4576 2138 4628 usque
2167 4558 2342 4612 seculi
2373 4557 2453 4620 V..
2480 4574 2537 4609 in
2569 4555 2873 4609 Occidente
2899 4554 2971 4607 ad

353 4643 607 4698 medium
634 4644 783 4700 circa
809 4662 915 4699 sec.
947 4646 1036 4698 VI.
1079 4644 1308 4698 videtur
1349 4644 1597 4698 durasse.
1650 4643 1734 4697 Cf.
1772 4642 1807 4695 S
1825 4661 1852 4695 c
1870 4643 1905 4694 h
1925 4658 1953 4693 e
1970 4643 1991 4696 l
2008 4642 2249 4695 strate
2288 4638 2351 4690 in
2378 4636 2509 4691 diss.
2537 4636 2687 4705 apol.
2715 4634 2783 4687 de
2810 4633 2977 4686 disci-

354 4725 511 4794 plina
536 4723 749 4781 arcani.

566 4825 608 4872 13
624 4839 652 4871 u
670 4839 694 4870 r
708 4829 732 4872 t
746 4839 771 4871 e
786 4840 810 4871 r
826 4857 839 4880 ‚
880 4825 1130 4883 Compend.
1169 4824 1433 4879 theologiae
1471 4823 1556 4880 111,
1600 4823 1678 4868 11.
1717 4821 1793 4866 ed.
2586 4811 2649 4859 19
