3538 5364
767 293 964 347 'rhesis
992 293 1219 347 CCLlII.
1249 293 1527 347 Ecclesiae
1556 297 1805 363 potestas
1832 290 2179 346 concedendi
2206 290 2613 360 indulgentiae.
2862 299 2992 363 503

377 478 541 539 veris
570 496 758 558 super
789 483 1046 552 terram,
1078 477 1194 538 erit
1223 473 1490 537 solutum
1524 481 1579 536 ec
1613 475 1680 536 in
1712 473 1928 539 coelis:
1991 472 2223 554 quibus
2258 470 2468 535 verbis
2499 491 2563 539 a.
2601 469 2995 553 amplissima

380 583 703 648 confertur
733 582 925 647 Petro
958 588 1245 663 potestas
1291 580 1622 644 relaxandi
1669 579 2001 661 quodlibet
2045 578 2385 652 vinculum,
2435 579 2608 660 quod
2640 579 2994 659 ingressum

381 690 444 751 in
476 689 725 753 coelum
747 688 1068 770 impediat.
1102 687 1271 752 Inter
1291 687 1453 750 haec
1473 685 1730 748 vincula
1761 686 1833 752 b.
1864 685 2008 766 jure
2029 686 2258 748 merito
2282 684 2549 749 refertur
2568 685 2762 748 etiam
2783 704 2996 766 poena

380 796 750 878 temporalis
783 801 931 876 post
963 795 1291 858 dimissam
1326 794 1580 874 culpam
1602 792 2011 858 exsolvenda.
2045 790 2258 871 Quare
2292 811 2354 859 c.
2393 809 2472 855 ea
2490 799 2779 873 potestas
2801 793 2993 856 etiam

381 903 462 966 ad
497 903 621 966 hoc
651 901 971 966 vinculum
1003 900 1285 981 legitima
1318 917 1397 963 ex
1431 916 1631 962 causa
1663 898 2086 963 relaxandum
2119 899 2474 979 porrigitur.
2526 896 2697 963 Sane
2731 900 2799 970 d.
2832 900 2885 961 si
2918 917 2997 962 ea

381 1009 543 1073 solvi
573 1014 788 1091 potest
818 1016 1038 1073 reatus
1071 1007 1298 1088 culpae
1331 1007 1540 1086 gravis
1574 1023 1951 1088 poenaeque
1986 1012 2305 1081 aeternae,
2339 1005 2589 1069 videtur
2619 1023 2995 1078 consonum,

381 1135 460 1181 ea
491 1117 651 1180 solvi
683 1116 876 1180 etiam
908 1134 1099 1196 posse
1125 1115 1301 1196 justa
1346 1114 1426 1178 de
1472 1130 1671 1177 causa
1716 1119 1969 1177 reatum
2021 1131 2271 1193 poenae
2306 1113 2695 1194 temporalis
2757 1114 2995 1179 Verum

381 1244 443 1291 e.
477 1224 641 1286 sicut
671 1224 861 1304 culpa
908 1239 1246 1304 poenaque
1298 1228 1564 1286 aeterna
1613 1221 1843 1283 dimitti
1893 1221 2114 1302 nequit
2163 1220 2300 1283 sine
2335 1220 2762 1301 applicatione
2808 1221 2995 1283 satis-

379 1331 729 1393 factionum
763 1328 1010 1405 Christi,
1044 1328 1276 1411 quibus
1309 1346 1425 1409 pro
1460 1328 1569 1390 illa
1598 1325 1999 1390 satisfactum
2022 1334 2119 1391 est
2138 1326 2392 1391 divinae
2405 1327 2724 1408 justitiae:
2758 1328 2846 1390 ita
2866 1346 2996 1390 non

379 1437 615 1518 poterit
645 1436 923 1501 relaxari
968 1453 1178 1517 poena
1225 1435 1597 1515 temporalis
1643 1434 1898 1497 divinae
1924 1433 2210 1514 justitiae
2243 1433 2476 1509 debita,
2524 1432 2645 1497 nisi
2677 1452 2849 1497 nova
2881 1452 2996 1515 ap-

379 1540 724 1624 plicatione
754 1541 1284 1618 satisfactionum,
1317 1560 1482 1623 quae
1516 1542 1985 1605 substituantur
2016 1541 2212 1606 veluti
2243 1541 2802 1617 satisfactionibus,
2835 1561 2997 1625 quas

379 1650 576 1713 homo
608 1655 941 1730 praestare
972 1649 1311 1714 debuisset.
1376 1648 1619 1713 Poterit
1651 1667 1806 1729 ergo
1854 1648 2137 1730 pontifex
2186 1667 2299 1730 per
2344 1649 2558 1713 claves
2604 1667 2775 1713 nova
2806 1650 2996 1714 satis-

377 1756 726 1819 factionum
779 1756 1082 1821 thesauro
1120 1754 1440 1819 Ecclesiae
1485 1763 1935 1819 contentarum
1987 1755 2414 1836 applicatione
2456 1756 2631 1836 justa
2674 1756 2754 1821 de
2800 1774 3000 1819 causa

378 1880 628 1944 poenae
661 1862 1033 1944 temporalis
1066 1863 1356 1926 relaxare
1388 1862 1691 1939 debitum,
1725 1869 1790 1926 et
1809 1862 1960 1945 quia
1982 1862 2062 1925 ad
2083 1864 2208 1925 hoc
2227 1880 2357 1925 non
2380 1869 2477 1926 est
2498 1881 2660 1944 opus
2682 1861 2998 1928 infusione

378 1970 639 2049 gratiae,
672 1969 963 2034 relaxare
994 1969 1232 2050 poterit
1264 1968 1415 2032 illud
1452 1975 1633 2032 extra
1665 1977 2160 2033 sacramentum.

556 2117 765 2192 Neque
812 2116 1059 2184 dicatur,
1090 2129 1362 2192 ‘regnum
1408 2115 1703 2174 coelorum
1751 2091 1848 2172 hic
1891 2114 2207 2191 designare
2253 2115 2571 2173 Ecclesiam
2618 2136 2739 2174 non
2784 2116 2998 2175 trium·

381 2206 677 2280 phantem‚
726 2204 828 2264 sed
875 2204 1254 2274 militantem,
1302 2205 1366 2262 in
1397 2204 1574 2262 terris
1607 2205 1937 2280 degentem,
1984 2222 2119 2262 cum
2153 2205 2334 2278 hujus
2368 2205 2558 2264 claves
2592 2206 2805 2264 Petrus
2838 2224 2996 2265 acce·

383 2295 555 2369 perit,
602 2314 722 2353 non
768 2294 958 2352 illius:
1008 2293 1212 2368 itaque
1257 2297 1673 2370 argumentum
1720 2312 1839 2351 non
1886 2293 2096 2352 valere.
2165 2294 2334 2368 Resp.
2383 2294 2656 2368 quamvis
2688 2296 2899 2354 Petrus
2938 2303 2999 2352 et

380 2385 439 2441 in
462 2384 636 2442 Petro
670 2384 799 2458 ejus
833 2400 1199 2441 successores
1230 2382 1567 2458 acceperint
1599 2383 1794 2440 claves
1826 2382 1866 2445 i.
1899 2401 1946 2440 e.
1977 2382 2300 2457 primatum
2326 2382 2764 2456 jurisdictionis
2798 2383 2860 2441 in
2892 2384 2997 2442 Ec-

378 2473 616 2531 clesiam
656 2472 1034 2538 militantem,
1082 2491 1218 2530 eum
1265 2475 1620 2547 acceperunt
1663 2471 1724 2528 in
1771 2471 1979 2529 ordine
2024 2471 2097 2528 ad
2143 2471 2464 2530 Ecclesiam
2509 2472 2997 2548 triumphantem,

379 2562 507 2622 scil.
542 2565 613 2620 ut
642 2562 972 2637 perducant
1002 2560 1207 2620 fideles
1239 2560 1310 2618 ad
1346 2560 1509 2619 illam
1543 2578 1649 2619 seu
1682 2561 1752 2618 ad
1785 2579 2037 2637 regnum
2068 2561 2384 2630 coelorum,
2433 2561 2594 2635 quod
2638 2561 2700 2619 in
2743 2562 3001 2620 Ecclesia

379 2650 590 2726 incipit
620 2649 862 2727 quidem
897 2650 1055 2709 sicut
1083 2649 1212 2709 vita
1241 2657 1483 2709 aeterna
1513 2669 1618 2726 per
1648 2649 1919 2727 gratiam,
1966 2649 2308 2725 perficietur
2338 2668 2478 2709 vero
2523 2654 2584 2709 et
2628 2668 2999 2710 consumma·

376 2742 545 2799 bitur
573 2759 679 2817 per
708 2739 959 2817 gloriam
993 2740 1056 2797 in
1088 2740 1349 2798 Ecclesia
1367 2739 1795 2816 triumphante.
1844 2739 2057 2798 Merito
2087 2758 2228 2816 ergo
2248 2739 2504 2798 infertur
2536 2758 2605 2798 ex
2638 2741 3001 2816 amplissima

376 2830 631 2889 clavium
665 2833 978 2905 potestate,
1013 2848 1142 2886 eam
1173 2829 1378 2887 referri
1412 2829 1486 2887 ad
1519 2847 1692 2887 omne
1725 2829 2050 2897 vinculum,
2093 2828 2252 2903 quod
2286 2829 2536 2905 gloriam
2571 2829 2840 2906 impedit,
2875 2829 2998 2888 sive

375 2920 439 2978 id
473 2919 555 2977 sit
586 2922 892 2995 peccatum
925 2918 1050 2976 sive
1082 2937 1287 2993 poena.

556 3041 619 3110 2.
652 3038 972 3103 Probatur
1018 3059 1096 3104 ex
1142 3039 1169 3102 f
1178 3046 1365 3103 acto
1399 3040 1581 3103 Pauli
1615 3048 1671 3109 2.
1709 3040 1854 3104 Cor.
1890 3046 1949 3116 2,
1982 3047 2021 3110 6
2057 3061 2140 3105 ss,
2211 3040 2382 3107 Sane
2414 3063 2479 3110 a.
2515 3041 2863 3123 Apostolus
2896 3060 2999 3106 re-

375 3147 617 3211 laxavit
646 3165 762 3210 seu
794 3146 1054 3210 donavit
1090 3148 1343 3231 (graece
1377 3148 1493 3230 ἐγὼ
1527 3151 1559 3213 ὃ
1592 3148 1990 3236 κεχάρισμαι)
2025 3149 2350 3229 peccatori
2372 3149 2740 3212 incestuoso
2775 3148 2998 3228 poeni-

380 3253 539 3318 tenti
570 3261 820 3335 partem
852 3253 1286 3333 poenitentiae
1320 3253 1668 3317 admodum
1703 3254 1933 3334 graviS,
1986 3272 2178 3336 quam
2211 3255 2280 3324 b.
2314 3254 2719 3320 incestuosus
2753 3255 2854 3319 ille
2887 3255 2998 3319 de-

377 3360 577 3425 bebat
606 3359 672 3423 in
705 3359 844 3423 foro
877 3359 1092 3423 divino
1127 3360 1208 3424 ad
1239 3360 1760 3425 satisfaciendum
1808 3360 2061 3424 divinae
2100 3361 2386 3441 justitiae
2431 3380 2548 3442 pro
2597 3362 3000 3443 impetranda

375 3469 583 3543 venia,
617 3473 689 3530 ut
719 3467 1033 3545 colligitur
1064 3485 1143 3530 ex
1180 3472 1233 3534 1.
1268 3464 1408 3529 Cor.
1444 3470 1502 3542 5,
1537 3471 1578 3534 3
1612 3487 1694 3530 sa
1730 3465 1864 3549 1390
1896 3467 2143 3551 quidem
2178 3474 2395 3531 absens
2414 3489 2687 3553 corpore,
2698 3489 3001 3552 praesens

378 3580 586 3639 autem
619 3576 871 3657 spiritu.
898 3573 1344 3654 jamjudicari
1378 3585 1441 3635 ut
1465 3594 1772 3656 praesens
1796 3594 1955 3656 eum,
1977 3575 2083 3657 qui
2103 3576 2190 3637 sie
2207 3582 2503 3659 operatus
2519 3582 2635 3639 est:
2668 3578 2731 3638 in
2756 3578 2999 3639 nomine

375 3681 461 3745 D.
501 3682 576 3745 N.
610 3681 671 3744 J.
707 3680 956 3762 Christi,
1001 3680 1383 3761 eonqreyatis
1415 3680 1580 3743 vobis
1611 3686 1669 3742 et
1703 3700 1835 3742 meo
1870 3682 2121 3764 spiritu,
2167 3702 2305 3745 cum
2340 3683 2563 3745 virtute
2597 3682 2676 3744 D.
2710 3681 2788 3747 N.
2821 3682 2999 3765 Jesu,

377 3789 631 3852 tradere
661 3787 1022 3870 hujusmodi
1052 3792 1318 3850 satanae
1351 3788 1418 3848 in
1450 3787 1774 3849 interitum
1808 3789 2042 3869 carnis,
2074 3794 2144 3849 ut
2164 3789 2430 3871 spiritus
2448 3791 2661 3852 salvus
2691 3790 2770 3850 sit
2804 3791 2869 3850 in
2901 3790 3000 3851 die

379 3895 458 3958 D.
494 3894 573 3958 Ν.
605 3893 669 3962 J.
706 3893 953 3957 Christi.
1015 3892 1191 3955 Illam
1240 3911 1394 3956 vero
1446 3912 1507 3961 c.
1561 3892 1896 3974 apostolus
1946 3892 2256 3959 relaxavit
2312 3896 2375 3958 in
2410 3914 2684 3977 persona
2745 3896 3000 3975 Christi,

379 4008 452 4065 ut
483 4001 769 4064 minister
802 3998 1033 4063 Christi
1067 4019 1181 4080 pro
1204 3998 1455 4063 Christo
1489 3998 1810 4079 legatione
1845 3999 2130 4081 fungens,
2163 4002 2313 4065 hinc
2347 4019 2427 4065 ea
2457 4008 2779 4082 potestate
2811 4021 2998 4083 prae-

381 4108 565 4183 ditus,
597 4108 777 4188 cujus
810 4108 1131 4171 sententia
1160 4112 1305 4169 rata
1336 4107 1611 4171 habetur
1644 4125 1683 4170 a
1716 4107 1867 4171 Deo.
1932 4108 2029 4171 Ad
2082 4128 2215 4173 rem
2263 4109 2558 4171 Ambro
2580 4109 2886 4173 siaster
2934 4111 2998 4173 in

382 4218 437 4279 2.
471 4212 613 4278 Cor.
648 4220 706 4290 2,
747 4220 856 4282 lo:
928 4213 1039 4286 ,Et
1084 4220 1154 4276 ut
1198 4220 1408 4277 ratum
1456 4215 1530 4289 ei,
1581 4215 1683 4277 cui
1716 4215 1999 4291 donavit,
2033 4215 2402 4280 ostenderet
2433 4216 2604 4297 apud
2637 4216 2855 4291 Deum,
2889 4218 2998 4294 ait,

379 4322 447 4382 in
461 4341 735 4404 persona
758 4321 991 4385 Chr-isti
1023 4340 1093 4385 se
1132 4322 1428 4395 donasse,
1462 4323 1634 4404 quod
1657 4323 1945 4399 donavit,
1967 4323 2025 4385 h.
2050 4340 2101 4386 e.
2126 4330 2391 4404 accepto
2416 4324 2635 4387 tulisse
2657 4324 2997 4399 Christum,

382 4427 561 4508 cujus
592 4427 910 4507 legatione
961 4426 1359 4507 fungebatur,
1412 4435 1482 4491 ut
1531 4428 1771 4492 sactum
1826 4428 2101 4509 apostoli
2152 4429 2389 4492 sactum
2441 4430 2522 4493 sit
2555 4429 2803 4507 Christi,
2836 4433 3000 4496 sicut

380 4534 567 4598 dixit:
629 4534 1041 4618 Quaecunque
1090 4536 1392 4597 solveritis
1442 4541 1618 4609 etc.,‘
1679 4553 1871 4617 quem
1919 4536 2204 4618 sequitur
2234 4535 2541 4599 Rabanus
2575 4536 2902 4601 Maurus
2935 4546 2998 4601 et

380 4640 743 4705 Herveus
776 4641 839 4704 in
873 4642 931 4704 h.
964 4642 1020 4715 l.,
1067 4642 1176 4724 qui
1221 4640 1373 4705 illud
1420 4642 1501 4717 ,in
1549 4660 1828 4723 persona
1862 4640 2112 4705 Christi‘
2161 4643 2251 4705 ita
2283 4642 2588 4724 explicat:
2644 4645 2715 4717 ,i.
2749 4662 2801 4708 e.
2835 4662 2913 4706 ac
2946 4646 2998 4707 si

380 4748 516 4829 ipse
550 4747 838 4811 Christus
871 4749 956 4811 illi
988 4749 1453 4822 condonarem<
1496 4755 1560 4812 et
1594 4750 1855 4813 iterum:
1910 4750 2083 4823 „vice
2117 4748 2366 4823 Christi,
2414 4750 2520 4832 qui
2555 4752 2673 4813 ait:
2720 4752 2998 4827 Quorum
