3538 5364
1233 295 1312 348 De
1343 313 1530 350 amore
1561 296 1662 350 Dei
1691 314 1757 349 ex
1787 299 1907 352 toto
1935 298 2119 353 corde.
2846 308 2969 369 451

355 504 409 544 a.
454 495 501 552 1,
538 486 853 541 moventur
884 482 1292 541 vehementius
1323 483 1396 539 ab
1430 483 1676 558 objectis
1708 483 1990 558 propriis,
2038 502 2216 557 quam
2264 502 2331 541 ex
2370 482 2767 542 redundantia
2799 503 2974 560 supe-

360 572 587 631 riorum
635 572 885 630 virium:
931 575 993 629 et
1035 571 1167 630 ideo
1213 574 1438 646 quanto
1483 571 1746 648 operatio
1782 572 2156 647 superiorum
2187 571 2405 630 virium
2452 576 2544 630 est
2588 573 2980 649 propinquior

360 662 608 737 objectis
638 660 1006 729 inferiorum,
1040 663 1208 719 tanto
1240 661 1428 738 magis
1451 663 1790 736 sequuntur
1808 680 2012 719 eorum
2044 664 2301 720 motum:
2337 663 2397 718 et
2429 661 2557 719 ideo
2590 663 2777 737 major
2808 663 2978 721 dolor

359 756 454 809 est
487 752 551 809 in
583 750 871 808 sensitiva
902 752 1068 824 parte
1101 767 1166 807 ex
1202 750 1457 807 laesione
1492 749 1780 819 sensibili,
1816 769 1993 824 quam
2027 750 2107 808 sit
2138 750 2256 821 ille,
2301 750 2405 825 qui
2439 751 2500 808 in
2533 751 2724 826 ipsam
2757 752 2975 810 redun-

362 841 465 898 dat
496 859 564 897 ex
597 839 857 908 ratione;
903 838 1178 896 similiter
1210 839 1412 914 major,
1463 839 1569 914 qui
1599 838 1894 897 redundat
1925 857 1992 897 ex
2026 839 2255 897 ratione
2287 839 2358 898 de
2391 840 2795 914 corporalibus
2830 841 2976 899 deli-

361 931 621 999 berante,
670 947 849 1003 quam
895 927 1000 1002 qui
1047 928 1340 986 redundat
1385 946 1452 986 ex
1491 928 1719 986 ratione
1752 927 2164 987 considerante
2197 928 2553 1004 spiritualia.
2618 929 2783 988 Unde
2815 928 2981 989 dolor

363 1020 424 1076 in
457 1017 738 1077 sensitiva
768 1020 935 1092 parte
967 1035 1036 1074 ex
1068 1016 1445 1092 displicentia
1477 1017 1724 1075 rationis
1752 1018 2105 1092 proveniens
2137 1017 2210 1075 de
2245 1021 2481 1093 peccato
2513 1035 2634 1076 non
2666 1022 2759 1076 est
2790 1019 2978 1094 major

359 1108 529 1165 dolor
558 1107 692 1166 aliis
726 1106 1051 1176 doloribuS,
1098 1106 1201 1181 qui
1247 1105 1312 1165 in
1358 1107 1487 1182 ipsa
1519 1109 1692 1172 sunt3
1741 1110 1804 1164 et
1848 1106 2124 1165 similiter
2153 1125 2262 1165 nec
2292 1107 2474 1176 dolor,
2511 1108 2616 1182 qui
2648 1113 2739 1166 est
2767 1109 2977 1166 volun-

363 1197 513 1254 tarie
560 1198 922 1272 assumptus,
978 1195 1117 1270 quia
1162 1213 1281 1253 non
1329 1195 1532 1254 obedit
1577 1195 1823 1254 affectus
1875 1194 2120 1254 inferior
2165 1195 2455 1273 superiori
2503 1196 2575 1254 ad
2623 1200 2858 1264 nutum,
2912 1200 2982 1255 ut

362 1290 533 1344 tanta
566 1291 626 1343 et
658 1286 798 1343 talis
830 1284 1024 1360 passio
1059 1287 1344 1360 sequatur
1376 1285 1437 1343 in
1471 1284 1737 1343 inferiori
1771 1285 2063 1360 appetitu.
2113 1285 2348 1360 qualem
2381 1285 2621 1344 ordinat
2652 1286 2978 1361 superior.‘

363 1374 752 1443 Quamobrem
788 1374 914 1431 fieri
949 1376 1143 1451 potest
1189 1388 1252 1435 a.
1299 1375 1370 1432 ut
1413 1392 1574 1432 amor
1620 1373 1699 1432 sit
1743 1373 2131 1449 appretiative
2165 1392 2451 1444 summus,
2505 1376 2566 1432 et
2613 1378 2814 1433 tamen
2861 1393 2980 1434 non

361 1465 520 1522 adsit
550 1463 806 1522 intensio
841 1462 1172 1532 sensibilis;
1214 1460 1280 1527 b.
1312 1465 1383 1520 ut
1417 1462 1633 1537 aliquis
1665 1481 1829 1520 amor
1864 1463 1966 1520 Dei
2001 1463 2079 1520 sit
2110 1462 2424 1521 admodum
2458 1463 2731 1522 intensus
2766 1459 2980 1546 (sensi-

363 1554 503 1611 bilis
536 1552 814 1611 nimirum
850 1571 918 1610 ex
951 1552 1287 1610 vehementi
1320 1552 1597 1610 concione
1631 1547 1925 1632 obortus),
1974 1552 2121 1627 quin
2154 1553 2235 1610 sit
2265 1552 2653 1628 appretiative
2685 1572 2979 1622 summus;

363 1657 427 1706 (3.
465 1647 536 1701 ut
566 1642 830 1700 homines
863 1642 1050 1719 magis
1083 1640 1419 1699 afficiantur
1451 1646 1512 1700 et
1558 1641 1887 1699 secundum
1920 1641 2191 1699 affectum
2227 1640 2565 1700 sensibilem
2600 1642 2791 1718 magis
2824 1660 2980 1700 com·

364 1735 715 1790 moveantur
745 1749 940 1789 amore
973 1749 1168 1788 rerum
1203 1733 1534 1788 creatarum
1565 1748 1887 1805 earumque
1919 1729 2230 1788 amissione
2264 1748 2439 1804 quam
2474 1749 2671 1789 amore
2694 1725 2797 1790 Dei
2827 1732 2982 1806 ejus-

365 1839 482 1895 que
513 1821 747 1887 offensa,
779 1822 841 1878 et
872 1824 1071 1878 tamen
1093 1819 1277 1878 Deum
1301 1838 1483 1894 super
1503 1818 1702 1878 omnia
1720 1819 2113 1894 appretiative
2138 1823 2354 1877 ament.
2403 1819 2593 1888 Quare
2626 1817 2693 1883 d.
2725 1820 2981 1878 intensio

367 1909 670 1967 sensibilis
705 1907 878 1966 fallax
911 1912 1003 1967 est
1035 1909 1359 1977 criterium,
1407 1927 1525 1982 quo
1571 1908 1643 1967 de
1690 1907 2032 1966 sinceritate
2065 1909 2189 1967 veri
2221 1909 2435 1966 amoris
2468 1913 2526 1966 et
2572 1909 2792 1967 doloris
2817 1907 2981 1984 judi-

363 2002 550 2059 cetur.
613 1998 821 2072 Neque
854 2013 918 2060 e.
953 1998 1206 2056 intensio
1239 1996 1538 2055 sensibilis
1573 2001 1666 2055 est
1696 2000 2028 2073 praecepta,
2076 2015 2206 2055 cum
2239 1997 2592 2072 plerumque
2636 2016 2754 2056 non
2801 1998 2879 2056 sit
2924 1998 2983 2055 in

366 2091 567 2145 nostra
597 2090 908 2162 potestate,
961 2092 1023 2145 et
1067 2087 1335 2162 quamvis
1371 2086 1624 2145 subinde
1657 2085 1764 2144 Dei
1812 2086 1891 2143 sit
1936 2086 2177 2155 donum,
2227 2105 2400 2161 saepe
2444 2090 2643 2146 tamen
2689 2086 2908 2162 pendet
2952 2107 2986 2144 a

362 2177 624 2235 naturali
657 2176 912 2234 hominis
947 2175 1354 2251 dispositione.
1380 2209 1465 2220 —
1487 2177 1762 2235 Ceterum
1796 2175 1869 2233 ad
1902 2175 2214 2234 solvendas
2242 2174 2621 2233 difficultates
2653 2176 2985 2251 distingua-

366 2269 470 2324 tur
515 2265 784 2325 remissio
830 2264 1036 2341 culpae
1080 2285 1114 2322 a
1161 2265 1507 2323 remissione
1553 2265 1761 2340 culpae
1807 2267 1867 2323 et
1912 2264 2100 2324 totius
2146 2283 2365 2339 poenae
2398 2264 2574 2322 etiam
2610 2264 2985 2339 temporalis;

365 2356 511 2413 item
533 2354 780 2430 simplex
802 2355 1008 2429 culpae
1028 2354 1295 2412 remissio
1326 2374 1361 2412 a
1391 2354 1794 2423 conversione,
1829 2373 1979 2428 quae
2012 2355 2092 2412 sit
2121 2353 2353 2412 stabilis
2384 2353 2678 2428 deinceps,
2713 2355 2987 2410 constans

363 2444 652 2503 adversus
683 2443 1062 2512 tentationes,
1096 2443 1168 2501 ad
1203 2443 1376 2501 finem
1411 2461 1601 2518 usque
1636 2461 2039 2518 perseverans.
2104 2442 2195 2501 Ad
2228 2442 2396 2512 hanc,
2441 2460 2561 2500 non
2605 2441 2679 2500 ad
2712 2442 2984 2516 priorem,

366 2532 698 2592 necessaria
716 2532 832 2590 dici
855 2533 1075 2607 poterit
1094 2532 1372 2590 contritio
1395 2550 1515 2591 non
1540 2532 1860 2607 quaelibet,
1895 2532 1996 2591 sed
2018 2533 2249 2590 intensa
2275 2536 2336 2590 et
2365 2529 2606 2590 fervida.
2654 2531 2734 2588 cf.
2756 2531 2895 2589 Mic
2912 2531 2987 2588 hl

369 2623 430 2680 in
462 2622 710 2681 discuss.
744 2621 922 2680 theol.
957 2632 993 2684 4
1029 2621 1099 2680 de
1130 2624 1314 2680 contr.
1347 2624 1409 2680 et
1439 2623 1625 2685 attrit.

546 2765 692 2828 466.
730 2758 991 2821 Frustra
1035 2776 1192 2821 vero
1240 2764 1616 2838 prowm-ant,
1665 2757 1774 2840 qui
1819 2757 2077 2837 exigunt
2125 2762 2374 2820 certum
2423 2757 2745 2840 quendam
2778 2757 2986 2820 inten-

363 2868 564 2930 sionis
616 2866 884 2946 gradum
936 2866 999 2927 in
1049 2865 1451 2938 contritione,
1504 2864 1585 2927 ad
1639 2863 1994 2929 dilectionis
2045 2869 2466 2945 praeceptum
2517 2863 2694 2928 Dent
2743 2871 2801 2941 6,
2835 2870 2878 2931 4
2923 2871 2988 2931 et

363 2972 588 3037 Matth.
624 2979 726 3048 22,
762 2977 863 3046 37,
898 2989 1025 3052 quo
1058 2970 1449 3052 praecipitur
1496 2977 1566 3032 ut
1599 2969 1801 3033 Deum
1844 2969 2180 3050 diligamus
2227 2987 2305 3033 ex
2338 2976 2460 3031 toto
2492 2971 2703 3047 corde,
2749 2990 2828 3036 ex
2859 2979 2986 3035 tota

365 3080 604 3154 anima,
653 3098 732 3143 ex
780 3086 908 3144 tota
957 3078 1207 3152 virtute,
1255 3096 1332 3141 ex
1381 3077 1665 3140 omnibus
1696 3076 1975 3152 viribus;
2023 3077 2157 3140 sive
2204 3076 2285 3140 ad
2316 3076 2512 3142 Joelis
2544 3078 2744 3143 verba
2776 3083 2834 3155 2,
2878 3084 2985 3147 12;

369 3186 812 3249 Convertimini
844 3187 930 3250 ad
961 3208 1052 3250 me
1085 3188 1148 3248 in
1182 3192 1305 3247 toto
1338 3186 1522 3248 corde
1555 3191 1774 3267 vestro,
1810 3186 1875 3246 in
1889 3184 2158 3265 jejuniis
2178 3191 2232 3247 et
2263 3186 2330 3246 in
2358 3185 2510 3266 fletu
2542 3192 2597 3247 et
2629 3187 2696 3248 in
2722 3186 2986 3269 planctu

365 3302 485 3358 etc.
520 3293 706 3358 Hisce
740 3294 908 3358 enim
943 3312 1071 3356 non
1104 3292 1497 3373 significatur
1529 3291 1730 3357 Deum
1780 3309 1921 3355 esse
1967 3290 2355 3371 diligendum
2401 3291 2697 3355 omnibus
2748 3292 2987 3357 viribus

369 3401 802 3475 intensive,
838 3418 967 3482 quo
1001 3418 1195 3464 sensu
1226 3405 1643 3480 praeceptum
1694 3404 1866 3463 esset
1910 3398 2009 3463 vel
2056 3398 2463 3479 impossibile,
2511 3399 2610 3463 vel
2660 3399 2891 3463 durum
2925 3407 2987 3465 et

367 3507 628 3571 occasio
663 3507 1012 3572 innumeris
1046 3504 1508 3570 anxietatibus:
1561 3505 1672 3569 sed
1708 3505 2037 3569 extensive
2089 3525 2203 3570 seu
2253 3506 2845 3588 appretiative:
2897 3508 2988 3571 ita

365 3614 520 3689 scil„
553 3620 623 3677 ut
657 3614 827 3677 Deus
859 3612 1261 3695 praeferatur
1293 3612 1590 3676 omnibus
1612 3610 1952 3693 nullusque
1972 3630 2158 3675 amor
2178 3611 2569 3677 deliberatus
2592 3613 2986 3688 admittatur,

367 3720 477 3801 qui
509 3720 592 3783 sit
626 3720 991 3783 contrarius
1023 3718 1232 3782 amori
1267 3718 1504 3791 divino,
1536 3718 1877 3800 omnisque
1910 3736 2094 3782 amor
2124 3717 2387 3782 alterius
2408 3720 2516 3795 rei,
2539 3726 2610 3782 ut
2627 3727 2984 3800 parentum,

370 3825 687 3891 bonorum
720 3825 1168 3908 temporalium
1205 3831 1323 3888 etc.
1357 3826 1435 3887 sit
1469 3824 1526 3890 ei
1561 3825 2039 3888 subordinatus
2085 3825 2178 3889 Ita
2211 3826 2380 3889 enim
2415 3843 2599 3890 amor
2631 3824 2746 3891 Dei
2778 3827 2983 3890 domi-

369 3933 626 3997 nabitur
658 3934 722 3995 in
756 3933 950 3997 corde
982 3932 1266 4013 illudque
1299 3938 1505 3996 totum
1540 3932 1897 4014 occupabit.
1931 3931 2085 3995 Aliis
2117 3933 2345 4007 verbiS,
2379 3951 2590 3996 sermo
2625 3940 2723 3997 est
2755 3952 2883 3996 non
2905 3935 2984 3998 de

370 4040 688 4105 totalitate
723 4040 1119 4115 intensioniS,
1151 4039 1269 4103 sed
1302 4040 1381 4103 de
1415 4056 1512 4115 ea,
1547 4057 1715 4121 quae
1749 4039 2094 4121 opponitur
2125 4040 2645 4120 duplicitati,
2692 4040 2987 4105 divisioni

367 4146 582 4209 cordis
636 4147 801 4211 inter
832 4146 1034 4212 Deum
1085 4152 1149 4210 et
1199 4145 1368 4209 aliud
1421 4146 1747 4227 objectum
1784 4146 1916 4210 Deo
1969 4165 2099 4209 non
2145 4145 2650 4223 subordinatum,
2702 4147 2814 4213 sed
2868 4150 2986 4230 ipsi

376 4253 765 4334 oppositum.

549 4400 638 4457 Ad
671 4418 795 4457 rem
828 4418 872 4458 s.
908 4400 1225 4459 Thomas
1263 4410 1317 4461 2.
1355 4410 1387 4462 2
1425 4420 1478 4476 q.
1505 4412 1582 4462 44
1620 4421 1666 4457 a.
1703 4410 1738 4463 4
1774 4401 1845 4459 ad
1884 4411 1952 4463 2:
1991 4400 2362 4475 ,Dupliciter
2393 4402 2688 4479 contingit
2718 4421 2785 4460 ex
2818 4406 2983 4462 toto

368 4488 543 4547 corde
576 4490 763 4547 Deum
796 4489 1073 4565 diligere:
1127 4508 1245 4548 uno
1277 4489 1517 4564 quidem
1551 4490 1723 4548 modo
1755 4490 1817 4547 in
1850 4493 2003 4560 actu,
2056 4490 2092 4552 i.
2140 4509 2189 4548 e.
2235 4493 2306 4548 ut
2350 4493 2541 4549 totum
2590 4509 2687 4548 cor
2727 4492 2983 4550 hominis

370 4596 603 4653 semper
631 4578 939 4636 actualiter
962 4579 1031 4659 ,in
1066 4580 1252 4637 Deum
1286 4578 1528 4649 feratur,
1562 4581 1622 4636 et
1653 4579 1772 4637 ista
1802 4583 1895 4636 est
1926 4579 2207 4654 perfectio
2239 4580 2493 4654 patriae;
2540 4580 2655 4637 alio
2689 4581 2879 4650 modo,
2914 4585 2985 4640 ut

371 4666 759 4725 habitualiter
790 4671 983 4726 totum
1017 4686 1112 4726 cor
1143 4668 1400 4727 hominis
1432 4667 1493 4725 in
1528 4668 1714 4726 Deum
1745 4667 1989 4736 feratur,
2037 4668 2123 4725 ita
2167 4668 2292 4732 scil.
2338 4669 2496 4744 quod
2528 4668 2682 4727 nihil
2714 4688 2845 4728 con
2865 4674 2985 4727 tra

370 4756 476 4814 Dei
498 4755 872 4814 dilectionem
894 4775 992 4815 cor
1011 4757 1268 4815 hominis
1290 4757 1565 4831 recipiat3
1600 4761 1660 4815 et
1691 4758 1830 4815 haec
1864 4762 1955 4815 est
1985 4758 2262 4832 perfectio
2294 4758 2439 4828 viae,
2474 4757 2569 4816 cui
2598 4777 2717 4816 non
2750 4762 2983 4817 contra-

2559 4859 2660 4910 29·
