3538 5364
569 344 701 408 294
1115 336 1298 389 Tract.
1327 336 1418 388 IX.
1445 335 1514 388 dc
1540 334 1904 389 eucharistia.
1933 334 2360 405 Disputationis
2385 334 2614 389 divisio.

565 524 725 583 enim
755 543 823 583 eo
853 525 1158 597 fruuntur,
1194 522 1296 581 sed
1319 523 1540 581 velato:
1574 522 1735 581 beati
1764 522 1910 580 facie
1941 521 2014 579 ad
2046 520 2284 590 faciem;
2318 524 2379 578 et
2409 519 2549 578 hinc
2567 537 2704 578 eum
2725 519 2979 579 videndo
3000 521 3180 580 bean-

564 618 682 686 tur,
729 613 872 673 dum
916 613 1010 671 illi
1055 631 1192 671 eum
1228 610 1516 671 credendo
1549 614 1797 670 merent.
1858 609 2012 669 Hinc
2056 609 2416 669 eucharistia
2457 609 2804 685 anticipatio
2853 612 2914 668 et
2960 611 3184 687 pignus

563 704 801 762 futurae
831 702 1053 779 gloriae
1084 700 1323 760 dicitur.
1383 700 1519 759 Alia
1550 702 1848 759 momenta
1878 698 2134 775 practica
2165 698 2237 761 cf.
2272 718 2328 757 n.
2365 708 2487 762 387
2525 717 2569 759 s.

743 823 852 890 10.
886 827 1142 886 Tandem
1173 827 1356 903 hujus
1388 825 1656 901 mysterii
1687 825 2052 902 praestantia
2079 823 2220 883 inde
2265 842 2501 899 quoque
2547 825 2811 899 apparet,
2860 823 3019 899 quod
3064 842 3182 882 uon

567 918 758 976 solum
788 919 1222 976 sacramentum
1255 919 1362 983 est,
1406 914 1509 973 sed
1541 917 1603 973 et
1630 932 1664 973 o
1683 913 1929 973 blatio
1960 914 2065 971 illa
2096 913 2318 972 munda
2349 911 2829 990 splendidissime
2860 910 3180 989 praedicta,

560 1024 711 1082 quae
742 1005 1058 1065 succedens
1091 1004 1389 1064 sacrificiis
1423 1003 1489 1067 V.
1520 1003 1580 1065 Τ.
1613 1003 1827 1079 typicis
1872 1023 1906 1061 a
1951 1002 2093 1061 solis
2140 1006 2281 1061 ortu
2326 1020 2519 1079 usque
2550 1000 2624 1059 ad
2656 1019 2930 1060 occasum
2960 1002 3081 1061 Deo
3114 1002 3177 1061 in

561 1095 798 1154 odorem
831 1094 1145 1154 suavitatis
1178 1093 1425 1152 offertur
1454 1087 1614 1175 (Mal.
1657 1104 1706 1161 1,
1751 1104 1772 1154 l
1798 1088 1875 1175 1).
1921 1092 1999 1150 Et
2029 1094 2287 1167 quantae
2319 1091 2700 1151 excellentiae
2731 1093 2824 1150 est
2855 1090 2964 1150 hoc
2995 1092 3179 1150 sacri-

558 1184 784 1243 ficium!
826 1203 983 1253 nam,
1017 1187 1088 1241 ut
1119 1182 1406 1258 quaedam
1439 1182 1824 1258 attingamuS,
1870 1199 1965 1241 res
1997 1180 2196 1240 oblata
2227 1182 2321 1240 est
2350 1180 2618 1239 infinitae
2650 1179 2997 1260 dignitatis3
3048 1200 3175 1239 mo-

558 1273 670 1332 dus
701 1272 984 1333 offerendi
1030 1272 1094 1330 in
1140 1290 1204 1332 se
1246 1275 1307 1330 et
1352 1271 1545 1345 quoad
1579 1270 1976 1329 substantiam
2008 1273 2101 1329 est
2132 1270 2383 1330 maxime
2416 1268 2892 1345 supernaturalis
2925 1271 2988 1327 et
3021 1268 3174 1327 divi-

557 1381 704 1433 nus;
749 1362 977 1421 ratione
1022 1361 1272 1420 actionis
1313 1378 1452 1419 vero
1485 1359 1789 1419 sensibilis
1821 1359 2315 1435 simplicissimus„
2350 1358 2799 1430 mundissimuS,
2830 1357 3175 1427 facillimus;

558 1450 909 1528 significatio
939 1449 1464 1527 praestantissima,
1511 1452 1605 1508 est
1648 1449 1809 1508 enim
1839 1466 2115 1525 expressa
2145 1449 2433 1524 quaedam
2467 1450 2528 1507 et
2557 1447 2696 1506 viva
2725 1447 2922 1524 imago
2953 1448 3174 1522 passio·

555 1540 650 1598 nis
684 1540 928 1611 Christi3
976 1540 1171 1599 virtus
1203 1539 1473 1613 maxima,
1521 1557 1657 1597 cum
1700 1537 1765 1596 in
1811 1537 1921 1597 hoc
1951 1537 2236 1597 sacrificio
2268 1539 2582 1614 conjuncta
2611 1536 2991 1612 reperiantur
3019 1535 3176 1595 bona

556 1629 772 1700 omnia,
802 1648 953 1705 quae
985 1630 1049 1687 in
1079 1627 1215 1687 aliis
1248 1628 1547 1687 sacrificiis
1581 1627 1820 1686 divisim
1851 1632 2049 1698 erant;
2092 1631 2186 1686 est
2216 1627 2373 1686 enim
2406 1627 2588 1686 simul
2620 1625 3021 1696 latreuticum,
3068 1645 3176 1684 eu-

555 1718 953 1790 charisticum,
986 1717 1471 1795 propitiatorium
1503 1720 1563 1775 et
1593 1716 2088 1793 impetratorium.
2150 1715 2232 1775 Cf.
2266 1716 2351 1777 th.
2388 1724 2531 1780 238.

733 1842 880 1907 329.
915 1835 1075 1901 Cum
1124 1837 1312 1918 igitur
1361 1835 1751 1900 eucharistia
1801 1853 1987 1899 sacr
2008 1842 2414 1901 amentum
2466 1834 2653 1898 simul
2684 1835 2767 1898 sit
2801 1842 2865 1899 et
2915 1834 3173 1898 sacri-

553 1944 850 2021 ficium,
884 1963 998 2026 pro
1031 1944 1265 2026 duplici
1296 1944 1419 2007 hac
1449 1943 1904 2024 praerogativa
1935 1942 2064 2006 duo
2084 1942 2151 2006 in
2169 1942 2384 2023 capita
2414 1941 2770 2007 dividemus
2792 1942 3169 2005 sectionem.

553 2047 786 2115 Omnia
816 2057 1052 2126 autem,
1085 2068 1252 2133 quae
1285 2050 1367 2114 ad
1390 2050 1862 2127 eucharistiam,
1884 2056 2204 2132 quatenus
2225 2058 2325 2115 est
2344 2055 2837 2123 sacramentum,
2855 2053 3171 2129 spectant,

552 2158 634 2221 ad
667 2158 946 2241 quinque
977 2158 1425 2223 revocabimus
1459 2158 1782 2222 articulos,
1815 2156 2402 2222 Demonstrandum
2433 2156 2603 2220 enim
2637 2162 2737 2220 est

734 2285 795 2351 1.
828 2301 979 2347 vere
1009 2283 1389 2365 realiterque
1423 2283 1650 2347 adesse
1693 2282 1759 2345 in
1806 2282 1931 2345 hoc
1981 2288 2391 2346 sacramento
2424 2298 2659 2363 corpus
2692 2286 2757 2344 et
2786 2281 3164 2360 sanguinem

550 2388 782 2454 Christi
812 2389 936 2453 sub
966 2389 1303 2472 speciebus
1334 2391 1518 2471 panis
1549 2396 1612 2452 et
1644 2389 1788 2453 vini.
1850 2387 2302 2470 Inquirendum
2333 2388 2561 2454 deinde
2594 2394 2693 2452 est

725 2516 789 2584 ⁶2.
821 2514 888 2578 in
918 2515 1198 2591 modum.
1232 2533 1358 2596 quo
1391 2531 1696 2595 praesens
1727 2513 1992 2578 sistatur
2023 2531 2256 2594 corpus
2289 2511 2538 2589 Christi,
2572 2518 2636 2577 et

725 2641 794 2708 3.
827 2656 1148 2722 quaenam
1180 2638 1263 2702 sit
1291 2638 1479 2720 huJus
1509 2639 1916 2720 praesentiae
1947 2639 2132 2703 ratio.
2198 2638 2360 2704 Tum
2393 2638 2832 2721 expendemus

725 2765 793 2831 4.
828 2764 1170 2829 corollaria
1201 2763 1285 2827 ad
1315 2765 1564 2845 praxim
1610 2765 1987 2846 spectantia,
2034 2765 2115 2829 de
2160 2763 2391 2847 quibus
2435 2783 2711 2846 magnae
2763 2772 2981 2831 motae
3013 2774 3166 2830 sunt

545 2871 811 2936 diversis
843 2870 1238 2952 temporibus
1269 2871 1762 2937 controversiae.
1827 2871 2222 2936 Conabimur
2253 2872 2512 2937 demum

721 2997 788 3062 5.
822 2995 1165 3060 conciliare
1195 2996 1321 3059 hoc
1351 2997 1724 3078 mysterium
1773 3014 1921 3061 cum
1969 3015 2133 3061 sana
2177 2997 2446 3072 ratione,
2494 3004 2809 3079 quantum
2843 3017 2957 3079 per
2991 2997 3156 3062 illius

544 3102 944 3166 altitudinem
976 3109 1041 3167 et
1072 3102 1263 3184 hujus
1307 3102 1443 3167 fieri
1486 3100 1634 3168 licet
1676 3105 2039 3186 angustias:
2084 3122 2338 3168 necnon
2370 3104 2687 3186 quasdam
2721 3122 3161 3186 proponemus

541 3207 796 3287 regulas
826 3208 1128 3289 loquendi
1159 3209 1239 3274 de
1272 3215 1453 3275 tanto
1486 3212 1813 3293 mysteria

1687 3406 2016 3493 Caputt

889 3528 993 3593 De
1040 3530 1573 3595 sanctissimo
1622 3533 2193 3598 eucharistiae
2240 3540 2789 3599 sacramento,

1529 3729 2051 3798 Articulus
2100 3730 2165 3797 Ι.

537 3847 640 3912 De
700 3852 1187 3930 praesentia
1246 3853 1455 3917 reali
1517 3854 1896 3934 corporis
1959 3861 2031 3918 et
2089 3855 2522 3935 sanguinis
2582 3854 2777 3920 Jesu
2838 3852 3159 3918 Christi

1192 3960 1267 4023 in
1316 3960 1894 4027 eucharistiae
1942 3969 2499 4027 sacramento,

714 4096 858 4149 330.
890 4087 1027 4146 Jam
1047 4088 1237 4164 prim0
1258 4088 1551 4149 Ecclesiae
1570 4090 1767 4149 seculo
1790 4091 1927 4168 lgn
1943 4110 1976 4150 a
1992 4092 2104 4150 tio
2136 4095 2291 4151 teste
2309 4110 2400 4167 ep.
2420 4092 2495 4150 ad
2515 4110 2736 4168 smyrn.
2759 4110 2805 4150 c.
2830 4103 2859 4152 7
2890 4088 2972 4173 (n.
2999 4090 3154 4167 347)

533 4174 813 4233 haeretici
855 4176 1099 4251 quidam
1146 4174 1438 4261 (docetae)
1484 4180 1704 4238 realem
1751 4180 1947 4238 carnis
1993 4180 2213 4239 Christi
2246 4182 2641 4257 praesentiam
2689 4181 2752 4239 in
2799 4180 3160 4240 eucharistia

530 4266 829 4340 negarunt
859 4263 1051 4325 innixi
1083 4285 1190 4326 suo
1221 4285 1437 4340 errore,
1470 4286 1590 4343 quo
1621 4267 1932 4328 veritatem
1952 4270 2147 4329 carnis
2179 4289 2213 4328 a
2232 4270 2423 4330 Verbo
2441 4272 2782 4346 assumptae
2800 4270 3155 4345 rejecerunt.

531 4384 620 4395 —
652 4352 1006 4414 Manichaeis
1036 4356 1314 4416 Petrus
1362 4357 1585 4416 siculus
1629 4358 1693 4416 in
1722 4357 1864 4419 hist.
1896 4358 2151 4421 manich.
2182 4378 2241 4418 n.
2277 4369 2311 4422 3
2350 4357 2439 4442 (in
2469 4359 2627 4418 Bibl.
2661 4359 2733 4418 N.
2765 4359 2877 4416 PP.
2911 4359 3005 4423 ed.
3036 4359 3154 4417 Mai

530 4445 574 4498 t.
607 4440 690 4500 1v
718 4462 776 4518 p.
808 4442 867 4500 11
894 4464 949 4520 p.
988 4441 1093 4527 13)
1139 4446 1474 4521 exprobrat,
1525 4446 1725 4522 ,quod
1757 4446 2024 4506 divinam
2055 4448 2492 4524 verendamque
2537 4450 2882 4508 sanctorum
2930 4451 3151 4525 myste-

531 4529 756 4589 riorum
802 4534 1062 4608 corporis
1105 4554 1173 4594 ac
1215 4535 1527 4612 sanguinis
1558 4535 1801 4594 Domini
1832 4535 1940 4594 Dei
1984 4537 2177 4596 nostri
2214 4537 2733 4614 participationem
2767 4539 3148 4597 aversantur:

530 4637 723 4694 neque
754 4620 863 4680 hoc
895 4624 1174 4696 contenti,
1208 4624 1342 4683 aliis
1374 4642 1616 4701 quoque
1648 4623 1799 4682 hanc
1831 4627 2191 4685 sententiam
2211 4626 2577 4686 suadendam
2597 4629 2833 4703 putant,
2867 4628 3151 4696 dicentes,

531 4707 690 4768 haud
710 4729 919 4785 panem
949 4730 1016 4770 ac
1045 4712 1254 4771 vinum
1285 4732 1321 4771 a
1353 4712 1606 4772 Domino
1625 4712 1939 4788 discipulis
1973 4716 2100 4774 suis
2130 4716 2194 4774 in
2228 4734 2406 4775 coena
2423 4715 2818 4793 propositum,
2856 4715 2960 4775 sed
2992 4734 3156 4790 sym-

532 4796 723 4856 bolice
756 4799 933 4858 verba
965 4818 1073 4859 sua
1103 4801 1514 4861 tantummodo
1547 4801 1721 4877 panis
1752 4802 2000 4878 vinique
2032 4805 2159 4864 loco
2191 4805 2479 4865 dedisse.‘
2531 4804 2701 4874 Quod
2733 4805 2785 4864 si
2816 4809 3014 4864 tamen
3046 4804 3153 4862 ali-
