3538 5364
607 248 765 349 612*
883 275 1067 329 Tract.
1095 276 1162 329 X.
1191 274 1262 330 de
1289 274 1407 330 Deo
1435 277 1907 332 consummatore.
1936 273 2230 340 Quomodo
2252 274 2414 346 ²ignis
2439 276 2653 331 cruciet
2680 276 2931 346 spiritus.

609 480 766 537 quae
795 464 1009 521 natura
1040 472 1149 521 sua
1187 461 1400 523 reddat
1440 461 1725 538 angelum
1767 462 1867 522 vel
1887 462 2166 521 ·animam
2210 462 2676 539 pulcherrimam
2702 463 2864 523 ultra
2891 465 3020 540 ejus
3049 468 3222 525 natu-

607 571 764 610 ram:
797 552 885 611 ita
914 550 1095 611 etiam
1111 550 1454 627 possitdari
1474 549 1734 625 qualitas
1765 550 1859 609 illi
1889 550 2063 610 alteri
2091 570 2161 611 ex
2192 555 2411 611 natura
2440 570 2550 611 sua
2579 570 2937 630 repugnans,
2969 572 3038 612 eo
3069 555 3221 629 quod

608 640 838 701 foedam
866 642 931 699 et
960 640 1280 701 deformem
1309 639 1520 698 reddat
1545 640 1729 699 talem
1747 639 2208 702 substantiam.‘
2223 641 2410 699 Cum
2440 642 2643 699 autem
2675 642 2783 700 hae
2814 644 3225 719 explicationes

609 747 731 789 non
761 729 1117 788 exhauriant
1138 729 1267 788 vim
1286 728 1844 805 proprietatemque
1872 730 2195 788 verborum
2227 730 2568 805 Scripturas
2613 732 2676 788 et
2719 734 2961 851 patrum
2988 732 3105 791 de
3089 751 3226 868 igne

612 809 864 894 inferno,
2269 844 2272 845 ⁷

790 921 865 988 3.
892 925 1069 984 aliam
1102 924 1446 1000 opinionem
1476 870 1756 1001 proponit
1787 868 2109 984 Lessius
2155 925 2229 984 de
2275 926 2392 984 div.
2423 926 2570 1001 perf.
2599 864 2762 998 ΧΠῙ,
2815 936 2913 997 30,
2962 944 3112 1003 quae
3155 927 3230 985 ad

610 1016 755 1074 haec
782 1014 1077 1091 principia
1104 1017 1449 1072 revocatur.
1495 1028 1559 1077 a.
1598 1014 1862 1072 animam
1906 1014 2034 1089 pati
2064 1032 2239 1095 posse
2271 1014 2488 1092 ignem,
2534 1033 2700 1074 οιιιιι
2715 1017 2809 1074 est
2850 1015 2916 1074 ιιι
2958 1012 3226 1091 eorpor03

613 1100 686 1167 b.
720 1123 851 1162 eam
882 1121 1010 1163 esse
1030 1103 1407 1204 principiam
1441 1102 1705 1162 sentiens
1737 1103 2012 1179 quamvis
2043 1104 2342 1162 mediante
2372 1122 2646 1195 corpor03
2686 1118 2749 1168 e.
2781 1103 2903 1163 vim
2927 1104 3230 1176 sentiendi

609 1200 733 1253 non
779 1192 1074 1281 distingui
1119 1192 1192 1250 ab
1238 1191 1469 1259 animae
1503 1178 1788 1265 «essentia,
1839 1191 2090 1267 proinde
2119 1196 2359 1252 manere
2403 1186 2544 1268 po'st
2585 1196 2854 1264 inertem,
2904 1193 3049 1252 licet
3092 1197 3233 1267 tunc

611 1282 803 1341 exseri
834 1300 954 1341 non
984 1281 1190 1357 possit.
1254 1276 1324 1346 d.
1365 1281 1501 1339 Vim
1540 1280 1967 1358 intelligendi
1950 1300 2015 1339 ιιι
2046 1280 2443 1341 daemonibus
2467 1282 2848 1341 eminentiori
2878 1282 3057 1341 m‘odo
3088 1274 3234 1342 circa

611 1371 842 1447 obJeeta
870 1364 1181 1430 sensibilia
1210 1373 1525 1445 praestare,
1575 1370 1736 1445 quod
1782 1371 2048 1446 praestat
2091 1387 2303 1431 sensus
2349 1389 2455 1446 per
2498 1368 2716 1447 corpus
2763 1375 2840 1430 et·
2857 1370 2935 1430 ιιι
2980 1388 3230 1447 corpore.

613 1474 676 1525 e.
726 1460 977 1518 Etiamsi
1023 1459 1253 1535 objecta
1292 1462 1538 1518 externa
1587 1478 1694 1535 per
1743 1477 1808 1517 se
1845 1461 1939 1517 “ut'
1977 1470 2154 1517 causa
2183 1459 2419 1536 integra
2437 1474 2568 1519 :non
2597 1460 2831 1536 possint
2860 1460 2925 1520 in
2959 1456 3232 1545 spiritum

616 1549 974 1609 naturaliter
1015 1566 1206 1625 agene,
1253 1550 1361 1606 aut
1404 1547 1499 1606 illi
1543 1547 1804 1623 aliquam
1844 1548 2186 1623 imprimere
2218 1548 2593 1623 qualitatem,
2631 1546 2807 1624 posse
2851 1552 3057 1608 tamen
3098 1567 3232 1608 eon-

614 1656 851 1717 currere
895 1640 968 1701 ut
1010 1644 1255 1696 causam
1293 1636 1601 1712 partialem
1640 1646 1927 1695 unacum
1961 1636 2130 1695 vitali
2160 1636 2354 1712 ipsius
2385 1634 2640 1710 spiritus
2668 1638 2940 1715 potentia
2984 1638 3060 1697 ad
3102 1656 3233 1714 pro-

613 1727 950 1788 ducendum
993 1727 1057 1785 in
1101 1726 1233 1802 ipso
1277 1728 1475 1785 actum
1520 1725 1783 1785 vitalem.
1846 1725 1998 1794 ,His
2026 1726 2275 1801 positis,
2324 1726 2727 1802 prosequitur,
2777 1727 3134 1802 poterimus.
3154 1728 3234 1784 ita

613 1815 987 1875 ratiocinari:
1039 1814 1101 1873 Si
1149 1815 1306 1892 ignis
1354 1814 1710 1874 naturaliter
1753 1833 1860 1891 per
1904 1832 2082 1873 suum
2127 1814 2377 1873 calorem
2424 1818 2625 1891 potest
2661 1816 2930 1893 affligere
2961 1816 3232 1893 spiritum

613 1905 869 1968 hominis
900 1904 1484 1979 medianteeorpore,
1531 1921 1639 1962 cur
1682 1903 1844 1963 idem
1888 1903 2047 1981 ignis
2091 1907 2164 1963 ut
2204 1904 2675 1963 instrumentum
2707 1903 2817 1963 Dei
2862 1904 3234 1982 non-poterit

615 1992 879 2071 affligere
910 1993 1163 2052 eundem
1195 1993 1478 2068 spiritum
1522 1992 1653 2051 sine
1696 1994 1825 2051 ullo
1871 2011 2114 2068 corpore
2157 1993 2355 2056 medio
2367 1996 2408 2052 ⁴?-
2450 1990 2685 2070 Corpus
2729 1993 2889 2052 enim
2939 1995 3136 2054 solum
3176 2011 3232 2052 se

615 2082 794 2143 habet
821 2085 896 2141 ut
925 2081 1206 2152 medium,
1238 2101 1346 2158 per
1377 2080 1553 2156 quod
1567 2081 1910 2141 immediate
1941 2082 2101 2141 calor
2132 2082 2378 2157 spiritui
2401 2084 2759 2160 applicatur,
2806 2087 2878 2142 ut
2914 2085 3045 2160 eJus
3076 2101 3231 2159 prae-

619 2172 817 2231 sentia
843 2172 915 2231 vi
934 2170 1235 2230 sentiendi
1266 2169 1645 2247 percipiatur.
1711 2171 1868 2230 Deus
1899 2173 2097 2229 autem
2132 2190 2254 2230 non
2285 2175 2422 2249 eget
2451 2171 2655 2247 aliquo
2683 2168 2905 2243 medio,
2940 2172 3043 2232 sed
3075 2171 3232 2231 facile

617 2280 853 2321 omnem
882 2260 1061 2319 medii
1093 2259 1367 2318 effectum
1399 2262 1465 2318 et
1492 2259 1789 2318 defectum
1822 2260 2100 2335 supplere
2130 2263 2392 2336 potest}

762 2380 856 2450 4.
888 2355 1110 2461 Neque
1142 2379 1307 2443 haec
1337 2376 1744 2443 satisfaciunt
1774 2377 2104 2444 Schmid
2135 2380 2216 2446 de
2250 2380 2375 2443 hac
2394 2381 2770 2462 quaestione
2789 2380 2991 2463 plane
3009 2398 3235 2445 consu-

614 2464 825 2571 lende,
858 2487 966 2568 qui
995 2485 1189 2550 variis
1225 2485 1635 2568 opinionibus
1666 2483 1703 2548 l.
1724 2504 1797 2559 c.
1834 2486 2163 2568 diligenter
2195 2486 2494 2568 expensis
2508 2487 2680 2551 hune
2710 2486 2900 2552 fere
2878 2507 2951 2552 ιιι
2981 2458 3232 2551 modum

621 2584 1069 2676 quaestionem
1096 2578 1423 2656 dilucidat.
1484 2591 1861 2657 Tenendum
1906 2599 2006 2657 est
2034 2613 2099 2660 a.
2105 2593 2485 2665 daemones
2529 2594 2596 2657 in
2640 2611 2799 2658 suae
2830 2594 3231 2679 praevarica-

623 2701 815 2767 tionis
845 2714 1124 2783 poenam
1154 2716 1384 2766 verum
1414 2699 1775 2763 adustionis
1806 2699 2097 2764 dolorem
2127 2701 2262 2781 pati
2289 2700 2483 2782 idque
2513 2719 2630 2782 per
2659 2701 2878 2783 ignem
2916 2707 3226 2784 tamquam

618 2825 735 2889 per
763 2807 1097 2901 physicum
1132 2806 1394 2871 divinae
1408 2806 1747 2908 vindictae
1779 2807 2307 2872 instrumentum:
2339 2806 2513 2908 quod
2543 2808 2612 2878 b.
2643 2813 2717 2872 ut
2736 2808 3107 2889 explicetur,
3127 2805 3228 2871 ad-

616 2914 781 2977 mitti
811 2896 1051 2978 debet
1033 2931 1102 2976 ιιι
1133 2889 1461 2995 spiritibus
1491 2913 1667 2994 puris
1699 2913 1937 2978 creatis
1967 2909 2258 2994 potentia
2290 2903 2671 2978 exsecutiva
2703 2933 2820 2979 seu
2850 2913 3231 2978 locomotiva

620 3020 925 3109 distincta
957 3039 998 3083 a
1029 3019 1094 3082 vi
1125 3019 1518 3102 intelligendi
1547 3019 1950 3103 volendique‚
1995 3038 2155 3085 sane
2200 3020 2399 3098 finita,
2444 3019 2554 3085 cui
2591 3028 2945 3103 propterea
2995 3021 3232 3104 objecta

626 3135 914 3204 externa,
947 3117 1224 3209 corpora
1260 3128 1475 3205 etiam,
1507 3127 1945 3208 resistentiam
1959 3145 2320 3210 opponere
2328 3146 2444 3193 seu
2462 3146 2729 3209 reagere
2747 3135 3053 3209 possunt.
3083 3126 3233 3191 alio·

625 3235 785 3317 quin
813 3233 1078 3316 quilibet
1107 3209 1372 3315 angelus
1403 3234 1737 3298 mundum
1767 3234 2138 3298 universum
2185 3233 2330 3298 loco
2380 3252 2642 3300 movere
2690 3242 2935 3316 posset,
2988 3234 3043 3299 si
3071 3232 3235 3297 nulla

619 3340 989 3406 resistentia
1020 3359 1099 3404 ex
1132 3347 1317 3422 parte
1349 3341 1444 3406 rei
1475 3340 1831 3405 materialis
1861 3346 2160 3422 respectu
2191 3341 2464 3406 actionis
2496 3341 2826 3422 angelicae
2846 3347 3022 3406 esset
3039 3338 3234 3423 possi-

626 3446 789 3510 bilis.
812 3445 964 3526 Quo
997 3448 1331 3529 supposito
1363 3466 1425 3518 e.
1450 3447 1587 3528 ,iam
1634 3447 1741 3510 via
1793 3448 2079 3530 aperitur
2128 3447 2546 3529 explicandae
2595 3447 2821 3528 origini
2868 3466 2985 3513 seu
3029 3443 3238 3529 genesi

627 3571 859 3618 sensus
890 3553 992 3619 vel
1025 3553 1380 3619 affectionis
1409 3549 1724 3661 ingratae
1746 3563 1929 3620 ortae
1974 3555 2106 3619 scih
2158 3573 2239 3619 ex
2271 3553 2585 3637 ejusmodi
2615 3553 3000 3619 resistentia
3062 3548 3237 3636 Quod

620 3661 678 3725 si
710 3660 780 3729 d.
816 3660 1019 3724 addas
1065 3661 1276 3742 ignem
1326 3655 1589 3742 reagere
1634 3661 1703 3725 in
1755 3662 2047 3744 spiritum
2098 3679 2230 3744 qua
2276 3661 2772 3754 instrumentum
2810 3658 3102 3746 justitiae
3132 3656 3240 3722 Dei

633 3755 1080 3845 vindicativae‚
1114 3769 1212 3832 cui
1246 3767 1351 3833 ille
1380 3768 1669 3832 omnium
1719 3769 1950 3832 virium
1998 3751 2412 3833 contentione
2457 3786 2529 3833 se
2572 3768 2960 3834 subtrahere
3009 3766 3238 3839 nititur,

631 3873 750 3939 sed
794 3873 1046 3949 frustra„
1092 3876 1579 3956 potentiamque
1621 3873 2116 3940 obedientialem
2159 3894 2276 3940 seu
2307 3874 2669 3939 radicalem
2731 3874 2996 3956 spiritus
3027 3870 3239 3954 perci-

634 3979 909 4062 piendae
941 3975 1291 4073 affectionis
1322 3980 1632 4064 physicae
1662 3982 1859 4047 etiam
1890 3981 2365 4063 ingratissimae
2407 3993 2528 4066 pro
2575 3980 3035 4057 demeritorum
3065 3978 3238 4043 men·

629 4103 783 4150 sura
814 4085 1030 4151 divina
1060 4088 1527 4170 omnipotentia
1576 4087 1842 4162 actuari,
1888 4081 2361 4170 quadamtenus
2384 4073 2633 4153 'salt'em
2680 4087 3050 4169 explicatur,
3083 4100 3240 4167 quo-

634 4192 829 4257 modo
859 4194 1022 4274 ignis
1052 4213 1276 4302 verum
1307 4194 1371 4257 in
1404 4193 1629 4276 spiritu
1661 4194 1866 4276 possit
1910 4192 2202 4278 dolorem
2247 4200 2312 4259 et
2355 4195 2715 4258 cruciatum
2758 4192 3118 4275 producere
3147 4187 3241 4252 di·

629 4284 939 4369 stinctum
988 4297 1113 4365 ab
1124 4320 1219 4379 ee,
1272 4319 1463 4382 quem
1513 4300 1960 4387 intellectualis
1969 4287 2217 4387 solum
2261 4300 2698 4386 consideratio
2748 4295 2984 4381 objecti
3014 4292 3241 4377 ingrati

631 4415 878 4471 causat.
909 4408 1098 4472 Haec
1098 4407 1270 4473 forte
1307 4407 1545 4472 adhue·
1553 4407 1864 4524 subtilius
1868 4407 2240 4490 exsequitur
2267 4406 2723 4546 §utberlet
2741 4403 3053 4471 Katholik
3078 4404 3236 4514 1901

627 4510 1108 4630 l1‚385—-⁵402.'
1224 4519 1232 4534 '
1263 4533 1269 4537 ’
1403 4539 1415 4550 ·
1496 4545 1499 4546 ’
2645 4547 2652 4558 ,

635 4687 639 4692 «
756 4705 759 4706 ⁷
813 4653 959 4707 655.
986 4602 1357 4710 Scholion
1380 4641 1663 4708 11.›22De
1659 4659 2008 4722 poenarum
2045 4647 2469 4723 mequuhtqte
2495 4655 2606 4705 'e-sss
2557 4617 2848 4704 Merito
2849 4605 3046 4704 doeet
3062 4600 3236 4701 eie«.-

628 4731 905 4808 gorius
951 4733 1028 4844 M.
1061 4733 1203 4792 Mor.
1235 4733 1333 4805 IX,
1369 4744 1484 4796 47:
1532 4733 1744 4802 ‚Sicut
1788 4734 1853 4793 in
1897 4733 2070 4794 domo
2101 4734 2295 4794 Patris
2327 4735 2669 4794 mansiones
2698 4734 2923 4793 multae
2951 4734 3108 4791 sunt
3127 4729 3238 4804 'pro
