3538 5364
1492 234 1562 288 de
1590 233 1944 305 purgatorio.
2893 242 3027 307 627

404 420 566 480 unde
598 420 778 480 sciret
797 419 1124 496 dispensari
1143 419 1442 479 victimam
1465 424 1748 490 sanctam,
1786 421 1904 496 qua
1933 420 2197 480 deletum
2229 424 2323 480 est
2352 419 2832 498 chirographum,
2865 420 3025 497 quod

405 498 539 569 erat
568 509 932 570 contrarium
963 509 1138 569 nobis
1172 503 1415 591 (001088.
1439 519 1495 580 2,
1541 498 1665 591 14),
1698 528 1819 586 qua
1847 509 2254 587 triumphatus
2284 513 2379 569 est
2407 510 2645 569 hostis.
2701 510 2822 569 ‚ad
2854 512 3026 587 cujus

407 599 588 676 pretii
618 598 813 658 nostri
844 600 1277 657 sacramentum
1309 598 1523 675 ligavit
1553 598 1767 658 ancilla
1797 616 1909 658 sua
1950 600 2207 659 animam
2239 617 2406 658 suam
2438 599 2677 659 vinculo
2705 598 2903 659 fidei.¹
2934 632 3025 644 —

409 687 758 765 cyrillus
801 687 949 746 alex.
982 686 1225 763 scripsit
1254 690 1461 747 contra
1503 705 1621 759 eos,
1668 687 1775 763 qui
1822 676 2030 747 harum
2075 706 2318 764 precum
2349 688 2676 748 utilitatem
2706 688 3026 766 negabant,

407 778 581 855 cujus
613 776 822 853 scripti
853 776 1256 853 fragmentum
1287 776 1468 836 habes
1500 777 1661 852 apud
1691 776 1950 854 migne
1987 785 2086 847 76,
2126 787 2311 841 1432.
2344 811 2429 821 -
2462 777 2824 849 Balaeus,
2858 777 3026 836 chor·

404 867 721 945 episcopus
742 883 937 943 syrus,
970 865 1076 941 qui
1094 864 1303 925 floruit
1319 865 1568 925 ineunte
1588 883 1703 930 sec.
1720 865 1809 937 V..
1840 866 1904 925 in
1937 867 2203 926 oratione
2234 884 2340 944 pro
2372 865 2672 926 defunctis
2706 867 2789 925 ita
2818 866 3028 925 habet:

412 955 837 1025 ,Manifestum
880 957 975 1014 est
1016 958 1215 1014 mente
1259 955 1563 1031 praeditis,
1610 954 1908 1014 defunctis
1952 955 2229 1032 prodesse
2259 955 2516 1032 vigilias,
2569 954 2919 1016 sacrificium
2968 956 3032 1014 et

408 1044 791 1104 thuribulum
820 1043 1286 1120 propitiationis,
1333 1062 1468 1103 cum
1515 1044 1785 1117 sacerdos
1832 1044 1904 1102 ad
1950 1043 2132 1104 altare
2164 1061 2367 1104 eorum
2400 1044 2672 1105 meminit
2701 1045 3031 1109 nominum.

408 1134 575 1193 Tunc
604 1133 869 1211 gaudent
899 1133 1196 1204 coelestes,
1237 1132 1506 1209 jubilant
1549 1135 1863 1192 terrestres
1911 1136 1973 1191 et
2014 1133 2195 1193 etiam
2227 1134 2532 1193 exsultant
2561 1133 2843 1205 defuncti,
2894 1133 3032 1209 quia

409 1223 583 1282 hodie
612 1223 991 1294 advocantur,
1023 1225 1098 1281 ut
1127 1222 1368 1282 coelesti
1398 1220 1833 1299 refrigerentur
1862 1222 2150 1281 sacrificio
2161 1216 2274 1306 ¹).‘

589 1340 911 1406 Credebat
940 1359 1096 1405 vero
1129 1340 1482 1406 christiana
1515 1342 1874 1423 antiquitas
1905 1344 1978 1411 b.
2013 1343 2182 1407 hanc
2213 1341 2555 1407 utilitatem
2586 1342 2939 1408 consistere
2968 1341 3036 1405 in

409 1453 826 1529 peccatorum
858 1448 1236 1513 remissione
1267 1453 1333 1514 et
1364 1447 1713 1514 collatione
1752 1448 2181 1514 beatitudinis.
2239 1445 2567 1526 ,Oremus,
2599 1449 2691 1513 ita
2721 1449 3035 1513 constitu-

410 1555 621 1619 tiones
653 1561 860 1636 apost.
892 1554 1044 1633 VIII,
1076 1560 1183 1631 41,
1213 1574 1332 1636 pro
1364 1553 1669 1620 fratribus
1709 1555 1970 1633 nostriS,
2023 1556 2131 1638 qui
2176 1556 2243 1619 in
2274 1556 2527 1621 Christo
2571 1555 3046 1639 requieverunt,

411 1671 484 1729 ut
516 1662 687 1728 Deus
721 1682 1014 1730 summae
1061 1681 1214 1745 erga
1257 1663 1558 1727 homines
1590 1663 1901 1740 caritatis,
1955 1663 2062 1745 qui
2109 1663 2393 1727 animam
2439 1662 2717 1727 defuncti
2747 1662 3050 1750 suscepit,

412 1771 697 1836 remittat
733 1771 790 1835 ei
822 1789 1014 1836 omne
1044 1776 1384 1852 peccatum
1436 1776 1501 1834 et
1555 1769 1882 1853 propitius
1925 1786 2004 1833 ac
2051 1769 2404 1834 benevolus
2455 1771 2513 1834 ei
2544 1769 2749 1835 sactus
2780 1769 3053 1835 collocet

413 1896 562 1942 eum
592 1878 659 1941 in
689 1878 948 1957 regione
979 1878 1329 1941 vivorum<
1369 1875 1681 1957 Quamvis
1732 1884 1950 1942 autem
1983 1896 2049 1947 c.
2074 1876 2360 1941 Ecclesia
2378 1878 2730 1956 generatim
2761 1883 2878 1959 pro
2909 1858 3051 1966 om-

413 1984 603 2048 nibus
635 1982 949 2048 defunctis
979 1983 1276 2049 fidelibus
1308 1984 1546 2050 soleret
1591 2002 1803 2063 orare,
1841 1984 2177 2048 orationes
2209 1990 2428 2048 tamen
2458 1981 2582 2047 illis
2613 1987 2866 2049 tantum
2898 2002 3051 2048 cen-

414 2092 540 2156 suit
569 2090 900 2173 prodesse,
933 2091 1041 2174 qui
1071 2092 1175 2173 pie
1208 2097 1425 2155 essent
1455 2090 1737 2156 defuncti
1781 2091 1849 2154 in
1874 2090 2167 2169 Domin0,
2198 2090 2563 2155 nullatenus
2593 2108 2748 2154 vero
2781 2090 3052 2181 damna-

415 2200 517 2279 tis,
542 2186 825 2283 'quorum
858 2217 1104 2281 poenas
1136 2198 1441 2264 credebat
1475 2203 1798 2264 aeternas.

596 2330 701 2398 ,Si
732 2328 1034 2401 sacrificia,
1067 2328 1268 2405 inquit
1298 2328 2074 2406 AugustinusoEnchir.
2105 2346 2164 2387 n.
2203 2338 2303 2399 10,
2335 2326 2462 2386 sive
2493 2326 2699 2385 altaris
2733 2325 2861 2385 sive
2895 2345 3046 2402 qua-

415 2437 789 2494 rumcunque
819 2417 1326 2493 eleemosynarum
1371 2436 1477 2493 pro
1523 2417 1847 2493 baptizatis
1899 2416 2194 2476 defunctis
2238 2416 2515 2475 omnibus
2547 2415 2896 2487 offeruntur,
2939 2434 3050 2491 pro

415 2508 587 2568 valde
618 2508 792 2567 bonis
823 2507 1151 2584 gratiarum
1184 2507 1449 2565 actiones
1483 2509 1644 2577 sunt,
1695 2526 1804 2582 pro
1835 2524 1957 2565 non
1988 2506 2161 2565 valde
2189 2505 2363 2565 bonis
2396 2504 2850 2581 propitiationes
2883 2507 3044 2576 sunt,

415 2616 523 2674 pro
552 2597 724 2658 valde
756 2597 929 2655 malis
960 2596 1075 2655 etsi
1106 2596 1275 2654 nulla
1306 2596 1430 2654 sint
1460 2595 1811 2672 adjumenta
1857 2597 2251 2665 mortuorum,
2298 2593 2737 2670 qualescunque
2781 2595 3046 2653 consola-

416 2688 611 2747 tiones
643 2688 917 2747 vivorum
950 2689 1155 2746 sunt.¹
1221 2686 1298 2744 Et
1342 2704 1512 2748 serm.
1551 2696 1627 2749 17
1639 2693 1673 2748 3
1723 2704 1781 2749 n.
1836 2694 1903 2747 2:
1961 2684 2137 2755 ,Non
2182 2684 2423 2744 omnino
2470 2682 2889 2761 ambigendum
2935 2686 3046 2756 est,

418 2777 534 2836 ista
563 2776 842 2852 prodesse
874 2775 1191 2846 defunctis,
1228 2775 1329 2833 sed
1363 2774 1608 2845 talibus,
1641 2774 1751 2850 qui
1789 2775 1876 2833 ita
1909 2775 2186 2832 vixerunt
2215 2777 2355 2832 ante
2384 2775 2654 2844 mortem,
2700 2775 2773 2832 ut
2812 2772 3050 2849 possint

418 2865 503 2925 eis
549 2866 690 2925 haec
719 2883 850 2924 esse
883 2864 1060 2926 utilia
1104 2866 1243 2940 post
1290 2867 1560 2923 mortem.
1627 2862 1782 2921 Nam
1837 2863 1943 2939 qui
1973 2864 2100 2922 sine
2132 2862 2263 2934 fide,
2314 2881 2467 2938 quae
2514 2880 2619 2937 per
2666 2860 3046 2921 dilectionem

417 2957 715 3030 operatur,
749 2955 995 3029 ejusque
1014 2952 1394 3012 sacramentis
1415 2951 1489 3010 de
1510 2951 1864 3027 corporibus
1888 2953 2177 3021 exierunt,
2209 2951 2432 3010 frustra
2460 2950 2585 3009 illis
2616 2970 2652 3008 a
2680 2951 2807 3010 suis
2840 2951 3047 3026 hujus-

418 3043 580 3102 modi
612 3043 851 3119 pietatis
883 3042 1071 3101 officia
1101 3036 1592 3123 impenduntur2)
1609 3049 1637 3079 ¹
1673 3043 1784 3099 etc.

597 3161 918 3228 Credebat
947 3180 1098 3243 ergo
1131 3160 1415 3225 Ecclesia
1445 3161 1800 3242 primorum
1832 3160 2194 3225 seculorum
2224 3180 2287 3230 a.
2318 3165 2575 3242 praeter
2591 3158 2840 3224 animas
2860 3160 3044 3225 dam-

416 3276 606 3335 natas
639 3279 705 3335 et
728 3271 864 3353 jam
895 3269 1124 3335 beatas
1157 3269 1317 3333 alias
1351 3287 1514 3344 esse,
1556 3286 1678 3332 nec
1720 3269 2063 3333 damnatas
2093 3287 2214 3334 nec
2239 3268 2376 3350 jam
2407 3267 2654 3344 beataS,
2701 3284 2939 3349 easque
2969 3268 3043 3336 b.

417 3374 665 3457 indigas
697 3376 926 3453 solatii,
959 3374 1177 3438 auxilii
1208 3381 1347 3451 etc.,
1380 3375 1553 3456 quod
1584 3392 1704 3439 nos
1737 3374 1895 3454 ipsis
1935 3373 2161 3439 afferre
2191 3393 2537 3457 possumus
2556 3371 2869 3453 suffragiis
2900 3378 3044 3449 etc.;

414 3501 659 3565 easque
693 3503 758 3552 c.
791 3489 1057 3565 propter
1087 3487 1359 3562 peccata
1389 3482 1515 3545 hac
1548 3463 1789 3545 invita
1825 3481 2173 3545 commissa
2203 3481 2308 3546 illo
2340 3499 2482 3545 8888
2513 3481 2579 3545 111
2611 3486 2821 3544 statu:
2853 3498 3044 3562 quem

416 3590 486 3659 d.
518 3591 770 3654 censuit
798 3588 1040 3653 habere
1071 3587 1285 3665 finem,
1316 3588 1694 3670 animasque
1754 3585 1897 3650 illas
1946 3587 2133 3650 citius
2166 3586 2494 3651 tardiusve
2524 3605 2641 3669 pro
2672 3604 2792 3649 suo
2825 3585 3043 3651 debito

414 3702 767 3778 nostraque
798 3693 1222 3776 sollicitudine
1252 3695 1615 3775 pertingere
1649 3694 1732 3758 ad
1774 3693 2268 3759 beatitudinem:
2314 3713 2375 3764 8.
2407 3691 2679 3757 credidit
2709 3693 2899 3771 igitur
2929 3710 3042 3756 ex-

412 3802 643 3866 sistere
674 3804 1131 3884 purgatorium.

597 3927 660 3994 3.
692 3930 852 4000 Quae
881 3919 1074 3990 illatio
1106 3931 1491 3990 confirmatur
1522 3930 1808 4006 suffragio
1840 3933 2101 4007 patrum,
2148 3931 2255 4004 qui
2298 3930 2393 3988 vel
2429 3928 2784 3987 adversariis
2815 3930 3042 3986 testan-

412 4019 580 4079 tibus
611 4023 878 4079 nostram
909 4023 1159 4080 tuentur
1188 4020 1533 4079 doctrinam.
1600 4019 1728 4088 ,De
1761 4019 2053 4096 patribus,
2087 4018 2287 4093 inquit
2316 4018 2596 4077 Petrus
2626 4018 2854 4093 Martyr
2882 4034 3041 4075 unus

411 4127 491 4168 cx
520 4108 644 4167 illis
675 4110 785 4172 loc.
817 4128 1108 4169 commun.
1140 4109 1325 4168 classe
1356 4109 1443 4167 111
1475 4129 1534 4171 n.
1569 4119 1625 4179 9,
1678 4108 1827 4184 quid
1860 4108 2155 4167 senserint
2196 4107 2305 4167 hac
2348 4126 2532 4183 super
2575 4125 2655 4178 re,
2701 4124 2821 4164 non
2852 4105 3041 4163 habeo

636 4310 677 4379 ⁷¹)
702 4307 876 4379 Apud
902 4306 947 4360 B
963 4306 1029 4362 ic
1044 4306 1084 4360 k
1100 4307 1201 4362 ell
1227 4306 1632 4376 Ausgewahlte
1660 4305 1941 4361 Gedichte
1967 4304 2068 4360 der
2094 4304 2384 4374 syrischen
2409 4303 2823 4362 Kirchenvater
2843 4321 2898 4373 p.
2923 4307 3040 4359 108.

413 4382 503 4437 01.
530 4387 823 4455 praeterea
850 4383 1188 4454 Cyrillus
1214 4385 1420 4439 hieros.
1447 4387 1556 4438 cat.
1582 4386 1751 4453 myst.
1781 4383 1849 4438 V.
1875 4401 1933 4438 n.
1969 4391 2035 4441 10
2061 4386 2335 4456 (n.425⁸);
2364 4382 2941 4452 chrysostomus
2980 4380 3044 4434 in

413 4464 493 4516 ct.
518 4467 700 4535 apost.
726 4466 783 4520 11.
812 4473 912 4526 21:
938 4465 1000 4519 in
1032 4476 1077 4524 1.
1105 4465 1237 4522 Cor.
1258 4467 1313 4520 h.
1339 4475 1403 4522 41
1434 4483 1491 4519 n.
1519 4473 1554 4521 4
1578 4483 1653 4526 8.
1707 4464 1756 4518 Κ
1775 4465 1976 4521 irsch
2015 4465 2122 4520 Die
2159 4464 2626 4519 Acclamationen
2666 4462 2786 4516 und
2827 4461 3044 4517 Gebete

409 4543 519 4597 der
542 4543 850 4600 altchristl.
878 4545 1108 4612 Kirche,
1136 4545 1281 4603 06111
1313 4549 1468 4603 1897.

635 4625 790 4696 )01.
818 4629 1109 4697 praeterea
1135 4626 1205 4680 de
1231 4625 1340 4682 civ.
1367 4625 1475 4680 Dei
1499 4626 1646 4692 XXI,
1680 4633 1745 4683 13
1773 4625 2330 4697 88.·,01-83011118
2354 4624 2430 4682 M.
2458 4623 2594 4679 dial.
2620 4622 2717 4688 IV,
2743 4640 2791 4677 c.
2817 4631 2903 4679 44.
2957 4622 3042 4678 01.

416 4704 697 4760 Katholik
728 4708 866 4764 1874
891 4707 932 4772 1,
960 4714 1027 4764 59
1054 4725 1121 4764 88.

2612 4759 2744 4850 4Οή
