3538 5364
1185 220 1501 275 necessaria
1529 221 1861 275 necessitate
1890 223 2083 276 medii.
2816 236 2937 301 127

316 405 511 464 solum
543 407 616 463 ut
646 405 911 464 conditio
944 425 1012 465 ex
1046 406 1245 465 divina
1265 407 1658 476 ordinatione,
1691 408 1793 466 sed
1815 412 1886 467 ut
1904 428 2096 480 causa,
2134 410 2265 468 sine
2299 430 2418 486 qua
2435 430 2557 470 non
2578 411 2941 472 sufficienter

315 496 675 570 proponitur
707 495 1008 554 voluntati
1039 495 1338 570 objectum
1369 496 1706 555 amandum.

502 630 646 682 141.
684 616 1229 684 Demonstratio
1264 636 1331 700 ρ.
1368 617 1472 684 ΙΙ.
1508 621 1678 679 Fides
1711 621 1944 697 proprie
1977 622 2136 681 dicta
2167 625 2507 684 continetur
2539 643 2788 684 assensu
2819 626 2952 685 Dee·

316 709 443 767 sive
472 708 735 767 interius
769 711 895 767 sive
927 709 1182 767 exterius
1233 728 1338 785 per
1369 710 1596 786 legatos
1645 710 1915 785 loquenti
1960 717 2203 788 propter
2233 714 2363 789 ejus
2397 716 2811 773 auctoritatem
2842 734 2938 772 ex-

316 797 542 856 hibito:
591 798 739 856 fides
775 798 892 856 late
938 803 1178 873 accepta
1222 817 1468 857 assensu
1515 799 1780 858 exhibito
1811 801 2161 859 revelationi
2195 803 2458 871 virtuali,
2508 822 2614 862 seu
2645 811 2939 862 creatura-

314 906 451 944 rum
482 887 853 956 testimonie,
885 906 1034 962 quae
1067 906 1175 945 sua
1205 888 1557 946 exsistentia
1600 895 1663 946 et
1708 888 1916 947 ordine
1965 896 2269 949 testantur
2304 892 2409 950 Dei
2440 894 2852 951 exsistentiam
2882 900 2942 952 et

314 976 693 1051 sapientiam.
729 976 839 1034 Hic
870 994 1008 1035 vero
1039 995 1318 1035 assensus
1350 982 1549 1051 potest
1579 997 1709 1035 esse
1751 979 1843 1036 vel
1887 980 2196 1050 naturalis,
2244 982 2336 1039 vel
2368 981 2545 1039 etiam
2580 993 2935 1057 supernatu-

313 1066 456 1123 ralis
488 1084 601 1140 ope
634 1065 866 1141 gratiae
896 1065 1147 1124 elicitus.
1212 1066 1294 1128 cf.
1330 1066 1655 1141 Ripalda
1685 1066 1741 1126 d.
1779 1075 1856 1129 20
1895 1071 2036 1127 sect.
2075 1078 2367 1139 21-23;
2415 1070 2469 1130 d.
2506 1081 2585 1132 ὃς
2620 1071 2725 1129 col.
2759 1072 2813 1132 d.
2849 1073 2939 1130 ul-

313 1155 463 1212 tima
497 1178 545 1216 ⁸.
581 1164 663 1216 42
700 1173 758 1214 n.
794 1164 939 1216 461.
1003 1154 1064 1211 Si
1099 1154 1242 1213 fides
1274 1155 1618 1213 continetur
1648 1174 1895 1215 assensu
1926 1158 2119 1216 solum
2153 1159 2434 1228 naturali,
2477 1159 2719 1219 evidens
2751 1166 2841 1218 est
2871 1180 2940 1219 ex

314 1246 440 1301 toto
471 1246 758 1303 tractatu.
791 1263 917 1302 eam
953 1261 1071 1301 non
1105 1244 1375 1303 sufficere
1406 1244 1478 1302 ad
1512 1245 1783 1305 salutem.
1817 1246 2094 1305 Sufficere
2128 1266 2266 1306 vero
2299 1248 2471 1307 fidem
2509 1249 2625 1307 late
2643 1259 2940 1326 acceptam

319 1333 839 1407 supernaturalem
875 1333 1031 1390 haud
1066 1332 1455 1408 improbabile
1491 1342 1693 1392 censet
1737 1335 2162 1395 Gutberlet
2211 1337 2417 1399 Lehrb.
2452 1338 2559 1397 der
2587 1340 2940 1414 Apologetik

313 1422 393 1491 1¹,
432 1432 535 1483 61.
600 1421 746 1479 Eam
779 1431 979 1479 tamen
1010 1439 1128 1479 non
1177 1441 1249 1480 su
1276 1423 1461 1489 ficere,
1511 1430 1573 1480 et
1622 1424 1671 1481 si
1706 1442 1984 1483 assensus
2031 1425 2112 1482 sit
2156 1428 2645 1501 supernaturalia,
2677 1437 2842 1503 patet
2872 1447 2939 1485 ex

318 1510 720 1568 declaratione
752 1528 911 1569 conc.
947 1512 1292 1569 vaticani
1330 1506 1401 1592 (t.
1434 1512 1461 1568 1
1495 1530 1550 1571 n.
1586 1507 1769 1590 45s);
1819 1532 1884 1570 ex
1918 1532 2084 1589 prop.
2121 1524 2200 1577 23
2235 1516 2309 1574 ab
2345 1516 2810 1575 Innocentio
2845 1517 2938 1575 XI.

314 1599 626 1657 damnata:
695 1639 721 1667 ,
742 1599 911 1657 Fides
944 1599 1059 1658 late
1090 1600 1250 1658 dicta
1281 1619 1348 1659 ex
1382 1601 1725 1658 testimonio
1758 1609 2161 1661 creaturarum
2197 1605 2710 1681 similivefmotivo
2742 1606 2815 1664 ad
2839 1609 2940 1681 ju·

315 1688 734 1746 stificationem
767 1688 1049 1746 sufficit}
1112 1689 1432 1766 Colligitur
1462 1689 1640 1748 etiam
1674 1708 1743 1748 ex
1779 1691 2101 1767 Scripturis
2134 1697 2195 1752 et
2226 1695 2518 1769 patribus,
2567 1695 2672 1769 qui
2704 1705 2941 1769 quoties

313 1777 453 1835 fidei
484 1778 906 1836 necessitatem
938 1785 1171 1854 urgent,
1203 1780 1443 1837 nomine
1488 1779 1623 1837 fidei
1672 1780 1845 1837 fidem
1891 1782 2133 1856 proprie
2177 1782 2396 1841 dictam
2449 1784 2817 1859 intelligunt.
2881 1785 2940 1841 Si

316 1871 517 1924 autem
552 1885 822 1941 quaeras,
858 1867 1153 1940 quomodo
1186 1886 1327 1945 ergo
1361 1869 1665 1943 provisum
1698 1869 1780 1926 sit
1810 1869 2169 1940 infidelibus,
2222 1872 2294 1929 ad
2328 1891 2479 1947 quos
2510 1874 2773 1931 nondum
2808 1893 2940 1949 per-

314 1956 481 2014 venit
513 1957 803 2014 revelatio
836 1955 1186 2014 christiana:
1240 1976 1625 2033 provocamus
1677 1957 1749 2015 ad
1799 1958 2058 2017 axioma:
2112 1960 2373 2019 Patienti
2423 1963 2582 2035 quod
2629 1972 2719 2020 est
2769 1963 2831 2020 in
2862 1981 2939 2031 se,

314 2046 473 2103 Deus
506 2064 632 2103 non
664 2044 919 2121 denegat
949 2045 1235 2121 gratiam:
1270 2046 1408 2103 hinc
1441 2050 1597 2104 enim
1618 2046 1890 2105 inferunt
1908 2049 2164 2125 theolegi
2187 2068 2320 2108 cum
2356 2069 2399 2110 s.
2435 2050 2479 2107 Τ
2502 2052 2729 2120 homa,
2759 2053 2940 2111 Deum

313 2134 698 2210 provisurum
731 2151 862 2192 esse
895 2130 1045 2213 (sive
1075 2154 1182 2210 per
1213 2133 1671 2206 missionarium,
1706 2137 1833 2195 sive
1866 2137 2102 2195 interna
2133 2137 2539 2197 illustratione
2569 2134 2707 2221 etc)
2743 2140 2850 2205 illi,
2875 2148 2942 2199 ut

313 2230 451 2281 ante
498 2230 753 2281 mortem
808 2223 881 2280 de
914 2223 1008 2293 iis,
1059 2243 1210 2298 quae
1259 2223 1334 2281 ad
1387 2225 1644 2282 salutem
1693 2226 2024 2285 necessaria
2072 2234 2234 2297 sunt,
2278 2228 2615 2286 instruatur
2655 2230 2739 2309 (n.
2775 2225 2942 2310 80⁵).

318 2313 500 2370 Plura
531 2312 606 2370 cf.
641 2331 823 2386 supra
852 2318 898 2370 t.
928 2312 986 2370 ΙΙ
1018 2331 1076 2370 n.
1118 2320 1287 2375 105⁸.

499 2436 646 2500 143.
691 2433 1102 2501 Declaratio
1137 2453 1202 2518 p.
1235 2434 1378 2501 111.
1444 2433 1631 2498 Fides
1665 2435 2101 2517 explicita,
2150 2454 2231 2500 ea
2263 2443 2377 2513 est,
2410 2455 2577 2519 quae
2610 2438 2941 2502 veritatem

316 2539 709 2604 credendam
759 2540 824 2602 in
873 2556 945 2602 se
994 2540 1276 2620 attingit3
1326 2541 1740 2621 implicita
1791 2561 1945 2607 vero
1997 2560 2077 2606 ea
2128 2542 2375 2618 dicitur,
2409 2562 2574 2625 quae
2607 2544 2938 2609 veritatem

314 2646 629 2710 creditam
662 2646 726 2710 in
757 2665 829 2712 se
861 2647 1000 2728 ipsa
1030 2664 1162 2710 non
1193 2647 1489 2729 concipit,
1523 2667 1732 2731 neque
1764 2651 2113 2729 cognoscit,
2145 2650 2261 2715 sed
2296 2651 2359 2714 in
2382 2650 2508 2714 alia
2530 2650 2796 2715 veritate
2829 2669 2941 2716 ex-

311 2754 526 2834 plicite
559 2753 806 2817 credita
836 2755 1184 2838 implexam
1215 2761 1408 2837 atque
1443 2756 1749 2820 latentem
1798 2757 2259 2837 complectitur.
2322 2757 2576 2823 Veritas
2609 2764 2843 2835 autem,
2878 2759 2941 2822 in

312 2878 440 2942 qua
472 2860 718 2943 aliquid
748 2861 1049 2942 implicite
1081 2861 1374 2936 creditur,
1409 2868 1509 2926 est
1542 2861 1640 2925 vel
1679 2862 1739 2929 l.
1776 2861 2102 2943 objectum
2136 2862 2404 2928 formale
2437 2863 2598 2940 fidei,
2636 2883 2753 2929 seu
2786 2883 2940 2928 auc-

312 2969 541 3031 toritas
575 2966 692 3031 Dei
724 2968 1084 3042 revelantiS,
1119 2985 1248 3050 qua
1278 2967 1548 3032 fideliter
1580 2967 1869 3031 admissa
1901 2971 2125 3033 omnia
2155 2970 2388 3035 virtute
2411 2978 2477 3034 et
2496 2972 2691 3034 animi
2723 2972 2937 3052 dispo-

310 3074 547 3138 sitione
581 3083 917 3156 tamquam
949 3092 1105 3137 vera
1136 3073 1579 3149 admittuntur,
1613 3075 1695 3138 ad
1729 3093 1897 3157 quae
1928 3075 2069 3156 ejus
2100 3078 2406 3141 revelatio
2427 3096 2498 3141 se
2514 3077 2811 3142 extendit„
2848 3078 2941 3142 Ita

310 3181 533 3245 fideles
565 3190 784 3245 actum
816 3180 961 3245 fidei
994 3180 1336 3262 implicitae
1378 3181 1441 3243 in
1488 3181 1792 3246 veritates
1841 3181 2159 3246 revelatas
2206 3184 2480 3258 eliciunt,
2513 3203 2658 3247 cum
2691 3184 2940 3248 dicunt:

308 3288 504 3352 credo
539 3287 847 3369 quidquid
880 3286 1049 3352 Deus
1080 3286 1327 3350 infinita
1357 3286 1594 3351 veritas
1627 3287 1950 3352 revelavit.
2016 3288 2132 3353 Vel
2164 3291 2233 3357 2.
2266 3297 2365 3354 est
2397 3290 2616 3371 regula
2649 3292 2940 3371 proxima

310 3413 685 3476 proponens
704 3394 1181 3470 revelationem,
1206 3400 1275 3458 ut
1294 3413 1441 3457 cum
1469 3394 1726 3458 dicitur:
1759 3395 1956 3459 credo
1990 3396 2297 3478 quidquid
2329 3397 2718 3461 credendum
2751 3398 2942 3463 docet

313 3502 633 3577 Ecclesia3
683 3501 784 3566 vel
816 3502 879 3568 3.
911 3501 1148 3566 veritas
1180 3500 1398 3582 aliqua
1446 3506 1745 3582 spectans
1779 3502 1863 3565 ad
1914 3502 2239 3584 objectum
2287 3505 2617 3568 materiale
2651 3505 2796 3569 fidei
2827 3525 2938 3572 ex-

311 3610 523 3690 plicite
556 3608 820 3685 credita,
852 3609 917 3671 in
949 3626 1080 3689 qua
1110 3608 1384 3672 alterurn
1418 3608 1778 3684 includitur,
1831 3618 1944 3673 aut
1975 3611 2081 3682 ita,
2115 3617 2186 3674 ut
2215 3611 2354 3675 sine
2387 3612 2516 3675 alia
2547 3614 2939 3680 revelatione

311 3716 519 3796 possit
552 3733 633 3778 ex
667 3733 747 3779 ea
777 3715 1024 3780 ratione
1071 3714 1331 3780 deduci:
1382 3715 1474 3777 sic
1526 3715 1635 3797 qui
1685 3715 1888 3780 credit
1938 3717 2442 3797 propositionem
2493 3720 2936 3797 universalem,

311 3822 512 3886 credit
543 3821 848 3902 implicite
878 3821 1350 3902 propositiones
1384 3821 1806 3903 particulares
1852 3821 1972 3885 sub
2007 3841 2086 3887 ea
2117 3825 2651 3905 comprehensas;
2702 3833 2813 3890 aut
2850 3828 2938 3891 ita

311 3947 511 3992 unum
545 3929 612 3992 in
645 3929 848 3992 altero
882 3928 1265 4004 continetur,
1299 3934 1372 3992 ut
1420 3929 1482 3991 id
1516 3928 1653 3993 sine
1703 3946 1876 3992 nova
1924 3930 2317 3994 revelatione
2368 3933 2591 4012 attingi
2642 3941 2934 4015 nequeat

315 4035 416 4101 Sic
434 4038 548 4120 qui
581 4037 785 4102 credit
817 4055 1018 4100 unum
1051 4056 1277 4101 verum
1300 4038 1520 4113 Deum,
1544 4036 1848 4118 implicite
1869 4038 2076 4103 credit
2096 4037 2370 4115 Patrem,
2394 4040 2616 4102 Filium
2654 4049 2718 4104 et
2738 4038 2935 4122 Spiri-

315 4150 447 4207 tum
478 4151 781 4208 sanctum
816 4143 920 4229 (cf.
954 4150 994 4207 t.
1028 4143 1068 4207 1.
1102 4164 1162 4207 n.
1192 4147 1360 4230 151).
1396 4145 1680 4226 Denique
1712 4146 1780 4211 4.
1815 4164 2030 4209 sermo
2064 4163 2206 4209 esse
2237 4153 2453 4227 potest
2485 4147 2563 4211 de
2596 4147 2736 4213 fide.
2770 4165 2936 4229 quae

314 4251 613 4331 implicite
648 4251 805 4315 latet
836 4251 900 4313 in
933 4249 1104 4315 bona
1138 4251 1483 4327 voluntate,
1535 4257 1709 4326 voto,
1758 4251 2100 4326 desideriO,
2146 4252 2339 4315 animi
2389 4253 2807 4334 dispositione
2841 4254 2934 4318 sa-

316 4358 519 4421 ciendi
551 4358 789 4428 omnia,
824 4374 990 4439 quae
1022 4356 1196 4422 Deus
1230 4358 1568 4439 praecepit.
1629 4358 1776 4422 Jam
1809 4376 1962 4422 vere
1995 4358 2310 4439 eiusmodi
2344 4360 2532 4424 fidem
2566 4361 2933 4441 implicitam

318 4464 439 4528 scil.
472 4466 539 4528 in
573 4470 728 4528 voto
762 4470 1012 4529 tantum
1046 4482 1177 4528 non
1210 4464 1519 4539 sufficere,
1546 4464 1682 4545 jam
1715 4463 1994 4527 diximus
2029 4485 2085 4528 n.
2131 4470 2269 4534 140.

492 4578 637 4640 143.
682 4572 1224 4641 Demonstratio
1276 4592 1341 4656 p.
1394 4572 1531 4640 111.
1596 4569 1974 4634 Necessario
2005 4595 2012 4600 ¹
2038 4572 2432 4636 credendum
2495 4591 2638 4637 esse
2702 4573 2935 4638 virtute

323 4678 540 4742 saltem
574 4684 640 4743 et
669 4677 972 4759 implicite
994 4678 1299 4760 quidquid
1321 4676 1626 4743 revelatio
1647 4677 1998 4742 christiana
2020 4679 2482 4762 complectitur,
2503 4679 2816 4761 probatur
2837 4680 2930 4756 iis,
