3538 5364
1323 320 1624 375 Concionis
1652 322 2075 391 argumentum.
2877 323 3009 388 (359

371 512 556 582 adde,
603 512 698 569 vix
730 509 1008 569 credibile
1040 525 1170 567 esse
1202 508 1265 566 in
1296 507 1802 566 consummatione
1833 525 2032 565 rerum
2070 506 2230 564 illam
2266 505 2574 564 delendam
2608 523 2736 563 esse
2768 508 3007 562 natura-

387 621 526 659 rum
575 599 844 676 speciem,
893 617 1043 673 quae
1088 597 1161 656 ad
1208 596 2008 671 universi,complementum
2042 595 2161 654 sere
2206 595 2535 654 necessaria
2580 597 2674 652 est
2718 592 3011 652 censenda

374 688 476 772 =(n.
515 702 545 751 7
558 700 635 752 05
649 690 719 765 ²).

576 823 718 876 705.
753 806 1103 876 Scholion
1135 807 1571 890 praetleum.
1623 810 1768 869 Cum
1803 811 2171 868 mortuorum
2203 810 2558 867 resurrectio
2591 808 2745 866 tanti
2777 808 2854 866 sit
2885 826 3010 865 mo-

383 902 597 971 menti,
643 904 715 960 ut
760 905 913 959 teste
945 901 1130 958 Paulo
1164 919 1232 958 ea
1263 904 1479 975 negata
1508 902 1646 957 ruat
1675 898 1821 957 fides
1854 898 2172 957 christiana
2206 893 2290 980 (n.
2326 896 2498 973 696),
2547 916 2732 973 eaque
2779 896 2844 954 in
2890 896 3011 971 pri-

390 993 502 1050 mis
535 991 924 1066 impugnetur
954 989 1027 1047 ab
1061 989 1415 1047 adversariis
1448 987 1605 1059 fidei,
1648 987 1766 1046 imo
1800 988 2227 1062 praeeuntibus
2250 987 2376 1062 jam
2408 986 2729 1045 incredulis
2761 985 3009 1061 quibus·

375 1082 526 1139 dam
559 1078 1008 1138 atheniensibus
1040 1079 1169 1136 Act.
1210 1088 1305 1147 17,
1344 1086 1423 1140 32
1459 1076 1784 1135 irrideatur
1817 1071 1901 1158 (n.
1938 1086 2015 1139 70
2027 1071 2124 1158 2):
2177 1075 2443 1151 proderit
2472 1075 2802 1146 ostendere,
2836 1094 3014 1149 quam

376 1169 870 1229 conveniens
901 1166 1298 1242 undequaque
1343 1167 1423 1224 sit
1468 1166 1658 1225 carnis
1691 1166 2049 1224 resurrectio
2087 1164 2159 1223 ad
2192 1164 2504 1241 fovendam
2534 1165 2684 1223 hanc
2716 1163 3010 1235 ‚christia-

391 1278 609 1318 norum
640 1257 952 1327 fiduciam‘,
987 1260 1059 1314 ut
1088 1275 1215 1314 eam
1249 1256 1510 1332 appellat
1540 1254 2107 1314 Tertullianus,
2172 1254 2281 1313 Est
2311 1254 2470 1312 enim

577 1358 639 1425 l.
675 1361 1028 1421 conveniens
1063 1380 1131 1419 ex
1163 1365 1329 1436 parte
1362 1360 1676 1420 Christi.
1723 1361 1906 1420 Decet
1924 1359 2082 1418 enim
2113 1362 2187 1418 ut
2216 1376 2279 1423 a.
2315 1360 2428 1418 s'ub
2460 1360 2718 1435 capite
2750 1359 3012 1418 redivivo

399 1452 519 1511 sint
549 1457 610 1510 et
640 1451 906 1510 membra
936 1450 1087 1518 viva,
1121 1450 1237 1525 ipsi
1270 1450 1393 1512 scil.
1430 1451 1809 1526 homogenea.
1861 1449 2027 1509 Siout
2045 1449 2202 1508 enim
2224 1450 2381 1507 Deus
2414 1467 2534 1507 non
2566 1452 2660 1508 est
2681 1449 2837 1507 Deus
2858 1466 3014 1507 mor-

383 1546 656 1609 tuorum,
705 1540 808 1599 sed
839 1540 1112 1598 vivorum
1143 1536 1342 1621 (Marc.
1384 1547 1480 1610 12,
1521 1538 1658 1615 27):
1708 1539 1794 1617 ita
1838 1542 1900 1598 et
1944 1538 2205 1615 dignitas
2238 1538 2454 1597 Christi
2490 1537 2698 1613 capitis
2730 1537 3013 1613 postulat,

397 1634 468 1689 ut
517 1649 638 1688 non
688 1630 767 1686 sit
815 1634 994 1704 caput
1041 1627 1440 1686 membrorum
1486 1632 1879 1697 mortuorum,
1932 1627 2036 1685 sed
2087 1627 2419 1686 viventium
2462 1622 2546 1710 (n.
2584 1626 2750 1701 697).
2816 1627 3016 1703 Exigit

389 1717 468 1784 l).
502 1718 694 1777 carnis
734 1716 1228 1776 resurrectionem
1278 1717 1584 1794 plenitudo
1631 1716 2237 1792 redemptioniS,
2290 1736 2467 1792 quam
2512 1717 2801 1775 rationem
2847 1735 3016 1790 prae-

397 1809 555 1866 clare
588 1812 760 1883 urget
790 1805 1343 1864 Tertullianus
1376 1825 1432 1865 n.
1469 1799 1643 1869 698⁶.
1690 1805 1891 1882 Exigit
1922 1824 2051 1863 eam
2084 1819 2149 1868 e.
2184 1804 2530 1864 victoria
2561 1824 2702 1864 sane
2732 1804 3011 1880 perfecta,

398 1916 582 1972 quam
614 1896 877 1954 Christus
911 1895 1122 1953 retulit
1153 1894 1224 1953 de
1256 1895 1530 1954 hostibus
1563 1895 1799 1964 nostriS,
1849 1894 2102 1970 ideoque
2147 1899 2209 1953 et
2254 1893 2326 1952 de
2358 1897 2577 1953 morte:
2625 1914 2802 1971 quam
2835 1895 3018 1953 ratio-

403 2004 538 2044 nem
572 1985 838 2061 suggerit
870 2004 914 2043 s.
949 1984 1235 2042 Paulus
1267 2003 1323 2045 n.
1360 1994 1505 2046 697.

579 2088 642 2156 2.
675 2091 1038 2149 Conveniens
1070 2091 1163 2148 est
1193 2090 1546 2149 resurrectio
1579 2089 1771 2148 carnis
1803 2108 1870 2149 ex
1917 2092 2087 2165 parte
2121 2089 2270 2148 Dei.
2337 2091 2477 2148 Eam
2524 2090 2683 2148 enim
2728 2105 2791 2155 a.
2837 2089 3021 2165 exigit

376 2179 724 2257 ‚justitia
758 2180 879 2249 Dei,
913 2199 1093 2254 quam
1127 2179 1595 2238 convenientiam
1630 2182 1760 2237 fuse
1793 2183 2242 2254 prosequuntur
2272 2183 2471 2254 patres
2506 2179 2589 2256 (n.
2624 2189 2769 2243 698.
2806 2173 3017 2259 701⁵),

402 2269 885 2345 eloquentissime
905 2269 949 2327 T
964 2268 1002 2325 h
1020 2287 1051 2326 e
1067 2286 1101 2326 o
1116 2267 1155 2325 d
1173 2287 1207 2327 o
1222 2288 1252 2325 r
1268 2286 1299 2326 e
1314 2271 1342 2326 t
1356 2288 1397 2326 u
1414 2286 1441 2326 s
1475 2268 1548 2326 de
1566 2287 1730 2344 prov.
1753 2287 1835 2326 or.
1861 2277 1896 2329 9
1916 2289 1930 2337 3
1963 2267 2149 2344 exigit
2182 2265 2253 2331 b.
2288 2286 2315 2325 s
2330 2287 2364 2325 a
2382 2288 2419 2344 p
2435 2269 2457 2326 i
2471 2287 2502 2325 e
2519 2288 2561 2327 n
2575 2272 2603 2326 t
2618 2269 2638 2326 i
2655 2288 2689 2326 a
2709 2268 2834 2338 Dei,
2868 2286 3019 2343 quae

397 2358 665 2418 cernitur
694 2358 757 2416 in
789 2358 1144 2432 perfectione
1175 2361 1237 2415 et
1267 2358 1614 2433 integritate
1645 2357 1933 2419 universi.
1988 2357 2176 2432 Atqui
2209 2358 2316 2415 hoo
2346 2375 2625 2415 mancum
2655 2360 2716 2416 et
2748 2357 3017 2415 hiulcum

401 2447 674 2505 redditur
703 2446 899 2505 deleta
928 2446 991 2504 in
1023 2451 1328 2505 aeternum
1358 2450 1573 2505 natura
1591 2447 1865 2516 humana,
1898 2464 2051 2521 quae
2083 2448 2174 2504 est
2203 2452 2326 2504 tam
2358 2446 2507 2504 mira
2525 2447 2825 2522 synthesis
2848 2447 3017 2522 regni

402 2535 733 2612 spiritualis
778 2540 839 2593 et
884 2535 1143 2612 corporis
1190 2535 1255 2613 (t.
1287 2536 1344 2594 11
1388 2552 1449 2597 n.
1485 2530 1657 2614 288).
1722 2535 1923 2611 Exigit
1968 2548 2030 2598 e.
2078 2536 2438 2610 potentia
2485 2536 2608 2603 Dei,
2656 2554 2806 2610 quae
2852 2535 3016 2593 illam

387 2629 528 2685 toto
561 2624 767 2684 ordine
798 2624 1114 2682 revolubili
1145 2643 1345 2684 rerum
1379 2643 1484 2684 seu
1525 2626 1742 2684 natura
1774 2624 2059 2701 magistra
2090 2628 2365 2696 testatur,
2412 2627 2483 2685 ut
2527 2624 2798 2701 loquitur
2842 2624 3019 2682 Ter-

386 2715 805 2773 tullianus
839 2713 920 2792 (n.
958 2709 1158 2792 698b).

581 2820 643 2886 3.
676 2821 1039 2880 Conveniens
1072 2824 1164 2879 est
1194 2823 1551 2881 resurrectio
1585 2823 1777 2881 carnis
1810 2841 1879 2880 ex
1913 2825 2083 2897 parte
2115 2822 2301 2898 ipsius
2334 2824 2661 2882 naturae
2693 2822 3018 2880 humanae:

402 2931 531 2970 eam
563 2910 722 2969 enim
753 2910 942 2987 exigit
971 2926 1034 2974 a.
1067 2910 1200 2986 ipsa
1231 2911 1461 2969 indoles
1491 2916 1553 2969 et
1584 2930 1659 2969 es
1678 2930 1703 2967 s
1722 2930 1752 2970 e
1771 2911 1940 2970 ntia
1970 2917 2217 2970 naturae
2236 2912 2527 2970 humanae
2560 2911 2915 2986 compositae
2949 2929 3016 2968 ex

401 3018 647 3075 corpore
678 3004 739 3057 et
769 3001 967 3057 anima
996 3000 1337 3070 immortali,
1373 3019 1524 3074 quae
1543 3000 1946 3058 essentialiter
1977 3004 2070 3059 est
2101 3001 2287 3059 forma
2318 3000 2597 3077 corporis
2648 3000 2728 3058 Cf.
2760 3018 2804 3058 s.
2837 2999 2882 3056 T
2900 3000 2934 3057 h
2956 3018 3019 3057 o-

403 3107 557 3147 mas
589 3099 839 3170 n.'704;
873 3089 1057 3165 exigit
1089 3085 1157 3150 b.
1193 3092 1440 3147 naturae
1473 3090 1762 3148 humanae
1795 3089 2190 3166 dignitas,
2225 3109 2377 3164 quae
2409 3090 2472 3147 in
2506 3108 2633 3148 eam
2666 3088 3023 3147 redundavit

406 3197 476 3236 ex
525 3179 930 3252 assumptione
979 3177 1174 3236 carnis
1218 3177 1390 3236 nobis
1436 3179 1962 3236 consubstantialis
2012 3179 2073 3236 in
2125 3179 2422 3237 unitatem
2473 3197 2756 3254 personae
2808 3177 3020 3246 Verbi,
3007 3198 3020 3211 ·

395 3267 589 3343 exigit
620 3280 681 3331 e.
715 3265 990 3342 dignitaS,
1040 3285 1218 3341 quam
1265 3271 1746 3325 sacramenta
1790 3267 1911 3342 ipsi
1944 3268 2259 3326 conciliant
2293 3264 2379 3351 (n.
2415 3278 2494 3329 69
2504 3262 2619 3350 8⁰),
2667 3265 3023 3327 nominatim

394 3352 474 3419 41.
519 3357 817 3431 perceptio
862 3355 1430 3426 eucharistiae,
1479 3375 1548 3413 ex
1595 3374 1713 3431 qua
1757 3359 1955 3432 patres
1987 3375 2268 3433 persaepe
2301 3357 2491 3414 carnis
2529 3356 3023 3415 resurrectionem

391 3443 668 3503 inferunt
701 3438 784 3524 (ιι.
813 3453 844 3505 3
860 3453 935 3506 55
952 3438 1022 3526 ⁷).
1056 3443 1535 3502 Convenientiam
1570 3463 1639 3502 ex
1672 3444 1965 3521 dignitate
1986 3445 2178 3503 carnis
2200 3446 2528 3504 derivatam
2548 3446 2843 3521 praeclare
2864 3446 3021 3503 evol·

404 3535 496 3593 vit
529 3533 1084 3591 Tertullianus
1116 3532 1189 3591 de
1222 3534 1413 3591 carnis
1443 3553 1659 3591 resurr.
1692 3551 1740 3594 c.
1780 3543 1812 3596 5
1851 3553 1928 3596 ss.

583 3651 647 3720 4.
679 3655 765 3713 Ex
811 3655 1244 3715 resurrectIOne
1290 3655 1482 3714 carnis
1527 3657 1680 3715 infer
1728 3672 1795 3719 a.
1849 3657 2426 3734 obligationem
2476 3659 2879 3718 sanctificandi
2929 3660 3025 3717 vel

405 3763 641 3821 corpus,
689 3745 845 3818 quod
893 3744 1184 3826 quondam
1234 3744 1603 3821 ingredietur
1633 3745 1831 3803 aulam
1864 3747 2195 3810 coelestem.
2262 3748 2420 3805 Haec
2464 3756 2544 3806 est
2588 3749 2848 3806 voluntas
2897 3748 3024 3820 Dei,

405 3835 781 3907 sanctificatio
803 3841 1009 3908 vestra,
1042 3841 1104 3891 ut
1125 3835 1460 3892 abstineatis
1492 3853 1588 3893 vos
1619 3855 1656 3892 a
1684 3835 2087 3912 fornicatione,
2124 3844 2188 3893 ut
2206 3839 2351 3894 sciat
2371 3839 2755 3913 unusquisque
2774 3845 3025 3896 vestrum

407 3942 510 3982 vas
539 3941 711 3982 suum
733 3924 1031 3996 poss-idere
1063 3925 1124 3980 in
1156 3924 1600 3998 sanctificatione
1632 3929 1682 3981 et
1713 3925 1963 3983 honore:
2012 3943 2126 3983 non
2160 3927 2218 3983 in
2241 3927 2516 4001 passione
2546 3923 2844 4002 desiderii,
2879 3929 3027 3984 sicut

391 4020 458 4070 -et
485 4019 693 4089 qentes,
727 4030 870 4088 quae
902 4012 1086 4070 Deum
1119 4013 1389 4089 iynorant
1427 4024 1478 4074 1.
1510 4012 1716 4070 Thess:
1744 4023 1801 4083 4,
1841 4024 1875 4076 3
1912 4032 2020 4083 ss.;
2068 4014 2281 4092 collige
2316 4011 2384 4079 b.
2418 4015 2758 4074 solamen
2791 4016 2854 4073 in
2887 4034 3023 4090 pas-

409 4101 674 4159 sionibus
705 4120 837 4159 cum
871 4101 1213 4159 fortissimis
1234 4101 1520 4160 fratribus
1536 4101 1909 4162 machabaeis
1932 4099 2014 4184 (n.
2038 4100 2258 4183 6972);
2292 4103 2596 4162 moderare
2628 4119 2691 4166 c.
2728 4104 3026 4162 luctum

409 4189 472 4247 in
505 4189 819 4248 amissione
852 4208 1120 4248 carorum
1153 4191 1480 4249 secundum
1511 4191 1807 4250 monitum
1841 4192 2012 4250 Pauli
2044 4192 2121 4255 ib.
2155 4211 2208 4252 v.
2249 4202 2323 4255 12
2361 4211 2470 4262 ss,;
2512 4193 2674 4251 disce
2707 4189 2775 4257 (l.
2808 4211 3026 4251 reve-

409 4278 567 4336 reri
599 4278 1015 4338 defunctorum
1048 4297 1293 4355 corpora
1334 4281 1395 4338 et
1441 4295 1501 4343 e.
1549 4281 1809 4339 colere
1855 4285 2195 4340 sanctorum
2226 4282 2511 4357 reliquias
2546 4277 2655 4362 (th.
2693 4291 2815 4345 228
2851 4301 2907 4357 p.
2944 4281 3024 4358 3).

593 4421 735 4484 706.
771 4416 1025 4485 'rhesis
1051 4415 1567 4489 CCLXXVIII.
1604 4440 1860 4506 Opinio
1882 4441 2024 4493 sive
2044 4441 2130 4494 de
2151 4440 2423 4495 Christo
2436 4456 2572 4508 per
2591 4442 2786 4496 mille
2800 4455 3027 4495 annos

397 4525 709 4590 aloriose
747 4527 930 4579 hisce
966 4527 1046 4580 in
1082 4529 1297 4581 terris
1338 4532 1746 4594 reonaturo,
1784 4530 1925 4582 sive
1952 4530 2035 4583 de
2062 4533 2255 4583 statu
2280 4530 2625 4585 Ecclesiae
2654 4530 3030 4583 militantis

411 4619 577 4668 ante
604 4617 989 4670 secundum
1030 4616 1291 4671 Christi
1329 4620 1711 4673 adventum
1737 4618 2175 4684 etjudictum
2216 4620 2617 4672 universale
2652 4620 3025 4685 perplura

399 4704 649 4757 secula
675 4705 1088 4767 felicissimo
1126 4710 1336 4773 atquo
1373 4708 1460 4760 ab
1499 4708 1823 4761 omnibus
1869 4709 2471 4773 persecutionibus
2522 4713 2586 4762 et
2624 4707 2839 4762 malis
2878 4712 3030 4761 tam

397 4793 716 4858 ⁴mimicis
752 4808 966 4860 quam
1004 4797 1396 4851 moralibus
1434 4798 1743 4850 immun-t
1773 4798 1971 4860 falsa
2007 4802 2105 4851 est
2145 4800 2511 4853 censenda.

2601 4883 2692 4936 42·
