3538 5364
601 331 729 394 513
838 321 1023 375 Tract.
1052 322 1144 375 IX.
1171 322 1241 376 de
1268 323 1518 375 extrema
1545 320 1834 375 unctione.
1861 320 1965 375 Th.
1993 320 2222 375 CGLIV.
2251 320 2352 374 Est
2371 320 2442 377 N.
2462 320 2520 373 L.
2538 323 2970 375 sacramentum.

602 509 930 583 menteriis‚
976 507 1040 567 in
1086 507 1304 585 quibus
1342 507 1766 566 describuntur
1798 507 1952 566 ritus
1984 507 2364 566 consecrandi
2395 506 2541 565 feria
2573 505 2639 566 V.
2672 506 2735 564 in
2768 525 2947 565 coena
2978 506 3218 564 Domini

601 598 795 657 oleum
825 597 1198 656 infirmorum
1228 601 1289 656 et
1318 595 1585 675 ungendi
1617 597 1882 655 infirmos
1914 615 2050 655 cum
2082 596 2358 673 precibus
2388 594 2724 654 recitandis.

778 719 842 788 4.
888 723 1094 799 Neque
1139 722 1468 799 spernenda
1516 723 1608 781 est
1652 719 2099 780 convenientiae
2143 719 2313 788 ratic,
2364 738 2544 794 quam
2590 719 2863 796 suggerit
2905 718 3226 778 concilium

600 811 922 871 trident.
969 812 1034 870 in
1081 812 1379 889 prooemio
1428 829 1573 873 sess.
1609 820 1720 874 14:
1775 810 2083 879 ,Primum
2127 808 2331 884 itaque
2374 809 2531 867 circa
2574 809 2742 867 illius
2774 808 3226 868 institutionem

603 902 864 960 declarat
895 904 956 959 et
986 901 1173 971 docet,
1209 899 1368 976 quod
1401 899 1902 958 clementissimus
1923 899 2280 974 Redemptor
2297 901 2518 968 noster,
2552 897 2658 973 qui
2691 897 2878 956 servis
2913 898 3038 956 suis
3069 916 3227 973 quo-

602 991 693 1049 vis
737 995 1003 1066 tempore
1048 989 1242 1048 voluit
1285 988 1357 1048 de
1404 988 1767 1047 salutaribus
1798 987 2079 1046 remediis
2111 987 2395 1052 adversus
2428 986 2622 1045 omnia
2656 985 2921 1045 omnium
2953 987 3230 1045 hostium

602 1081 723 1139 tela
740 1098 870 1139 esse
893 1081 1288 1156 prospectum,
1321 1077 1819 1153 quemadmodum
1838 1076 2062 1135 auxilia
2091 1075 2346 1134 maxima
2378 1076 2439 1133 in
2471 1075 2854 1134 sacramentis
2885 1075 3018 1133 aliis
3050 1094 3229 1151 prae-

603 1169 855 1244 paravit,
888 1168 1111 1243 quibus
1142 1167 1450 1226 christiani
1483 1184 1829 1225 conservare
1861 1184 1924 1223 se
1955 1166 2238 1242 integrOS,
2278 1163 2417 1223 dum
2452 1164 2738 1234 viverent,
2785 1165 2859 1222 ab
2890 1164 3053 1222 omni
3084 1183 3249 1241 gra·‚

603 1257 762 1317 viore
808 1256 1053 1333 spiritus
1092 1256 1460 1316 incommodo
1491 1256 1754 1332 possint;
1807 1255 1892 1312 ita
1939 1258 2229 1313 extremae
2280 1253 2580 1312 unctionis
2628 1257 2994 1312 sacramento
3041 1253 3229 1311 finem

603 1347 777 1417 vitae,
822 1349 1125 1423 tamquam
1157 1343 1493 1403 firmissimo
1525 1344 1780 1421 quodam
1813 1343 2104 1419 praesidio
2151 1343 2427 1404 munivit.
2492 1342 2644 1401 Nam
2690 1343 2805 1401 etsi
2850 1341 3229 1400 adversarius

602 1440 806 1495 noster
837 1435 1165 1494 occasiones
1211 1452 1316 1509 per
1359 1452 1592 1492 omnem
1638 1433 1821 1492 vitam
1868 1434 2120 1509 quaerat
2168 1435 2228 1490 et
2279 1435 2494 1507 captet,
2547 1439 2618 1491 ut
2666 1432 3231 1509 devorare,animas

603 1528 837 1584 nostras
869 1542 1108 1601 quoquo
1140 1523 1313 1581 modo
1346 1523 1564 1599 possit:
1612 1522 1849 1581 nullum
1880 1525 2080 1579 tamen
2111 1523 2349 1596 tempus
2384 1524 2492 1590 est,
2526 1539 2645 1597 quo
2678 1521 3088 1579 vehementius
3122 1520 3231 1577 ille

602 1631 806 1673 omnes
840 1632 981 1671 suae
1012 1612 1308 1671 versutiae
1339 1629 1552 1671 nervos
1584 1611 1860 1670 intendat
1890 1611 1962 1668 ad
1994 1609 2325 1685 perdendos
2357 1625 2465 1667 nos
2509 1609 2773 1685 penituS,
2820 1613 2881 1667 et
2925 1629 2959 1667 a
3005 1609 3233 1667 fiducia

603 1702 801 1772 etiam,
849 1702 900 1759 si
930 1702 1138 1777 possit,
1173 1700 1407 1759 divinae
1437 1700 1875 1760 misericordiae
1907 1699 2327 1768 deturbandoS,
2360 1718 2541 1775 quam
2573 1717 2709 1758 cum
2739 1698 3083 1773 impendere
3117 1717 3231 1756 no·

602 1791 697 1850 bis
730 1790 954 1849 exitum
986 1790 1143 1848 vitae
1174 1789 1518 1867 perspicit.‘
1583 1788 1660 1847 Et
1689 1807 1898 1847 revera
1926 1789 2023 1846 vix
2055 1787 2360 1863 probabile
2392 1790 2499 1850 est.
2548 1788 2849 1846 Christum
2882 1806 3018 1846 cum
3051 1807 3250 1862 praef

602 1881 779 1957 cipua
807 1883 1044 1938 nostrae
1075 1880 1233 1937 vitae
1263 1879 1532 1937 mortalis
1566 1878 1757 1936 stadia
1789 1879 2172 1936 sacramentis
2203 1876 2494 1936 munierit
2523 1889 2584 1935 et
2616 1876 3086 1945 sanctificaverit,
3126 1895 3231 1934 su-

605 1988 874 2046 premum
906 1968 1064 2027 vitae
1094 1971 1333 2027 nostrae
1364 1986 1630 2045 agonem,
1675 1988 1710 2025 a
1753 1986 1872 2042 quo
1919 1966 2157 2025 demum
2194 1966 2393 2025 omnia
2421 1966 2700 2041 pendent,
2748 1966 3064 2041 reliquisse
3098 1967 3232 2023 sine

603 2058 843 2135 speciali
877 2057 1173 2133 praesidio
1205 2061 1266 2114 et
1296 2057 1507 2116 salutis
1540 2055 1821 2116 subsidio,
1843 2090 1929 2098 —
1949 2056 2431 2114 Convenientiam
2454 2056 2602 2114 hanc
2621 2055 2777 2113 vidit
2795 2056 2973 2113 etiam
3006 2055 3103 2112 Le
3122 2054 3229 2112 ib·

603 2147 679 2206 ni
697 2147 813 2206 tiu
831 2165 877 2222 S,
912 2147 1094 2221 quiin
1111 2148 1432 2222 systemate
1445 2145 1779 2221 theologico
1796 2165 1851 2220 p.
1873 2155 1996 2208 274
2015 2144 2099 2202 ita
2110 2144 2183 2202 ad
2198 2163 2322 2202 rem
2340 2145 2574 2202 scribit:
2611 2185 2638 2212 ,
2655 2145 2738 2202 De
2755 2144 3039 2203 unctione
3056 2143 3229 2204 infir-

605 2253 839 2295 morum
870 2254 988 2294 non
1019 2239 1112 2293 est
1143 2253 1251 2293 cur
1280 2234 1490 2293 multis
1522 2234 1933 2311 disputemus:
1979 2234 2162 2292 verba
2192 2233 2371 2291 habet
2402 2234 2741 2308 Scripturae
2775 2251 2989 2302 sacrae,
3038 2233 3230 2291 inter·

603 2325 993 2401 pretationem
1014 2324 1326 2393 Ecclesiae,
1362 2323 1456 2382 cui
1489 2324 1572 2399 pii
1603 2324 1664 2382 et
1698 2322 1970 2382 catholici
1992 2322 2260 2381 homines
2290 2324 2423 2380 tute
2454 2322 2677 2384 fidunt:
2711 2341 2818 2381 nec
2849 2322 3040 2383 vide0.
3075 2322 3229 2397 quid

603 2415 667 2473 in
717 2432 785 2472 eo
836 2432 1013 2483 more,
1067 2431 1244 2490 quem
1289 2412 1502 2488 recipit
1531 2412 1807 2480 Ecclesia,
1855 2411 2210 2488 reprehendi
2254 2430 2288 2468 a
2332 2429 2634 2487 quoquam
2663 2411 2868 2487 possit.
2934 2411 3222 2470 Videmus

604 2503 746 2562 olim
778 2505 839 2561 et
871 2502 1092 2561 donum
1124 2500 1448 2560 curationis
1480 2519 1656 2575 saepe
1678 2500 1952 2570 affuisse3
1985 2501 2158 2576 cujus
2189 2518 2338 2558 usus
2370 2518 2530 2559 nunc
2561 2519 2693 2558 cum
2726 2500 2861 2558 aliis
2893 2499 3213 2559 extraordi-

603 2590 789 2650 nariis
821 2590 1118 2650 beneficiis
1149 2590 1416 2648 stabilita
1445 2590 1707 2648 Ecclesia
1740 2590 2172 2666 infrequentior
2216 2589 2408 2648 factus
2456 2593 2579 2660 est3
2628 2608 2859 2665 semper
2900 2592 3103 2647 tamen
3142 2608 3215 2646 ne

603 2685 749 2740 tunc
779 2680 1020 2758 quidem
1052 2685 1289 2739 sanatos
1322 2680 1503 2739 fuisse
1535 2677 1893 2739 credendum
1938 2685 2046 2749 est,
2094 2678 2197 2755 qui
2245 2678 2640 2756 ungebantur.
2708 2679 2991 2755 Superest
3040 2679 3225 2755 igitur

605 2772 815 2830 saltem
849 2770 1143 2846 hodieque
1174 2769 1428 2827 efficacia
1457 2769 1563 2827 illa
1594 2769 1872 2827 sanitatis
1904 2773 2191 2846 perpetua
2235 2772 2296 2826 et
2332 2787 2642 2843 nunquam
2675 2769 2904 2837 fallens,
2951 2787 3105 2843 quae
3154 2768 3229 2825 ad

603 2861 860 2919 animam
909 2859 1097 2935 ipsam
1150 2859 1298 2917 bene
1348 2858 1699 2934 dispositam
1729 2859 2010 2933 pertinet,
2065 2862 2246 2933 atque
2295 2878 2330 2916 a
2377 2856 2596 2916 Jacobo
2641 2858 2911 2934 apostolo
2958 2857 3228 2925 additur,

604 2948 841 3025 quando
873 2948 1056 3023 hujus
1090 2947 1438 3005 sacramenti
1471 2964 1651 3005 usum
1681 2946 1987 3017 describit,
2021 2950 2083 3005 et
2113 2947 2177 3006 in
2208 2951 2584 3021 peccatorum
2605 2945 2956 3005 remissione
2986 2965 3054 3004 ac
3087 2946 3230 3003 fidei

602 3038 970 3112 virtutisque
1001 3036 1374 3094 munimento
1419 3036 1757 3105 collocatur,
1810 3056 1928 3112 quo
1974 3055 2282 3111 nunquam
2327 3036 2517 3112 magis
2567 3054 2716 3111 opus
2767 3038 2875 3105 est,
2928 3054 3107 3112 quam
3164 3036 3232 3093 in

601 3127 760 3195 vitae
791 3125 1054 3201 periculo
1085 3130 1267 3200 atque
1298 3125 1624 3184 terroribus
1656 3126 1865 3184 mortis
1896 3126 1969 3183 ad
2014 3126 2193 3202 ignea
2224 3125 2344 3183 tela
2376 3131 2634 3193 satanae,
2681 3128 2813 3182 tum
2846 3124 3100 3182 maxime
3136 3126 3230 3182 in·

603 3215 897 3292 gruentia,
931 3214 1328 3289 repellenda«
1362 3248 1449 3257 —
1481 3216 1640 3275 Bene
1676 3216 1802 3290 jam
1842 3214 1987 3273 Gof
1995 3214 2250 3273 fridus
2282 3214 2416 3277 abb.
2448 3213 2887 3272 vindocinensis
2923 3208 2986 3295 (†
3030 3210 3229 3291 1132)

602 3321 805 3380 opusc.
842 3312 877 3366 8
914 3297 1104 3385 (mig.
1141 3314 1260 3365 157
1270 3348 1283 3373 ‚
1323 3303 1474 3383 226)
1507 3321 1815 3362 recensens
1846 3306 2170 3363 extremam
2190 3303 2533 3363 unctionem
2565 3321 2700 3361 cum
2731 3303 3049 3378 baptismo,
3084 3321 3231 3361 con·

601 3393 933 3450 firmatione
978 3396 1039 3451 et
1081 3392 1440 3450 eucharistia
1483 3393 1553 3450 de
1602 3411 1671 3450 ea
1718 3392 1895 3450 dicit:
1953 3391 2061 3462 ,In
2094 3392 2378 3451 unctione
2409 3397 2608 3450 autem
2642 3391 3011 3450 infirmorum
3046 3391 3234 3450 datur

600 3482 818 3540 iterum
849 3500 956 3557 per
986 3481 1274 3557 Spiritum
1309 3500 1354 3541 s.
1385 3481 1654 3540 remissio
1683 3489 2075 3556 peccatorum,
2109 3488 2181 3540 ut
2210 3501 2405 3557 neque
2435 3482 2500 3539 in
2531 3481 2672 3550 vita,
2703 3499 2899 3555 neque
2932 3481 2996 3539 in
3028 3492 3230 3539 morte

602 3570 758 3628 desit
789 3570 1130 3629 christianis
1165 3571 1383 3629 Christi
1415 3570 1881 3630 misericordia.‘
1947 3571 2027 3633 Cf.
2060 3570 2359 3629 Oswald
2392 3591 2448 3647 p.
2486 3581 2520 3631 6
2557 3567 2589 3636 ἓ
2628 3579 2682 3630 2.

783 3721 925 3774 540.
957 3712 1230 3788 Reliquae
1259 3714 1632 3789 quaestiones.
1665 3745 1751 3755 —
1790 3706 1851 3773 l.
1885 3712 2211 3770 Materia
2254 3714 2479 3770 remota
2524 3716 2616 3769 est
2660 3713 2857 3770 oleum
2903 3711 3223 3773 olivarum.

601 3800 762 3875 quod
794 3801 1212 3861 convenienter
1242 3800 1563 3859 adhibetur
1593 3800 1665 3858 ad
1713 3801 1894 3876 hujus
1929 3800 2280 3859 sacramenti
2313 3801 2583 3859 effectum
2619 3800 3069 3877 designandum,
3120 3802 3233 3875 qui

599 3892 694 3948 est
723 3890 906 3948 animi
936 3889 1258 3958 alleviati0,
1290 3890 1641 3948 confortatio
1660 3890 1949 3948 adversus
1981 3888 2365 3948 difficultates
2396 3890 2459 3947 in
2491 3890 2699 3947 mortis
2732 3888 2984 3948 articulo
3015 3908 3229 3948 occur-

598 3980 813 4049 rentes,
861 3979 1122 4054 corporis
1155 3980 1387 4037 sanatio
1418 3982 1526 4037 etc.
1593 3978 1874 4047 Quamvis
1904 3981 2143 4037 tantum
2175 3998 2396 4054 purum
2430 3979 2625 4036 oleum
2668 3979 2748 4037 sit
2792 3977 3229 4050 adhibendum,

598 4068 757 4126 valet
786 4071 984 4126 tamen
1017 4068 1300 4138 inunctio,
1336 4069 1386 4125 si
1418 4069 1548 4126 oleo
1578 4068 1827 4126 admixti
1859 4067 1982 4126 sint
2012 4068 2274 4143 liquores
2308 4067 2429 4137 alii,
2461 4067 2636 4125 modo
2669 4068 2784 4127 olei
2817 4067 3233 4127 substantiam

597 4175 672 4214 ne
705 4156 1032 4214 destruant.
1097 4156 1222 4225 ,Ex
1255 4157 1578 4233 apostolica
1606 4160 1807 4214 autem
1837 4156 2177 4227 traditione,
2219 4156 2387 4214 addit
2417 4156 2732 4215 concilium
2768 4157 2806 4217 l.
2839 4175 2906 4224 c.,
2954 4176 3062 4231 per
3094 4177 3231 4216 ma-

597 4263 712 4302 nus
744 4248 983 4321 accepta
1015 4245 1310 4304 intellexit
1326 4245 1602 4316 Ecclesia,
1634 4245 1947 4303 materiam
1979 4263 2109 4304 esse
2141 4246 2338 4304 oleum
2370 4245 2444 4303 ab
2476 4245 2754 4321 episcopo
2773 4243 3186 4306 benedictum.
3206 4256 3233 4284 ‘

600 4331 965 4401 Quibusdam
990 4334 1228 4393 videtur
1246 4334 1514 4393 nondum
1538 4333 1935 4410 peremptorie
1968 4334 2166 4393 decisa
2196 4334 2610 4404 controversia,
2646 4337 2848 4391 utrum
2881 4334 3235 4395 benedictio

598 4421 858 4497 episcopi
905 4423 987 4481 sit
1024 4423 1180 4497 juris
1228 4422 1479 4482 divini
1533 4428 1593 4482 et
1643 4422 1715 4481 de
1762 4423 2115 4481 sacramenti
2146 4423 2425 4493 essentia,
2477 4442 2552 4481 an
2585 4423 2779 4481 solum
2813 4422 3231 4483 institutionis

596 4511 1212 4583 ecclesiasticae.
1279 4512 1498 4570 Verum
1544 4512 1836 4571 Paulus
1870 4512 1936 4574 V.
1980 4512 2301 4570 declaravit
2341 4522 2434 4575 13.
2468 4512 2601 4574 Jan.
2644 4522 2801 4574 1611
2843 4514 3228 4572 temerariam

595 4604 657 4656 et
712 4600 897 4659 errori
956 4600 1282 4676 proximam
1343 4601 1841 4676 propositionem:
1890 4599 2105 4669 ,Quod
2166 4619 2376 4677 nempe
2437 4606 2875 4659 sacramentum
2925 4606 3230 4662 extremae

594 4688 895 4746 unctionis
928 4688 1053 4747 oleo
1085 4690 1403 4765 episcopali
1423 4689 1834 4749 benedictione
1866 4709 1986 4749 non
2017 4694 2353 4749 consecrate
2375 4689 2708 4748 ministrari
2739 4689 2935 4749 valide
2967 4692 3225 4767 possit‘

595 4776 765 4845 Quod
795 4778 1016 4836 iterum
1057 4788 1149 4840 14.
1184 4778 1341 4853 Sept.
1370 4787 1532 4841 1842
1568 4778 1923 4853 approbavit
1954 4779 2377 4855 Gregorius
2410 4778 2558 4841 XVI.
2607 4779 2846 4838 Certum
2878 4783 3082 4839 tamen
3116 4791 3225 4841 est.
