3538 5364
587 302 718 365 258
958 291 1141 345 Tract.
1168 291 1260 345 IX.
1288 291 1358 344 de
1387 290 1772 347 sacramentis.
1800 290 2005 344 Variae
2032 290 2102 343 de
2133 290 2415 361 baptismo
2442 289 2819 359 quaestiones,

605 479 864 537 lamenta
909 482 972 537 et
1018 478 1343 548 columnae,
1393 477 1467 535 ab
1511 477 1619 535 hac
1661 475 2014 536 necessitate
2045 477 2305 536 fuissent
2335 478 2588 553 exempti
2637 482 2699 537 et
2744 477 2873 536 sine
2916 477 3206 553 baptismo

624 567 786 642 depti
803 567 1101 625 salutem?
1146 566 1224 624 Et
1253 584 1392 624 sane
1411 566 1652 635 PauluS,
1687 566 1792 641 qui
1826 584 2001 625 verus
2032 565 2150 625 fuit
2178 567 2484 642 apostolus
2515 572 2576 625 et
2605 566 3041 625 admirabiliter
3072 584 3207 625 con·

589 674 799 715 versus
820 658 998 731 atque
1010 655 1399 732 justificatus,
1430 654 1823 730 baptizandus
1843 654 2112 714 mittitur
2129 655 2202 714 ad
2221 656 2515 715 Ananiam
2535 652 2690 735 (Act.
2718 667 2774 723 9.
2802 650 2888 736 7).
2932 655 3209 732 Legimus

490 805 519 897 ξ
584 743 3206 917 5352}{S³.?„¹;?552222212⁰311bissssttzffizzf'ssiff.22933353.³3e3213.·0?335².1.332

592 923 997 999 Obligatio
1046 925 1245 981 autem
1278 911 1642 997 suscipiendi
1679 909 2036 997 baptismum
2069 922 2309 982 videtur
2335 923 2576 982 nonnisi
2608 923 2872 998 coepisse
2904 941 3043 981 cum
3075 942 3206 998 pro·

589 1013 959 1089 mulgatione
989 1030 1176 1070 novae
1208 1012 1359 1088 legis
1391 1013 1431 1071 i.
1468 1030 1517 1073 e.
1547 1011 1611 1069 in
1643 1011 1739 1070 die
1774 1012 2176 1070 Pentecostes:
2210 1012 2317 1071 sed
2348 1013 2418 1071 cf.
2450 1013 2604 1071 infra
2631 1031 2689 1070 n.
2726 1021 2847 1076 317
2868 1015 2906 1070 ¹.

768 1097 835 1164 3.
868 1101 1002 1159 Huc
1021 1102 1309 1177 spectant,
1345 1101 1635 1176 quaejam
1654 1118 1838 1175 supra
1855 1101 2256 1177 probavimus,
2291 1102 2588 1177 baptismo
2606 1101 2874 1175 imprimi
2911 1101 3208 1159 charac—

588 1194 867 1260 terem;
899 1190 1184 1265 baptismi
1217 1190 1470 1266 gratiam
1502 1189 1997 1249 reviviscere
2028 1194 2254 1249 remoto
2286 1191 2451 1249 obice
2481 1210 2539 1249 n.
2565 1200 2689 1253 268
2709 1193 2747 1261 ¹,
2779 1190 3147 1266 baptismum
3177 1209 3209 1247 a

590 1283 893 1355 peccatore
926 1279 1021 1337 vel
1050 1279 1124 1337 ab
1158 1278 1768 1338 haeretico‘collatum
1801 1297 1931 1338 esse
1964 1280 2307 1339 validum
2337 1281 2486 1338 thes.
2523 1288 2668 1342 212.

768 1364 836 1430 4.
872 1368 956 1426 De
987 1367 1070 1443 eiss
1074 1368 1103 1424 f
1110 1367 1420 1426 ectibus
1448 1367 1733 1443 baptismi
1764 1368 2081 1438 sufficiant,
2115 1387 2267 1444 quae
2297 1369 2557 1427 diximus
2589 1369 2663 1427 de
2694 1368 3001 1427 effectibus
3025 1368 3207 1443 justi-

593 1457 883 1516 ficationis
901 1455 1248 1518 formalibus
1278 1476 1336 1520 n.
1367 1467 1483 1519 167
1509 1474 1618 1515 ss.:
1653 1475 1787 1515 cum
1809 1456 2053 1516 evidens
2076 1458 2158 1516 sit
2176 1477 2243 1516 ex
2265 1458 2559 1528 omnibus,
2593 1475 2747 1533 quae
2765 1457 2839 1516 de
2855 1457 3210 1534 baptismate

591 1548 655 1604 in
688 1544 1014 1622 Scripturis
1047 1549 1108 1604 et
1138 1566 1172 1603 a
1201 1545 1473 1620 patribus
1505 1545 1895 1616 affirmantur,
1943 1547 2093 1606 illud
2125 1565 2254 1606 esse
2286 1549 2739 1617 sacramentum,
2773 1566 2891 1622 quo
2914 1546 3209 1622 justifica-

592 1656 728 1695 mur
772 1639 835 1693 et
873 1652 992 1711 quo
1034 1638 1346 1710 propterea
1376 1634 1654 1693 delentur
1684 1636 1884 1694 omnia
1913 1639 2169 1711 peccata.
2230 1636 2423 1705 Quare
2453 1636 2753 1713 praeclara
2796 1638 2888 1694 est
2929 1636 3211 1711 baptismi

594 1723 912 1801 descriptio
944 1744 978 1782 a
1010 1723 1386 1800 Gregorio
1417 1742 1540 1785 naz.
1573 1724 1882 1800 proposita
1913 1743 1994 1783 or.
2028 1735 2108 1789 40
2143 1744 2202 1785 n.
2236 1735 2305 1789 3:
2343 1726 2730 1801 ,Baptismus
2759 1729 2850 1783 est
2880 1725 3079 1783 carnis
3111 1725 3210 1783 ab·

581 1815 785 1889 jectio‚
819 1812 1072 1888 spiritus
1104 1813 1436 1882 assectatiO,
1483 1812 1661 1871 Verbi
1689 1813 2086 1889 participatio,
2134 1814 2406 1892 figmenti
2437 1813 2739 1883 correctiO,
2783 1815 3008 1889 peccati
3055 1814 3208 1872 dilu-

594 1904 775 1975 vium,
827 1901 981 1960 lucis
1029 1902 1505 1972 communicatiO,
1556 1902 1939 1962 tenebrarum
1983 1904 2306 1979 oppressio,
2366 1903 2711 1979 Baptismus
2751 1903 3094 1962 vehiculum
3139 1902 3211 1961 ad

595 1994 800 2063 Deum,
835 1990 1234 2067 peregrinatio
1265 2009 1399 2049 cum
1430 1990 1679 2062 cbristo,
1713 1991 1850 2050 fidei
1880 1993 2326 2065 adminiculum,
2359 1993 2578 2052 mentis
2609 1992 2908 2069 perfectio,
2938 1992 3210 2051 coelestis

625 2081 763 2158 egui
795 2080 992 2150 clavia,
1038 2079 1196 2137 vitae
1227 2080 1629 2152 commutatio,
1678 2081 1991 2140 servitutis
2023 2082 2311 2158 depulsio,
2350 2082 2727 2141 vinculorum
2761 2081 3004 2149 soluti0,
3053 2099 3210 2139 com-

593 2169 909 2245 positionis
954 2168 1018 2227 in
1064 2167 1367 2228 meliorem
1399 2172 1626 2227 statum
1657 2171 1980 2229 conversiO.
2046 2170 2199 2240 Quid
2245 2172 2421 2247 plura
2465 2189 2920 2230 commemorare
2954 2171 3212 2229 attinet?

595 2259 939 2334 Baptismus
957 2257 1221 2316 omnium
1243 2258 1351 2317 Dei
1371 2258 1791 2317 beneficiorum
1811 2260 2347 2336 praeclarissimum
2366 2263 2459 2319 est
2478 2262 2540 2319 et
2567 2260 3208 2336 praestantissimum.‘

595 2347 676 2408 ef.
724 2348 1317 2423 Chrysostomus
1363 2348 1419 2409 h.
1470 2356 1548 2410 25
1599 2347 1663 2405 in
1710 2348 1804 2406 Jo.
1848 2369 1905 2411 n.
1957 2360 2012 2413 3.
2083 2350 2389 2425 Baptismo
2421 2352 2620 2409 autem
2652 2348 2840 2408 deleri
2870 2366 2993 2408 non
3022 2349 3212 2407 solum

595 2441 851 2514 peccata,
903 2436 1082 2506 etiam
1132 2436 1385 2495 venialia
1430 2432 1768 2517 (supposita
1812 2442 2013 2497 tamen
2057 2457 2320 2516 congrua
2351 2433 2782 2519 dispositione),
2832 2437 2933 2496 sed
2985 2438 3214 2496 remitti

592 2545 882 2585 omnem
914 2544 1151 2602 quoque
1183 2544 1496 2601 poenam
1527 2527 1931 2602 temporalem,
1977 2546 2096 2603 quo
2127 2528 2364 2587 excellit
2395 2531 2760 2586 sacramento
2793 2527 3212 2602 poenitentiae,

598 2619 691 2675 est
728 2615 801 2674 de
836 2614 966 2685 fide,
1002 2617 1073 2672 ut
1102 2615 1412 2692 colligitur
1432 2633 1500 2672 ex
1522 2614 1769 2673 concilio
1802 2615 1982 2678 trid.
2014 2635 2157 2676 sesS.
2182 2628 2215 2680 5
2239 2636 2365 2676 can.
2409 2628 2476 2679 5:
2513 2615 2720 2686 ,Nihil
2756 2619 2849 2674 est
2885 2615 3214 2675 damnatio·

595 2707 692 2765 nis
725 2706 819 2774 iia,
872 2705 978 2779 qui
1011 2723 1149 2764 vere
1194 2704 1528 2780 consepulti
1576 2709 1720 2763 sunt
1765 2722 1904 2764 cum
1936 2707 2166 2766 Christo
2199 2726 2305 2783 per
2335 2707 2630 2782 baptisma
2662 2751 2674 2764 .
2710 2752 2722 2764 .
2758 2752 2770 2764 .
2815 2705 2906 2764 ita
2949 2709 3020 2764 ut
3064 2705 3216 2764 nihil

597 2812 840 2871 prorsus
886 2812 985 2853 eos
1030 2794 1104 2851 ab
1142 2793 1418 2870 ingressu
1449 2793 1594 2851 coeli
1626 2798 2031 2865 remoretun‘
2080 2799 2142 2855 et
2186 2815 2256 2856 ex
2301 2796 2407 2855 Eu
2421 2795 2637 2873 genii
2681 2795 2779 2854 IV.
2824 2795 3217 2854 instructione

598 2902 706 2959 pro
741 2883 1016 2953 armenis,
1049 2882 1155 2956 qui
1189 2883 1348 2941 inter
1378 2881 1622 2941 effectus
1645 2884 1999 2943 sacramenti
2033 2886 2314 2961 baptismi
2344 2889 2613 2944 recenset
2643 2883 2836 2943 omnis
2867 2902 3093 2959 poenae
3124 2903 3216 2943 re-

597 2972 973 3032 missionem:
1024 2975 1398 3047 „propterea,
1430 2970 1615 3029 infert
1643 2973 1929 3046 pontifex,
1959 2974 2271 3050 baptizatis
2303 2975 2473 3033 nulla
2501 2992 2609 3049 pro
2642 2975 2899 3049 peccatis
2931 2973 3216 3049 praeteri-

595 3062 677 3120 tis
709 3060 1080 3137 injungenda
1110 3064 1203 3118 est
1244 3059 1595 3118 satisfactio:
1643 3061 1746 3119 sed
1791 3063 2112 3122 morientes
2145 3068 2465 3140 antequam
2497 3063 2733 3139 culpam
2764 3062 3028 3138 aliquam
3060 3081 3217 3121 com-

596 3150 860 3222 mittant,
894 3149 1098 3207 statim
1132 3149 1202 3207 ad
1235 3168 1488 3226 regnum
1520 3149 1817 3209 coelorum
1847 3153 1908 3209 et
1926 3152 2033 3211 Dei
2052 3153 2343 3212 visionem
2361 3152 2764 3229 perveniunt!
2822 3151 3009 3221 Quam
3042 3151 3219 3210 fidem

596 3240 681 3297 ita
710 3240 830 3311 jam
862 3238 1152 3312 expressit
1184 3238 1682 3315 Augustinus
1714 3239 1788 3299 de
1821 3260 1977 3316 pecc.
2009 3259 2150 3305 mer.
2183 3245 2245 3300 et
2275 3242 2506 3302 remiss.
2540 3242 2578 3299 l.
2615 3250 2648 3303 2
2685 3260 2742 3299 n.
2776 3250 2892 3303 46:
2941 3240 3047 3308 ,Si
3081 3258 3219 3299 con-

595 3328 768 3386 tinuo
801 3323 964 3410 (post
994 3324 1385 3409 baptismum)
1420 3333 1822 3402 consequatur
1863 3331 1937 3388 ab
1983 3331 2089 3389 hac
2135 3331 2258 3389 vita
2289 3331 2618 3408 emigratiO,
2665 3347 2785 3388 non
2829 3329 2948 3388 erit
2978 3330 3221 3388 omnino

595 3416 757 3491 quod
790 3415 1109 3476 obnoxium
1129 3417 1423 3476 hominem
1456 3420 1675 3487 teneat,
1710 3419 1923 3478 solutis
1943 3419 2239 3488 omnibuS,
2275 3438 2426 3496 quae
2444 3419 2796 3479 tenebant.‘
2830 3418 2999 3477 Unde
3027 3419 3223 3494 liquet

776 3501 838 3571 5.
869 3505 1091 3565 Christi
1122 3506 1486 3582 baptismum
1521 3507 1783 3566 multum
1812 3509 2169 3584 praecellere
2190 3509 2230 3567 J
2232 3509 2439 3568 oannis
2470 3508 2797 3584 baptism03
2830 3507 3049 3566 merito
3081 3526 3223 3584 ergo

593 3595 912 3654 concilium
944 3595 1124 3658 trid.
1156 3599 1361 3654 contra
1391 3598 1794 3671 protestantes
1815 3598 2036 3658 statuit
2055 3615 2180 3661 can.
2208 3609 2230 3660 l
2259 3618 2272 3656 :
2310 3598 2415 3667 ,si
2446 3597 2588 3673 quis
2617 3596 2839 3655 dixerit
2855 3596 3225 3672 baptismum

595 3683 846 3743 Joaunis
878 3683 1157 3743 habuisse
1187 3685 1432 3743 eandem
1461 3684 1584 3743 vim
1617 3704 1753 3745 cum
1784 3686 2079 3763 baptismo
2112 3687 2347 3757 Christi,
2377 3689 2447 3746 A.
2481 3686 2581 3748 S.‘
2630 3685 3037 3744 Differentiam
3069 3685 3223 3744 bene

596 3774 885 3849 expressit
914 3775 1041 3849 ipse
1070 3775 1341 3850 Baptista
1371 3774 1579 3833 Matth.
1614 3783 1671 3846 3,
1725 3788 1834 3839 11:
1881 3777 2005 3853 Eyo
2049 3777 2277 3853 quidem
2321 3777 2549 3852 baptizo
2592 3794 2686 3834 vos
2730 3776 2795 3832 in
2840 3793 2997 3851 aqua
3045 3770 3224 3854 (sola,

596 3881 716 3921 non
747 3863 812 3920 in
843 3882 998 3939 aqua
1028 3866 1089 3921 et
1119 3863 1348 3938 Spiritu
1379 3863 1451 3942 s.)
1481 3865 1545 3920 in
1566 3867 1980 3938 poenitentiam
2011 3860 2111 3947 (ad
2144 3865 2532 3934 excitandam,
2566 3863 2877 3923 fovendam
2909 3863 3223 3939 poeniten·

595 3952 741 4009 tiam
775 3953 1113 4022 salutarem,
1149 3971 1300 4026 quae
1331 3971 1401 4010 ex
1431 3970 1604 4028 opere
1636 3954 1936 4028 operantis
1970 3954 2250 4029 disponat
2279 3955 2352 4012 ad
2384 3957 2762 4029 peccatorum
2780 3947 3223 4033 remissionem)

644 4084 655 4097 .
692 4084 704 4096 .
751 4043 874 4116 ipse
919 4060 1012 4100 vos
1058 4042 1371 4116 baptizabit
1415 4043 1477 4099 in
1525 4041 1757 4117 Spiritu
1801 4062 1847 4102 s.
1897 4043 2228 4123 (conferens
2274 4062 2320 4102 s.
2354 4043 2611 4119 Spiritus
2657 4041 2909 4119 gratiam
2942 4059 3013 4100 ex
3045 4059 3225 4117 opere

592 4125 864 4211 operato)
911 4138 961 4188 et
1006 4133 1145 4207 iyni,
1193 4150 1331 4190 nam
1378 4132 1508 4205 ejus
1555 4132 1749 4208 gratia
1795 4133 1954 4209 ignis
1986 4132 2177 4190 instar
2206 4133 2463 4191 animam
2494 4131 2772 4207 purificat
2814 4135 2876 4189 et
2920 4130 3222 4197 illustrat;

597 4219 736 4276 hinc
767 4219 904 4277 Luc.
941 4230 997 4288 3,
1037 4228 1072 4281 3
1107 4219 1211 4277 ille
1244 4219 1466 4279 dicitur
1512 4219 1833 4296 baptismus
1859 4223 2245 4297 poenitentiae
2289 4224 2353 4279 in
2395 4223 2790 4279 remissionem
2812 4226 3224 4293 peccatorum:

594 4306 738 4365 dum
771 4307 845 4365 de
875 4311 1079 4366 nostro
1111 4309 1463 4383 pronunciat
1495 4327 1539 4369 s,
1574 4311 1785 4370 Petrus
1808 4312 1938 4368 Act.
1964 4320 2018 4380 2,
2045 4320 2157 4373 38:
2191 4311 2606 4369 Poenitentiam
2636 4313 2786 4386 aqite
2816 4316 2867 4367 et
2898 4309 3225 4384 baptizetur

599 4398 984 4472 unusquisque
1015 4405 1261 4455 vestrum
1293 4400 1354 4455 in
1388 4401 1612 4457 nomine
1643 4399 1702 4461 J.
1739 4400 1957 4458 Christi
1996 4402 2055 4457 in
2090 4402 2478 4458 remissionem
2502 4406 2872 4474 peccatorum
2907 4406 3223 4456 vestrorum

594 4493 644 4540 et
676 4488 965 4559 accipietis
995 4488 1210 4543 donum
1244 4487 1504 4560 Spiritus
1534 4491 1720 4547 sancti
1734 4485 1801 4569 ¹).

569 3563 576 3602 l

820 4681 854 4745 ¹)
885 4675 966 4730 Cf.
996 4674 1532 4729 Tertullianus
1561 4676 1630 4729 de
1661 4677 1817 4746 bapt.
1842 4693 1886 4734 c.
1921 4683 2018 4732 10:
2062 4676 2433 4733 Thomas3
2462 4693 2515 4743 q.
2543 4684 2613 4733 38
2637 4692 2688 4728 a.
2716 4684 2779 4731 2:
2831 4674 3224 4730 Bellarmi·

600 4773 734 4808 nus
776 4755 844 4807 de
888 4754 1174 4824 baptismo
1216 4773 1262 4808 c.
1292 4763 1388 4814 21;
1442 4755 1767 4809 Touttee
1809 4754 1869 4808 in
1912 4755 2044 4808 diss.
2072 4763 2105 4811 3
2146 4755 2213 4809 de
2260 4755 2519 4810 doctrina
2561 4773 2602 4811 s,
2630 4755 2833 4824 cyrilli
2877 4755 3086 4811 hieros.
3116 4775 3163 4810 c.
3192 4763 3226 4811 8
