3538 5364
1637 290 1829 344 Iudex.

1375 608 1378 611 ,
1563 543 1764 623 Caput
1804 541 1867 604 11.

1260 649 1345 702 De
1371 663 1621 702 numero
1647 650 2183 705 sacramentorum.

417 730 614 785 Thesis
641 739 760 789 214.
790 733 857 787 N.
887 733 945 789 L.
974 737 1323 788 sacramenta
1349 737 1485 788 sunt
1509 738 1724 805 septem
2216 783 2227 796 .

780 821 813 875 S
832 822 1140 876 cholion
1180 840 1354 893 prae
1373 822 1616 879 ticum.
1646 824 1949 880 Concionis
1975 830 2383 895 argumentum

1415 934 1611 998 Pars
1657 936 2035 999 secunda.

1207 1032 1306 1099 De
1340 1036 1822 1102 sacramentis
1855 1035 1936 1102 in
1971 1037 2238 1121 specle.

1417 1129 1698 1196 Sectio
1746 1132 2023 1215 prima

973 1312 983 1323 ,
1470 1240 1571 1307 De
1606 1242 1994 1327 baptismo.

774 1338 1143 1404 Quaestiones
1170 1342 1436 1412 praeviae

420 1429 615 1484 Thesis
642 1435 765 1485 215.
792 1428 1030 1484 Materia
1057 1434 1273 1484 remota
1295 1432 1564 1502 baptismi
1579 1435 1666 1486 est
1680 1449 1832 1501 aqua
1850 1433 2157 1494 naturalis:
2186 1433 2463 1504 proxima,
2491 1434 2711 1487 immer-

843 1509 944 1574 si0‚
966 1510 1179 1564 infusio
1199 1514 1255 1565 et
1274 1512 1551 1583 aspersio:
1582 1513 1763 1568 forma
1781 1530 1911 1567 vero
1933 1513 2221 1567 invocatio
2242 1511 2514 1566 distincta
2535 1512 2709 1567 trium

844 1599 1171 1654 divinarum
1198 1618 1569 1671 personarum
1897 1648 1907 1659 .

775 1689 809 1741 S
827 1705 856 1742 c
872 1688 911 1742 h
929 1708 961 1743 o
977 1688 1034 1743 11
1051 1707 1082 1744 o
1100 1707 1155 1743 n.
1181 1689 1262 1743 De
1295 1690 1616 1761 baptismo
1600 1709 1661 1746 ιιι
1689 1692 1919 1746 nomine
1944 1652 2160 1746 Christi
2217 1735 2230 1747 .

775 1777 856 1831 De
882 1778 1144 1833 ministro
1173 1780 1346 1851 hujus
1373 1781 1714 1836 sacramenti
1896 1824 1909 1837 .

422 1863 617 1917 'I'hesis
643 1871 765 1922 216.
793 1865 1046 1920 Infantes
1073 1867 1261 1922 valide
1289 1872 1346 1922 et
1372 1869 1528 1923 licite
1554 1870 1940 1940 baptizantur,
1967 1887 2071 1925 nec
2098 1872 2295 1940 postea
2318 1819 2712 1939 interrogandi

846 1956 982 2009 sunt
1007 1959 1195 2011 utrum
1224 1958 1625 2027 promissiones
1651 1960 1833 2015 factas
1856 1962 2008 2013 ratas
2034 1959 2288 2014 habeant
2378 2000 2391 2014 .

422 2042 618 2096 Thesis
645 2048 764 2098 217.
793 2042 1121 2115 Baptismus
1146 2046 1411 2100 omnibus
1437 2052 1524 2100 est
1549 2047 1899 2102 necessarius
1924 2048 1997 2101 ad
2025 2050 2266 2103 salutem
2378 2088 2390 2100 .

1375 2137 1654 2204 Sectio
1702 2139 2088 2204 secunda.

1370 2237 1475 2304 De
1507 2239 2089 2305 confirmatione.

422 2334 619 2389 Thesis
645 2341 764 2393 218.
794 2336 1160 2393 Confirmatio
1189 2343 1274 2394 est
1299 2355 1497 2394 verum
1525 2344 1941 2394 sacramentum
1969 2357 2002 2393 a
2030 2342 2315 2411 baptismo
2343 2340 2683 2396 distinctum

775 2425 857 2481 De
885 2426 1145 2482 ministro
1173 2432 1230 2484 et
1254 2430 1494 2485 materia
1520 2431 1694 2500 hujus
1720 2430 2063 2484 sacramenti

1427 2540 1706 2606 Sectio
1753 2542 2027 2604 tertia.

1151 2649 1254 2718 De
1289 2671 1378 2720 ss,
1413 2650 1921 2718 EucharistIae
1955 2649 2330 2737 mysterio.

777 2752 1130 2806 Praestantia
1159 2754 1331 2823 hujus
1357 2754 1698 2808 sacramenti
1737 2797 1749 2810 .

1597 2865 1805 2948 Caput
1836 2865 1876 2928 I.

1191 2963 1275 3018 De
1302 2978 1384 3020 ss.
1412 2964 1833 3020 Eucharistiae
1861 2965 2263 3019 sacramento.

1440 3051 1748 3108 Articulus
1780 3050 2030 3125 primus.

1310 3139 1403 3193 De
1441 3138 1636 3193 reali
1675 3139 2143 3210 praesentia.

422 3228 620 3282 Thesis
647 3233 767 3286 219.
795 3228 985 3284 Realis
1011 3228 1332 3300 praesentia
1353 3228 1604 3301 corporis
1630 3232 1688 3283 et
1706 3229 2007 3300 sanguinis
2028 3229 2240 3284 Christi
2266 3229 2439 3283 etiam
2467 3228 2716 3300 seposita

778 3318 1037 3372 doctrina
1064 3317 1390 3389 Scripturae
1431 3320 1488 3372 et
1527 3319 1758 3388 patrum
1798 3318 2221 3374 demonstratur
2245 3316 2716 3391 praescriptionis

775 3411 1114 3479 argumento

422 3498 621 3552 Thesis
647 3503 767 3553 220.
781 3497 935 3552 Idem
948 3497 1156 3567 dogma
1169 3499 1591 3554 demonstratur
1601 3514 1666 3551 ex
1683 3496 1866 3552 verbis
1878 3497 2273 3566 promissionis
2284 3497 2313 3550 J
2320 3515 2446 3552 oan.
2462 3505 2509 3560 6,
2528 3503 2596 3551 48
2612 3512 2680 3551 ss.

423 3588 622 3643 'rhesis
647 3595 767 3645 221.
795 3590 951 3644 Idem
977 3588 1185 3658 dogma
1211 3604 1276 3642 ex
1303 3588 1491 3642 verbis
1515 3587 1903 3642 institutionis
1930 3588 2354 3642 demonstratur
2382 3631 2393 3643 .

776 3679 813 3734 S
829 3696 858 3733 c
875 3679 912 3732 h
929 3697 961 3733 o
980 3676 1084 3732 lio
1103 3695 1156 3730 u.
1182 3676 1758 3732 sacramentariorum
1788 3675 2212 3747 objectionibus
2241 3675 2447 3729 satisfit
2538 3714 2550 3727 .

341 3765 346 3770 ’
424 3767 622 3822 Thesis
648 3773 768 3822 222.
796 3768 1006 3822 Eadem
1032 3767 1244 3822 veritas
1269 3767 1694 3820 demonstratur
1719 3782 1786 3819 ex
1814 3764 2126 3819 traditione
2220 3806 2232 3818 .

424 3857 623 3912 Tbesis
650 3861 770 3912 223.
798 3854 880 3908 Ex
908 3854 1082 3910 variis
1121 3855 1413 3910 doctrinae
1453 3855 1739 3926 capitibus
1766 3854 1874 3908 ΡΡ.
1900 3855 2325 3908 demonstratur
2364 3853 2533 3906 realis
2560 3868 2717 3922 prae·

853 3946 1037 3999 sentia
1065 3945 1277 4000 Christi
1314 3945 1373 3999 in
1402 3964 1471 4003 ss,
1498 3944 1878 4000 eucharistiae
1906 3946 2258 3999 sacramento

425 4037 624 4091 Thesis
652 4041 771 4092 224.
801 4037 916 4090 Imo
944 4041 1133 4106 patres
1152 4037 1269 4106 jam
1292 4035 1353 4088 in
1372 4038 1723 4090 antecessum
1744 4034 2095 4087 damnarunt
2115 4030 2443 4101 opinionem
2465 4032 2524 4083 et
2542 4030 2719 4085 dubia

854 4123 1426 4179 sacramentariorum

427 4213 624 4267 Thesis
650 4219 771 4269 225.
797 4213 1008 4268 Eadem
1023 4212 1192 4267 realis
1210 4213 1530 4284 praeseutia
1545 4213 1595 4266 J.
1614 4213 1712 4268 Ch.
1728 4212 1791 4266 in
1807 4210 2154 4266 eucharistia
2169 4210 2431 4281 patribus
2447 4208 2719 4280 principii

853 4302 1035 4356 instar
1061 4304 1184 4356 erat
1208 4303 1278 4355 ad
1309 4302 1630 4372 probandas
1653 4302 1799 4355 alias
1826 4299 2094 4354 veritates
2120 4298 2253 4353 fidei

789 4391 824 4444 S
840 4408 870 4444 c
884 4392 924 4444 h
942 4407 973 4444 0
990 4391 1011 4444 1
1028 4390 1048 4444 i
1065 4407 1096 4444 o
1115 4409 1166 4447 n.
1195 4392 1508 4446 Solvuntur
1533 4390 1880 4460 objectiones
1906 4405 1971 4442 ex
1999 4388 2261 4459 patribus

1405 4489 1713 4547 Articulus
1747 4487 2065 4546 secundus.

1331 4585 1414 4637 De
1442 4580 2121 4637 transubstantiatione.

427 4670 624 4726 Thesis
652 4675 771 4728 226.
801 4670 942 4724 Tota
971 4669 1292 4724 substantia
1318 4670 1485 4739 panis
1511 4673 1568 4722 et
1597 4668 1716 4722 vini
1742 4685 1844 4738 per
1864 4665 2347 4721 consecrationem
2367 4664 2721 4720 convertitur

852 4761 914 4813 in
941 4759 1319 4815 substantiam
1348 4758 1600 4830 corporis
1625 4761 1684 4812 et
1708 4755 2007 4826 sanguinis
2034 4755 2099 4809 D.
2130 4756 2197 4812 N.
2226 4756 2278 4809 J.
2306 4755 2406 4810 Ch.

2900 303 3025 366 701

2820 471 2955 543 Pag.

2926 746 3033 796 259

2926 833 3033 885 264

2926 1347 3034 1399 265

2928 1606 3033 1658 269

2927 1695 3033 1747 272

2928 1784 3036 1838 273

2929 1965 3036 2015 274

2926 2052 3031 2104 277

2926 2347 3034 2396 280

2927 2436 3033 2486 283

2932 2758 3036 2809 285

2933 3412 3037 3461 296

2934 3501 3038 3551 298

2933 3589 3038 3638 303

2927 3679 3033 3729 308

2929 3767 3033 3818 312

2935 3945 3038 3997 315

2933 4126 3040 4177 320

2936 4300 3039 4354 327

2935 4393 3042 4443 330

2936 4757 3041 4808 336
