3538 5364
1324 322 1649 386 coelibatus
1678 328 2098 384 convenientia.
2884 336 3010 401 547

386 516 621 579 domus
654 502 806 579 suas
839 514 1102 578 omnino
1137 513 1521 592 tangebant,
1567 511 1801 594 quibus
1835 511 2053 593 utique
2084 515 2347 592 propter
2381 509 2625 573 sobolis
2658 511 3012 573 successio-

390 641 539 687 nem
573 622 835 686 uxorius
867 640 1022 685 usus
1054 619 1264 684 fuerat
1296 619 1643 695 relaxatus,
1677 619 1829 700 quia
1861 636 1940 682 ex
1973 617 2101 681 alia
2120 616 2290 681 tribu
2311 624 2374 681 et
2393 634 2546 698 prae
2557 624 2649 681 ter
2669 635 2749 681 ex
2769 617 3012 682 semine

386 730 608 793 Aaron
653 729 737 791 ad
767 726 1205 792 sacerdotium
1238 725 1397 790 nulli
1429 725 1636 790 fuerat
1668 731 2084 807 praeceptum
2131 725 2471 789 accedere:
2519 730 2762 804 quanto
2808 725 3012 805 magis

389 836 455 898 hi
486 835 859 899 sacerdotes
891 834 991 898 vel
1022 834 1255 899 levitae
1289 833 1664 915 pudicitiam
1698 850 1783 896 ex
1828 832 1932 895 die
1964 831 2383 894 ordinationis
2420 828 2577 894 suae
2609 849 2867 896 servare
2898 832 3011 895 de-

388 941 653 1017 bebunt,
686 941 919 1024 quibus
952 940 1052 1006 vel
1084 940 1524 1004 sacerdotium
1556 938 1656 1003 vel
1688 938 2113 1003 ministerium
2146 937 2283 1002 sine
2315 938 2724 1002 successione
2745 944 2859 1013 est,
2891 956 3012 1003 nec

389 1049 697 1130 praeterit
727 1048 881 1123 dieS,
915 1064 1045 1129 qua
1076 1046 1177 1110 vel
1198 1065 1239 1110 a
1258 1045 1592 1109 sacrificiis
1613 1046 1867 1121 divinis,
1898 1044 1999 1109 vel
2019 1063 2059 1109 a
2079 1044 2485 1126 baptismatis
2505 1043 2714 1108 officio
2735 1050 3011 1110 vacent?

391 1155 552 1220 Nam
585 1156 639 1219 si
673 1154 908 1219 Paulus
941 1153 1023 1218 ad
1057 1153 1409 1218 corinthios
1443 1154 1527 1239 (1.
1562 1170 1657 1234 ep.
1696 1159 1751 1229 7,
1788 1155 1855 1239 5)
1890 1151 2130 1228 scribit,
2161 1152 2412 1217 dicens:
2444 1152 2762 1215 Abstinete
2792 1172 2895 1216 vos
2926 1153 3012 1215 ad

385 1272 647 1347 tempus,
682 1272 749 1327 ut
780 1263 1008 1327 vacetis
1040 1261 1344 1336 orationi,
1396 1266 1461 1324 et
1508 1258 1632 1324 hoc
1677 1259 1899 1341 utique
1943 1258 2122 1322 laicis
2169 1259 2515 1340 praecipit:
2561 1258 2761 1322 multo
2809 1258 3014 1339 magis

386 1370 780 1445 sacerdoteS,
811 1367 1047 1451 quibus
1081 1374 1146 1431 et
1179 1366 1407 1431 orandi
1442 1373 1507 1430 et
1539 1365 1950 1430 sacrificandi
1973 1366 2124 1447 juge
2158 1365 2434 1429 officium
2467 1372 2581 1441 est,
2614 1384 2867 1447 semper
2898 1364 3011 1429 de-

394 1477 637 1542 bebunt
683 1477 765 1540 ab
812 1474 1180 1556 hujusmodi
1226 1474 1552 1537 consortio
1601 1472 1979 1538 abstineres
2053 1472 2142 1536 Cf.
2175 1491 2272 1555 ep.
2306 1477 2346 1540 6
2395 1472 2477 1536 ad
2508 1472 2736 1554 Exsup.
2771 1479 2836 1537 et
2876 1473 3012 1553 ι10111

386 1591 586 1649 antea
619 1580 988 1647 Siricius
1022 1600 1121 1664 ep.
1156 1588 1191 1650 1
1228 1601 1285 1644 n.
1321 1592 1359 1649 8
1394 1599 1475 1643 ss.
1508 1618 1594 1629 —-
1640 1580 1930 1645 Altera
1967 1598 2046 1644 ex
2081 1598 2346 1646 munere
2379 1581 2732 1662 apostolico
2766 1582 2830 1667 (1
2868 1580 3009 1645 Cor.

396 1697 452 1763 7.
486 1695 570 1759 32
603 1692 677 1777 s.)
729 1689 1095 1765 deducitur,
1145 1687 1227 1752 ad
1274 1686 1445 1769 quod
1493 1686 1613 1751 rite
1662 1686 2034 1752 obeundum
2080 1689 2196 1751 viri
2229 1688 2400 1752 curis
2433 1688 3012 1752 matrimonialibus

392 1797 585 1862 soluti
618 1797 1058 1879 requiruntur:
1089 1814 1243 1859 nam
1275 1793 1572 1858 omnibus
1605 1794 1828 1858 omnia
1846 1794 1982 1859 fieri
2002 1795 2212 1872 debet,
2246 1801 2315 1859 ut
2337 1813 2561 1859 omnes
2583 1795 2777 1860 saciat
2795 1796 3011 1859 salvos

392 1906 457 1991 (1
496 1902 637 1968 Cor.
670 1911 732 1979 9,
766 1909 899 1989 22),
944 1919 1169 1966 curam
1202 1919 1392 1983 agere
1423 1900 1824 1965 infirmorum
1856 1902 2097 1966 morbis
2143 1902 2336 1967 etiam
2366 1902 2778 1979 contagiosiis
2810 1901 3008 1968 infec-

387 2018 619 2086 torum,
652 2016 1079 2092 paratumque
1114 2008 1214 2074 vel
1246 2008 1529 2072 animam
1561 2027 1678 2089 pro
1713 2008 1944 2073 ovibus
1983 2017 2176 2091 atque
2210 2007 2530 2073 Ecclesiae
2562 2009 2733 2072 bono
2754 2027 3010 2090 ponere,

382 2156 474 2164 -—
493 2116 771 2181 Tertia
803 2116 1131 2180 derivatur
1162 2133 1243 2179 ex
1275 2115 1669 2179 auctoritate
1701 2122 1768 2178 et
1791 2115 2306 2197 independentia,
2337 2133 2466 2197 qua
2483 2115 2803 2179 Ecclesiae
2823 2116 3010 2179 mini-

384 2231 556 2287 stros
587 2242 783 2305 supra
816 2222 1034 2287 fideles
1055 2221 1369 2286 excellere
1394 2227 1687 2302 oportet:
1722 2222 2041 2304 siquidem
2073 2222 2192 2304 ipsi
2213 2241 2355 2287 esse
2376 2221 2614 2287 debent
2644 2222 2752 2286 lux
2772 2223 3012 2297 mundi,

384 2331 483 2393 sal
530 2338 772 2405 terrae,
820 2328 1033 2410 angeli
1064 2327 1179 2391 Dei
1225 2328 1655 2403 exercituum:
1708 2329 1877 2392 hanc
1923 2335 2140 2394 autem
2185 2329 2341 2411 ipsis
2387 2328 2667 2393 maxime
2712 2329 3012 2394 conciliat

384 2438 732 2513 sanctitaS,
783 2443 849 2500 et
895 2434 1151 2516 quidem
1199 2451 1280 2497 ea
1310 2434 1650 2511 sanctitas,
1700 2453 1869 2517 quae
1915 2435 2169 2500 vivendi
2213 2435 2466 2501 ratione
2512 2435 3009 2517 superhumana,

383 2542 862 2625 supernaturali
893 2541 1276 2616 continetur,
1312 2558 1441 2621 qua
1474 2542 1616 2622 quis
1649 2560 1841 2623 super
1871 2542 2152 2625 reliquos
2184 2543 2502 2611 excellens
2536 2543 3009 2609 vehementium

386 2651 763 2733 passionum
808 2649 1015 2713 victor
1060 2645 1511 2730 perfectaeque
1544 2647 1994 2730 abnegationis
2027 2650 2273 2715 exsistit
2304 2650 2631 2732 exemplar
2668 2657 2732 2715 et
2762 2667 3007 2714 norma.

384 2756 560 2821 Talis
594 2763 812 2822 autem
844 2755 1100 2820 vivendi
1130 2755 1297 2818 ratio
1331 2755 1524 2836 exigit
1556 2755 1963 2820 coelibatum.

570 2916 714 2968 581.
749 2903 811 2968 5.
844 2902 1174 2962 Goelibatui
1205 2903 1371 2960 nulla
1401 2903 1747 2963 adversatur
1778 2906 1927 2976 lex,
1975 2906 2240 2982 alioquin
2274 2925 2465 2981 neque
2498 2905 2763 2981 apostoli,
2811 2925 3004 2982 neque

384 2995 660 3054 Christus
693 2999 1003 3069 tantopere
1033 2992 1539 3050 commendassent
1582 3001 1643 3053 et
1688 2995 1869 3054 verbo
1900 2999 1961 3054 et
1991 2996 2256 3071 exemplo
2290 2996 2732 3054 continentiam.
2800 2995 3006 3070 Neque

388 3084 714 3144 coelibatus
760 3083 855 3140 lex
900 3081 1253 3140 adversatur
1299 3080 1457 3138 bono
1489 3084 1788 3142 communi
1822 3084 2202 3161 reipublicae,
2255 3086 2370 3143 imo
2421 3085 2530 3143 1100
2580 3085 2778 3160 potius
2829 3103 3008 3159 quam

387 3174 637 3232 maxime
668 3175 1004 3248 promovet;
1037 3169 1287 3244 ideoque
1319 3173 1381 3226 et
1412 3172 1657 3230 societas
1690 3173 1885 3231 civilis
1917 3193 1951 3232 a
1984 3193 2160 3248 quam
2191 3174 2483 3249 1110111010,
2518 3178 2589 3232 01
2619 3193 2652 3232 0
2684 3173 3004 3244 militibus,

387 3262 751 3338 pauperibus
781 3263 891 3319 etc.
925 3262 1168 3336 propter
1200 3258 1422 3315 bonum
1457 3277 1767 3321 commune
1801 3261 1875 3320 ad
1909 3267 2146 3339 tempus
2177 3262 2382 3321 saltem
2418 3263 2771 3323 coelibatum
2803 3263 3003 3340 exigit.

383 3355 540 3412 Sane
573 3350 928 3427 reipublicae
960 3349 1119 3406 salus
1150 3365 1268 3405 11011
1302 3350 1573 3408 consistit
1604 3351 1666 3409 in
1698 3371 1878 3426 quam
1913 3352 2167 3409 maxima
2187 3351 2491 3410 hominum
2525 3353 2771 3422 turba,
2806 3353 2908 3410 sed
2943 3352 3006 3411 in

387 3442 599 3499 horum
620 3439 920 3508 felicitate,
957 3456 1112 3513 pace,
1149 3436 1373 3494 virtute
1406 3446 1533 3511 etc„
1569 3458 1745 3514 quam
1781 3440 1845 3498 in
1877 3439 2088 3516 primis
2108 3453 2417 3516 promovet
2435 3441 2661 3518 religio,
2695 3441 2851 3500 Haec
2867 3460 3006 3500 vero

378 3548 455 3589 eo
502 3528 806 3605 potentius
838 3527 960 3586 vim
993 3545 1158 3586 suam
1190 3531 1416 3583 exseret
1448 3529 1788 3600 salutarem,
1836 3548 1955 3604 quo
1989 3528 2256 3587 meliores
2289 3530 2598 3606 magisque
2630 3529 2828 3587 idonei
2862 3532 3005 3588 sunt

378 3620 516 3694 ejus
562 3618 823 3676 ministri
872 3634 1107 3691 quoque
1154 3616 1373 3690 majore
1420 3619 1578 3693 apud
1624 3618 1913 3694 populum
1944 3618 2232 3677 fruuntur
2263 3619 2636 3680 auctoritate.
2700 3619 2888 3694 Atqui
2937 3638 3005 3677 ea

384 3708 710 3767 auctoritas
744 3726 922 3781 quam
953 3705 1203 3763 maxime
1246 3703 1466 3779 pendet
1511 3727 1545 3765 a
1589 3707 1906 3776 coelibatu3
1957 3707 2113 3783 quod
2157 3707 2539 3765 confirmatur
2569 3706 2881 3766 collatione
2913 3708 3003 3766 in-

377 3797 600 3855 stituta
630 3797 789 3854 inter
817 3794 1083 3872 populea,
1119 3810 1370 3866 quorum
1403 3796 1666 3854 ministri
1700 3796 1851 3854 sacri
1883 3800 2025 3854 sunt
2055 3796 2323 3867 coelibes,
2371 3799 2432 3854 et
2476 3796 2607 3854 illos
2649 3796 2754 3870 qui
2785 3816 3002 3872 regun-

386 3888 488 3944 tur
530 3906 565 3944 a
609 3885 901 3943 ministris
947 3881 1303 3942 habentibus
1336 3901 1590 3944 uxorem.
1655 3885 1784 3943 Imo
1828 3903 1960 3943 cum
1999 3885 2368 3944 continentia
2399 3885 2743 3944 clericorum
2793 3886 2879 3943 sal
2924 3885 3004 3943 sit

386 3975 718 4033 honestatis
752 3973 1041 4049 publicae,
1090 3974 1151 4028 et
1180 3988 1298 4045 quo
1332 3971 1471 4032 haec
1503 3974 1781 4046 sanctior,
1828 3992 1895 4032 00
1941 3974 2251 4033 fecundior
2279 3974 2610 4051 generatio:
2658 3991 2779 4031 non
2825 3975 2999 4032 coeli-

385 4063 555 4122 batui
586 4064 931 4122 clericorum
964 4059 1302 4120 imminutio
1332 4064 1587 4121 adscribi
1623 4063 1798 4132 debet
1830 4063 2223 4134 subditorum,
2272 4063 2373 4121 sed
2412 4063 2541 4122 aliis
2575 4062 2786 4133 0011010,
2834 4082 3001 4138 prae-

384 4154 592 4211 sertim
624 4152 939 4212 coelibatui
971 4150 1401 4220 libertinorum,
1452 4152 1557 4226 qui
1602 4153 1816 4230 jugum
1863 4157 1922 4210 et
1968 4153 2203 4211 vincula
2246 4153 2479 4210 bonesti
2523 4153 2765 4210 horrent
2795 4152 3000 4209 matri-

382 4242 586 4313 monii,
639 4261 756 4318 quo
807 4241 1056 4300 liberius
1101 4238 1305 4297 effreni
1352 4240 1660 4318 indulgere
1710 4241 1946 4299 libidini
1978 4241 2228 4318 possint.
2293 4241 2374 4298 cf.
2426 4241 2879 4299 Ambrosius
2929 4240 3001 4298 de

387 4331 535 4406 virg.
570 4350 617 4395 c.
654 4341 768 4402 653
802 4349 847 4389 s.
880 4331 1198 4388 Thomas
1228 4345 1275 4386 0.
1308 4334 1517 4406 gentes
1549 4331 1653 4401 111,
1697 4340 1837 4393 136.

564 4475 710 4538 582.
758 4472 826 4541 6,
874 4467 1043 4531 Mala
1075 4484 1241 4549 quae
1273 4466 1662 4532 coelibatum
1707 4469 2014 4549 consequi
2052 4467 2460 4550 crepantibus
2500 4468 2747 4548 jactare
2791 4467 2999 4531 solent

388 4574 607 4639 buccis
638 4573 804 4640 illius
836 4594 1079 4651 osoreS,
1112 4576 1213 4641 vel
1243 4597 1305 4647 a.
1339 4584 1727 4657 exaggerata
1759 4585 1873 4641 aut
1905 4578 2101 4642 etiam
2133 4577 2406 4641 conficta
2437 4584 2616 4651 sunt:
2663 4576 2764 4640 vel
2795 4578 2864 4647 b.
2896 4594 2999 4640 re-

386 4682 671 4763 torqueri
703 4691 981 4763 possunt
1013 4684 1076 4746 in
1109 4683 1457 4764 quemlibet
1486 4684 1658 4749 vitae
1689 4691 1961 4749 statum:
2000 4685 2314 4765 siquidem
2345 4683 2624 4765 probant
2655 4683 2878 4758 solum,
2912 4682 2998 4745 nil

379 4788 505 4851 sub
539 4790 673 4853 sole
705 4808 852 4854 esse
894 4789 1275 4871 perfectum,
1321 4796 1515 4872 atque
1548 4791 1858 4868 homines,
1894 4791 2200 4873 quamdiu
2232 4791 2333 4854 hic
2364 4792 2617 4866 vivunt,
2651 4790 2998 4854 admodum

2573 4900 2662 4950 35·
