3538 5364
573 256 659 321 86
988 245 1172 300 Tract.
1200 245 1350 301 VllI.
1377 246 1448 300 de
1473 248 1679 317 gratia.
1706 244 1907 300 Gratia
1932 246 2237 317 praeparat
2258 245 2769 311 illustrationibus,

571 435 817 494 natur.‘
887 427 1025 491 Hoc
1074 444 1226 491 vero
1278 426 1545 492 efficitur
1592 426 1895 490 immissis
1957 426 2485 491 illustrationibus
2534 427 3193 509 inspirationibusque

573 536 882 618 superniS,
917 553 1079 617 quas
1111 534 1281 600 Deus
1313 534 1378 598 in
1409 535 1597 599 nobis
1629 540 1956 617 operatur,
2004 552 2297 617 quaeque
2329 535 2501 598 viam
2532 540 2829 599 sternunt
2860 534 2943 597 ad
2974 539 3193 597 actum

572 643 1015 720 deliberatum,
1069 640 1177 723 qui
1225 642 1568 723 plurimum
1600 661 1636 708 e
1668 625 1934 725 praevia
1981 642 2217 708 mentis
2265 641 2740 724 voluntatisque
2773 641 3195 723 dispositione

569 749 824 830 pendet.

750 861 1055 919 Praeclare
1086 860 1237 919 hanc
1267 861 1492 938 gratiae
1524 862 1929 938 operationem
1974 861 2258 920 describit
2301 879 2346 926 s,
2392 861 2891 921 Coelestinus
2939 861 2965 917 1
3014 878 3198 936 supra

571 969 627 1008 n.
665 948 784 1013 89³
815 953 876 1008 et
908 967 953 1011 s,
987 949 1171 1009 Pros
1191 970 1227 1025 p
1246 971 1323 1009 er
1352 951 1419 1009 in
1449 970 1597 1026 resp.
1633 951 1705 1009 ad
1739 969 1865 1025 cap.
1891 961 1924 1011 6
1961 951 2137 1027 gall.:
2174 951 2492 1019 ‚Liberum
2525 949 2844 1009 arbitrium
2874 949 3029 1008 nihil
3060 968 3189 1008 esse

571 1040 667 1098 vel
698 1057 817 1097 non
838 1056 980 1108 esse,
1014 1058 1322 1114 perperam
1358 1039 1598 1109 dicitur,
1633 1040 1906 1098 sedante
1945 1040 2444 1099 illuminationem
2480 1039 2617 1099 fidei
2647 1038 2709 1097 in
2741 1038 3010 1098 tenebris
3043 1038 3194 1096 illud

571 1131 633 1187 et
664 1128 726 1186 in
759 1127 973 1186 umbra
1004 1129 1215 1187 mortis
1249 1148 1439 1206 agere,
1478 1148 1598 1186 non
1629 1133 1788 1187 recte
1818 1132 2086 1204 negatur.
2154 1128 2439 1197 Quoniam
2475 1130 2824 1205 priusquam
2859 1148 2893 1186 a
2924 1127 3194 1186 domina-

570 1218 734 1277 tione
767 1216 989 1275 diaboli
1020 1236 1128 1293 per
1159 1218 1262 1276 Dei
1294 1218 1545 1295 gratiam
1579 1218 1887 1287 liberetur,
1932 1218 1994 1276 in
2027 1217 2132 1277 illo
2163 1219 2455 1293 profundo
2481 1220 2654 1292 jacet,
2701 1218 2761 1275 in
2794 1217 2956 1293 quod
2988 1234 3051 1276 se
3083 1235 3192 1274 sua

573 1306 848 1365 libertate
881 1305 1180 1364 demersit.
1242 1309 1420 1366 Amat
1464 1325 1604 1384 ergo
1636 1306 1955 1382 languores
2003 1325 2159 1377 suos,
2212 1314 2273 1366 et
2321 1326 2428 1384 pro
2482 1308 2739 1366 sanitate
2785 1306 2985 1376 habet,
3033 1305 3194 1381 quod

574 1397 879 1472 aegrotare
913 1414 975 1453 se
1017 1396 1236 1454 nescit:
1284 1395 1469 1454 donec
1500 1395 1693 1471 prima
1723 1397 1862 1454 baec
1894 1395 2128 1455 medela
2156 1396 2494 1455 conferatur
2523 1398 2780 1473 aegroto,
2828 1399 2899 1454 ut
2947 1394 3198 1471 incipiat

572 1492 766 1554 nosse,
801 1484 959 1559 quod
993 1485 1291 1561 langueat,
1323 1489 1385 1543 et
1416 1484 1609 1559 possit
1628 1503 1798 1560 opem
1820 1484 2026 1543 medici
2053 1486 2401 1554 desiderare,
2436 1506 2554 1561 qua
2575 1489 2844 1560 surgat.‘
2893 1484 2971 1543 Et
2988 1487 3200 1543 contra

573 1572 776 1632 Collat.
809 1593 855 1630 c.
898 1582 970 1637 18
1009 1593 1064 1635 n.
1103 1582 1215 1637 53:
1258 1573 1575 1643 ,Liberum
1609 1574 1921 1632 arbitrium
1957 1575 2318 1633 naturaliter
2348 1575 2572 1634 bomini
2604 1574 2864 1633 inditum
2900 1576 3101 1632 manet
3133 1573 3198 1631 in

567 1666 802 1731 natura,
849 1662 950 1720 sed
999 1662 1288 1738 qualitate
1334 1666 1395 1720 et
1439 1663 1780 1722 conditione
1819 1665 2051 1721 mutata
2083 1683 2187 1739 per
2217 1664 2597 1723 mediatorem
2633 1664 2738 1721 Dei
2785 1666 2846 1721 et
2889 1662 3199 1721 hominum

571 1751 867 1809 hominem
902 1750 1201 1810 Christum
1233 1752 1460 1821 Jesum,
1494 1752 1599 1826 qui
1631 1752 1824 1827 ipsam
1855 1753 2228 1813 voluntatem
2262 1753 2336 1827 ab
2382 1772 2466 1821 eo,
2515 1752 2675 1830 quod
2722 1770 3003 1828 perverse
3034 1751 3199 1810 vole-

571 1839 690 1909 bat,
742 1840 961 1899 avertit
1004 1844 1067 1898 et
1109 1840 1174 1899 in
1220 1840 1297 1911 id,
1349 1841 1508 1917 quod
1556 1841 1609 1900 ei
1654 1841 1877 1900 bonum
1911 1846 2070 1900 esset
2102 1843 2271 1913 velle,
2306 1843 2632 1901 convertit:
2683 1845 2756 1901 ut
2804 1840 3200 1900 delectatione

570 1929 791 1999 affecta,
839 1928 953 1987 fide
993 1930 1294 1998 mundata,
1344 1948 1450 2005 spe
1496 1934 1704 1998 erecta,
1751 1931 2002 1989 caritate
2033 1950 2276 1990 accensa
2306 1931 2611 1991 liberalem
2646 1931 2977 2005 susciperet
3008 1928 3199 1987 servi-

568 2020 763 2077 tutem
797 2021 857 2076 et
889 2018 1163 2077 servilem
1195 2019 1479 2094 abjiceret
1508 2019 1907 2078 libertatem.‘
1972 2019 2054 2079 cf.
2088 2023 2148 2080 et
2179 2020 2334 2079 infra
2363 2040 2421 2084 n.
2461 2030 2602 2084 124.
2635 2054 2722 2064 —
2754 2021 2964 2094 Neque
2995 2018 3199 2077 minus

571 2107 866 2182 praeclare
912 2107 1387 2185 Fulgentius
1433 2128 1523 2184 ep.
1582 2120 1652 2171 17
1702 2128 1759 2167 n.
1814 2119 1927 2171 41:
1981 2109 2149 2178 ,Qua
2192 2111 2385 2187 gratia
2414 2109 2738 2168 humanum
2774 2127 2891 2167 non
2926 2108 3202 2167 aufertur

572 2195 675 2254 sed
706 2202 979 2268 sanatur;
1011 2215 1133 2256 non
1164 2197 1452 2257 adimitur
1483 2197 1587 2256 sed
1617 2197 1966 2276 corrigitur-3
1999 2217 2117 2257 non
2153 2203 2493 2258 removetur
2511 2198 2609 2257 sed
2631 2198 3043 2266 illuminatur;
3075 2214 3199 2254 non

571 2288 908 2355 evacuatur,
943 2286 1042 2345 sed
1076 2287 1398 2361 adjuvatur
1431 2290 1612 2362 atque
1645 2290 1921 2345 servatur
1955 2287 2288 2355 arbitrium,
2331 2291 2403 2346 ut
2435 2334 2448 2346 .
2482 2332 2496 2347 .
2531 2333 2544 2346 .
2591 2289 2653 2346 in
2688 2306 2806 2363 quo
2839 2304 3046 2345 coecus
3080 2285 3202 2344 suit

571 2369 811 2451 (homo),
846 2375 909 2434 in
942 2394 1010 2433 eo
1042 2375 1294 2451 accipiat
1323 2377 1586 2435 lumeu.‘
1638 2375 1764 2444 Quo
1797 2376 1882 2434 nil
1915 2376 2340 2451 praestantius,
2388 2376 2617 2446 Quibus
2645 2376 2925 2435 omnibus
2958 2375 3199 2451 egregie

569 2464 796 2540 gratiae
826 2463 1088 2523 influxus
1119 2465 1180 2522 in
1213 2465 1469 2525 liberum
1488 2465 1801 2523 arbitrium
1823 2463 2187 2523 declaratur:
2222 2465 2327 2540 qui
2359 2467 2538 2524 etiam
2571 2465 2965 2525 similitudine
2996 2463 3204 2539 aliqua

570 2547 807 2634 (utique
825 2552 1238 2632 inadaequata)
1272 2555 1564 2612 illustrari
1594 2558 1811 2630 potest.
1860 2553 2028 2612 Sicut
2057 2554 2215 2611 enim
2248 2554 2351 2630 qui
2386 2558 2558 2614 nocte
2579 2555 2880 2613 lucernam
2903 2552 3197 2623 accendit,

569 2645 641 2701 ut
689 2641 1024 2703 discernere
1074 2644 1370 2720 possimus
1419 2642 1861 2719 prudenterque
1912 2643 2132 2719 eligere
2181 2642 2342 2702 inter
2393 2643 2620 2721 lapides
2670 2643 2963 2719 pretiosos
3014 2646 3200 2718 atque

568 2732 735 2801 alim,
770 2732 875 2808 qui
905 2733 1136 2790 nullius
1170 2736 1312 2791 sunt
1335 2733 1529 2807 pretii,
1563 2733 1657 2790 vel
1691 2750 1799 2790 nos
1833 2732 2083 2790 instruit
2114 2732 2186 2791 de
2219 2733 2407 2809 pretio
2429 2735 2815 2810 objectorum,
2850 2732 3200 2791 libertatem

568 2821 741 2880 nobis
773 2841 893 2880 non
924 2821 1150 2891 adimit,
1186 2840 1302 2880 non
1337 2820 1602 2895 impedit,
1639 2822 1740 2879 sed
1763 2821 1964 2896 potius
1988 2821 2198 2895 juvat;
2233 2841 2424 2898 neque
2444 2823 2709 2882 medicus
2729 2840 2942 2881 sanans
2967 2822 3198 2898 aegroti

568 2911 853 2986 palatum,
889 2909 985 2969 cui
1018 2928 1088 2968 ex
1120 2910 1309 2968 morbi
1342 2911 1487 2968 vitio
1520 2910 1638 2968 cibi
1672 2910 1802 2968 sani
1834 2910 2222 2986 desipiebant,
2264 2915 2335 2970 ut
2367 2911 2458 2970 illi
2482 2914 2609 2988 jam
2639 2912 2907 2987 sapiant:
2951 2912 3044 2969 ita
3087 2928 3200 2969 nec

567 2999 759 3076 gratia
789 2998 1165 3057 intellectum
1198 2999 1509 3057 illustrans
1541 3003 1601 3058 et
1633 3000 2004 3058 voluntatem
2037 3001 2354 3074 corrigens,
2398 3001 2652 3060 hominis
2686 3000 2983 3059 interimit
3016 3000 3200 3058 liber-

568 3091 770 3159 tatem,
805 3087 903 3146 sed
939 3088 1143 3162 potius
1176 3087 1420 3163 perficit.
1487 3088 1568 3151 cf.
1600 3089 1670 3147 de
1705 3106 1827 3147 voc.
1861 3088 2130 3147 omnium
2162 3090 2435 3167 gentium
2468 3091 2543 3161 11,
2583 3100 2681 3152 26.

750 3222 850 3275 94.
884 3208 1256 3277 Scholion.
1317 3213 1480 3270 Berti
1510 3214 1704 3288 opinio
1734 3214 2035 3288 refellitur.
2069 3247 2158 3259 —-
2192 3213 2535 3273 Voluntatis
2568 3214 3022 3290 inspirationem
3054 3231 3196 3272 con-

569 3301 778 3360 sistere
810 3301 873 3359 in
905 3301 1294 3377 inspiratione
1327 3302 1514 3360 solius
1556 3302 1961 3374 caritatis,
2008 3306 2384 3378 praepostere
2415 3305 2666 3361 tuentur
2700 3305 2725 3378 j
2746 3302 3196 3374 anseniani,

567 3392 686 3449 imo
718 3395 778 3448 et
808 3392 1084 3449 nonnulli
1118 3391 1381 3468 theologi
1414 3391 1706 3460 catholici,
1756 3392 1863 3467 qui
1909 3395 1981 3450 ut
2027 3392 2243 3450 Berti
2293 3391 2366 3450 de
2412 3392 2593 3450 theol.
2632 3392 2772 3451 disc.
2806 3392 2903 3460 IV,
2947 3403 3013 3454 ll
3059 3411 3195 3468 gra-

566 3479 711 3538 tiam
745 3480 831 3537 ita
861 3479 1171 3550 definiunt,
1220 3484 1291 3538 ut
1336 3480 1417 3539 sit
1466 3481 1821 3556 ,inspiratio
1854 3480 2206 3549 dilectioni8‚
2258 3484 2330 3539 ut
2374 3481 2611 3558 cognita
2643 3485 2846 3540 sancto
2878 3498 3075 3539 amore
3107 3481 3194 3538 fa-

567 3568 854 3627 ciamus.‘
904 3569 1027 3628 Hoc
1058 3569 1216 3628 enim
1251 3569 1602 3629 adversatur
1638 3567 1696 3632 l.
1732 3570 1956 3629 divinis
1987 3569 2201 3639 literis,
2236 3589 2391 3645 quae
2424 3575 2486 3628 et
2515 3569 2664 3629 alios
2697 3573 2867 3629 actus
2899 3569 3196 3629 virtutum

567 3657 997 3727 commendant,
1044 3662 1117 3715 ut
1145 3659 1392 3728 timoris,
1442 3659 1584 3734 spei,
1635 3660 2055 3734 poenitentiae,
2105 3659 2210 3733 qui
2255 3677 2376 3717 non
2424 3660 2752 3718 necessario
2783 3661 3069 3717 nituntur
3101 3678 3196 3718 ca-

568 3747 761 3815 ritate,
802 3746 1024 3805 nedum
1057 3751 1202 3806 sunt
1224 3749 1346 3822 jam
1382 3748 1709 3807 formaliter
1740 3748 1973 3817 caritas,
2023 3747 2125 3806 sed
2160 3749 2229 3806 ael
2265 3768 2392 3806 eam
2425 3748 2769 3824 disponunt,
2817 3752 2879 3808 et
2923 3749 2994 3805 ad
3043 3766 3195 3824 quos

567 3839 723 3894 certe
769 3836 1098 3911 requiritur
1142 3837 1337 3914 gratia
1381 3837 1726 3895 voluntatis
1792 3836 2163 3895 Adversatur
2212 3835 2274 3900 2.
2327 3837 2576 3896 concilio
2627 3837 2976 3908 tridentino,
3030 3836 3194 3913 quod

568 3943 706 3984 sess.
743 3934 777 3986 6
815 3943 939 4001 cap.
975 3936 1008 3988 6
1057 3926 1286 4002 gratiae
1319 3925 1571 3985 aliorum
1606 3945 1845 4001 quoque
1881 3926 2200 3984 affectuum
2235 3930 2296 3985 et
2328 3933 2566 3986 actuum
2602 3927 3059 4002 inspirationem
3091 3926 3193 3984 ad-

566 4013 789 4072 scribit.
855 4014 1217 4074 Adversatur
1259 4009 1326 4077 3.
1374 4019 1614 4090 patrum
1661 4015 2011 4073 manifestae
2057 4015 2378 4084 doctrinae,
2428 4016 2755 4075 secundum
2786 4035 2966 4091 quam
2999 4014 3193 4074 omnis

564 4103 843 4161 salutaris
877 4104 1059 4162 motio
1091 4104 1420 4163 voluntatis
1452 4104 1678 4182 gratiae
1723 4108 1818 4163 est
1862 4104 2204 4166 tribuenda.
2270 4104 2514 4163 Omnem
2550 4109 2748 4164 autem
2782 4104 2998 4164 bonam
3030 4105 3188 4163 salu-

567 4196 874 4267 taremque
905 4193 1230 4252 voluntatis
1263 4195 1582 4252 motionem
1632 4196 1960 4252 secundum
2005 4194 2171 4269 ipsos
2216 4194 2544 4252 formaliter
2588 4213 2717 4252 esse
2765 4195 3092 4262 caritatem,
3140 4193 3194 4252 is

566 4284 804 4339 tantum
835 4281 1235 4352 affirmaverit,
1271 4284 1377 4358 qui
1409 4302 1509 4342 eos
1541 4300 1658 4341 non
1690 4283 1924 4360 legerit.
1988 4284 2359 4342 Adversatur
2402 4278 2470 4347 4.
2504 4283 2666 4341 omni
2701 4284 2885 4342 ascesi
2918 4281 3189 4341 christia-

564 4388 694 4441 nae,
742 4371 933 4428 totius
981 4372 1213 4430 scholae
1257 4372 1477 4437 sensui.
1527 4389 1678 4446 quae
1723 4374 1847 4430 tam
1880 4372 2134 4430 sollicite
2165 4376 2435 4430 recenset
2468 4372 2727 4431 virtutes
2759 4392 2794 4430 a
2824 4372 3070 4430 caritate
3103 4371 3191 4429 di-

567 4459 845 4529 stinctas;
878 4459 989 4534 ipsi
1021 4449 1225 4536 genesi
1258 4461 1542 4529 caritati8‚
1577 4480 1729 4535 quae
1760 4461 2074 4519 manifesto
2108 4461 2538 4536 praesupponit
2569 4461 2776 4532 fidem;
2818 4460 2963 4519 fides
2994 4465 3193 4520 autem

567 4548 783 4608 bonam
801 4549 1128 4607 voluntatis
1149 4550 1469 4608 motionem
1505 4550 1628 4609 scil.
1662 4549 2032 4609 credulitatis
2065 4550 2354 4608 affectum.
2404 4550 2571 4619 Quod
2605 4551 2656 4608 si
2690 4550 3192 4627 Augustinus

564 4637 897 4696 voluntatis
929 4640 1183 4714 gratiam
1216 4638 1289 4697 ad
1321 4638 1582 4697 caritatis
1602 4639 2054 4713 inspirationem
2076 4638 2317 4697 videtur
2333 4657 2623 4705 revocare,
2656 4658 2785 4697 eam
2816 4640 2901 4697 ita
2931 4639 3194 4714 appellat

566 4727 663 4785 vel
694 4741 760 4790 a.
795 4727 1145 4803 dispositive
1178 4731 1239 4785 et
1270 4726 1527 4786 finaliter
1549 4723 1632 4807 (n.
1656 4721 1822 4808 83⁶),
1859 4728 1954 4786 vel
1988 4721 2057 4790 b.
2090 4726 2569 4787 denominatione
2590 4728 2905 4804 desumpta
2935 4747 2971 4786 a
3001 4727 3194 4804 specie
