3538 5364
611 248 745 312 420
936 240 1121 293 Tract.
1151 241 1241 292 IX.
1270 240 1339 291 de
1366 238 1738 309 poenitentia.
1766 238 1966 291 'Phesis
1994 238 2332 292 CCXXXIX.
2362 238 2624 293 Clavium
2652 241 2904 310 potestas

612 421 952 502 baptism0‚
968 422 1076 503 qui
1091 418 1290 484 semel
1309 419 1580 483 collatus
1601 418 1819 483 iterari
1838 418 2083 500 nequit;
2118 420 2498 500 praesertim
2518 439 2664 484 cum
2679 420 2825 502 ipsa
2839 440 2957 503 pro
2977 421 3228 485 Christo

610 528 929 609 legatione
960 527 1623 607 reconciliationisque
1656 525 2008 588 ministerio
2043 526 2216 606 iungi
2248 526 2482 591 debeat
2513 527 2968 610 missionisque
2995 526 3228 591 Christi

610 636 691 699 sit
725 635 1065 716 particepS‚
1097 635 1203 716 qui
1234 633 1411 697 venit
1441 639 1817 714 peccatores
1851 651 2075 697 omnes
2109 633 2323 696 salvos
2359 634 2586 698 facere.

792 764 939 829 438.
972 758 1515 826 Demonstratio
1548 778 1618 842 p.
1657 756 1802 823 111.
1852 756 2032 819 Hanc
2065 775 2218 821 vero
2251 763 2641 837 potestatem
2673 759 3042 823 remittendi
3076 758 3231 821 side·

608 867 763 929 lium
794 874 1063 949 peccata
1094 884 1226 942 seu,
1259 871 1330 928 ut
1362 865 1618 928 brevius
1651 864 1958 941 dicamus
1991 866 2158 928 hanc
2191 865 2465 928 clavium
2497 872 2886 947 potestatem
2906 865 3233 930 Ecclesiae

610 991 649 1035 a
682 972 936 1037 Christo
970 989 1346 1037 concessam
1364 992 1494 1036 non
1516 992 1656 1037 esse
1678 991 1925 1037 meram
1945 979 2336 1053 potestatem
2357 973 2789 1037 annunciandi
2809 979 3229 1053 peccatorum

608 1080 1053 1145 remissionem
1084 1078 1184 1143 vel
1218 1079 1587 1143 facultatem
1621 1079 1990 1143 declarandi
2023 1087 2293 1160 peccata
2312 1099 2461 1145 vere
2484 1080 2896 1146 credentibus
2918 1087 2984 1143 et
3003 1080 3227 1160 poeni-

608 1187 889 1251 tentibus
922 1206 1063 1252 esse
1094 1188 1380 1262 remissa,
1428 1204 1594 1268 quae
1640 1193 1737 1250 est
1782 1188 2278 1266 protestantium
2321 1188 2540 1269 jejuna
2583 1186 2800 1269 opinio
2819 1187 2882 1272 ¹),
2938 1187 3054 1251 sed
3089 1204 3232 1250 esse

607 1301 990 1375 potestatem
1025 1312 1179 1359 vere
1212 1293 1575 1357 remittendi
1607 1300 1875 1374 peccata
1908 1312 2038 1356 non
2073 1295 2281 1357 minus
2315 1312 2392 1358 ac
2423 1314 2541 1376 per
2573 1294 2985 1376 baptismum,
3011 1294 3227 1356 multi-

608 1401 751 1482 plici
784 1401 1246 1482 comprobatur
1279 1406 1674 1479 argumento.
1740 1397 1912 1464 Sane

789 1528 847 1593 1.
880 1526 1005 1588 hoc
1055 1524 1369 1604 colligitur
1418 1544 1497 1589 ex
1546 1525 1699 1605 ipsis
1750 1525 2111 1589 collationis
2161 1526 2343 1590 Joan.
2379 1532 2482 1601 20,
2517 1530 2602 1594 22
2634 1545 2682 1588 s.
2715 1524 2944 1588 verbis.
3013 1524 3105 1588 De
3153 1542 3230 1587 ea

608 1632 778 1695 enim
823 1638 1238 1712 peccatorum
1289 1631 1666 1695 remissione
1718 1640 1816 1696 est
1866 1651 2098 1708 serm0,
2151 1633 2332 1713 cujus
2366 1652 2431 1699 a.
2466 1639 2694 1696 auctor
2725 1638 2824 1701 est
2855 1632 2992 1712 ipse
3029 1629 3229 1713 Spiri-

606 1747 710 1804 tus
760 1741 906 1825 S.2).;
960 1739 1264 1822 quocirca
1326 1740 1654 1820 praemisit
1700 1739 1990 1803 Christus
2040 1740 2238 1820 ipsius
2287 1739 2613 1802 collationi
2654 1738 2883 1802 verba:
2949 1739 3230 1823 Accipite

609 1845 921 1931 Spiritum
953 1867 1041 1925 3.,·
1074 1845 1157 1909 ad
1191 1864 1383 1927 quam
1419 1847 1489 1912 b.
1524 1844 1894 1909 hominibus
1948 1845 2436 1927 impertiendam
2486 1846 2721 1908 missus
2773 1851 2869 1907 est
2901 1842 3230 1909 Christus:

604 1972 757 2017 nam
788 1954 1119 2034 praemisit
1151 1959 1214 2017 et
1246 1953 1406 2016 haec
1438 1952 1669 2015 verba:
1705 1954 1879 2016 Sicut
1910 1954 2076 2015 misit
2109 1975 2203 2015 me
2225 1952 2438 2029 Pater,
2474 1960 2530 2015 et
2562 1972 2667 2035 eqo
2685 1954 2859 2014 mitto
2883 1972 3028 2027 2·os;
3059 1969 3225 2033 quae

606 2078 670 2127 c.
705 2059 1074 2140 designatur
1107 2059 1335 2123 eodem
1381 2059 1744 2122 remittendi
1792 2059 2128 2135 vocabulo,
2177 2077 2302 2141 quo
2351 2058 2511 2121 alias
2557 2057 2948 2137 significatur
2999 2076 3083 2120 ea
3122 2078 3226 2121 re-

603 2166 821 2228 missio
868 2171 1296 2246 peccatorum,
1345 2183 1538 2247 quam
1572 2163 1740 2228 Deus
1788 2164 1922 2227 sive
1967 2163 2337 2227 immediate
2383 2165 2517 2228 sive
2567 2163 2846 2228 mediate
2892 2165 3223 2231 concedit:

603 2290 770 2353 quae
803 2274 873 2339 d.
907 2271 1253 2353 respondet
1286 2271 1481 2335 indoli
1514 2271 1583 2334 N.
1618 2271 1705 2347 Τ.,
1737 2271 1802 2334 in
1836 2290 1964 2353 quo
1999 2272 2167 2334 sicut
2187 2271 2397 2334 futura
2415 2271 2809 2353 promittitur
2844 2271 2943 2357 (cf.
2965 2271 3094 2336 Jer.
3119 2277 3220 2346 31,

603 2384 688 2447 33
722 2378 837 2442 col.
871 2379 1057 2442 Hebr.
1093 2384 1196 2454 20,
1239 2385 1313 2448 16
1349 2380 1492 2463 etc.)
1540 2396 1695 2442 vera
1740 2380 1949 2458 gratia
1996 2384 2059 2442 et
2098 2378 2486 2459 justificatio,
2535 2397 2691 2442 sane
2738 2397 2855 2459 per
2895 2378 3226 2443 ministros

601 2484 1008 2563 conserenda,
1042 2487 1131 2550 ita
1165 2493 1229 2550 et
1260 2504 1416 2551 vera
1446 2493 1861 2566 peccatorum
1891 2486 2183 2550 remissio
2204 2504 2319 2566 per
2339 2485 2597 2550 eosdem
2622 2485 2987 2561 efficienda;
3022 2504 3225 2568 quae-

601 2611 725 2674 que
758 2612 821 2660 c.
855 2594 1203 2674 respondet
1233 2593 1624 2656 solemnitati
1655 2593 2047 2656 collationis:
2082 2611 2210 2675 qua
2241 2593 2396 2655 nihil
2429 2593 2862 2669 novi‚-11ullum
2898 2592 3224 2674 singulare

600 2700 981 2764 beneficium
1012 2700 1317 2764 collatum
1339 2700 1561 2765 suisset
1593 2701 1657 2762 in
1689 2701 2205 2764 adversariorum
2229 2700 2587 2781 hypothesi,
2609 2717 2757 2763 cum
2779 2706 2843 2766 et
2863 2702 3220 2783 prophetae

598 2806 672 2869 V.
706 2807 772 2869 T.
806 2808 1197 2871 annunciare
1230 2808 1553 2887 potuerint
1586 2825 1735 2871 vere
1767 2808 2239 2887 poenitentibus
2272 2808 2507 2872 remitti
2538 2814 2823 2888 peccata,
2849 2813 2912 2871 et
2955 2808 3226 2889 quilibet

599 2912 799 2978 fidelis
833 2914 894 2976 id
928 2914 1149 2993 possit.
1214 2912 1437 2994 Neque
1470 2930 1548 2976 ea
1579 2913 1780 2976 verba
1831 2913 1910 2976 de
1957 2914 2095 2976 sola
2129 2932 2485 2994 poenarum
2519 2914 2917 2978 relaxatione
2951 2922 3226 2995 possunt

601 3020 893 3098 intelligi;
928 3019 1089 3082 haec
1124 3020 1293 3083 enim
1324 3037 1457 3082 non
1490 3020 1864 3084 conceditur
1896 3039 2032 3083 non
2063 3022 2335 3084 remissa
2369 3022 2572 3101 culpa.

781 3149 1030 3224 Egregie
1053 3150 1179 3224 jam
1212 3149 1537 3208 Richardus
1579 3171 1613 3208 a
1657 3169 1704 3208 s,
1754 3150 2068 3210 Victore
2112 3151 2177 3209 in
2223 3155 2595 3209 antecessum
2631 3151 2916 3210 reFutavit
2939 3151 3218 3226 jejunum

604 3238 1062 3311 protestantium
1099 3240 1585 3297 commentarium
1621 3239 1693 3297 de
1725 3244 2018 3315 potestate
2052 3240 2278 3316 ligandi
2312 3244 2489 3314 atque
2522 3240 2792 3298 solvendi
2825 3258 2871 3301 c.
2911 3249 3022 3302 12:
3061 3240 3214 3308 ,Ex-

602 3329 722 3382 stat
753 3326 1123 3400 quorundam
1171 3327 1241 3386 de
1288 3331 1582 3404 potestate
1614 3329 1843 3403 ligandi
1875 3333 2054 3404 atque
2088 3329 2356 3387 solvendi
2390 3328 2684 3387 sententia
2716 3333 2839 3386 tam
2871 3329 3101 3397 frivola,
3149 3333 3219 3386 ut

599 3413 843 3471 ridenda
871 3416 1075 3489 potius
1109 3417 1396 3488 videatur,
1432 3437 1610 3492 quam
1643 3418 1981 3480 refellenda.
2045 3419 2270 3476 Putant
2310 3418 2469 3475 enim
2515 3422 2576 3476 et
2618 3417 2977 3493 praedicant,
3027 3437 3213 3476 sacer-

599 3502 767 3561 dotes
815 3521 932 3562 non
978 3504 1191 3563 babere
1223 3510 1578 3581 potestatem
1613 3507 1837 3582 ligandi
1870 3510 2049 3582 atque
2083 3507 2366 3577 solvendi,
2415 3507 2516 3564 sed
2561 3506 2912 3566 ostendendi
2946 3507 3220 3565 homines

599 3610 729 3650 esse
763 3593 990 3651 solutos
1025 3594 1149 3652 sive
1195 3595 1427 3671 ligatos.
1494 3596 1608 3653 Sed
1653 3595 1948 3670 numquid
1982 3597 2268 3655 Dominus
2302 3595 2478 3653 dicit:
2527 3595 2930 3670 Quodcunque
2963 3595 3216 3672 ligatum

598 3701 630 3739 o
649 3701 675 3740 s
692 3685 718 3739 t
733 3701 764 3740 e
780 3701 820 3740 n
837 3683 873 3739 d
892 3702 922 3740 e
940 3683 1049 3740 ris
1096 3684 1212 3742 erit
1246 3684 1511 3759 ligatum,
1559 3689 1621 3742 et
1665 3685 2061 3759 quodcunque
2094 3685 2355 3743 solutum
2387 3703 2421 3742 o
2439 3703 2466 3743 s
2481 3687 2509 3742 t
2524 3703 2555 3742 e
2571 3704 2609 3742 n
2628 3684 2662 3741 d
2680 3704 2712 3743 e
2728 3684 2837 3742 ris
2888 3684 3004 3742 erit
3055 3685 3213 3742 solu-

596 3775 727 3828 tum
743 3774 770 3828 ¹?
803 3771 1023 3830 Dicunt
1057 3773 1408 3847 apostolicos
1441 3773 1597 3831 viros
1619 3777 1857 3849 peccata
1875 3774 2217 3832 remittendi
2253 3774 2347 3831 vel
2377 3774 2674 3831 retinendi
2707 3776 3063 3849 potestatem
3097 3791 3214 3831 non

802 3981 851 4054 ’1)
885 3989 965 4038 Ita
994 3987 1140 4039 conf.
1170 3987 1330 4041 Helv,
1360 3988 1427 4039 ll.
1456 4005 1498 4041 c.
1533 3996 1625 4041 14:
1658 3986 1818 4046 „Rite
1847 3991 1904 4040 et
1930 3988 2235 4042 efficaciter
2263 3986 2508 4040 ministri
2530 3986 3011 4050 absolvunt,dum
3034 3986 3218 4039 Evau-

598 4066 812 4134 gelium
842 4065 1054 4120 Christi
1083 4070 1139 4119 et
1164 4066 1224 4119 in
1252 4067 1359 4121 hoc
1387 4067 1775 4120 remissionem
1796 4070 2174 4137 peccatorum,
2205 4083 2350 4134 quae
2379 4067 2625 4137 singulis
2653 4065 3015 4136 promittitur
3041 4066 3220 4120 fideli-

598 4146 718 4209 bu8‚
747 4145 916 4198 sicuti
944 4149 1003 4200 et
1027 4145 1243 4214 singuli
1271 4149 1407 4199 sunt
1427 4146 1720 4215 baptizati,
1744 4148 2077 4216 praedicant
2097 4148 2243 4199 etad
2267 4147 2524 4216 singulos
2541 4145 2908 4216 peculiariter
2928 4146 3211 4215 pert-inere

596 4227 931 4276 testantur.“
987 4225 1068 4279 Cf.
1097 4225 1167 4276 W
1186 4226 1205 4278 i
1226 4245 1259 4276 n
1279 4243 1352 4278 er
1380 4245 1434 4294 p.
1469 4231 1585 4280 181.

813 4308 852 4360 ὲ)
884 4305 967 4356 Ad
998 4323 1113 4360 rem
1142 4306 1621 4375 Augustinus
1663 4307 1680 4358 l
1728 4313 1758 4360 2
1788 4310 1984 4358 contra
2013 4325 2100 4376 ep.
2129 4305 2495 4359 Parmeniani
2523 4326 2566 4361 c.
2601 4316 2658 4362 ll
2691 4325 2745 4361 n.
2774 4311 2873 4360 24:
2929 4305 3107 4365 „Cum
3133 4324 3214 4360 in-

597 4383 937 4452 terpositum
964 4388 1079 4440 est:
1106 4389 1222 4440 Hoc
1246 4406 1363 4440 cum
1390 4392 1623 4450 dixisset,
1652 4391 1946 4454 insufflavit
1973 4398 2021 4441 et
2044 4394 2122 4440 ae't
2147 4392 2280 4441 illis:
2307 4391 2540 4455 Accipite
2559 4390 2824 4455 Spiritum
2843 4405 2903 4448 s.,
2926 4387 2986 4438 et
3005 4386 3210 4440 deinde

595 4464 827 4517 illatum
856 4481 955 4533 per
981 4482 1075 4520 eos
1102 4466 1191 4519 vel
1219 4465 1607 4520 remissionem
1638 4468 1726 4520 vel
1752 4467 2130 4520 retentionem
2161 4467 2280 4519 fieri
2301 4470 2683 4535 peccatorum,
2713 4466 2851 4521 satis
2872 4468 3212 4528 ostenditur,

596 4563 711 4598 non
737 4544 891 4614 ipsos
917 4545 1214 4617 (homines)
1256 4546 1313 4599 id
1341 4563 1524 4616 agere,
1566 4547 1661 4599 sed
1690 4562 1790 4616 per
1815 4561 1909 4598 eos
1938 4548 2136 4613 utique
2167 4546 2445 4614 Spiritum
2475 4561 2548 4600 s.“
2605 4547 2866 4602 Ceterum
2895 4566 2934 4601 s.
2964 4547 3217 4603 doctoris

596 4623 912 4678 doctrinam
959 4626 1027 4676 de
1072 4626 1456 4695 poenitentiae
1502 4630 1850 4681 sacramento
1897 4631 2158 4681 accurate
2204 4627 2516 4696 expositam
2563 4628 2807 4699 reperies
2850 4644 2884 4680 a
2925 4627 2960 4680 S
2979 4645 3006 4680 c
3024 4628 3112 4681 ha·
3130 4647 3163 4680 n
3183 4647 3218 4680 z

595 4705 736 4759 Tul).
768 4704 1006 4768 Qtlschr.
1045 4709 1174 4760 1895
1203 4723 1257 4772 p.
1287 4713 1391 4761 448
1418 4724 1485 4758 ss,
