3538 5364
1076 367 1275 423 'rhesis
1301 367 1662 424 CCLXXVII.
1693 367 1891 424 Carnis
1918 366 2275 422 resurreetio.
2845 373 2973 440 651

536 554 683 618 679.
717 548 1490 637 ThesischXXVII.
1563 572 1658 625 In
1708 571 2304 625 consummatione
2354 571 2573 624 seculi
2608 558 2983 636 resumant

355 662 625 715 monui
643 664 708 714 et
726 660 1009 728 quedem
1029 668 1268 716 omncs
1298 664 1610 727 tempore
1644 662 1885 716 eodem
1915 661 2304 727 iisdemque
2345 673 2505 714 oum
2545 661 2983 727 vomeribus,

355 762 541 817 quac
576 750 748 804 dum
788 749 1120 815 viverent,
1156 753 1549 816 aestas-unt.

533 852 1084 922 Demonstratio
1115 871 1183 938 p.
1217 852 1280 919 1.
1344 849 1574 916 Carnis
1600 851 1986 916 resurrectio
2018 851 2085 915 in
2117 868 2352 933 genere
2384 850 2699 932 probatur

538 959 602 1026 1.
635 955 922 1041 plurimis
953 977 1001 1022 s.
1023 955 1399 1041 Scripturae
1430 957 1652 1023 effatis.
1686 957 1940 1022 Eminet
1969 957 2094 1022 loci
2124 957 2383 1023 classici
2400 958 2605 1022 instar
2632 964 2682 1026 1.
2703 956 2845 1023 Cor.
2871 963 2982 1036 15,

353 1066 467 1131 ubi
497 1064 736 1131 Paulus
767 1066 1194 1148 comprobata
1222 1086 1279 1130 v.
1319 1071 1530 1136 1—21
1566 1064 1801 1130 Christi
1834 1065 2319 1142 resurrectione,
2352 1064 2434 1130 de
2464 1070 2690 1129 nostra
2720 1064 2981 1131 disserit

354 1180 421 1239 et
449 1191 582 1238 non
613 1173 820 1238 solum
851 1173 1054 1240 octies
1088 1172 1320 1239 saltem
1352 1179 1642 1251 testatur,
1688 1179 1981 1238 mortuos
2028 1191 2172 1238 esse
2221 1179 2717 1249 resurrecturOS,
2748 1191 2981 1238 verum

352 1279 548 1346 variis
579 1279 775 1345 etiam
818 1279 1176 1344 rationibus
1219 1278 1558 1345 confirmat
1592 1299 1649 1343 v.
1686 1284 1948 1350 12—32
1984 1284 2050 1345 et
2081 1279 2147 1343 in
2176 1278 2667 1344 resurrectionis
2716 1279 2981 1363 inquirit

352 1386 619 1451 modum
648 1404 706 1450 v.
742 1390 827 1456 35
857 1405 939 1450 ss.
1002 1385 1173 1453 Inter
1215 1386 1378 1451 alias
1427 1386 1733 1463 rationes,
1781 1385 2012 1469 quibus
2042 1386 2260 1464 utitur,
2304 1385 2430 1450 hae
2462 1385 2630 1450 duae
2661 1386 2728 1449 in
2757 1386 2979 1468 primis

352 1500 504 1559 sunt
533 1493 891 1558 notandae:
923 1513 980 1557 v.
1020 1497 1133 1562 12:
1197 1490 1270 1556 Si
1313 1499 1523 1559 autem
1556 1492 1844 1557 Christus
1880 1493 2321 1578 praedicatur,
2367 1492 2531 1578 quod
2560 1494 2901 1556 resurr-ait
2933 1514 2981 1557 a

352 1602 641 1682 mortuis,
671 1603 974 1687 quomodo
1005 1603 1263 1688 quidam
1294 1602 1508 1666 dicunt
1540 1604 1610 1665 in
1640 1602 1827 1686 vobis,
1859 1603 2158 1688 quoniam
2185 1602 2557 1665 resurrectio
2587 1607 2975 1664 mortuorum

352 1726 480 1771 non
511 1713 598 1771 est
615 1706 650 1769 :³
691 1707 762 1770 Si
791 1713 1000 1771 autem
1044 1709 1415 1773 resurreetio
1459 1714 1849 1771 mortuorum
1895 1727 2019 1771 non
2066 1714 2173 1791 est,
2219 1727 2408 1792 neque
2441 1706 2724 1770 Christus
2768 1728 2979 1771 resur-

350 1814 530 1877 rexit.
591 1812 790 1893 Quasi
819 1813 1095 1880 diceret:
1130 1814 1368 1893 Honor,
1399 1813 1822 1879 conformitas
1854 1821 1919 1881 et
1948 1814 2162 1878 unitas
2196 1813 2486 1895 corporis
2518 1814 2729 1895 exigit,
2762 1821 2834 1879 ut
2864 1833 2981 1879 ca-

349 1920 501 2003 pitis
530 1920 812 1985 conditio
845 1922 1355 1987 communicetur
1384 1921 1708 1987 membris,
1771 1921 1969 2004 Atqui
2000 1919 2289 1985 Christus
2322 1926 2518 2002 caput
2547 1928 2841 1986 nostrum
2871 1942 2979 1988 re-

352 2026 646 2094 surrexit.
707 2026 906 2093 Decet
934 2047 1086 2110 ergo
1119 2036 1184 2094 et
1213 2029 1416 2111 gloria
1446 2028 1676 2111 capitis
1722 2033 1788 2093 et
1820 2028 2115 2109 corporis
2147 2025 2561 2091 conformitas
2593 2028 2871 2110 exigunt,
2904 2036 2985 2095 ut

353 2141 420 2200 et
449 2134 744 2199 membra
773 2142 1127 2216 resurgant,
1160 2153 1244 2200 ne
1275 2135 1397 2199 sub
1427 2136 1574 2200 vivo
1605 2136 1817 2217 capite
1837 2140 2094 2199 mortua
2114 2134 2241 2198 sint
2260 2133 2584 2199 membra:
2617 2153 2745 2218 quo
2777 2153 2977 2202 sensu

353 2241 549 2307 etiam
581 2239 876 2306 Christus
906 2241 1098 2307 Marc.
1137 2247 1236 2318 12,
1269 2247 1351 2311 27
1386 2241 1700 2307 affirmat:
1733 2242 1880 2306 Non
1910 2248 1998 2306 est
2029 2242 2205 2306 Deus
2235 2248 2651 2325 mortuorum,
2682 2244 2790 2307 sed
2807 2245 2975 2307 vivo-

355 2368 517 2411 rum.
579 2347 855 2431 Ideoque
885 2348 1212 2432 subjungit
1242 2349 1575 2431 apostolus
1615 2369 1672 2413 v.
1707 2354 1827 2418 20:
1856 2348 2044 2413 Nunc
2074 2355 2286 2413 autem
2320 2347 2603 2412 Christus
2634 2353 2984 2416 resurrexit

354 2477 399 2520 a
426 2456 692 2518 mortuis
710 2456 1040 2539 primitiae
1070 2455 1533 2524 dormientium.
1594 2456 1694 2520 Ad
1725 2473 1865 2521 rem
1895 2455 2384 2520 Ambrosius
2430 2454 2512 2521 de
2543 2474 2814 2523 excessu
2844 2456 2976 2522 fra-

352 2562 467 2626 tris
498 2558 712 2644 Satyri
742 2560 809 2638 11,
849 2566 1005 2630 102:
1044 2559 1152 2637 ,Si
1184 2562 1356 2627 enim
1385 2562 1576 2627 nobis
1611 2582 1747 2628 non
1780 2564 2149 2641 resurrexit,
2181 2564 2405 2646 utique
2437 2581 2571 2627 non
2602 2564 2976 2643 resurrexit,

352 2668 464 2752 qui
492 2668 614 2734 sibi
646 2688 763 2734 cur
791 2674 1173 2751 resurgeret,
1206 2690 1338 2735 non
1367 2669 1695 2737 haberet„⁴1
1736 2669 2146 2754 Quapropter
2167 2670 2390 2735 scribit
2408 2668 2647 2735 Paulus
2669 2675 2726 2740 2.
2749 2669 2890 2736 Cor.
2911 2676 2973 2750 4,

358 2781 443 2845 14
474 2796 558 2841 εις
593 2778 879 2853 Scientes,
909 2778 1205 2861 quoniam
1237 2779 1340 2861 qui
1369 2779 1693 2843 suscitavit
1711 2776 1953 2856 Jesum,
1986 2783 2044 2840 et
2075 2796 2188 2840 nos
2217 2797 2352 2841 eum
2375 2777 2530 2841 Jesu
2560 2778 2884 2842 suscitabit
2915 2786 2975 2843 et

352 2884 674 2948 constituet
705 2882 1030 2951 vobiscum.
1063 2883 1291 2949 Omnia
1322 2885 1484 2948 enim
1507 2891 1774 2969 propter
1803 2904 1945 2964 vos;
1989 2883 2171 2948 Rom.
2207 2888 2265 2960 8,
2306 2889 2418 2952 11:
2463 2883 2644 2962 Quod
2673 2886 2730 2948 si
2761 2882 2975 2971 Spiri-

353 2997 455 3053 tus
484 2991 636 3074 ejus,
681 2991 788 3075 qui
831 2989 1154 3053 suscitavit
1197 2989 1411 3053 Jesum
1459 3012 1501 3055 a
1547 2991 1831 3074 mortuis,
1876 2989 2118 3054 habitat
2162 2991 2231 3052 iu
2274 2991 2460 3074 vobis,
2506 2990 2612 3075 qui
2655 2993 2975 3056 suscitavit

351 3094 420 3166 J.
453 3095 769 3161 Christum
813 3118 856 3160 a
898 3097 1184 3180 mortuis,
1227 3095 1560 3179 vivificabit
1592 3102 1648 3159 et
1681 3097 1977 3161 mortalia
2010 3116 2277 3181 corpora
2322 3110 2524 3163 vestra
2557 3106 2823 3185 propter
2869 3100 2972 3162 in-

351 3201 733 3267 habitantem
764 3199 1078 3287 Spiritum
1110 3202 1239 3284 ejus
1269 3205 1338 3266 iu
1367 3204 1547 3268 vobis.
1597 3241 1685 3252 —
1706 3201 2000 3268 Alterum
2021 3211 2471 3286 argumentum
2498 3206 2630 3288 peti
2657 3212 2872 3288 potest
2890 3225 2977 3272 ex

350 3308 637 3391 perfecta
667 3309 901 3374 Christi
945 3309 1025 3376 de
1070 3316 1277 3375 morte
1321 3311 1624 3375 victoria:
1688 3309 1846 3374 Cum
1878 3318 2086 3375 autem
2118 3310 2383 3375 mortale
2411 3310 2522 3376 hoc
2553 3314 2829 3378 induerit
2859 3315 2980 3376 im-

350 3418 812 3493 mortalitatern,
844 3428 986 3479 tunc
1011 3416 1118 3499 fiet
1149 3437 1370 3501 serm0,
1401 3419 1507 3501 qui
1537 3423 1807 3502 scriptus
1838 3425 1962 3481 est:
2025 3419 2343 3503 Absorpta
2378 3425 2466 3482 est
2495 3439 2665 3484 mors
2696 3421 2761 3484 in
2792 3421 2974 3485 victo-

350 3523 477 3588 ria.
525 3522 643 3587 Ubi
673 3530 760 3587 est
789 3543 957 3586 mors
985 3524 1249 3587 victoria
1279 3524 1442 3589 tua?
1471 3523 1578 3587 ubi
1609 3531 1698 3587 est
1728 3544 1898 3588 mors
1928 3526 2216 3590 stimulus
2236 3532 2381 3590 tuus
2402 3526 2435 3590 ?
2464 3530 2516 3594 1.
2536 3525 2680 3590 Cor.
2704 3531 2803 3604 15,
2818 3530 2905 3596 54
2922 3547 2974 3592 8.

350 3629 467 3695 col„
501 3634 587 3699 25
618 3648 667 3693 s.
699 3635 818 3695 etc.
852 3627 920 3693 Si
952 3635 1169 3694 autem
1200 3628 1496 3694 homines
1527 3649 1661 3695 non
1691 3638 2121 3711 resurgerent,
2153 3651 2328 3696 mors
2362 3631 2481 3696 illis
2513 3632 2975 3712 dominaretur,

350 3753 561 3819 neque
591 3754 765 3801 mors
797 3743 968 3803 oeset
1014 3736 1285 3815 devicta,
1335 3755 1544 3821 neque
1594 3737 1941 3802 destructa.
2005 3737 2150 3819 Ipsa
2199 3756 2351 3819 ergo
2384 3736 2620 3803 Christi
2650 3739 2731 3805 de
2763 3747 2980 3807 morte

349 3842 621 3906 victoria
635 3842 846 3922 exigit,
864 3849 936 3907 ut
954 3850 1163 3909 morte
1183 3849 1522 3922 evacuata,
1543 3844 1733 3908 morti
1752 3844 2065 3927 praedam
2087 3845 2334 3926 eripiat,
2368 3851 2656 3910 mortuos
2690 3864 2732 3910 a
2764 3853 2981 3913 morte

349 3947 583 4015 liberet
612 3949 649 4013 i.
682 3966 736 4013 e.
768 3950 1120 4015 resuscitet.
1183 3950 1333 4016 Ideo
1366 3951 1458 4016 ait
1487 3971 1544 4015 v.
1577 3955 1697 4020 22:
1761 3948 1935 4016 Siout
1979 3954 2046 4016 in
2077 3952 2277 4016 Adam
2333 3973 2540 4016 omnes
2592 3955 2973 4039 moriuntur,

350 4057 446 4122 ita
479 4062 536 4120 et
568 4057 634 4120 in
667 4056 909 4121 Christo
942 4077 1150 4121 omnes
1178 4058 1672 4141 vivificabuntur.
1838 4053 1843 4075 ²

528 4186 596 4252 2.
630 4179 1029 4263 Suffragatur
1047 4181 1335 4264 dogmati
1366 4188 1438 4247 tr
1453 4201 1495 4247 a
1509 4184 1586 4248 di
1603 4185 1720 4249 tio
1753 4190 1819 4249 et
1836 4184 1996 4251 fides
2020 4185 2045 4267 j
2064 4205 2105 4250 u
2122 4185 2163 4249 d
2178 4203 2220 4249 a
2235 4203 2272 4250 e
2289 4203 2328 4249 o
2344 4204 2378 4249 r
2392 4203 2437 4247 u
2451 4205 2535 4262 m,
2571 4185 2755 4267 cujus
2775 4191 2977 4251 testes

350 4292 501 4352 sunt
545 4286 773 4353 fratres
818 4288 925 4367 illi,
971 4307 1243 4372 quorum
1289 4290 1670 4373 martyrium
1716 4290 1989 4357 refertur
2021 4297 2077 4361 2.
2110 4291 2314 4356 Mach.
2351 4297 2408 4369 7,
2448 4298 2479 4360 1
2514 4311 2597 4356 ss».
2660 4291 2755 4355 lta
2800 4292 2977 4356 enim

348 4394 684 4476 respondit
714 4412 942 4460 eorum
973 4394 1202 4460 tertius
1233 4399 1508 4478 tyranno
1540 4397 1813 4462 crudeli:
1859 4403 1919 4462 Ε
1946 4398 2108 4462 coelo
2136 4400 2260 4463 ista
2290 4397 2633 4485 (membra)
2659 4399 2974 4482 possideo,

349 4500 458 4564 sed
474 4506 739 4584 propter
769 4500 892 4565 Dei
921 4500 1077 4585 leyes
1106 4522 1273 4566 nune
1312 4501 1464 4567 haec
1505 4504 1646 4587 ipsa
1690 4505 1979 4589 despiciO,
2026 4507 2322 4591 quoniam
2371 4504 2448 4570 ab
2482 4506 2615 4588 ipso
2645 4524 2741 4567 me
2770 4527 2848 4569 ea
2878 4528 2972 4569 re-

348 4614 665 4692 cepturum
697 4626 895 4692 spero.
926 4605 1018 4672 De
1049 4614 1282 4690 quarto
1313 4616 1614 4674 narratur
1645 4630 1700 4673 v.
1741 4615 1860 4679 14:
1924 4610 2079 4677 Cum
2112 4618 2263 4676 esset
2288 4614 2425 4695 jam
2458 4613 2546 4676 ad
2575 4620 2851 4697 mmm,
2880 4614 2983 4676 sio

349 4717 479 4780 ait:
509 4711 736 4778 Potius
765 4721 852 4779 est
882 4714 962 4779 ab
992 4714 1345 4780 hominibus
1373 4719 1560 4779 morti
1590 4711 1774 4782 datos
1804 4739 1975 4803 spem
2005 4726 2358 4804 exspectare
2391 4743 2432 4785 a
2464 4719 2598 4784 Deo
2628 4721 2855 4800 iterum
2885 4721 2967 4785 ab

347 4821 486 4904 'qno
514 4821 994 4889 remmitandos.
1028 4820 1241 4901 Quare
1274 4823 1469 4888 etiam
1489 4822 1744 4888 Martha
1775 4825 2174 4892 confidenter
2192 4827 2573 4910 pronunciat
2606 4827 2702 4894 J0.
2729 4833 2760 4896 1
2774 4831 2831 4903 1,
2850 4831 2937 4896 24
2952 4847 2978 4890 t
