3538 5364
510 287 553 349 4
1180 280 1185 285 ’
1209 280 1393 337 Tract.
1420 279 1571 334 VIII.
1598 280 1667 334 de
1693 281 1898 351 gratia.
1926 280 2157 335 Gratiae
2184 282 2362 336 notio,

504 467 727 543 ceptus
759 467 826 525 et
854 466 1045 524 natus
1080 466 1193 525 est.
1259 459 1363 524 Sic
1409 478 1562 541 ergo
1595 461 1660 523 in
1691 462 1968 526 hominis
2001 463 2198 528 corde
2247 481 2368 527 nec
2399 463 2555 529 fides
2587 466 2839 548 concipi
2868 468 3126 548 poterit,

504 585 624 634 nec
657 568 892 649 augeri,
927 567 1051 631 nisi
1082 586 1229 632 eam
1261 565 1533 648 Spiritus
1564 587 1612 632 s.
1658 567 1956 633 infundat
2000 576 2064 634 et
2108 571 2363 635 nutriat.
2428 571 2521 636 Ex
2566 572 2797 638 eodem
2846 592 3130 657 namque

506 673 743 757 Spiritu
775 675 989 738 renati
1021 693 1268 749 sumuS,
1301 693 1379 739 ex
1412 693 1537 757 quo
1571 680 1764 739 natus
1796 681 1895 741 est
1927 675 2214 741 Christus
2230 678 2335 764 1).‘

683 801 749 867 5.
788 797 1015 863 Gratia
1048 817 1271 864 semen
1305 804 1400 863 est
1435 799 1691 879 gloriae,
1713 800 1915 880 gloria
1936 806 2034 865 est
2053 802 2259 882 gratia
2277 810 2763 868 consummata:
2786 804 2955 869 unde
2981 823 3128 868 cum

506 912 723 970 tantus
755 906 837 969 sit
867 904 1128 981 fructuS,
1175 913 1457 988 quantae
1502 906 1755 969 virtutis
1803 914 1997 989 atque
2043 909 2228 989 pretii
2274 910 2393 973 erit
2438 910 2620 974 radix
2655 917 2720 975 et
2749 929 2971 976 semen
3005 912 3043 975 i.
3075 930 3127 976 e.

504 1014 756 1093 gratia?
819 1010 946 1077 Sed
996 1014 1159 1077 haec
1205 1013 1286 1077 de
1330 1014 1574 1093 gratiae
1618 1015 2016 1094 praestantia
2059 1015 2342 1079 innuisse
2390 1014 2694 1080 sufficiat:
2742 1017 2927 1098 plura
2958 1017 3127 1082 enim

505 1119 940 1201 disputatione
973 1120 1363 1201 procedente
1394 1120 1774 1201 praesertim
1809 1121 1896 1185 th.
1930 1127 2060 1191 203
2093 1122 2408 1186 dabimus,

685 1232 743 1296 3.
775 1225 921 1290 Non
952 1226 1297 1290 diffitemur
1327 1229 1680 1311 arqumenti
1711 1228 2167 1311 difficultatem,
2200 1247 2366 1311 quae
2386 1229 2621 1311 duplici
2639 1231 3022 1310 praesertim
3043 1248 3122 1294 ex

506 1334 713 1415 capite
748 1332 1069 1398 oboritur:
1105 1338 1239 1396 tum
1272 1333 1422 1415 quia
1453 1333 1660 1413 gratia
1691 1339 1943 1414 spectat
1976 1334 2058 1397 ad
2092 1334 2382 1399 ordinem
2413 1334 2815 1416 spiritualem
2848 1341 2914 1399 et
2944 1355 2984 1415 p
3003 1355 3130 1418 sy-

506 1441 598 1503 ch
618 1441 749 1504 olo
768 1440 952 1520 gicu
970 1459 1055 1515 m,
1105 1439 1287 1521 cujus
1318 1440 1749 1505 consideratio
1785 1441 1941 1504 satis
1975 1447 2073 1506 est
2103 1441 2383 1522 implexa
2413 1441 2658 1505 homini
2690 1442 2771 1505 ad
2803 1442 3132 1506 sensibilia

507 1565 744 1627 prono;
779 1553 915 1610 tum
935 1546 1087 1629 quia
1117 1546 1323 1627 gratia
1354 1547 1782 1629 undequaque
1814 1553 1914 1611 est
1944 1547 2639 1628 supernaturaliS,
2670 1548 2945 1631 ideoque
2977 1568 3127 1614 sen-

508 1672 619 1717 sus
652 1653 1115 1735 experientiam
1150 1653 1404 1735 vimque
1436 1652 1824 1733 intelligendi
1855 1653 2216 1719 naturalem
2247 1672 2362 1735 per
2393 1673 2463 1719 se
2488 1653 2644 1735 fugit
2663 1672 2740 1717 ac
2759 1655 3133 1737 plerumque

507 1760 614 1824 vix
645 1779 760 1842 per
790 1779 944 1824 suos
978 1759 1322 1824 innotescit
1353 1760 1650 1824 effectus:
1701 1766 1767 1824 et
1812 1766 2030 1826 tamen
2075 1762 2426 1825 tenendum
2472 1769 2589 1837 est,
2636 1780 2781 1826 eam
2813 1762 3000 1827 nobis
3032 1763 3132 1827 in-

508 1866 795 1942 haerere,
827 1867 1045 1930 omnia
1076 1865 1251 1931 bona
1281 1873 1509 1931 nostra
1540 1884 1740 1948 opera
1771 1868 2148 1948 praevenire
2199 1874 2393 1950 atque
2444 1869 2742 1933 comitari
2773 1876 2837 1934 et
2871 1870 3130 1952 quidem

508 1974 615 2049 ita,
649 1979 721 2037 ut
752 1973 889 2038 sine
921 1973 1064 2055 ipsa
1095 1973 1460 2039 salutariter
1491 1993 1573 2039 nc
1604 1973 1895 2053 cogitare
1929 1974 2188 2056 quidem
2219 1975 2563 2056 possimus.
2597 1974 2723 2041 Sed
2733 1976 2870 2058 jam
2890 1977 2972 2040 ad
2991 1995 3129 2042 rem

509 2080 911 2145 accedamus

688 2210 749 2272 4.
782 2207 1071 2268 Nominis
1095 2207 1346 2288 qratiae
1376 2203 1702 2288 multiplex
1733 2207 2024 2290 acceptio,
2049 2246 2130 2254 --
2155 2206 2448 2271 Potiores
2482 2206 2980 2288 significationes
3012 2227 3133 2272 no-

515 2312 709 2375 minis
744 2312 1050 2400 gratiae2)
1084 2313 1307 2393 paucis
1339 2312 1786 2393 complectitur
1818 2332 1867 2376 s.
1899 2312 2249 2376 Thomas
2286 2318 2339 2380 1.
2374 2320 2414 2382 2
2447 2333 2503 2396 q.
2544 2319 2669 2381 110
2702 2331 2757 2377 a.
2798 2319 2860 2381 1:
2935 2314 3133 2388 ,Res-

512 2420 768 2501 pondeo
801 2420 1159 2497 dicendum,
1193 2421 1364 2503 quod
1396 2420 1747 2485 secundum
1794 2437 2204 2485 communem
2236 2421 2498 2485 modum
2530 2419 2833 2504 loquendi
2863 2422 3131 2503 tripli-

513 2526 727 2591 citer
760 2527 965 2607 gratia
997 2528 1199 2609 accipi
1230 2528 1579 2592 consuevit.
1612 2525 1782 2591 Uno
1814 2527 2010 2591 modo
2047 2546 2163 2609 pro
2195 2527 2615 2593 dilectione
2647 2528 2934 2613 alicujuS,
2966 2529 3134 2593 sicut

514 2635 963 2699 consuevimus
1007 2635 1239 2711 dicere,
1288 2634 1458 2718 quod
1504 2634 1625 2700 iste
1673 2634 1853 2699 miles
1885 2633 2083 2699 habet
2114 2635 2386 2716 gratiam
2435 2636 2601 2718 regis
2633 2636 2669 2700 i.
2704 2654 2756 2701 e.
2789 2655 2904 2702 rex
2935 2636 3136 2702 habet

515 2759 663 2805 eum
695 2748 962 2822 gratum.
998 2740 1374 2807 Secundo
1408 2742 1677 2806 sumitur
1707 2760 1825 2823 pro
1860 2742 2073 2825 aliquo
2107 2743 2318 2807 dono
2352 2744 2548 2824 gratis
2568 2744 2741 2812 dato.
2775 2745 2941 2808 sicut
2973 2762 3132 2807 con-

513 2849 835 2912 suevimus
868 2849 1108 2914 dicere:
1140 2850 1310 2913 hanc
1341 2849 1615 2930 gratiam
1648 2847 1813 2912 facio
1848 2848 1981 2913 tibi.
2015 2849 2295 2914 Tertio
2327 2851 2522 2914 modo
2555 2853 2828 2915 sumitur
2860 2869 2976 2933 pro
3010 2869 3132 2915 re-

514 2957 1089 3037 compensatio
1111 2973 1204 3019 ne
1251 2953 1543 3020 beneficii
1587 2955 1783 3034 gratis
1830 2954 1981 3031 dati,
2032 2955 2386 3020 secundum
2433 2957 2604 3039 quod
2638 2957 2907 3021 dicimur
2939 2975 3132 3037 agere

516 3063 751 3142 gratias
785 3061 1271 3126 beneficiorum:
1323 3080 1595 3144 quorum
1648 3062 1838 3126 trium
1890 3061 2245 3126 secundum
2295 3063 2614 3143 dependet
2644 3081 2723 3128 ex
2753 3065 2977 3146 primo.
3041 3063 3132 3126 Ex

518 3187 738 3234 amore
778 3168 965 3246 enim,
1000 3187 1129 3250 quo
1162 3169 1389 3252 aliquis
1421 3168 1620 3233 habet
1667 3168 1863 3232 alium
1913 3175 2181 3249 gratum,
2231 3171 2536 3251 procedit,
2588 3171 2760 3254 quod
2805 3170 3042 3253 aliquid
3075 3170 3136 3234 ei

516 3276 711 3356 gratis
744 3275 1154 3362 impendat3).
1187 3275 1280 3338 Ex
1313 3276 1595 3340 secundo
1629 3281 1849 3341 autem
1868 3276 2158 3356 procedit
2189 3277 2476 3342 tertium:
2511 3278 2664 3360 quia
2694 3296 2774 3342 ex
2806 3276 3134 3342 beneficiis

516 3383 711 3464 gratis
744 3381 1041 3448 exhibitis
1072 3383 1423 3463 gratiarum
1456 3382 1624 3446 actio
1657 3383 2038 3463 consurgit}
2108 3383 2176 3446 In
2208 3386 2532 3464 praesenti
2579 3389 2857 3447 tractatu
2890 3384 3135 3464 gratiae

516 3508 754 3554 nomen
785 3490 1069 3554 secunda
1101 3488 1479 3571 praesertim
1512 3489 1821 3569 accipitur
1852 3487 2330 3569 significatione,
2351 3495 2546 3572 atque
2566 3490 2919 3570 generatim
2939 3488 3132 3569 signi-

518 3595 668 3659 ficat
698 3597 931 3659 donum
957 3601 1163 3680 pratis
1192 3596 1544 3682 collatam)
1592 3613 1709 3659 seu
1756 3594 2140 3660 beneficium
2191 3615 2268 3661 ex
2314 3596 2761 3661 benevolentia
2806 3597 2967 3659 citra
2999 3596 3132 3659 exi-

518 3704 797 3783 gentiam
830 3703 985 3784 ejuS,
1019 3703 1122 3767 cui
1153 3703 1492 3767 confertur.
1556 3701 1769 3781 Quare
1803 3702 2038 3783 duplex
2083 3700 2185 3765 vel
2216 3702 2444 3783 triplex
2491 3702 2572 3765 ad
2604 3703 2779 3765 illam
2812 3701 3135 3765 concurrit

519 3930 869 3999 exigentiam
896 3930 1131 3985 mirifice
1158 3930 1395 4002 perficit,
1423 3930 1637 3984 dicitur
1675 3950 1699 3984 s
1716 3950 1752 3984 u
1772 3950 1809 4001 p
1827 3947 1856 3985 e
1872 3949 1900 3984 r
1918 3950 1954 3983 n
1970 3948 2003 3984 a
2020 3934 2047 3985 t
2062 3950 2098 3984 u
2116 3950 2143 3984 r
2158 3948 2191 3984 a
2208 3932 2227 3985 l
2245 3932 2265 3984 i
2283 3949 2307 3984 s
2325 3953 2337 3993 ;
2378 3935 2662 4000 quatenus
2705 3948 2835 3984 vero
2880 3928 3139 3984 excludit

521 4027 682 4066 omne
710 4011 969 4064 debitum
994 4015 1169 4080 atque
1197 4028 1265 4064 ex
1290 4011 1550 4065 indebita
1576 4011 1957 4080 proficiscitur
1977 4011 2390 4076 benevolentia,
2418 4011 2630 4066 dicitur
2656 4011 2792 4064 ordo
2818 4027 2946 4081 gra
2963 4009 3072 4063 tia
3088 4027 3135 4063 e.

522 4091 670 4144 Hinc
695 4091 929 4145 concedi
956 4093 1162 4161 potest,
1190 4091 1384 4144 adesse
1410 4092 1652 4145 rationis
1677 4090 1999 4145 discrimen.

744 4174 778 4242 l)
809 4170 890 4224 Cf.
919 4171 1092 4225 etiam
1119 4173 1167 4223 A
1182 4171 1586 4242 ugustinum
1614 4172 1683 4225 de
1700 4172 1896 4240 praed.
1916 4173 2008 4225 fis.
2026 4191 2069 4227 c.
2093 4182 2154 4227 15
2174 4191 2228 4224 n.
2247 4178 2309 4227 31
2329 4193 2341 4232 ς
2358 4190 2450 4242 op.
2465 4170 2689 4242 imperf.
2707 4172 2744 4224 l.
2766 4181 2790 4228 1
2810 4190 2853 4227 c.
2881 4177 3134 4227 138.140.

738 4257 778 4323 2)
811 4251 860 4304 H
877 4268 910 4304 a
929 4253 1007 4305 be
1023 4269 1052 4304 ι·
1068 4255 1093 4305 t
1130 4251 1456 4320 theologiae
1497 4268 1830 4322 graecorum
1873 4254 2103 4321 patrum
2131 4252 2455 4304 vindicatae
2496 4251 2645 4305 circa
2671 4252 2997 4305 universam
3023 4269 3135 4305 ma-

521 4332 725 4386 teriam
752 4332 972 4402 gratiae
998 4332 1034 4385 1.
1070 4341 1091 4387 l
1127 4349 1173 4387 c.
1200 4341 1235 4387 4
1260 4332 1450 4386 decem
1477 4335 1535 4385 ct
1559 4335 1673 4385 tres
1699 4335 1952 4385 recenset
1978 4331 2226 4387 nominis
2252 4331 2471 4401 gratiae
2498 4331 2874 4402 acceptiones.

737 4417 777 4480 8)
806 4411 994 4465 Etiam
1040 4413 1430 4482 pulchritudo,
1477 4429 1622 4480 quae
1668 4414 1941 4480 provocat
1984 4411 2366 4475 dilectionem,
2412 4412 2558 4464 solet
2580 4410 2696 4465 dici
2721 4412 2938 4482 gratia:
2983 4412 3136 4465 unde

521 4483 808 4564 gratiosus
832 4493 985 4546 idem
1013 4496 1097 4545 est
1122 4509 1289 4563 saepe
1316 4509 1380 4546 ac
1408 4493 1659 4563 pulcher.

736 4578 779 4645 ⁴)
809 4573 891 4627 Cf.
921 4573 1246 4645 Ripalda
1273 4574 1342 4628 dc
1369 4576 1497 4627 ente
1526 4575 1815 4644 supernat.
1843 4571 1987 4642 disp.
2019 4579 2115 4628 101
2147 4575 2280 4625 sect.
2313 4582 2332 4627 l
2359 4594 2369 4632 ;
2420 4572 2607 4626 Kleu
2626 4575 2803 4642 tgen
2830 4571 3134 4642 Theologie

522 4653 621 4708 der
641 4654 873 4708 Vorzeit
905 4657 944 4707 t.
966 4662 996 4710 2
1026 4658 1155 4710 sect.
1185 4663 1217 4712 7
1244 4672 1288 4709 c.
1322 4653 1773 4712 lzPalmieri
1799 4656 1869 4708 tr.
1897 4654 1966 4706 de
1993 4671 2076 4722 gr.
2104 4655 2213 4706 act.
2241 4654 2322 4707 th.
2350 4660 2406 4714 l:
2435 4652 2818 4707 Scheeben
2844 4662 2871 4719 ἓ
2899 4660 3011 4716 160,
3034 4652 3138 4720 qui

524 4752 578 4786 n.
607 4740 711 4790 620
738 4733 910 4787 falsas
934 4735 1161 4804 aliquot
1188 4735 1449 4789 notiones
1475 4733 1860 4788 recentiorum
1888 4736 2070 4787 notat.
