<?xml version="1.0" encoding="UTF-8"?>
<!DOCTYPE html PUBLIC "-//W3C//DTD XHTML 1.0 Transitional//EN"
    "http://www.w3.org/TR/xhtml1/DTD/xhtml1-transitional.dtd">
<html xmlns="http://www.w3.org/1999/xhtml" xml:lang="en" lang="en">
 <head>
  <title>
</title>
<meta http-equiv="Content-Type" content="text/html;charset=utf-8" />
  <meta name='ocr-system' content='tesseract 3.04.00' />
  <meta name='ocr-capabilities' content='ocr_page ocr_carea ocr_par ocr_line ocrx_word'/>
</head>
<body>
  <div class='ocr_page' id='page_1' title='image "./theologiaedogma00hurtgoog_0449.png"; bbox 0 0 3538 5364; ppageno 0'>
   <div class='ocr_carea' id='block_1_1' title="bbox 1133 316 2948 389">
    <p class='ocr_par' dir='ltr' id='par_1_1' title="bbox 1133 316 2948 389">
     <span class='ocr_line' id='line_1_1' title="bbox 1133 316 2948 389; baseline 0.002 -17"><span class='ocrx_word' id='word_1_1' title='bbox 1133 319 1243 373; x_wconf 86' lang='lat' dir='ltr'>rite</span> <span class='ocrx_word' id='word_1_2' title='bbox 1270 316 1569 389; x_wconf 80' lang='lat' dir='ltr'>dispositis</span> <span class='ocrx_word' id='word_1_3' title='bbox 1597 316 1823 371; x_wconf 84' lang='lat' dir='ltr'>veniam</span> <span class='ocrx_word' id='word_1_4' title='bbox 1850 316 2150 385; x_wconf 86' lang='lat' dir='ltr'>denegare.</span> <span class='ocrx_word' id='word_1_5' title='bbox 2819 323 2948 387; x_wconf 83' lang='lat'>437</span> 
     </span>
    </p>
   </div>
   <div class='ocr_carea' id='block_1_2' title="bbox 326 500 2952 860">
    <p class='ocr_par' dir='ltr' id='par_1_2' title="bbox 326 500 2952 860">
     <span class='ocr_line' id='line_1_2' title="bbox 326 500 2952 586; baseline -0.003 -16"><span class='ocrx_word' id='word_1_6' title='bbox 326 511 406 570; x_wconf 81' lang='lat' dir='ltr'>de</span> <span class='ocrx_word' id='word_1_7' title='bbox 437 510 662 586; x_wconf 81' lang='lat' dir='ltr'>poenit.</span> <span class='ocrx_word' id='word_1_8' title='bbox 695 526 742 565; x_wconf 91' lang='lat' dir='ltr'>c.</span> <span class='ocrx_word' id='word_1_9' title='bbox 770 518 803 571; x_wconf 82' lang='lat'>6</span> <span class='ocrx_word' id='word_1_10' title='bbox 841 526 918 577; x_wconf 89' lang='lat' dir='ltr'>s.;</span> <span class='ocrx_word' id='word_1_11' title='bbox 950 506 1411 564; x_wconf 83' lang='lat' dir='ltr'>Ambrosius</span> <span class='ocrx_word' id='word_1_12' title='bbox 1433 549 1446 575; x_wconf 89' lang='lat'><strong><em>‚</em></strong></span> <span class='ocrx_word' id='word_1_13' title='bbox 1482 503 1589 578; x_wconf 90' lang='lat' dir='ltr'>qui</span> <span class='ocrx_word' id='word_1_14' title='bbox 1622 503 1861 580; x_wconf 87' lang='lat' dir='ltr'>egregie</span> <span class='ocrx_word' id='word_1_15' title='bbox 1894 503 2052 560; x_wconf 90' lang='lat' dir='ltr'>hunc</span> <span class='ocrx_word' id='word_1_16' title='bbox 2082 501 2339 577; x_wconf 88' lang='lat' dir='ltr'>rigorem</span> <span class='ocrx_word' id='word_1_17' title='bbox 2371 500 2594 559; x_wconf 79' lang='lat' dir='ltr'><strong>refellit</strong></span> <span class='ocrx_word' id='word_1_18' title='bbox 2625 500 2698 558; x_wconf 93' lang='lat' dir='ltr'>de</span> <span class='ocrx_word' id='word_1_19' title='bbox 2730 502 2952 577; x_wconf 86' lang='lat' dir='ltr'>poenit.</span> 
     </span>
     <span class='ocr_line' id='line_1_3' title="bbox 336 589 2949 666; baseline -0.002 -7"><span class='ocrx_word' id='word_1_20' title='bbox 336 602 373 659; x_wconf 94' lang='lat' dir='ltr'>l.</span> <span class='ocrx_word' id='word_1_21' title='bbox 417 612 437 662; x_wconf 84' lang='lat'>1</span> <span class='ocrx_word' id='word_1_22' title='bbox 482 618 527 659; x_wconf 90' lang='lat' dir='ltr'>c.</span> <span class='ocrx_word' id='word_1_23' title='bbox 570 611 590 662; x_wconf 84' lang='grc'>1</span> <span class='ocrx_word' id='word_1_24' title='bbox 635 596 2157 666; x_wconf 80' lang='lat' dir='ltr'>n.4;c.2;c.3n.11;c.4et16n.88s.;c.</span> <span class='ocrx_word' id='word_1_25' title='bbox 2199 589 2949 655; x_wconf 82' lang='lat' dir='ltr'>17;1.2c.3n.19.20</span> 
     </span>
     <span class='ocr_line' id='line_1_4' title="bbox 330 679 2948 860; baseline -0.005 -111"><span class='ocrx_word' id='word_1_26' title='bbox 330 685 562 860; x_wconf 44' lang='lat' dir='ltr'>{opusc</span> <span class='ocrx_word' id='word_1_27' title='bbox 598 683 724 769; x_wconf 88' lang='lat' dir='ltr'>V.);</span> <span class='ocrx_word' id='word_1_28' title='bbox 777 686 813 748; x_wconf 93' lang='lat' dir='ltr'>l.</span> <span class='ocrx_word' id='word_1_29' title='bbox 859 696 892 749; x_wconf 86' lang='grc'>’1</span> <span class='ocrx_word' id='word_1_30' title='bbox 943 685 1001 745; x_wconf 90' lang='lat' dir='ltr'>in</span> <span class='ocrx_word' id='word_1_31' title='bbox 1046 685 1186 743; x_wconf 90' lang='lat' dir='ltr'>Luc.</span> <span class='ocrx_word' id='word_1_32' title='bbox 1219 703 1276 744; x_wconf 91' lang='lat' dir='ltr'>n.</span> <span class='ocrx_word' id='word_1_33' title='bbox 1314 693 1470 753; x_wconf 79' lang='lat'>2363</span> <span class='ocrx_word' id='word_1_34' title='bbox 1523 681 1985 741; x_wconf 86' lang='lat' dir='ltr'>Bachiarius</span> <span class='ocrx_word' id='word_1_35' title='bbox 2034 680 2106 737; x_wconf 86' lang='lat' dir='ltr'>de</span> <span class='ocrx_word' id='word_1_36' title='bbox 2152 681 2406 754; x_wconf 86' lang='lat' dir='ltr'>reparat.</span> <span class='ocrx_word' id='word_1_37' title='bbox 2453 679 2603 753; x_wconf 89' lang='lat' dir='ltr'>lapsi</span> <span class='ocrx_word' id='word_1_38' title='bbox 2653 697 2710 737; x_wconf 94' lang='lat' dir='ltr'>n.</span> <span class='ocrx_word' id='word_1_39' title='bbox 2759 690 2815 742; x_wconf 79' lang='lat'>4.</span> <span class='ocrx_word' id='word_1_40' title='bbox 2876 690 2948 742; x_wconf 83' lang='lat'>15</span> 
     </span>
    </p>
   </div>
   <div class='ocr_carea' id='block_1_3' title="bbox 339 768 2956 944">
    <p class='ocr_par' dir='ltr' id='par_1_3' title="bbox 339 768 2956 944">
     <span class='ocr_line' id='line_1_5' title="bbox 367 768 2956 855; baseline -0.005 -16"><span class='ocrx_word' id='word_1_41' title='bbox 367 779 806 855; x_wconf 80' lang='lat' dir='ltr'>Mig.20,103</span> <span class='ocrx_word' id='word_1_42' title='bbox 843 773 973 850; x_wconf 82' lang='lat' dir='ltr'>ss.);</span> <span class='ocrx_word' id='word_1_43' title='bbox 1020 774 1159 832; x_wconf 82' lang='lat' dir='ltr'>Chr</span> <span class='ocrx_word' id='word_1_44' title='bbox 1225 768 2638 847; x_wconf 48' lang='lat' dir='ltr'>sostomgssffld-QQJQUQ</span> <span class='ocrx_word' id='word_1_45' title='bbox 2685 772 2956 828; x_wconf 80' lang='lat' dir='ltr'><strong>auctor</strong></span> 
     </span>
     <span class='ocr_line' id='line_1_6' title="bbox 339 793 2543 944; baseline -0.004 -17"><span class='ocrx_word' id='word_1_46' title='bbox 339 887 435 944; x_wconf 91' lang='lat' dir='ltr'>qq.</span> <span class='ocrx_word' id='word_1_47' title='bbox 470 868 534 925; x_wconf 89' lang='lat' dir='ltr'>in</span> <span class='ocrx_word' id='word_1_48' title='bbox 566 867 631 924; x_wconf 86' lang='lat' dir='ltr'>V.</span> <span class='ocrx_word' id='word_1_49' title='bbox 666 868 727 924; x_wconf 86' lang='lat' dir='ltr'>et</span> <span class='ocrx_word' id='word_1_50' title='bbox 758 865 830 927; x_wconf 78' lang='lat' dir='ltr'>N.</span> <span class='ocrx_word' id='word_1_51' title='bbox 863 864 926 926; x_wconf 89' lang='lat' dir='ltr'>T.</span> <span class='ocrx_word' id='word_1_52' title='bbox 958 883 1012 938; x_wconf 88' lang='lat' dir='ltr'>q.</span> <span class='ocrx_word' id='word_1_53' title='bbox 1052 793 1670 938; x_wconf 34' lang='lat' dir='ltr'>Imaus</span> <span class='ocrx_word' id='word_1_54' title='bbox 1703 878 1826 917; x_wconf 86' lang='lat' dir='ltr'>naz.</span> <span class='ocrx_word' id='word_1_55' title='bbox 1860 877 1941 917; x_wconf 88' lang='lat' dir='ltr'>or.</span> <span class='ocrx_word' id='word_1_56' title='bbox 1978 868 2056 921; x_wconf 81' lang='lat'>39</span> <span class='ocrx_word' id='word_1_57' title='bbox 2091 876 2148 920; x_wconf 84' lang='lat' dir='ltr'>n.</span> <span class='ocrx_word' id='word_1_58' title='bbox 2190 867 2402 920; x_wconf 83' lang='lat'>18.19</span> <span class='ocrx_word' id='word_1_59' title='bbox 2437 858 2543 918; x_wconf 89' lang='lat' dir='ltr'>etc.</span> 
     </span>
    </p>
   </div>
   <div class='ocr_carea' id='block_1_4' title="bbox 332 995 2957 2043">
    <p class='ocr_par' dir='ltr' id='par_1_4' title="bbox 332 995 2957 2043">
     <span class='ocr_line' id='line_1_7' title="bbox 518 995 2955 1075; baseline -0.005 -6"><span class='ocrx_word' id='word_1_60' title='bbox 518 1005 582 1074; x_wconf 78' lang='lat'>4.</span> <span class='ocrx_word' id='word_1_61' title='bbox 615 1003 841 1067; x_wconf 86' lang='lat' dir='ltr'>Patres</span> <span class='ocrx_word' id='word_1_62' title='bbox 873 1018 1159 1064; x_wconf 86' lang='lat' dir='ltr'>consone</span> <span class='ocrx_word' id='word_1_63' title='bbox 1192 999 1455 1063; x_wconf 89' lang='lat' dir='ltr'>omnino</span> <span class='ocrx_word' id='word_1_64' title='bbox 1496 997 2034 1061; x_wconf 81' lang='lat' dir='ltr'><strong>montanistarum</strong></span> <span class='ocrx_word' id='word_1_65' title='bbox 2071 1002 2134 1060; x_wconf 91' lang='lat' dir='ltr'>et</span> <span class='ocrx_word' id='word_1_66' title='bbox 2163 995 2659 1058; x_wconf 87' lang='lat' dir='ltr'>novatianorum</span> <span class='ocrx_word' id='word_1_67' title='bbox 2689 995 2955 1075; x_wconf 84' lang='lat' dir='ltr'>praxim,</span> 
     </span>
     <span class='ocr_line' id='line_1_8' title="bbox 338 1101 2954 1191; baseline -0.005 -16"><span class='ocrx_word' id='word_1_68' title='bbox 338 1111 695 1178; x_wconf 87' lang='lat' dir='ltr'>secundum</span> <span class='ocrx_word' id='word_1_69' title='bbox 725 1126 919 1191; x_wconf 89' lang='lat' dir='ltr'>quam</span> <span class='ocrx_word' id='word_1_70' title='bbox 951 1113 1328 1189; x_wconf 82' lang='lat' dir='ltr'>peccatores</span> <span class='ocrx_word' id='word_1_71' title='bbox 1362 1105 1619 1188; x_wconf 88' lang='lat' dir='ltr'>quidem</span> <span class='ocrx_word' id='word_1_72' title='bbox 1644 1104 1725 1168; x_wconf 89' lang='lat' dir='ltr'>ad</span> <span class='ocrx_word' id='word_1_73' title='bbox 1746 1103 2206 1185; x_wconf 89' lang='lat' dir='ltr'>poenitentiam</span> <span class='ocrx_word' id='word_1_74' title='bbox 2236 1101 2688 1175; x_wconf 79' lang='lat' dir='ltr'>invitabantur,</span> <span class='ocrx_word' id='word_1_75' title='bbox 2710 1102 2824 1166; x_wconf 89' lang='lat' dir='ltr'>sed</span> <span class='ocrx_word' id='word_1_76' title='bbox 2845 1119 2954 1165; x_wconf 86' lang='lat' dir='ltr'>ex-</span> 
     </span>
     <span class='ocr_line' id='line_1_9' title="bbox 332 1204 2955 1295; baseline -0.004 -15"><span class='ocrx_word' id='word_1_77' title='bbox 332 1216 760 1282; x_wconf 89' lang='lat' dir='ltr'>cludebantur</span> <span class='ocrx_word' id='word_1_78' title='bbox 792 1233 833 1280; x_wconf 92' lang='lat' dir='ltr'>a</span> <span class='ocrx_word' id='word_1_79' title='bbox 863 1215 1071 1292; x_wconf 88' lang='lat' dir='ltr'>venia,</span> <span class='ocrx_word' id='word_1_80' title='bbox 1099 1214 1392 1295; x_wconf 88' lang='lat' dir='ltr'>judicant</span> <span class='ocrx_word' id='word_1_81' title='bbox 1422 1212 1784 1289; x_wconf 90' lang='lat' dir='ltr'>.crudelem,</span> <span class='ocrx_word' id='word_1_82' title='bbox 1816 1212 2062 1287; x_wconf 89' lang='lat' dir='ltr'>duram,</span> <span class='ocrx_word' id='word_1_83' title='bbox 2111 1216 2338 1274; x_wconf 89' lang='lat' dir='ltr'>contra</span> <span class='ocrx_word' id='word_1_84' title='bbox 2366 1208 2556 1273; x_wconf 79' lang='lat' dir='ltr'>fldem</span> <span class='ocrx_word' id='word_1_85' title='bbox 2593 1204 2955 1290; x_wconf 87' lang='lat' dir='ltr'>Scriptura-</span> 
     </span>
     <span class='ocr_line' id='line_1_10' title="bbox 337 1315 2957 1402; baseline -0.003 -14"><span class='ocrx_word' id='word_1_86' title='bbox 337 1342 497 1399; x_wconf 90' lang='lat' dir='ltr'>rum,</span> <span class='ocrx_word' id='word_1_87' title='bbox 530 1321 1008 1388; x_wconf 81' lang='lat' dir='ltr'>misericordiae</span> <span class='ocrx_word' id='word_1_88' title='bbox 1037 1322 1310 1397; x_wconf 90' lang='lat' dir='ltr'>hostem,</span> <span class='ocrx_word' id='word_1_89' title='bbox 1362 1320 1801 1402; x_wconf 89' lang='lat' dir='ltr'>poenitentiae</span> <span class='ocrx_word' id='word_1_90' title='bbox 1846 1317 2358 1392; x_wconf 79' lang='lat' dir='ltr'>interfectricem,</span> <span class='ocrx_word' id='word_1_91' title='bbox 2404 1315 2661 1380; x_wconf 85' lang='lat' dir='ltr'>divinae</span> <span class='ocrx_word' id='word_1_92' title='bbox 2699 1315 2957 1397; x_wconf 84' lang='lat' dir='ltr'>pietatis</span> 
     </span>
     <span class='ocr_line' id='line_1_11' title="bbox 332 1420 2956 1509; baseline -0.003 -14"><span class='ocrx_word' id='word_1_93' title='bbox 332 1438 407 1495; x_wconf 82' lang='lat' dir='ltr'>et</span> <span class='ocrx_word' id='word_1_94' title='bbox 435 1430 659 1494; x_wconf 88' lang='lat' dir='ltr'>salutis</span> <span class='ocrx_word' id='word_1_95' title='bbox 692 1429 1013 1495; x_wconf 83' lang='lat' dir='ltr'>fraternae</span> <span class='ocrx_word' id='word_1_96' title='bbox 1046 1429 1387 1504; x_wconf 84' lang='lat' dir='ltr'>inimic-am,</span> <span class='ocrx_word' id='word_1_97' title='bbox 1420 1427 1884 1509; x_wconf 84' lang='lat' dir='ltr'>impiissimam,</span> <span class='ocrx_word' id='word_1_98' title='bbox 1917 1423 2488 1489; x_wconf 86' lang='lat' dir='ltr'>clementissimum</span> <span class='ocrx_word' id='word_1_99' title='bbox 2517 1422 2586 1486; x_wconf 92' lang='lat' dir='ltr'>D.</span> <span class='ocrx_word' id='word_1_100' title='bbox 2608 1421 2683 1486; x_wconf 91' lang='lat' dir='ltr'>N.</span> <span class='ocrx_word' id='word_1_101' title='bbox 2700 1422 2750 1488; x_wconf 90' lang='lat' dir='ltr'>J.</span> <span class='ocrx_word' id='word_1_102' title='bbox 2774 1420 2956 1486; x_wconf 91' lang='lat' dir='ltr'>Chri-</span> 
     </span>
     <span class='ocr_line' id='line_1_12' title="bbox 336 1529 2956 1617; baseline -0.002 -18"><span class='ocrx_word' id='word_1_103' title='bbox 336 1546 514 1600; x_wconf 86' lang='lat' dir='ltr'>stum</span> <span class='ocrx_word' id='word_1_104' title='bbox 548 1535 732 1617; x_wconf 85' lang='lat' dir='ltr'>quasi</span> <span class='ocrx_word' id='word_1_105' title='bbox 764 1534 1236 1617; x_wconf 84' lang='lat' dir='ltr'>implacabilem</span> <span class='ocrx_word' id='word_1_106' title='bbox 1268 1533 1789 1608; x_wconf 87' lang='lat' dir='ltr'>calumniantem,</span> <span class='ocrx_word' id='word_1_107' title='bbox 1822 1531 2243 1595; x_wconf 88' lang='lat' dir='ltr'>inhumanam</span> <span class='ocrx_word' id='word_1_108' title='bbox 2276 1530 2593 1605; x_wconf 87' lang='lat' dir='ltr'>duritiam,</span> <span class='ocrx_word' id='word_1_109' title='bbox 2644 1529 2728 1593; x_wconf 93' lang='lat' dir='ltr'>ob</span> <span class='ocrx_word' id='word_1_110' title='bbox 2761 1548 2956 1612; x_wconf 89' lang='lat' dir='ltr'>quam</span> 
     </span>
     <span class='ocr_line' id='line_1_13' title="bbox 336 1636 2957 1722; baseline -0.003 -16"><span class='ocrx_word' id='word_1_111' title='bbox 336 1642 508 1706; x_wconf 87' lang='lat' dir='ltr'>ratio</span> <span class='ocrx_word' id='word_1_112' title='bbox 540 1640 868 1705; x_wconf 87' lang='lat' dir='ltr'>reddenda</span> <span class='ocrx_word' id='word_1_113' title='bbox 899 1640 1019 1706; x_wconf 93' lang='lat' dir='ltr'>erit</span> <span class='ocrx_word' id='word_1_114' title='bbox 1050 1640 1114 1703; x_wconf 90' lang='lat' dir='ltr'>in</span> <span class='ocrx_word' id='word_1_115' title='bbox 1149 1640 1251 1705; x_wconf 90' lang='lat' dir='ltr'>die</span> <span class='ocrx_word' id='word_1_116' title='bbox 1276 1640 1516 1722; x_wconf 89' lang='lat' dir='ltr'>judicii,</span> <span class='ocrx_word' id='word_1_117' title='bbox 1568 1639 1935 1704; x_wconf 86' lang='lat' dir='ltr'>haereticae</span> <span class='ocrx_word' id='word_1_118' title='bbox 1978 1636 2519 1720; x_wconf 88' lang='lat' dir='ltr'>praesumptionis</span> <span class='ocrx_word' id='word_1_119' title='bbox 2551 1636 2957 1700; x_wconf 88' lang='lat' dir='ltr'>durissimam</span> 
     </span>
     <span class='ocr_line' id='line_1_14' title="bbox 337 1742 2957 1831; baseline -0.003 -17"><span class='ocrx_word' id='word_1_120' title='bbox 337 1748 744 1831; x_wconf 86' lang='lat' dir='ltr'>pravitatem,</span> <span class='ocrx_word' id='word_1_121' title='bbox 778 1746 1056 1812; x_wconf 85' lang='lat' dir='ltr'>ferocem</span> <span class='ocrx_word' id='word_1_122' title='bbox 1089 1757 1449 1811; x_wconf 74' lang='lat' dir='ltr'>censuram‘</span> <span class='ocrx_word' id='word_1_123' title='bbox 1484 1754 1601 1811; x_wconf 90' lang='lat' dir='ltr'>etc.</span> <span class='ocrx_word' id='word_1_124' title='bbox 1667 1744 1864 1828; x_wconf 89' lang='lat' dir='ltr'>Atqui</span> <span class='ocrx_word' id='word_1_125' title='bbox 1915 1744 2219 1820; x_wconf 86' lang='lat' dir='ltr'>Ecclesia,</span> <span class='ocrx_word' id='word_1_126' title='bbox 2272 1762 2440 1826; x_wconf 91' lang='lat' dir='ltr'>quae</span> <span class='ocrx_word' id='word_1_127' title='bbox 2486 1742 2770 1807; x_wconf 90' lang='lat' dir='ltr'>omnium</span> <span class='ocrx_word' id='word_1_128' title='bbox 2816 1742 2957 1807; x_wconf 89' lang='lat' dir='ltr'>lan-</span> 
     </span>
     <span class='ocr_line' id='line_1_15' title="bbox 341 1847 2957 1936; baseline -0.003 -18"><span class='ocrx_word' id='word_1_129' title='bbox 341 1855 670 1934; x_wconf 87' lang='lat' dir='ltr'>guentium</span> <span class='ocrx_word' id='word_1_130' title='bbox 701 1861 764 1918; x_wconf 88' lang='lat' dir='ltr'>et</span> <span class='ocrx_word' id='word_1_131' title='bbox 794 1852 1289 1936; x_wconf 89' lang='lat' dir='ltr'>periclitantium</span> <span class='ocrx_word' id='word_1_132' title='bbox 1321 1853 1719 1934; x_wconf 89' lang='lat' dir='ltr'>pientissima</span> <span class='ocrx_word' id='word_1_133' title='bbox 1750 1870 1893 1916; x_wconf 91' lang='lat' dir='ltr'>esse</span> <span class='ocrx_word' id='word_1_134' title='bbox 1926 1850 2117 1915; x_wconf 88' lang='lat' dir='ltr'>debet</span> <span class='ocrx_word' id='word_1_135' title='bbox 2149 1855 2373 1925; x_wconf 89' lang='lat' dir='ltr'>mater,</span> <span class='ocrx_word' id='word_1_136' title='bbox 2422 1849 2733 1930; x_wconf 85' lang='lat' dir='ltr'>ejusmodi</span> <span class='ocrx_word' id='word_1_137' title='bbox 2766 1847 2957 1912; x_wconf 91' lang='lat' dir='ltr'>disci-</span> 
     </span>
     <span class='ocr_line' id='line_1_16' title="bbox 340 1960 1488 2043; baseline -0.002 -19"><span class='ocrx_word' id='word_1_138' title='bbox 340 1961 582 2042; x_wconf 89' lang='lat' dir='ltr'>plinam</span> <span class='ocrx_word' id='word_1_139' title='bbox 614 1978 945 2043; x_wconf 89' lang='lat' dir='ltr'>nunquam</span> <span class='ocrx_word' id='word_1_140' title='bbox 976 1965 1190 2041; x_wconf 86' lang='lat' dir='ltr'>potest</span> <span class='ocrx_word' id='word_1_141' title='bbox 1221 1960 1488 2025; x_wconf 89' lang='lat' dir='ltr'>sancire.</span> 
     </span>
    </p>
   </div>
   <div class='ocr_carea' id='block_1_5' title="bbox 342 2089 2972 4573">
    <p class='ocr_par' dir='ltr' id='par_1_5' title="bbox 342 2089 2972 4573">
     <span class='ocr_line' id='line_1_17' title="bbox 521 2089 2958 2166; baseline -0.001 -16"><span class='ocrx_word' id='word_1_142' title='bbox 521 2090 916 2150; x_wconf 85' lang='lat' dir='ltr'>Consulantur</span> <span class='ocrx_word' id='word_1_143' title='bbox 959 2109 1005 2153; x_wconf 81' lang='lat' dir='ltr'>s,</span> <span class='ocrx_word' id='word_1_144' title='bbox 1051 2090 1488 2166; x_wconf 81' lang='lat' dir='ltr'>Cyprianus</span> <span class='ocrx_word' id='word_1_145' title='bbox 1532 2090 1750 2166; x_wconf 87' lang='lat' dir='ltr'>passim</span> <span class='ocrx_word' id='word_1_146' title='bbox 1799 2093 1868 2149; x_wconf 91' lang='lat' dir='ltr'>ut</span> <span class='ocrx_word' id='word_1_147' title='bbox 1914 2089 1977 2147; x_wconf 90' lang='lat' dir='ltr'>in</span> <span class='ocrx_word' id='word_1_148' title='bbox 2009 2108 2099 2164; x_wconf 89' lang='lat' dir='ltr'>ep.</span> <span class='ocrx_word' id='word_1_149' title='bbox 2134 2096 2233 2151; x_wconf 79' lang='lat'>52.</span> <span class='ocrx_word' id='word_1_150' title='bbox 2271 2097 2372 2150; x_wconf 83' lang='lat'>54.</span> <span class='ocrx_word' id='word_1_151' title='bbox 2407 2097 2483 2150; x_wconf 85' lang='lat'>57</span> <span class='ocrx_word' id='word_1_152' title='bbox 2522 2106 2579 2144; x_wconf 93' lang='lat' dir='ltr'>n.</span> <span class='ocrx_word' id='word_1_153' title='bbox 2614 2097 2670 2157; x_wconf 81' lang='lat'>3,</span> <span class='ocrx_word' id='word_1_154' title='bbox 2718 2104 2809 2160; x_wconf 88' lang='lat' dir='ltr'>ep.</span> <span class='ocrx_word' id='word_1_155' title='bbox 2844 2096 2958 2154; x_wconf 78' lang='lat'>673</span> 
     </span>
     <span class='ocr_line' id='line_1_18' title="bbox 342 2173 2957 2255; baseline -0.001 -16"><span class='ocrx_word' id='word_1_156' title='bbox 342 2181 441 2239; x_wconf 92' lang='lat' dir='ltr'>cui</span> <span class='ocrx_word' id='word_1_157' title='bbox 486 2180 872 2239; x_wconf 87' lang='lat' dir='ltr'>consentiunt</span> <span class='ocrx_word' id='word_1_158' title='bbox 916 2182 1187 2238; x_wconf 80' lang='lat' dir='ltr'>auctor</span> <span class='ocrx_word' id='word_1_159' title='bbox 1235 2197 1564 2238; x_wconf 79' lang='lat' dir='ltr'>coaevus</span> <span class='ocrx_word' id='word_1_160' title='bbox 1608 2182 1781 2238; x_wconf 84' lang='lat' dir='ltr'>tract.</span> <span class='ocrx_word' id='word_1_161' title='bbox 1812 2178 1884 2236; x_wconf 90' lang='lat' dir='ltr'>de</span> <span class='ocrx_word' id='word_1_162' title='bbox 1916 2177 2102 2252; x_wconf 80' lang='lat' dir='ltr'>lapsis</span> <span class='ocrx_word' id='word_1_163' title='bbox 2133 2177 2208 2235; x_wconf 89' lang='lat' dir='ltr'>ad</span> <span class='ocrx_word' id='word_1_164' title='bbox 2239 2176 2636 2235; x_wconf 77' lang='lat' dir='ltr'>Novatianum</span> <span class='ocrx_word' id='word_1_165' title='bbox 2671 2173 2863 2255; x_wconf 78' lang='lat' dir='ltr'>(Mig.</span> <span class='ocrx_word' id='word_1_166' title='bbox 2901 2184 2957 2249; x_wconf 85' lang='lat'>3,</span> 
     </span>
     <span class='ocr_line' id='line_1_19' title="bbox 354 2264 2960 2350; baseline -0.003 -20"><span class='ocrx_word' id='word_1_167' title='bbox 354 2279 516 2332; x_wconf 87' lang='lat'>1205</span> <span class='ocrx_word' id='word_1_168' title='bbox 551 2267 654 2350; x_wconf 79' lang='lat' dir='ltr'>sa.)</span> <span class='ocrx_word' id='word_1_169' title='bbox 690 2287 744 2350; x_wconf 78' lang='lat'>¹¹:</span> <span class='ocrx_word' id='word_1_170' title='bbox 792 2280 838 2330; x_wconf 92' lang='lat'>1.</span> <span class='ocrx_word' id='word_1_171' title='bbox 884 2279 975 2339; x_wconf 83' lang='lat'>13,</span> <span class='ocrx_word' id='word_1_172' title='bbox 1023 2267 1130 2349; x_wconf 83' lang='lat' dir='ltr'>ubi</span> <span class='ocrx_word' id='word_1_173' title='bbox 1163 2286 1290 2326; x_wconf 88' lang='lat' dir='ltr'>eam</span> <span class='ocrx_word' id='word_1_174' title='bbox 1324 2268 1469 2327; x_wconf 88' lang='lat' dir='ltr'>dicit</span> <span class='ocrx_word' id='word_1_175' title='bbox 1500 2267 1754 2338; x_wconf 88' lang='lat' dir='ltr'>,Cainam</span> <span class='ocrx_word' id='word_1_176' title='bbox 1788 2268 2111 2345; x_wconf 84' lang='lat' dir='ltr'>haeresim‘‚</span> <span class='ocrx_word' id='word_1_177' title='bbox 2144 2285 2296 2341; x_wconf 90' lang='lat' dir='ltr'>quae</span> <span class='ocrx_word' id='word_1_178' title='bbox 2327 2264 2566 2324; x_wconf 85' lang='lat' dir='ltr'>nonnisi</span> <span class='ocrx_word' id='word_1_179' title='bbox 2598 2266 2836 2323; x_wconf 84' lang='lat' dir='ltr'>tantum</span> <span class='ocrx_word' id='word_1_180' title='bbox 2866 2282 2960 2321; x_wconf 88' lang='lat' dir='ltr'>oc·</span> 
     </span>
     <span class='ocr_line' id='line_1_20' title="bbox 344 2352 2963 2435; baseline -0.002 -19"><span class='ocrx_word' id='word_1_181' title='bbox 344 2358 545 2417; x_wconf 77' lang='lat' dir='ltr'>cidere</span> <span class='ocrx_word' id='word_1_182' title='bbox 586 2358 796 2435; x_wconf 73' lang='lat' dir='ltr'>gestit3</span> <span class='ocrx_word' id='word_1_183' title='bbox 846 2358 1229 2416; x_wconf 87' lang='lat' dir='ltr'>Pacianus</span> <span class='ocrx_word' id='word_1_184' title='bbox 1283 2375 1371 2433; x_wconf 91' lang='lat' dir='ltr'>ep.</span> <span class='ocrx_word' id='word_1_185' title='bbox 1423 2366 1457 2419; x_wconf 87' lang='lat'><strong>3</strong></span> <span class='ocrx_word' id='word_1_186' title='bbox 1507 2357 1578 2415; x_wconf 87' lang='lat' dir='ltr'>ad</span> <span class='ocrx_word' id='word_1_187' title='bbox 1626 2357 1939 2433; x_wconf 81' lang='lat' dir='ltr'>Sympron.</span> <span class='ocrx_word' id='word_1_188' title='bbox 1991 2375 2048 2419; x_wconf 88' lang='lat' dir='ltr'>n.</span> <span class='ocrx_word' id='word_1_189' title='bbox 2101 2365 2168 2425; x_wconf 83' lang='lat'>53</span> <span class='ocrx_word' id='word_1_190' title='bbox 2221 2353 2644 2429; x_wconf 83' lang='lat' dir='ltr'>Dionysius</span> <span class='ocrx_word' id='word_1_191' title='bbox 2693 2354 2839 2413; x_wconf 86' lang='lat' dir='ltr'>alex.</span> <span class='ocrx_word' id='word_1_192' title='bbox 2888 2352 2963 2410; x_wconf 90' lang='lat' dir='ltr'>ad</span> 
     </span>
     <span class='ocr_line' id='line_1_21' title="bbox 347 2442 2961 2524; baseline -0.003 -19"><span class='ocrx_word' id='word_1_193' title='bbox 347 2448 697 2524; x_wconf 81' lang='lat' dir='ltr'>Dionysium</span> <span class='ocrx_word' id='word_1_194' title='bbox 741 2466 885 2506; x_wconf 89' lang='lat' dir='ltr'>rom.</span> <span class='ocrx_word' id='word_1_195' title='bbox 930 2445 1092 2521; x_wconf 90' lang='lat' dir='ltr'>apud</span> <span class='ocrx_word' id='word_1_196' title='bbox 1138 2446 1562 2504; x_wconf 85' lang='lat' dir='ltr'>Eusebium</span> <span class='ocrx_word' id='word_1_197' title='bbox 1598 2447 1668 2503; x_wconf 89' lang='lat' dir='ltr'>H.</span> <span class='ocrx_word' id='word_1_198' title='bbox 1704 2446 1766 2503; x_wconf 85' lang='lat' dir='ltr'>E.</span> <span class='ocrx_word' id='word_1_199' title='bbox 1800 2445 1924 2515; x_wconf 89' lang='lat' dir='ltr'>VII,</span> <span class='ocrx_word' id='word_1_200' title='bbox 1975 2455 2009 2508; x_wconf 88' lang='grc'>8</span> <span class='ocrx_word' id='word_1_201' title='bbox 2044 2444 2150 2503; x_wconf 90' lang='lat' dir='ltr'>col.</span> <span class='ocrx_word' id='word_1_202' title='bbox 2183 2443 2280 2506; x_wconf 89' lang='lat' dir='ltr'>VI.</span> <span class='ocrx_word' id='word_1_203' title='bbox 2326 2452 2438 2513; x_wconf 79' lang='lat'>423</span> <span class='ocrx_word' id='word_1_204' title='bbox 2490 2442 2848 2501; x_wconf 83' lang='lat' dir='ltr'>Hilarius</span> <span class='ocrx_word' id='word_1_205' title='bbox 2899 2442 2961 2498; x_wconf 90' lang='lat' dir='ltr'>in</span> 
     </span>
     <span class='ocr_line' id='line_1_22' title="bbox 344 2531 2961 2610; baseline -0.003 -16"><span class='ocrx_word' id='word_1_206' title='bbox 344 2538 436 2597; x_wconf 88' lang='lat' dir='ltr'>Ps.</span> <span class='ocrx_word' id='word_1_207' title='bbox 478 2546 597 2599; x_wconf 80' lang='lat'>1:37</span> <span class='ocrx_word' id='word_1_208' title='bbox 648 2554 704 2598; x_wconf 85' lang='lat' dir='ltr'>n.</span> <span class='ocrx_word' id='word_1_209' title='bbox 741 2546 798 2600; x_wconf 84' lang='lat'>8.</span> <span class='ocrx_word' id='word_1_210' title='bbox 851 2536 955 2610; x_wconf 92' lang='lat' dir='ltr'>qui</span> <span class='ocrx_word' id='word_1_211' title='bbox 999 2555 1125 2594; x_wconf 91' lang='lat' dir='ltr'>eam</span> <span class='ocrx_word' id='word_1_212' title='bbox 1173 2535 1319 2594; x_wconf 90' lang='lat' dir='ltr'>dicit</span> <span class='ocrx_word' id='word_1_213' title='bbox 1365 2536 1763 2603; x_wconf 74' lang='lat' dir='ltr'>¹‚insolentem</span> <span class='ocrx_word' id='word_1_214' title='bbox 1794 2534 2215 2610; x_wconf 86' lang='lat' dir='ltr'>professionem</span> <span class='ocrx_word' id='word_1_215' title='bbox 2248 2551 2469 2603; x_wconf 89' lang='lat' dir='ltr'>eorum,</span> <span class='ocrx_word' id='word_1_216' title='bbox 2521 2532 2625 2606; x_wconf 88' lang='lat' dir='ltr'>qui</span> <span class='ocrx_word' id='word_1_217' title='bbox 2672 2531 2961 2589; x_wconf 88' lang='lat' dir='ltr'>humanae</span> 
     </span>
     <span class='ocr_line' id='line_1_23' title="bbox 342 2621 2962 2698; baseline -0.003 -13"><span class='ocrx_word' id='word_1_218' title='bbox 342 2631 595 2685; x_wconf 85' lang='lat' dir='ltr'>naturae</span> <span class='ocrx_word' id='word_1_219' title='bbox 626 2628 688 2684; x_wconf 86' lang='lat' dir='ltr'>et</span> <span class='ocrx_word' id='word_1_220' title='bbox 717 2624 1083 2684; x_wconf 82' lang='lat' dir='ltr'>infirmitatis</span> <span class='ocrx_word' id='word_1_221' title='bbox 1114 2624 1487 2685; x_wconf 85' lang='lat' dir='ltr'>immemores</span> <span class='ocrx_word' id='word_1_222' title='bbox 1519 2627 1581 2685; x_wconf 89' lang='lat' dir='ltr'>et</span> <span class='ocrx_word' id='word_1_223' title='bbox 1612 2622 2135 2682; x_wconf 84' lang='lat' dir='ltr'>immisericordem</span> <span class='ocrx_word' id='word_1_224' title='bbox 2168 2623 2354 2680; x_wconf 89' lang='lat' dir='ltr'>Deum</span> <span class='ocrx_word' id='word_1_225' title='bbox 2387 2621 2795 2698; x_wconf 77' lang='lat' dir='ltr'>praedicantes</span> <span class='ocrx_word' id='word_1_226' title='bbox 2826 2637 2962 2696; x_wconf 83' lang='lat' dir='ltr'>pec-</span> 
     </span>
     <span class='ocr_line' id='line_1_24' title="bbox 344 2710 2965 2793; baseline -0.003 -18"><span class='ocrx_word' id='word_1_227' title='bbox 344 2717 491 2775; x_wconf 84' lang='lat' dir='ltr'>catis</span> <span class='ocrx_word' id='word_1_228' title='bbox 522 2715 962 2793; x_wconf 86' lang='lat' dir='ltr'>poenitentium</span> <span class='ocrx_word' id='word_1_229' title='bbox 994 2715 1226 2773; x_wconf 89' lang='lat' dir='ltr'>veniam</span> <span class='ocrx_word' id='word_1_230' title='bbox 1257 2718 1320 2773; x_wconf 89' lang='lat' dir='ltr'>et</span> <span class='ocrx_word' id='word_1_231' title='bbox 1349 2715 1622 2774; x_wconf 80' lang='lat' dir='ltr'>solatium</span> <span class='ocrx_word' id='word_1_232' title='bbox 1658 2733 1777 2773; x_wconf 90' lang='lat' dir='ltr'>non</span> <span class='ocrx_word' id='word_1_233' title='bbox 1809 2713 2219 2790; x_wconf 84' lang='lat' dir='ltr'>relinquunt.‘</span> <span class='ocrx_word' id='word_1_234' title='bbox 2256 2744 2340 2753; x_wconf 92' lang='lat'>-—-</span> <span class='ocrx_word' id='word_1_235' title='bbox 2372 2711 2538 2770; x_wconf 90' lang='lat' dir='ltr'>Belle</span> <span class='ocrx_word' id='word_1_236' title='bbox 2572 2710 2965 2769; x_wconf 86' lang='lat' dir='ltr'>Gilleber-</span> 
     </span>
     <span class='ocr_line' id='line_1_25' title="bbox 344 2798 2965 2884; baseline -0.003 -20"><span class='ocrx_word' id='word_1_237' title='bbox 344 2808 473 2864; x_wconf 88' lang='lat' dir='ltr'>tus</span> <span class='ocrx_word' id='word_1_238' title='bbox 505 2804 685 2863; x_wconf 87' lang='lat' dir='ltr'>abbas</span> <span class='ocrx_word' id='word_1_239' title='bbox 716 2822 888 2862; x_wconf 87' lang='lat' dir='ltr'>serm.</span> <span class='ocrx_word' id='word_1_240' title='bbox 913 2813 985 2866; x_wconf 87' lang='lat'>31</span> <span class='ocrx_word' id='word_1_241' title='bbox 1029 2804 1090 2861; x_wconf 92' lang='lat' dir='ltr'>in</span> <span class='ocrx_word' id='word_1_242' title='bbox 1123 2803 1351 2862; x_wconf 85' lang='lat' dir='ltr'>cantica</span> <span class='ocrx_word' id='word_1_243' title='bbox 1379 2823 1438 2862; x_wconf 90' lang='lat' dir='ltr'>n.</span> <span class='ocrx_word' id='word_1_244' title='bbox 1463 2815 1495 2867; x_wconf 81' lang='lat'>5</span> <span class='ocrx_word' id='word_1_245' title='bbox 1535 2802 1725 2884; x_wconf 82' lang='lat' dir='ltr'>(Mig.</span> <span class='ocrx_word' id='word_1_246' title='bbox 1755 2811 1897 2878; x_wconf 84' lang='lat'>184,</span> <span class='ocrx_word' id='word_1_247' title='bbox 1929 2798 2076 2883; x_wconf 88' lang='lat'>164)</span> <span class='ocrx_word' id='word_1_248' title='bbox 2110 2801 2606 2877; x_wconf 83' lang='lat' dir='ltr'>comparationem</span> <span class='ocrx_word' id='word_1_249' title='bbox 2638 2799 2965 2858; x_wconf 87' lang='lat' dir='ltr'>instituens</span> 
     </span>
     <span class='ocr_line' id='line_1_26' title="bbox 344 2888 2963 2968; baseline -0.003 -16"><span class='ocrx_word' id='word_1_250' title='bbox 344 2895 504 2953; x_wconf 91' lang='lat' dir='ltr'>inter</span> <span class='ocrx_word' id='word_1_251' title='bbox 535 2894 587 2952; x_wconf 83' lang='lat' dir='ltr'>N</span> <span class='ocrx_word' id='word_1_252' title='bbox 591 2893 930 2952; x_wconf 82' lang='lat' dir='ltr'>ovatianum</span> <span class='ocrx_word' id='word_1_253' title='bbox 964 2896 1026 2951; x_wconf 89' lang='lat' dir='ltr'>et</span> <span class='ocrx_word' id='word_1_254' title='bbox 1056 2892 1362 2968; x_wconf 82' lang='lat' dir='ltr'>Pelagium</span> <span class='ocrx_word' id='word_1_255' title='bbox 1396 2893 1561 2952; x_wconf 89' lang='lat' dir='ltr'>illius</span> <span class='ocrx_word' id='word_1_256' title='bbox 1594 2911 1854 2952; x_wconf 86' lang='lat' dir='ltr'>errorem</span> <span class='ocrx_word' id='word_1_257' title='bbox 1887 2893 1973 2950; x_wconf 91' lang='lat' dir='ltr'>ita</span> <span class='ocrx_word' id='word_1_258' title='bbox 2003 2894 2206 2951; x_wconf 87' lang='lat' dir='ltr'>notat:</span> <span class='ocrx_word' id='word_1_259' title='bbox 2256 2889 2666 2960; x_wconf 85' lang='lat' dir='ltr'>,Novatianus</span> <span class='ocrx_word' id='word_1_260' title='bbox 2704 2906 2824 2947; x_wconf 89' lang='lat' dir='ltr'>non</span> <span class='ocrx_word' id='word_1_261' title='bbox 2857 2888 2963 2945; x_wconf 88' lang='lat' dir='ltr'>ha·</span> 
     </span>
     <span class='ocr_line' id='line_1_27' title="bbox 346 2973 2963 3061; baseline -0.003 -19"><span class='ocrx_word' id='word_1_262' title='bbox 346 2985 447 3042; x_wconf 92' lang='lat' dir='ltr'>bet</span> <span class='ocrx_word' id='word_1_263' title='bbox 480 3002 795 3041; x_wconf 89' lang='lat' dir='ltr'>mammam</span> <span class='ocrx_word' id='word_1_264' title='bbox 829 2983 1050 3051; x_wconf 82' lang='lat' dir='ltr'>veniae,</span> <span class='ocrx_word' id='word_1_265' title='bbox 1106 2999 1215 3040; x_wconf 83' lang='lat' dir='ltr'>nec</span> <span class='ocrx_word' id='word_1_266' title='bbox 1247 2982 1522 3058; x_wconf 86' lang='lat' dir='ltr'>Pelagius</span> <span class='ocrx_word' id='word_1_267' title='bbox 1554 2983 1783 3060; x_wconf 87' lang='lat' dir='ltr'>gratiae</span> <span class='ocrx_word' id='word_1_268' title='bbox 1816 3027 1829 3041; x_wconf 98' lang='lat'>.</span> <span class='ocrx_word' id='word_1_269' title='bbox 1863 3027 1876 3039; x_wconf 92' lang='lat'>.</span> <span class='ocrx_word' id='word_1_270' title='bbox 1911 3026 1924 3040; x_wconf 98' lang='lat'>.</span> <span class='ocrx_word' id='word_1_271' title='bbox 1956 2981 2066 3039; x_wconf 89' lang='lat' dir='ltr'>Ille</span> <span class='ocrx_word' id='word_1_272' title='bbox 2102 2973 2448 3061; x_wconf 82' lang='lat' dir='ltr'>(Pelagius),</span> <span class='ocrx_word' id='word_1_273' title='bbox 2504 2983 2575 3037; x_wconf 93' lang='lat' dir='ltr'>ut</span> <span class='ocrx_word' id='word_1_274' title='bbox 2625 2977 2706 3037; x_wconf 89' lang='lat' dir='ltr'>sic</span> <span class='ocrx_word' id='word_1_275' title='bbox 2754 2977 2963 3046; x_wconf 85' lang='lat' dir='ltr'>dicam,</span> 
     </span>
     <span class='ocr_line' id='line_1_28' title="bbox 348 3065 2968 3148; baseline -0.003 -18"><span class='ocrx_word' id='word_1_276' title='bbox 348 3075 586 3132; x_wconf 86' lang='lat' dir='ltr'>revocat</span> <span class='ocrx_word' id='word_1_277' title='bbox 616 3075 904 3148; x_wconf 87' lang='lat' dir='ltr'>petentes,</span> <span class='ocrx_word' id='word_1_278' title='bbox 953 3071 1048 3130; x_wconf 89' lang='lat' dir='ltr'>hic</span> <span class='ocrx_word' id='word_1_279' title='bbox 1093 3089 1208 3130; x_wconf 93' lang='lat' dir='ltr'>non</span> <span class='ocrx_word' id='word_1_280' title='bbox 1259 3071 1507 3147; x_wconf 86' lang='lat' dir='ltr'>suscipit</span> <span class='ocrx_word' id='word_1_281' title='bbox 1536 3072 1929 3146; x_wconf 84' lang='lat' dir='ltr'>poenitentes.</span> <span class='ocrx_word' id='word_1_282' title='bbox 1996 3070 2361 3129; x_wconf 73' lang='lat' dir='ltr'>vetustatem</span> <span class='ocrx_word' id='word_1_283' title='bbox 2394 3069 2497 3126; x_wconf 91' lang='lat' dir='ltr'>ille</span> <span class='ocrx_word' id='word_1_284' title='bbox 2528 3067 2825 3143; x_wconf 87' lang='lat' dir='ltr'>propinat,</span> <span class='ocrx_word' id='word_1_285' title='bbox 2872 3065 2968 3124; x_wconf 92' lang='lat' dir='ltr'>hic</span> 
     </span>
     <span class='ocr_line' id='line_1_29' title="bbox 345 3156 2965 3238; baseline -0.003 -18"><span class='ocrx_word' id='word_1_286' title='bbox 345 3161 770 3221; x_wconf 87' lang='lat' dir='ltr'>austeritatem.</span> <span class='ocrx_word' id='word_1_287' title='bbox 832 3161 969 3220; x_wconf 86' lang='lat' dir='ltr'>Non</span> <span class='ocrx_word' id='word_1_288' title='bbox 999 3159 1177 3218; x_wconf 84' lang='lat' dir='ltr'>habet</span> <span class='ocrx_word' id='word_1_289' title='bbox 1221 3161 1351 3236; x_wconf 87' lang='lat' dir='ltr'>ejus</span> <span class='ocrx_word' id='word_1_290' title='bbox 1397 3161 1665 3219; x_wconf 89' lang='lat' dir='ltr'>doctrina</span> <span class='ocrx_word' id='word_1_291' title='bbox 1695 3160 1923 3238; x_wconf 84' lang='lat' dir='ltr'>gratiae</span> <span class='ocrx_word' id='word_1_292' title='bbox 1955 3160 2198 3218; x_wconf 85' lang='lat' dir='ltr'>lacteam</span> <span class='ocrx_word' id='word_1_293' title='bbox 2232 3158 2577 3228; x_wconf 86' lang='lat' dir='ltr'>novitatem,</span> <span class='ocrx_word' id='word_1_294' title='bbox 2628 3174 2733 3215; x_wconf 92' lang='lat' dir='ltr'>nec</span> <span class='ocrx_word' id='word_1_295' title='bbox 2784 3156 2965 3232; x_wconf 88' lang='lat' dir='ltr'>hujus</span> 
     </span>
     <span class='ocr_line' id='line_1_30' title="bbox 344 3246 2966 3326; baseline -0.002 -17"><span class='ocrx_word' id='word_1_296' title='bbox 344 3249 721 3310; x_wconf 85' lang='lat' dir='ltr'>dulcedinem</span> <span class='ocrx_word' id='word_1_297' title='bbox 756 3296 768 3308; x_wconf 88' lang='lat'>.</span> <span class='ocrx_word' id='word_1_298' title='bbox 805 3296 816 3307; x_wconf 96' lang='lat'>.</span> <span class='ocrx_word' id='word_1_299' title='bbox 852 3295 863 3308; x_wconf 94' lang='lat'>.</span> <span class='ocrx_word' id='word_1_300' title='bbox 900 3249 1178 3326; x_wconf 90' lang='lat' dir='ltr'>Pelagius</span> <span class='ocrx_word' id='word_1_301' title='bbox 1211 3250 1376 3308; x_wconf 77' lang='lat' dir='ltr'>dives</span> <span class='ocrx_word' id='word_1_302' title='bbox 1408 3258 1520 3322; x_wconf 84' lang='lat' dir='ltr'>est,</span> <span class='ocrx_word' id='word_1_303' title='bbox 1552 3268 1673 3308; x_wconf 91' lang='lat' dir='ltr'>non</span> <span class='ocrx_word' id='word_1_304' title='bbox 1704 3250 1841 3325; x_wconf 88' lang='lat' dir='ltr'>eget</span> <span class='ocrx_word' id='word_1_305' title='bbox 1872 3250 1981 3307; x_wconf 90' lang='lat' dir='ltr'>hac</span> <span class='ocrx_word' id='word_1_306' title='bbox 2013 3247 2344 3318; x_wconf 90' lang='lat' dir='ltr'>dulcedine,</span> <span class='ocrx_word' id='word_1_307' title='bbox 2380 3247 2708 3305; x_wconf 87' lang='lat' dir='ltr'>innascitur</span> <span class='ocrx_word' id='word_1_308' title='bbox 2738 3246 2810 3315; x_wconf 90' lang='lat' dir='ltr'>ei,</span> <span class='ocrx_word' id='word_1_309' title='bbox 2844 3263 2966 3303; x_wconf 89' lang='lat' dir='ltr'>non</span> 
     </span>
     <span class='ocr_line' id='line_1_31' title="bbox 345 3334 2967 3417; baseline -0.003 -18"><span class='ocrx_word' id='word_1_310' title='bbox 345 3343 623 3417; x_wconf 80' lang='lat' dir='ltr'>paratur3</span> <span class='ocrx_word' id='word_1_311' title='bbox 676 3339 950 3417; x_wconf 89' lang='lat' dir='ltr'>Pelagius</span> <span class='ocrx_word' id='word_1_312' title='bbox 996 3339 1169 3397; x_wconf 88' lang='lat' dir='ltr'>dicit:</span> <span class='ocrx_word' id='word_1_313' title='bbox 1220 3338 1358 3397; x_wconf 83' lang='lat' dir='ltr'>Non</span> <span class='ocrx_word' id='word_1_314' title='bbox 1387 3338 1651 3416; x_wconf 83' lang='lat' dir='ltr'>indiges3</span> <span class='ocrx_word' id='word_1_315' title='bbox 1702 3342 1766 3396; x_wconf 89' lang='lat' dir='ltr'>et</span> <span class='ocrx_word' id='word_1_316' title='bbox 1809 3338 2210 3396; x_wconf 84' lang='lat' dir='ltr'>Novatianus:</span> <span class='ocrx_word' id='word_1_317' title='bbox 2263 3336 2398 3396; x_wconf 84' lang='lat' dir='ltr'>Non</span> <span class='ocrx_word' id='word_1_318' title='bbox 2431 3336 2734 3412; x_wconf 89' lang='lat' dir='ltr'>indulgeo.</span> <span class='ocrx_word' id='word_1_319' title='bbox 2796 3334 2967 3392; x_wconf 86' lang='lat' dir='ltr'>Alter</span> 
     </span>
     <span class='ocr_line' id='line_1_32' title="bbox 346 3425 2961 3505; baseline -0.001 -17"><span class='ocrx_word' id='word_1_320' title='bbox 346 3429 655 3505; x_wconf 83' lang='lat' dir='ltr'>praedives</span> <span class='ocrx_word' id='word_1_321' title='bbox 704 3432 809 3499; x_wconf 87' lang='lat' dir='ltr'>est,</span> <span class='ocrx_word' id='word_1_322' title='bbox 860 3429 1012 3487; x_wconf 90' lang='lat' dir='ltr'>alter</span> <span class='ocrx_word' id='word_1_323' title='bbox 1060 3427 1427 3504; x_wconf 81' lang='lat' dir='ltr'>praedurus‘</span> <span class='ocrx_word' id='word_1_324' title='bbox 1462 3431 1571 3489; x_wconf 90' lang='lat' dir='ltr'>etc.</span> <span class='ocrx_word' id='word_1_325' title='bbox 1604 3461 1689 3471; x_wconf 91' lang='grc'><strong>-</strong></span> <span class='ocrx_word' id='word_1_326' title='bbox 1720 3425 1910 3496; x_wconf 83' lang='lat' dir='ltr'>Quam</span> <span class='ocrx_word' id='word_1_327' title='bbox 1951 3427 2026 3485; x_wconf 93' lang='lat' dir='ltr'>ob</span> <span class='ocrx_word' id='word_1_328' title='bbox 2069 3445 2191 3485; x_wconf 88' lang='lat' dir='ltr'>rem</span> <span class='ocrx_word' id='word_1_329' title='bbox 2225 3426 2722 3502; x_wconf 85' lang='lat' dir='ltr'>Augustinus</span> <span class='ocrx_word' id='word_1_330' title='bbox 2755 3443 2844 3499; x_wconf 88' lang='lat' dir='ltr'>ep.</span> <span class='ocrx_word' id='word_1_331' title='bbox 2881 3433 2961 3486; x_wconf 84' lang='lat'>93</span> 
     </span>
     <span class='ocr_line' id='line_1_33' title="bbox 343 3513 2964 3594; baseline -0.002 -19"><span class='ocrx_word' id='word_1_332' title='bbox 343 3518 418 3576; x_wconf 89' lang='lat' dir='ltr'>ad</span> <span class='ocrx_word' id='word_1_333' title='bbox 452 3517 830 3576; x_wconf 80' lang='lat' dir='ltr'>vincentium</span> <span class='ocrx_word' id='word_1_334' title='bbox 861 3517 1213 3594; x_wconf 84' lang='lat' dir='ltr'>rogatistam</span> <span class='ocrx_word' id='word_1_335' title='bbox 1245 3536 1302 3574; x_wconf 91' lang='lat' dir='ltr'>n.</span> <span class='ocrx_word' id='word_1_336' title='bbox 1340 3527 1452 3580; x_wconf 83' lang='lat'>43:</span> <span class='ocrx_word' id='word_1_337' title='bbox 1504 3517 1607 3584; x_wconf 84' lang='lat' dir='ltr'>‚si</span> <span class='ocrx_word' id='word_1_338' title='bbox 1653 3520 1871 3584; x_wconf 88' lang='lat' dir='ltr'>autem,</span> <span class='ocrx_word' id='word_1_339' title='bbox 1920 3516 2079 3591; x_wconf 89' lang='lat' dir='ltr'>quod</span> <span class='ocrx_word' id='word_1_340' title='bbox 2108 3515 2330 3574; x_wconf 79' lang='lat' dir='ltr'>veritas</span> <span class='ocrx_word' id='word_1_341' title='bbox 2363 3514 2540 3573; x_wconf 86' lang='lat' dir='ltr'>habet</span> <span class='ocrx_word' id='word_1_342' title='bbox 2573 3517 2634 3572; x_wconf 89' lang='lat' dir='ltr'>et</span> <span class='ocrx_word' id='word_1_343' title='bbox 2663 3513 2824 3587; x_wconf 91' lang='lat' dir='ltr'>quod</span> <span class='ocrx_word' id='word_1_344' title='bbox 2856 3513 2964 3569; x_wconf 83' lang='lat' dir='ltr'>Ec·</span> 
     </span>
     <span class='ocr_line' id='line_1_34' title="bbox 344 3603 2965 3683; baseline -0.003 -17"><span class='ocrx_word' id='word_1_345' title='bbox 344 3607 526 3666; x_wconf 88' lang='lat' dir='ltr'>clesia</span> <span class='ocrx_word' id='word_1_346' title='bbox 543 3607 755 3666; x_wconf 88' lang='lat' dir='ltr'>merito</span> <span class='ocrx_word' id='word_1_347' title='bbox 775 3609 957 3676; x_wconf 87' lang='lat' dir='ltr'>tenet,</span> <span class='ocrx_word' id='word_1_348' title='bbox 989 3610 1148 3665; x_wconf 91' lang='lat' dir='ltr'>recte</span> <span class='ocrx_word' id='word_1_349' title='bbox 1167 3605 1614 3683; x_wconf 86' lang='lat' dir='ltr'>poenitentibus</span> <span class='ocrx_word' id='word_1_350' title='bbox 1634 3604 1923 3664; x_wconf 85' lang='lat' dir='ltr'>adulteris</span> <span class='ocrx_word' id='word_1_351' title='bbox 1946 3623 2057 3680; x_wconf 80' lang='lat' dir='ltr'>pax</span> <span class='ocrx_word' id='word_1_352' title='bbox 2091 3604 2358 3673; x_wconf 85' lang='lat' dir='ltr'>dabatur,</span> <span class='ocrx_word' id='word_1_353' title='bbox 2393 3604 2503 3673; x_wconf 90' lang='lat' dir='ltr'>illi,</span> <span class='ocrx_word' id='word_1_354' title='bbox 2537 3603 2641 3676; x_wconf 92' lang='lat' dir='ltr'>qui</span> <span class='ocrx_word' id='word_1_355' title='bbox 2672 3603 2734 3660; x_wconf 90' lang='lat' dir='ltr'>in</span> <span class='ocrx_word' id='word_1_356' title='bbox 2765 3603 2965 3660; x_wconf 88' lang='lat' dir='ltr'>totum</span> 
     </span>
     <span class='ocr_line' id='line_1_35' title="bbox 346 3688 2968 3840; baseline -0.003 -87"><span class='ocrx_word' id='word_1_357' title='bbox 346 3697 546 3754; x_wconf 89' lang='lat' dir='ltr'>locum</span> <span class='ocrx_word' id='word_1_358' title='bbox 577 3695 976 3771; x_wconf 86' lang='lat' dir='ltr'>poenitentiae</span> <span class='ocrx_word' id='word_1_359' title='bbox 1010 3699 1213 3754; x_wconf 89' lang='lat' dir='ltr'>contra</span> <span class='ocrx_word' id='word_1_360' title='bbox 1244 3694 1547 3754; x_wconf 88' lang='lat' dir='ltr'>adulteros</span> <span class='ocrx_word' id='word_1_361' title='bbox 1587 3694 1959 3764; x_wconf 81' lang='lat' dir='ltr'>claudebant,</span> <span class='ocrx_word' id='word_1_362' title='bbox 1987 3691 2815 3840; x_wconf 43' lang='grc' dir='ltr'>ψῃ</span> <span class='ocrx_word' id='word_1_363' title='bbox 2863 3688 2968 3763; x_wconf 91' lang='lat' dir='ltr'>qui</span> 
     </span>
     <span class='ocr_line' id='line_1_36' title="bbox 348 3778 2967 3861; baseline -0.003 -18"><span class='ocrx_word' id='word_1_364' title='bbox 348 3785 633 3843; x_wconf 87' lang='lat' dir='ltr'>membris</span> <span class='ocrx_word' id='word_1_365' title='bbox 665 3784 883 3843; x_wconf 87' lang='lat' dir='ltr'>Christi</span> <span class='ocrx_word' id='word_1_366' title='bbox 918 3785 1231 3842; x_wconf 87' lang='lat' dir='ltr'>sanitatem</span> <span class='ocrx_word' id='word_1_367' title='bbox 1266 3785 1581 3861; x_wconf 88' lang='lat' dir='ltr'>negabant,</span> <span class='ocrx_word' id='word_1_368' title='bbox 1630 3788 1691 3842; x_wconf 91' lang='lat' dir='ltr'>et</span> <span class='ocrx_word' id='word_1_369' title='bbox 1735 3784 1930 3842; x_wconf 80' lang='lat' dir='ltr'>claves</span> <span class='ocrx_word' id='word_1_370' title='bbox 1963 3782 2073 3842; x_wconf 88' lang='lat' dir='ltr'>Ecc</span> <span class='ocrx_word' id='word_1_371' title='bbox 2099 3783 2252 3841; x_wconf 88' lang='lat' dir='ltr'>esiae</span> <span class='ocrx_word' id='word_1_372' title='bbox 2299 3780 2683 3857; x_wconf 86' lang='lat' dir='ltr'>pulsantibus</span> <span class='ocrx_word' id='word_1_373' title='bbox 2730 3778 2967 3837; x_wconf 86' lang='lat' dir='ltr'>subtra-</span> 
     </span>
     <span class='ocr_line' id='line_1_37' title="bbox 347 3867 2965 3949; baseline -0.002 -18"><span class='ocrx_word' id='word_1_374' title='bbox 347 3873 571 3932; x_wconf 88' lang='lat' dir='ltr'>hebant</span> <span class='ocrx_word' id='word_1_375' title='bbox 600 3877 663 3932; x_wconf 90' lang='lat' dir='ltr'>et</span> <span class='ocrx_word' id='word_1_376' title='bbox 694 3873 1278 3933; x_wconf 89' lang='lat' dir='ltr'>misericordissimae</span> <span class='ocrx_word' id='word_1_377' title='bbox 1297 3869 1624 3949; x_wconf 86' lang='lat' dir='ltr'>patientiae</span> <span class='ocrx_word' id='word_1_378' title='bbox 1644 3873 1769 3944; x_wconf 90' lang='lat' dir='ltr'>Dei,</span> <span class='ocrx_word' id='word_1_379' title='bbox 1804 3892 1956 3947; x_wconf 88' lang='lat' dir='ltr'>quae</span> <span class='ocrx_word' id='word_1_380' title='bbox 1988 3872 2123 3931; x_wconf 90' lang='lat' dir='ltr'>illos</span> <span class='ocrx_word' id='word_1_381' title='bbox 2149 3875 2463 3948; x_wconf 88' lang='lat' dir='ltr'>propterea</span> <span class='ocrx_word' id='word_1_382' title='bbox 2481 3869 2719 3927; x_wconf 90' lang='lat' dir='ltr'>sinebat</span> <span class='ocrx_word' id='word_1_383' title='bbox 2748 3867 2965 3937; x_wconf 86' lang='lat' dir='ltr'>vivere,</span> 
     </span>
     <span class='ocr_line' id='line_1_38' title="bbox 349 3958 2964 4038; baseline -0.003 -17"><span class='ocrx_word' id='word_1_384' title='bbox 349 3966 420 4021; x_wconf 88' lang='lat' dir='ltr'>ut</span> <span class='ocrx_word' id='word_1_385' title='bbox 448 3963 807 4038; x_wconf 87' lang='lat' dir='ltr'>poenitendo</span> <span class='ocrx_word' id='word_1_386' title='bbox 828 3967 1181 4022; x_wconf 86' lang='lat' dir='ltr'>sanarentur</span> <span class='ocrx_word' id='word_1_387' title='bbox 1200 3963 1484 4022; x_wconf 87' lang='lat' dir='ltr'>sacrificio</span> <span class='ocrx_word' id='word_1_388' title='bbox 1515 3962 1759 4021; x_wconf 86' lang='lat' dir='ltr'>contriti</span> <span class='ocrx_word' id='word_1_389' title='bbox 1791 3961 1983 4020; x_wconf 91' lang='lat' dir='ltr'>cordis</span> <span class='ocrx_word' id='word_1_390' title='bbox 2015 3960 2231 4029; x_wconf 81' lang='lat' dir='ltr'>oblato,</span> <span class='ocrx_word' id='word_1_391' title='bbox 2266 3959 2415 4018; x_wconf 90' lang='lat' dir='ltr'>dura</span> <span class='ocrx_word' id='word_1_392' title='bbox 2446 3958 2796 4016; x_wconf 89' lang='lat' dir='ltr'>crudelitate</span> <span class='ocrx_word' id='word_1_393' title='bbox 2829 3974 2964 4016; x_wconf 90' lang='lat' dir='ltr'>con·</span> 
     </span>
     <span class='ocr_line' id='line_1_39' title="bbox 351 4047 2966 4129; baseline -0.003 -20"><span class='ocrx_word' id='word_1_394' title='bbox 351 4052 780 4114; x_wconf 82' lang='lat' dir='ltr'>tradicebant.‘</span> <span class='ocrx_word' id='word_1_395' title='bbox 848 4053 1015 4123; x_wconf 88' lang='lat' dir='ltr'>Nam,</span> <span class='ocrx_word' id='word_1_396' title='bbox 1063 4056 1134 4110; x_wconf 91' lang='lat' dir='ltr'>ut</span> <span class='ocrx_word' id='word_1_397' title='bbox 1163 4051 1400 4129; x_wconf 88' lang='lat' dir='ltr'>egregie</span> <span class='ocrx_word' id='word_1_398' title='bbox 1431 4057 1600 4110; x_wconf 81' lang='lat' dir='ltr'>notat</span> <span class='ocrx_word' id='word_1_399' title='bbox 1630 4070 1804 4114; x_wconf 88' lang='lat' dir='ltr'>serm.</span> <span class='ocrx_word' id='word_1_400' title='bbox 1841 4059 1963 4113; x_wconf 88' lang='lat'>325</span> <span class='ocrx_word' id='word_1_401' title='bbox 2000 4069 2059 4109; x_wconf 88' lang='lat' dir='ltr'>n.</span> <span class='ocrx_word' id='word_1_402' title='bbox 2093 4060 2161 4112; x_wconf 86' lang='lat'>9:</span> <span class='ocrx_word' id='word_1_403' title='bbox 2210 4050 2519 4118; x_wconf 85' lang='lat' dir='ltr'>,Fuerunt</span> <span class='ocrx_word' id='word_1_404' title='bbox 2550 4048 2655 4122; x_wconf 91' lang='lat' dir='ltr'>qui</span> <span class='ocrx_word' id='word_1_405' title='bbox 2686 4047 2966 4114; x_wconf 81' lang='lat' dir='ltr'>dicerent,</span> 
     </span>
     <span class='ocr_line' id='line_1_40' title="bbox 349 4134 2970 4217; baseline -0.003 -18"><span class='ocrx_word' id='word_1_406' title='bbox 349 4141 707 4217; x_wconf 86' lang='lat' dir='ltr'>quibusdam</span> <span class='ocrx_word' id='word_1_407' title='bbox 738 4142 993 4217; x_wconf 89' lang='lat' dir='ltr'>peccatis</span> <span class='ocrx_word' id='word_1_408' title='bbox 1026 4160 1145 4200; x_wconf 91' lang='lat' dir='ltr'>non</span> <span class='ocrx_word' id='word_1_409' title='bbox 1175 4159 1303 4199; x_wconf 89' lang='lat' dir='ltr'>esse</span> <span class='ocrx_word' id='word_1_410' title='bbox 1336 4141 1584 4199; x_wconf 74' lang='lat' dir='ltr'>(landam</span> <span class='ocrx_word' id='word_1_411' title='bbox 1619 4140 2044 4216; x_wconf 86' lang='lat' dir='ltr'>poenitentiam</span> <span class='ocrx_word' id='word_1_412' title='bbox 2086 4142 2148 4197; x_wconf 90' lang='lat' dir='ltr'>et</span> <span class='ocrx_word' id='word_1_413' title='bbox 2178 4137 2401 4197; x_wconf 84' lang='lat' dir='ltr'>exclusi</span> <span class='ocrx_word' id='word_1_414' title='bbox 2434 4140 2578 4195; x_wconf 88' lang='lat' dir='ltr'>sunt</span> <span class='ocrx_word' id='word_1_415' title='bbox 2608 4137 2680 4195; x_wconf 89' lang='lat' dir='ltr'>de</span> <span class='ocrx_word' id='word_1_416' title='bbox 2713 4134 2970 4193; x_wconf 88' lang='lat' dir='ltr'>Ecclesia</span> 
     </span>
     <span class='ocr_line' id='line_1_41' title="bbox 351 4225 2972 4305; baseline -0.003 -16"><span class='ocrx_word' id='word_1_417' title='bbox 351 4232 413 4289; x_wconf 88' lang='lat' dir='ltr'>et</span> <span class='ocrx_word' id='word_1_418' title='bbox 444 4230 726 4289; x_wconf 85' lang='lat' dir='ltr'>haeretici</span> <span class='ocrx_word' id='word_1_419' title='bbox 757 4230 899 4288; x_wconf 86' lang='lat' dir='ltr'>facti</span> <span class='ocrx_word' id='word_1_420' title='bbox 930 4235 1089 4289; x_wconf 88' lang='lat' dir='ltr'>sunt.</span> <span class='ocrx_word' id='word_1_421' title='bbox 1135 4231 1207 4288; x_wconf 89' lang='lat' dir='ltr'>In</span> <span class='ocrx_word' id='word_1_422' title='bbox 1243 4230 1703 4304; x_wconf 89' lang='lat' dir='ltr'>quibuscunque</span> <span class='ocrx_word' id='word_1_423' title='bbox 1736 4229 1990 4305; x_wconf 86' lang='lat' dir='ltr'>peccatis</span> <span class='ocrx_word' id='word_1_424' title='bbox 2023 4247 2141 4286; x_wconf 91' lang='lat' dir='ltr'>non</span> <span class='ocrx_word' id='word_1_425' title='bbox 2172 4227 2372 4303; x_wconf 91' lang='lat' dir='ltr'>perdit</span> <span class='ocrx_word' id='word_1_426' title='bbox 2404 4226 2625 4285; x_wconf 86' lang='lat' dir='ltr'>viscera</span> <span class='ocrx_word' id='word_1_427' title='bbox 2655 4225 2750 4300; x_wconf 89' lang='lat' dir='ltr'>pia</span> <span class='ocrx_word' id='word_1_428' title='bbox 2779 4227 2972 4282; x_wconf 87' lang='lat' dir='ltr'>mater</span> 
     </span>
     <span class='ocr_line' id='line_1_42' title="bbox 349 4312 2969 4396; baseline -0.003 -18"><span class='ocrx_word' id='word_1_429' title='bbox 349 4318 612 4378; x_wconf 85' lang='lat' dir='ltr'>Ecclesia</span> <span class='ocrx_word' id='word_1_430' title='bbox 644 4328 670 4359; x_wconf 74' lang='lat'>⁸</span> <span class='ocrx_word' id='word_1_431' title='bbox 738 4319 921 4379; x_wconf 83' lang='lat' dir='ltr'>Nullo</span> <span class='ocrx_word' id='word_1_432' title='bbox 968 4338 1107 4396; x_wconf 90' lang='lat' dir='ltr'>ergo</span> <span class='ocrx_word' id='word_1_433' title='bbox 1154 4324 1323 4395; x_wconf 87' lang='lat' dir='ltr'>pacto</span> <span class='ocrx_word' id='word_1_434' title='bbox 1355 4319 1595 4378; x_wconf 88' lang='lat' dir='ltr'>tolerari</span> <span class='ocrx_word' id='word_1_435' title='bbox 1628 4321 1828 4394; x_wconf 88' lang='lat' dir='ltr'>potest</span> <span class='ocrx_word' id='word_1_436' title='bbox 1858 4317 2228 4392; x_wconf 89' lang='lat' dir='ltr'>quorundam</span> <span class='ocrx_word' id='word_1_437' title='bbox 2262 4315 2464 4391; x_wconf 89' lang='lat' dir='ltr'>opinio</span> <span class='ocrx_word' id='word_1_438' title='bbox 2497 4314 2790 4389; x_wconf 89' lang='lat' dir='ltr'>duplicem</span> <span class='ocrx_word' id='word_1_439' title='bbox 2825 4312 2969 4372; x_wconf 90' lang='lat' dir='ltr'>olim</span> 
     </span>
     <span class='ocr_line' id='line_1_43' title="bbox 349 4404 2968 4484; baseline -0.003 -17"><span class='ocrx_word' id='word_1_440' title='bbox 349 4407 615 4484; x_wconf 80' lang='lat' dir='ltr'>viguisse</span> <span class='ocrx_word' id='word_1_441' title='bbox 646 4409 708 4467; x_wconf 92' lang='lat' dir='ltr'>in</span> <span class='ocrx_word' id='word_1_442' title='bbox 729 4408 987 4467; x_wconf 85' lang='lat' dir='ltr'>Ecclesia</span> <span class='ocrx_word' id='word_1_443' title='bbox 1004 4408 1453 4484; x_wconf 87' lang='lat' dir='ltr'>poenitentiam,</span> <span class='ocrx_word' id='word_1_444' title='bbox 1486 4408 1676 4477; x_wconf 84' lang='lat' dir='ltr'>aliam,</span> <span class='ocrx_word' id='word_1_445' title='bbox 1713 4426 1863 4482; x_wconf 87' lang='lat' dir='ltr'>quae</span> <span class='ocrx_word' id='word_1_446' title='bbox 1883 4407 2173 4482; x_wconf 86' lang='lat' dir='ltr'>agebatur</span> <span class='ocrx_word' id='word_1_447' title='bbox 2200 4405 2261 4463; x_wconf 91' lang='lat' dir='ltr'>in</span> <span class='ocrx_word' id='word_1_448' title='bbox 2282 4404 2563 4475; x_wconf 83' lang='lat' dir='ltr'>Ecclesia,</span> <span class='ocrx_word' id='word_1_449' title='bbox 2597 4421 2734 4462; x_wconf 92' lang='lat' dir='ltr'>cum</span> <span class='ocrx_word' id='word_1_450' title='bbox 2762 4419 2968 4460; x_wconf 88' lang='lat' dir='ltr'>recon-</span> 
     </span>
     <span class='ocr_line' id='line_1_44' title="bbox 354 4492 2970 4573; baseline -0.002 -19"><span class='ocrx_word' id='word_1_451' title='bbox 354 4497 675 4556; x_wconf 83' lang='lat' dir='ltr'>ciliationis</span> <span class='ocrx_word' id='word_1_452' title='bbox 708 4515 829 4572; x_wconf 88' lang='lat' dir='ltr'>spe,</span> <span class='ocrx_word' id='word_1_453' title='bbox 864 4497 1037 4556; x_wconf 88' lang='lat' dir='ltr'>aliam</span> <span class='ocrx_word' id='word_1_454' title='bbox 1070 4497 1243 4573; x_wconf 85' lang='lat' dir='ltr'>quasi</span> <span class='ocrx_word' id='word_1_455' title='bbox 1276 4498 1570 4573; x_wconf 80' lang='lat' dir='ltr'>privatam</span> <span class='ocrx_word' id='word_1_456' title='bbox 1602 4500 1664 4555; x_wconf 89' lang='lat' dir='ltr'>et</span> <span class='ocrx_word' id='word_1_457' title='bbox 1693 4514 1891 4554; x_wconf 85' lang='lat' dir='ltr'>coram</span> <span class='ocrx_word' id='word_1_458' title='bbox 1925 4495 2049 4555; x_wconf 90' lang='lat' dir='ltr'>solo</span> <span class='ocrx_word' id='word_1_459' title='bbox 2071 4495 2211 4564; x_wconf 88' lang='lat' dir='ltr'>Deo,</span> <span class='ocrx_word' id='word_1_460' title='bbox 2244 4493 2435 4568; x_wconf 91' lang='lat' dir='ltr'>deque</span> <span class='ocrx_word' id='word_1_461' title='bbox 2466 4492 2573 4551; x_wconf 89' lang='lat' dir='ltr'>hac</span> <span class='ocrx_word' id='word_1_462' title='bbox 2605 4493 2834 4551; x_wconf 77' lang='lat' dir='ltr'>veteres</span> <span class='ocrx_word' id='word_1_463' title='bbox 2864 4509 2970 4565; x_wconf 88' lang='lat' dir='ltr'>pa-</span> 
     </span>
    </p>
   </div>
   <div class='ocr_carea' id='block_1_6' title="bbox 347 4579 2970 4753">
    <p class='ocr_par' dir='ltr' id='par_1_6' title="bbox 347 4579 2970 4753">
     <span class='ocr_line' id='line_1_45' title="bbox 352 4579 2970 4663; baseline -0.003 -19"><span class='ocrx_word' id='word_1_464' title='bbox 352 4590 477 4644; x_wconf 88' lang='lat' dir='ltr'>tres</span> <span class='ocrx_word' id='word_1_465' title='bbox 534 4605 709 4662; x_wconf 91' lang='lat' dir='ltr'>posse</span> <span class='ocrx_word' id='word_1_466' title='bbox 753 4586 1014 4663; x_wconf 88' lang='lat' dir='ltr'>intelligi</span> <span class='ocrx_word' id='word_1_467' title='bbox 1057 4589 1130 4645; x_wconf 88' lang='lat' dir='ltr'>ut</span> <span class='ocrx_word' id='word_1_468' title='bbox 1174 4587 1637 4645; x_wconf 87' lang='lat' dir='ltr'>Clementem</span> <span class='ocrx_word' id='word_1_469' title='bbox 1687 4603 2015 4654; x_wconf 85' lang='lat' dir='ltr'>romanum,</span> <span class='ocrx_word' id='word_1_470' title='bbox 2068 4582 2648 4641; x_wconf 86' lang='lat' dir='ltr'>Tertullianum</span> <span class='ocrx_word' id='word_1_471' title='bbox 2698 4581 2757 4639; x_wconf 93' lang='lat' dir='ltr'>in</span> <span class='ocrx_word' id='word_1_472' title='bbox 2808 4581 2846 4637; x_wconf 90' lang='lat' dir='ltr'>l.</span> <span class='ocrx_word' id='word_1_473' title='bbox 2897 4579 2970 4636; x_wconf 89' lang='lat' dir='ltr'>de</span> 
     </span>
     <span class='ocr_line' id='line_1_46' title="bbox 347 4675 854 4753; baseline 0.008 -19"><span class='ocrx_word' id='word_1_474' title='bbox 347 4675 715 4753; x_wconf 84' lang='lat' dir='ltr'>poenitentia</span> <span class='ocrx_word' id='word_1_475' title='bbox 744 4678 854 4739; x_wconf 83' lang='lat' dir='ltr'>etc.</span> 
     </span>
    </p>
   </div>
  </div>
 </body>
</html>
