3538 5364
1383 274 1652 328 Scholion
1681 275 2013 344 practicam.
2876 283 3002 347 591

571 459 634 526 3.
668 462 1116 539 significationis
1148 461 1569 520 sanctitas:
1621 462 2087 536 repraesentatio
2119 461 2356 520 unionis
2389 461 2608 520 Christi
2640 481 2775 521 cum
2806 463 3003 521 Eccle-

395 555 510 619 sia;
545 551 649 628 qui
684 552 868 610 honor
898 552 1057 610 ferax
1089 555 1182 609 est
1213 550 1561 612 officiorum.
1594 570 1730 609 nam
1751 550 2105 626 gravissima
2138 550 2273 609 hinc
2303 551 2598 610 redundat
2629 551 2691 609 in
2724 555 3003 627 conjuges

393 641 677 718 obligatio
711 660 773 699 se
806 646 1014 700 mutuo
1046 639 1427 715 promovendi
1460 639 1523 697 in
1556 639 1651 697 via
1684 639 1944 699 virtutis.
2010 639 2396 715 Explicentur

570 726 637 792 4.
671 731 1207 806 proprietates
1255 730 1429 804 plane
1462 728 1791 806 singulares
1825 729 2004 803 hujus
2037 733 2405 787 contractus:
2457 730 2725 787 unitas
2776 734 2836 788 et
2887 730 3003 787 in-

392 818 1033 889 dissolubilitaS,
1084 824 1145 877 et
1193 818 1433 894 quidem
1478 818 1658 877 etiam
1704 819 1766 876 in
1814 837 1954 876 casu
1998 818 2347 889 sterilitatis,
2400 818 2761 877 infirmitatis
2792 836 3001 894 perpe·

390 916 547 977 tuae,
577 908 870 967 violentae
902 907 1310 983 separationis,
1344 907 1647 966 adulterii:
1690 907 1828 965 hinc
1859 907 2191 983 colligatur,
2229 907 2670 966 matrimonium
2703 926 2832 966 esse
2865 926 3000 966 con·

391 1000 648 1055 tractum
683 997 1045 1073 singularem
1079 992 1161 1077 (n.
1199 991 1372 1078 595),
1405 1015 1662 1073 gravem,
1698 1015 1931 1055 sacrum
1963 996 2320 1071 maximique
2353 998 2668 1066 momenti;
2721 997 2854 1055 hinc
2886 1015 3003 1055 non

393 1086 619 1155 leviter,
653 1086 1098 1155 inconsiderate,
1132 1085 1590 1162 praecipitanter
1611 1086 1959 1149 ineundum.
1990 1085 2379 1155 Quamobrem
2402 1086 2844 1144 matrimonium
2866 1105 3002 1144 con-

395 1180 693 1234 tracturus
725 1177 1029 1251 computet
1074 1178 1350 1250 sumptus
1395 1174 1647 1249 spiritus
1694 1174 1980 1246 sacrificii,
2031 1175 2456 1252 abnegationiS,
2507 1176 2844 1251 patientiae,
2898 1175 3003 1250 qui

393 1265 702 1323 necessarii
735 1268 894 1332 sunt,
929 1264 982 1322 si
1014 1265 1225 1322 habeat
1256 1264 1329 1321 ad
1360 1263 1786 1339 perficiendum
1818 1263 1980 1342 (Luc.
2020 1274 2116 1332 14,
2157 1258 2282 1345 28).

572 1351 632 1416 5.
666 1354 995 1411 Fructus
1027 1357 1445 1412 recenseantur
1474 1353 1790 1411 laetissimi
1822 1352 2185 1411 matrimonii
2218 1356 2417 1411 sancte
2448 1353 2582 1411 initi
2603 1349 2699 1434 (cf,
2722 1372 2779 1414 n.
2804 1360 2999 1421 5930),

394 1446 595 1501 contra
624 1442 996 1500 tristissimae
1043 1442 1439 1516 sequelae,
1488 1461 1637 1504 nuae
1684 1461 1754 1501 ex
1799 1441 2174 1500 matrimonio
2206 1443 2357 1500 male
2389 1441 2539 1501 inito
2571 1442 2908 1500 redundant
2938 1442 3001 1500 in

393 1531 552 1606 ipsos
587 1531 882 1608 conjuges
930 1531 1174 1607 prolem,
1224 1531 1562 1590 societatem
1609 1531 1844 1590 civilem
1892 1537 1953 1589 et
1982 1531 2316 1590 Ecclesiam.
2379 1532 2533 1589 Hinc
2577 1535 2671 1590 tot
2716 1530 3002 1589 Ecclesiae

391 1622 543 1678 circa
574 1620 1019 1678 matrimonium
1062 1639 1235 1679 curae
1282 1624 1344 1678 et
1388 1623 1616 1679 statuta
1650 1616 1733 1701 (n.
1769 1622 1932 1683 629⁸
1967 1616 2045 1701 a),
2093 1620 2515 1696 impedimenta
2560 1621 2899 1679 dirimentis,
2944 1624 3004 1677 et

390 1709 791 1784 impedientia,
826 1709 1331 1778 denunciationem,
1378 1714 1616 1785 tempus
1650 1710 1933 1779 clausum,
1980 1728 2180 1785 preces
2223 1704 2307 1791 (n.
2344 1708 2550 1791 5912),
2603 1709 2892 1768 consessio
2943 1718 3004 1767 et

391 1799 726 1857 communio
747 1816 817 1856 ex
838 1798 1160 1856 multarum
1183 1798 1539 1874 synodorum
1562 1798 2018 1875 provincialium
2041 1798 2404 1873 praescripto
2434 1799 2524 1856 illi
2552 1797 3002 1874 praemittenda.

568 1883 636 1949 6.
671 1887 796 1956 ,Ex
829 1887 1051 1963 quibus
1098 1886 1353 1963 perspici
1399 1894 1613 1962 potest,
1660 1889 1843 1946 infert
1873 1887 2277 1951 Catech,·rom.
2310 1908 2366 1963 p.
2398 1888 2454 1945 II
2488 1906 2534 1945 c.
2571 1898 2604 1950 8
2641 1907 2697 1945 n.
2733 1898 2833 1956 36,
2883 1906 3000 1962 quo

390 1976 582 2034 animo
616 1976 852 2035 affectos
883 1994 1011 2035 esse
1030 1979 1301 2052 oporteat
1322 1976 1539 2048 fideles,
1574 1997 1709 2036 cum
1728 1976 2174 2035 matrimonium
2196 1978 2582 2036 contrahunt:
2614 1995 2806 2050 neque
2837 1975 2997 2035 enim

394 2083 454 2123 se
498 2065 811 2123 humanam
844 2065 1107 2140 aliquam
1136 2085 1259 2123 rem
1291 2067 1534 2143 aggredi
1568 2066 1671 2125 sed
1704 2066 1964 2124 divinam
1996 2069 2207 2140 putare
2245 2066 2479 2134 debent,
2525 2068 2587 2123 in
2633 2085 2750 2140 qua
2795 2067 3002 2142 singu-

394 2154 572 2212 larem
602 2155 819 2213 mentis
850 2154 1257 2231 integritatem
1301 2160 1360 2214 et
1405 2156 1682 2231 pietatem
1715 2154 2107 2214 adhibendam
2139 2173 2285 2224 esse,
2332 2162 2570 2229 patrum
2601 2155 2820 2213 veteris
2854 2155 3000 2231 legis

393 2243 659 2318 exempla
704 2244 847 2302 satis
894 2244 1251 2302 ostendunt:
1298 2264 1549 2319 quorum
1600 2244 1978 2302 matrimonia
2021 2248 2143 2302 tam
2176 2244 2289 2302 etsi
2323 2243 2674 2303 sacramenti
2705 2243 3000 2320 dignitate

391 2331 659 2408 praedita
701 2351 822 2391 non
867 2339 1054 2404 erant,
1105 2352 1173 2391 ea
1222 2336 1420 2392 tamen
1453 2334 1704 2392 maxima
1736 2352 1968 2408 semper
1998 2352 2130 2391 cum
2177 2332 2459 2410 religione
2505 2340 2564 2391 et
2611 2333 3003 2391 sanctimonia

391 2421 631 2480 colenda
662 2440 791 2480 esse
821 2422 1294 2480 existimarunt.‘
