<?xml version="1.0" encoding="UTF-8"?>
<!DOCTYPE html PUBLIC "-//W3C//DTD XHTML 1.0 Transitional//EN"
    "http://www.w3.org/TR/xhtml1/DTD/xhtml1-transitional.dtd">
<html xmlns="http://www.w3.org/1999/xhtml" xml:lang="en" lang="en">
 <head>
  <title>
</title>
<meta http-equiv="Content-Type" content="text/html;charset=utf-8" />
  <meta name='ocr-system' content='tesseract 3.04.00' />
  <meta name='ocr-capabilities' content='ocr_page ocr_carea ocr_par ocr_line ocrx_word'/>
</head>
<body>
  <div class='ocr_page' id='page_1' title='image "./theologiaedogma00hurtgoog_0555.png"; bbox 0 0 3538 5364; ppageno 0'>
   <div class='ocr_carea' id='block_1_1' title="bbox 1310 273 2994 347">
    <p class='ocr_par' dir='ltr' id='par_1_1' title="bbox 1310 273 2994 347">
     <span class='ocr_line' id='line_1_1' title="bbox 1310 273 2994 347; baseline 0.006 -19"><span class='ocrx_word' id='word_1_1' title='bbox 1310 273 1639 329; x_wconf 72' lang='lat' dir='ltr'>coelibatus</span> <span class='ocrx_word' id='word_1_2' title='bbox 1665 273 1722 327; x_wconf 88' lang='lat' dir='ltr'>in</span> <span class='ocrx_word' id='word_1_3' title='bbox 1754 273 2080 328; x_wconf 72' lang='lat' dir='ltr'>Occidente.</span> <span class='ocrx_word' id='word_1_4' title='bbox 2864 283 2994 347; x_wconf 76' lang='lat'>545</span> 
     </span>
    </p>
   </div>
   <div class='ocr_carea' id='block_1_2' title="bbox 376 453 3000 2673">
    <p class='ocr_par' dir='ltr' id='par_1_2' title="bbox 376 453 3000 2673">
     <span class='ocr_line' id='line_1_2' title="bbox 376 453 2994 538; baseline 0.002 -21"><span class='ocrx_word' id='word_1_5' title='bbox 376 453 582 531; x_wconf 87' lang='lat' dir='ltr'>fuerit,</span> <span class='ocrx_word' id='word_1_6' title='bbox 621 474 752 520; x_wconf 90' lang='lat' dir='ltr'>non</span> <span class='ocrx_word' id='word_1_7' title='bbox 786 456 972 538; x_wconf 87' lang='lat' dir='ltr'>quasi</span> <span class='ocrx_word' id='word_1_8' title='bbox 1017 456 1113 520; x_wconf 84' lang='lat' dir='ltr'>vir</span> <span class='ocrx_word' id='word_1_9' title='bbox 1157 455 1510 532; x_wconf 81' lang='lat' dir='ltr'>tenebitur,</span> <span class='ocrx_word' id='word_1_10' title='bbox 1556 455 1670 520; x_wconf 91' lang='lat' dir='ltr'>sed</span> <span class='ocrx_word' id='word_1_11' title='bbox 1716 455 1903 538; x_wconf 85' lang='lat' dir='ltr'>quasi</span> <span class='ocrx_word' id='word_1_12' title='bbox 1949 453 2201 520; x_wconf 86' lang='lat' dir='ltr'>adulter</span> <span class='ocrx_word' id='word_1_13' title='bbox 2241 455 2637 519; x_wconf 55' lang='lat' dir='ltr'>damnatum</span> <span class='ocrx_word' id='word_1_14' title='bbox 2706 455 2866 520; x_wconf 89' lang='lat' dir='ltr'>Hinc</span> <span class='ocrx_word' id='word_1_15' title='bbox 2911 457 2994 521; x_wconf 90' lang='lat' dir='ltr'>ab</span> 
     </span>
     <span class='ocr_line' id='line_1_3' title="bbox 377 559 2997 644; baseline 0.001 -19"><span class='ocrx_word' id='word_1_16' title='bbox 377 561 872 644; x_wconf 80' lang='lat' dir='ltr'>imperatoribus</span> <span class='ocrx_word' id='word_1_17' title='bbox 905 562 1195 637; x_wconf 84' lang='lat' dir='ltr'>Valente,</span> <span class='ocrx_word' id='word_1_18' title='bbox 1237 562 1693 627; x_wconf 89' lang='lat' dir='ltr'>Valentiniano</span> <span class='ocrx_word' id='word_1_19' title='bbox 1741 568 1806 626; x_wconf 87' lang='lat' dir='ltr'>et</span> <span class='ocrx_word' id='word_1_20' title='bbox 1841 559 2152 626; x_wconf 88' lang='lat' dir='ltr'>Gratiano</span> <span class='ocrx_word' id='word_1_21' title='bbox 2198 562 2338 641; x_wconf 78' lang='lat' dir='ltr'>lege</span> <span class='ocrx_word' id='word_1_22' title='bbox 2384 562 2703 626; x_wconf 89' lang='lat' dir='ltr'>sancitum</span> <span class='ocrx_word' id='word_1_23' title='bbox 2749 562 2879 640; x_wconf 87' lang='lat' dir='ltr'>fuit,</span> <span class='ocrx_word' id='word_1_24' title='bbox 2925 569 2997 627; x_wconf 91' lang='lat' dir='ltr'>ut</span> 
     </span>
     <span class='ocr_line' id='line_1_4' title="bbox 378 668 2994 752; baseline 0 -20"><span class='ocrx_word' id='word_1_25' title='bbox 378 668 485 732; x_wconf 85' lang='lat' dir='ltr'>filii</span> <span class='ocrx_word' id='word_1_26' title='bbox 522 670 1003 751; x_wconf 89' lang='lat' dir='ltr'>episcoporum,</span> <span class='ocrx_word' id='word_1_27' title='bbox 1050 669 1580 752; x_wconf 84' lang='lat' dir='ltr'>presbyterorum</span> <span class='ocrx_word' id='word_1_28' title='bbox 1625 678 1689 734; x_wconf 90' lang='lat' dir='ltr'>et</span> <span class='ocrx_word' id='word_1_29' title='bbox 1735 668 2153 734; x_wconf 89' lang='lat' dir='ltr'>diaconorum</span> <span class='ocrx_word' id='word_1_30' title='bbox 2193 675 2340 750; x_wconf 90' lang='lat' dir='ltr'>post</span> <span class='ocrx_word' id='word_1_31' title='bbox 2372 675 2706 750; x_wconf 88' lang='lat' dir='ltr'>susceptos</span> <span class='ocrx_word' id='word_1_32' title='bbox 2738 669 2994 735; x_wconf 85' lang='lat' dir='ltr'>ordines</span> 
     </span>
     <span class='ocr_line' id='line_1_5' title="bbox 377 773 2996 861; baseline 0.001 -22"><span class='ocrx_word' id='word_1_33' title='bbox 377 775 695 860; x_wconf 79' lang='lat' dir='ltr'>progeniti</span> <span class='ocrx_word' id='word_1_34' title='bbox 728 775 811 839; x_wconf 90' lang='lat' dir='ltr'>ad</span> <span class='ocrx_word' id='word_1_35' title='bbox 844 795 1113 841; x_wconf 90' lang='lat' dir='ltr'>munera</span> <span class='ocrx_word' id='word_1_36' title='bbox 1145 775 1405 839; x_wconf 86' lang='lat' dir='ltr'>sordida</span> <span class='ocrx_word' id='word_1_37' title='bbox 1438 774 1475 838; x_wconf 66' lang='lat' dir='ltr'>i„</span> <span class='ocrx_word' id='word_1_38' title='bbox 1509 794 1562 840; x_wconf 89' lang='lat' dir='ltr'>e.</span> <span class='ocrx_word' id='word_1_39' title='bbox 1595 774 1888 857; x_wconf 90' lang='lat' dir='ltr'>publicos</span> <span class='ocrx_word' id='word_1_40' title='bbox 1909 773 2166 839; x_wconf 89' lang='lat' dir='ltr'>labores</span> <span class='ocrx_word' id='word_1_41' title='bbox 2187 775 2651 839; x_wconf 82' lang='lat' dir='ltr'>damnarentur</span> <span class='ocrx_word' id='word_1_42' title='bbox 2678 777 2742 861; x_wconf 79' lang='lat'>¹).</span> <span class='ocrx_word' id='word_1_43' title='bbox 2778 776 2996 859; x_wconf 89' lang='lat' dir='ltr'>Neque</span> 
     </span>
     <span class='ocr_line' id='line_1_6' title="bbox 379 879 2998 969; baseline 0.001 -24"><span class='ocrx_word' id='word_1_44' title='bbox 379 879 733 947; x_wconf 88' lang='lat' dir='ltr'>Siricius</span> <span class='ocrx_word' id='word_1_45' title='bbox 767 897 848 968; x_wconf 53' lang='lat' dir='ltr'>(a.</span> <span class='ocrx_word' id='word_1_46' title='bbox 871 882 1027 969; x_wconf 82' lang='lat'>385)</span> <span class='ocrx_word' id='word_1_47' title='bbox 1065 890 1194 947; x_wconf 89' lang='lat' dir='ltr'>tam</span> <span class='ocrx_word' id='word_1_48' title='bbox 1229 881 1463 947; x_wconf 87' lang='lat' dir='ltr'>acriter</span> <span class='ocrx_word' id='word_1_49' title='bbox 1482 883 1891 946; x_wconf 84' lang='lat' dir='ltr'>inveheretur</span> <span class='ocrx_word' id='word_1_50' title='bbox 1914 884 1965 967; x_wconf 78' lang='lat'>²)</span> <span class='ocrx_word' id='word_1_51' title='bbox 2000 882 2063 945; x_wconf 92' lang='lat' dir='ltr'>in</span> <span class='ocrx_word' id='word_1_52' title='bbox 2085 881 2443 946; x_wconf 88' lang='lat' dir='ltr'>coelibatus</span> <span class='ocrx_word' id='word_1_53' title='bbox 2473 889 2998 963; x_wconf 60' lang='lat' dir='ltr'>transgressores</span> 
     </span>
     <span class='ocr_line' id='line_1_7' title="bbox 379 987 2998 1071; baseline 0 -19"><span class='ocrx_word' id='word_1_54' title='bbox 379 991 432 1052; x_wconf 94' lang='lat' dir='ltr'>si</span> <span class='ocrx_word' id='word_1_55' title='bbox 461 1006 566 1054; x_wconf 87' lang='lat' dir='ltr'>res</span> <span class='ocrx_word' id='word_1_56' title='bbox 599 996 771 1054; x_wconf 91' lang='lat' dir='ltr'>esset</span> <span class='ocrx_word' id='word_1_57' title='bbox 804 989 1080 1055; x_wconf 89' lang='lat' dir='ltr'>recentis</span> <span class='ocrx_word' id='word_1_58' title='bbox 1114 989 1377 1070; x_wconf 84' lang='lat' dir='ltr'>originis</span> <span class='ocrx_word' id='word_1_59' title='bbox 1411 996 1473 1054; x_wconf 93' lang='lat' dir='ltr'>et</span> <span class='ocrx_word' id='word_1_60' title='bbox 1507 1006 1638 1053; x_wconf 90' lang='lat' dir='ltr'>non</span> <span class='ocrx_word' id='word_1_61' title='bbox 1669 987 2155 1053; x_wconf 81' lang='lat' dir='ltr'>consuetudinis</span> <span class='ocrx_word' id='word_1_62' title='bbox 2188 988 2492 1071; x_wconf 83' lang='lat' dir='ltr'>antiquae</span> <span class='ocrx_word' id='word_1_63' title='bbox 2524 988 2817 1056; x_wconf 84' lang='lat' dir='ltr'>etfixae:</span> <span class='ocrx_word' id='word_1_64' title='bbox 2850 990 2998 1053; x_wconf 88' lang='lat' dir='ltr'>hinc</span> 
     </span>
     <span class='ocr_line' id='line_1_8' title="bbox 378 1094 2998 1178; baseline 0.001 -20"><span class='ocrx_word' id='word_1_65' title='bbox 378 1096 547 1159; x_wconf 88' lang='lat' dir='ltr'>hanc</span> <span class='ocrx_word' id='word_1_66' title='bbox 579 1097 1110 1161; x_wconf 81' lang='lat' dir='ltr'>consuetudinem</span> <span class='ocrx_word' id='word_1_67' title='bbox 1141 1096 1346 1176; x_wconf 83' lang='lat' dir='ltr'>legem</span> <span class='ocrx_word' id='word_1_68' title='bbox 1379 1101 1570 1160; x_wconf 86' lang='lat' dir='ltr'>vocat</span> <span class='ocrx_word' id='word_1_69' title='bbox 1601 1094 2125 1160; x_wconf 75' lang='lat' dir='ltr'>indissolubilem</span> <span class='ocrx_word' id='word_1_70' title='bbox 2159 1095 2505 1177; x_wconf 84' lang='lat' dir='ltr'>Antiquam</span> <span class='ocrx_word' id='word_1_71' title='bbox 2538 1096 2674 1178; x_wconf 87' lang='lat' dir='ltr'>ejus</span> <span class='ocrx_word' id='word_1_72' title='bbox 2691 1096 2998 1178; x_wconf 86' lang='lat' dir='ltr'>originem</span> 
     </span>
     <span class='ocr_line' id='line_1_9' title="bbox 377 1201 2998 1285; baseline 0.002 -23"><span class='ocrx_word' id='word_1_73' title='bbox 377 1203 536 1266; x_wconf 74' lang='lat' dir='ltr'>satis</span> <span class='ocrx_word' id='word_1_74' title='bbox 568 1202 762 1268; x_wconf 90' lang='lat' dir='ltr'>etiam</span> <span class='ocrx_word' id='word_1_75' title='bbox 794 1209 1069 1268; x_wconf 88' lang='lat' dir='ltr'>testatur</span> <span class='ocrx_word' id='word_1_76' title='bbox 1099 1220 1278 1267; x_wconf 89' lang='lat' dir='ltr'>conc.</span> <span class='ocrx_word' id='word_1_77' title='bbox 1313 1202 1775 1267; x_wconf 84' lang='lat' dir='ltr'>africanum</span> <span class='ocrx_word' id='word_1_78' title='bbox 1809 1220 1868 1267; x_wconf 89' lang='lat' dir='ltr'>a.</span> <span class='ocrx_word' id='word_1_79' title='bbox 1901 1207 2031 1273; x_wconf 82' lang='lat'>389</span> <span class='ocrx_word' id='word_1_80' title='bbox 2064 1203 2165 1267; x_wconf 86' lang='lat' dir='ltr'>vel</span> <span class='ocrx_word' id='word_1_81' title='bbox 2199 1207 2329 1271; x_wconf 79' lang='lat'>390</span> <span class='ocrx_word' id='word_1_82' title='bbox 2362 1201 2779 1279; x_wconf 86' lang='lat' dir='ltr'>celebratum,</span> <span class='ocrx_word' id='word_1_83' title='bbox 2827 1203 2998 1285; x_wconf 90' lang='lat' dir='ltr'>quod</span> 
     </span>
     <span class='ocr_line' id='line_1_10' title="bbox 379 1309 3000 1392; baseline 0.002 -22"><span class='ocrx_word' id='word_1_84' title='bbox 379 1328 437 1371; x_wconf 91' lang='lat' dir='ltr'>n.</span> <span class='ocrx_word' id='word_1_85' title='bbox 473 1313 530 1374; x_wconf 83' lang='lat'>2.</span> <span class='ocrx_word' id='word_1_86' title='bbox 564 1310 818 1373; x_wconf 80' lang='lat' dir='ltr'>statuit:</span> <span class='ocrx_word' id='word_1_87' title='bbox 857 1309 1261 1392; x_wconf 71' lang='lat' dir='ltr'>,Episcopos</span> <span class='ocrx_word' id='word_1_88' title='bbox 1295 1310 1714 1392; x_wconf 88' lang='lat' dir='ltr'>presbyteros</span> <span class='ocrx_word' id='word_1_89' title='bbox 1748 1316 1813 1375; x_wconf 91' lang='lat' dir='ltr'>et</span> <span class='ocrx_word' id='word_1_90' title='bbox 1843 1309 2154 1373; x_wconf 91' lang='lat' dir='ltr'>diaconos</span> <span class='ocrx_word' id='word_1_91' title='bbox 2188 1311 2279 1373; x_wconf 89' lang='lat' dir='ltr'>ita</span> <span class='ocrx_word' id='word_1_92' title='bbox 2309 1310 2566 1391; x_wconf 83' lang='lat' dir='ltr'>placuit,</span> <span class='ocrx_word' id='word_1_93' title='bbox 2600 1316 2671 1374; x_wconf 92' lang='lat' dir='ltr'>ut</span> <span class='ocrx_word' id='word_1_94' title='bbox 2689 1310 3000 1375; x_wconf 86' lang='lat' dir='ltr'>condecet</span> 
     </span>
     <span class='ocr_line' id='line_1_11' title="bbox 379 1415 2999 1499; baseline 0.002 -21"><span class='ocrx_word' id='word_1_95' title='bbox 379 1431 605 1479; x_wconf 89' lang='lat' dir='ltr'>sacros</span> <span class='ocrx_word' id='word_1_96' title='bbox 637 1417 953 1481; x_wconf 86' lang='lat' dir='ltr'>antistites</span> <span class='ocrx_word' id='word_1_97' title='bbox 986 1423 1051 1481; x_wconf 91' lang='lat' dir='ltr'>et</span> <span class='ocrx_word' id='word_1_98' title='bbox 1081 1416 1194 1481; x_wconf 90' lang='lat' dir='ltr'>Dei</span> <span class='ocrx_word' id='word_1_99' title='bbox 1225 1417 1597 1483; x_wconf 87' lang='lat' dir='ltr'>sacerdotes</span> <span class='ocrx_word' id='word_1_100' title='bbox 1629 1434 1885 1481; x_wconf 87' lang='lat' dir='ltr'>necnon</span> <span class='ocrx_word' id='word_1_101' title='bbox 1932 1423 1995 1481; x_wconf 92' lang='lat' dir='ltr'>et</span> <span class='ocrx_word' id='word_1_102' title='bbox 2041 1415 2268 1481; x_wconf 86' lang='lat' dir='ltr'>levitas</span> <span class='ocrx_word' id='word_1_103' title='bbox 2300 1416 2400 1482; x_wconf 86' lang='lat' dir='ltr'>vel</span> <span class='ocrx_word' id='word_1_104' title='bbox 2433 1417 2543 1499; x_wconf 93' lang='lat' dir='ltr'>qui</span> <span class='ocrx_word' id='word_1_105' title='bbox 2575 1419 2999 1482; x_wconf 87' lang='lat' dir='ltr'>sacramentis</span> 
     </span>
     <span class='ocr_line' id='line_1_12' title="bbox 380 1522 2999 1606; baseline 0.001 -21"><span class='ocrx_word' id='word_1_106' title='bbox 380 1522 607 1586; x_wconf 82' lang='lat' dir='ltr'>divinis</span> <span class='ocrx_word' id='word_1_107' title='bbox 639 1522 1015 1600; x_wconf 83' lang='lat' dir='ltr'>inserviunt,</span> <span class='ocrx_word' id='word_1_108' title='bbox 1048 1525 1452 1590; x_wconf 89' lang='lat' dir='ltr'>continentes</span> <span class='ocrx_word' id='word_1_109' title='bbox 1485 1542 1628 1588; x_wconf 91' lang='lat' dir='ltr'>esse</span> <span class='ocrx_word' id='word_1_110' title='bbox 1660 1524 1725 1587; x_wconf 91' lang='lat' dir='ltr'>in</span> <span class='ocrx_word' id='word_1_111' title='bbox 1758 1523 2091 1600; x_wconf 81' lang='lat' dir='ltr'>omnibuS,</span> <span class='ocrx_word' id='word_1_112' title='bbox 2143 1541 2273 1605; x_wconf 92' lang='lat' dir='ltr'>quo</span> <span class='ocrx_word' id='word_1_113' title='bbox 2317 1522 2568 1604; x_wconf 89' lang='lat' dir='ltr'>possint</span> <span class='ocrx_word' id='word_1_114' title='bbox 2612 1522 2999 1606; x_wconf 90' lang='lat' dir='ltr'>simpliciter,</span> 
     </span>
     <span class='ocr_line' id='line_1_13' title="bbox 380 1628 2998 1713; baseline 0.001 -21"><span class='ocrx_word' id='word_1_115' title='bbox 380 1628 553 1711; x_wconf 92' lang='lat' dir='ltr'>quod</span> <span class='ocrx_word' id='word_1_116' title='bbox 586 1647 625 1692; x_wconf 90' lang='lat' dir='ltr'>a</span> <span class='ocrx_word' id='word_1_117' title='bbox 659 1629 792 1694; x_wconf 91' lang='lat' dir='ltr'>Deo</span> <span class='ocrx_word' id='word_1_118' title='bbox 824 1631 1173 1712; x_wconf 91' lang='lat' dir='ltr'>postulant,</span> <span class='ocrx_word' id='word_1_119' title='bbox 1222 1631 1565 1713; x_wconf 88' lang='lat' dir='ltr'>impetrare</span> <span class='ocrx_word' id='word_1_120' title='bbox 1597 1637 1667 1694; x_wconf 92' lang='lat' dir='ltr'>ut</span> <span class='ocrx_word' id='word_1_121' title='bbox 1697 1630 1871 1713; x_wconf 92' lang='lat' dir='ltr'>quod</span> <span class='ocrx_word' id='word_1_122' title='bbox 1904 1630 2177 1712; x_wconf 86' lang='lat' dir='ltr'>apostoli</span> <span class='ocrx_word' id='word_1_123' title='bbox 2208 1630 2565 1694; x_wconf 90' lang='lat' dir='ltr'>docuerunt</span> <span class='ocrx_word' id='word_1_124' title='bbox 2596 1636 2661 1695; x_wconf 92' lang='lat' dir='ltr'>et</span> <span class='ocrx_word' id='word_1_125' title='bbox 2691 1630 2831 1712; x_wconf 91' lang='lat' dir='ltr'>ipsa</span> <span class='ocrx_word' id='word_1_126' title='bbox 2862 1650 2998 1695; x_wconf 90' lang='lat' dir='ltr'>ser-</span> 
     </span>
     <span class='ocr_line' id='line_1_14' title="bbox 378 1736 2999 1821; baseline 0.002 -25"><span class='ocrx_word' id='word_1_127' title='bbox 378 1736 554 1799; x_wconf 81' lang='lat' dir='ltr'>vavit</span> <span class='ocrx_word' id='word_1_128' title='bbox 584 1737 950 1818; x_wconf 87' lang='lat' dir='ltr'>antiquitas,</span> <span class='ocrx_word' id='word_1_129' title='bbox 983 1756 1103 1801; x_wconf 91' lang='lat' dir='ltr'>nos</span> <span class='ocrx_word' id='word_1_130' title='bbox 1136 1756 1393 1821; x_wconf 88' lang='lat' dir='ltr'>quoque</span> <span class='ocrx_word' id='word_1_131' title='bbox 1426 1738 1918 1802; x_wconf 66' lang='lat' dir='ltr'>custodiamus«</span> <span class='ocrx_word' id='word_1_132' title='bbox 1989 1736 2154 1801; x_wconf 90' lang='lat' dir='ltr'>Num</span> <span class='ocrx_word' id='word_1_133' title='bbox 2187 1754 2341 1802; x_wconf 87' lang='lat' dir='ltr'>vero</span> <span class='ocrx_word' id='word_1_134' title='bbox 2372 1737 2536 1801; x_wconf 88' lang='lat' dir='ltr'>haec</span> <span class='ocrx_word' id='word_1_135' title='bbox 2567 1736 2884 1802; x_wconf 86' lang='lat' dir='ltr'>sufficiant</span> <span class='ocrx_word' id='word_1_136' title='bbox 2916 1738 2999 1802; x_wconf 92' lang='lat' dir='ltr'>ad</span> 
     </span>
     <span class='ocr_line' id='line_1_15' title="bbox 379 1842 2997 1925; baseline 0.002 -21"><span class='ocrx_word' id='word_1_137' title='bbox 379 1842 789 1906; x_wconf 89' lang='lat' dir='ltr'>statuendam</span> <span class='ocrx_word' id='word_1_138' title='bbox 822 1843 1249 1925; x_wconf 88' lang='lat' dir='ltr'>apostolicam</span> <span class='ocrx_word' id='word_1_139' title='bbox 1279 1844 1436 1925; x_wconf 88' lang='lat' dir='ltr'>legis</span> <span class='ocrx_word' id='word_1_140' title='bbox 1469 1844 1547 1909; x_wconf 92' lang='lat' dir='ltr'>de</span> <span class='ocrx_word' id='word_1_141' title='bbox 1580 1845 1905 1911; x_wconf 89' lang='lat' dir='ltr'>coelibatu</span> <span class='ocrx_word' id='word_1_142' title='bbox 1938 1844 2256 1910; x_wconf 88' lang='lat' dir='ltr'>servando</span> <span class='ocrx_word' id='word_1_143' title='bbox 2292 1844 2601 1925; x_wconf 86' lang='lat' dir='ltr'>originem</span> <span class='ocrx_word' id='word_1_144' title='bbox 2633 1861 2765 1908; x_wconf 91' lang='lat' dir='ltr'>non</span> <span class='ocrx_word' id='word_1_145' title='bbox 2797 1846 2997 1910; x_wconf 90' lang='lat' dir='ltr'>aude-</span> 
     </span>
     <span class='ocr_line' id='line_1_16' title="bbox 381 1948 2997 2034; baseline 0.002 -23"><span class='ocrx_word' id='word_1_146' title='bbox 381 1967 522 2012; x_wconf 89' lang='lat' dir='ltr'>mus</span> <span class='ocrx_word' id='word_1_147' title='bbox 555 1948 891 2016; x_wconf 84' lang='lat' dir='ltr'>affirmare.</span> <span class='ocrx_word' id='word_1_148' title='bbox 938 1950 1315 2034; x_wconf 88' lang='lat' dir='ltr'>Praeplacet</span> <span class='ocrx_word' id='word_1_149' title='bbox 1348 1951 1534 2016; x_wconf 89' lang='lat' dir='ltr'>nobis</span> <span class='ocrx_word' id='word_1_150' title='bbox 1565 1952 1921 2029; x_wconf 89' lang='lat' dir='ltr'>sententia,</span> <span class='ocrx_word' id='word_1_151' title='bbox 1970 1969 2166 2033; x_wconf 91' lang='lat' dir='ltr'>quam</span> <span class='ocrx_word' id='word_1_152' title='bbox 2198 1952 2288 2015; x_wconf 89' lang='lat' dir='ltr'>ita</span> <span class='ocrx_word' id='word_1_153' title='bbox 2320 1951 2621 2015; x_wconf 89' lang='lat' dir='ltr'>enunciat</span> <span class='ocrx_word' id='word_1_154' title='bbox 2654 1949 2899 2016; x_wconf 88' lang='lat' dir='ltr'>Sasse</span> <span class='ocrx_word' id='word_1_155' title='bbox 2932 1952 2997 2030; x_wconf 90' lang='lat'>11,</span> 
     </span>
     <span class='ocr_line' id='line_1_17' title="bbox 382 2055 3000 2139; baseline 0.001 -18"><span class='ocrx_word' id='word_1_156' title='bbox 382 2059 543 2123; x_wconf 81' lang='lat'><strong>339:</strong></span> <span class='ocrx_word' id='word_1_157' title='bbox 596 2055 715 2128; x_wconf 60' lang='lat' dir='ltr'>,tlt</span> <span class='ocrx_word' id='word_1_158' title='bbox 747 2056 1101 2122; x_wconf 87' lang='lat' dir='ltr'>coelibatus</span> <span class='ocrx_word' id='word_1_159' title='bbox 1134 2057 1216 2121; x_wconf 89' lang='lat' dir='ltr'>ab</span> <span class='ocrx_word' id='word_1_160' title='bbox 1251 2058 1563 2139; x_wconf 87' lang='lat' dir='ltr'>apostolis</span> <span class='ocrx_word' id='word_1_161' title='bbox 1594 2056 1911 2139; x_wconf 84' lang='lat' dir='ltr'>originem</span> <span class='ocrx_word' id='word_1_162' title='bbox 1945 2057 2273 2139; x_wconf 88' lang='lat' dir='ltr'>accepisse</span> <span class='ocrx_word' id='word_1_163' title='bbox 2304 2064 2674 2134; x_wconf 87' lang='lat' dir='ltr'>censeatur,</span> <span class='ocrx_word' id='word_1_164' title='bbox 2720 2076 2852 2122; x_wconf 90' lang='lat' dir='ltr'>non</span> <span class='ocrx_word' id='word_1_165' title='bbox 2884 2077 3000 2123; x_wconf 89' lang='lat' dir='ltr'>ne-</span> 
     </span>
     <span class='ocr_line' id='line_1_18' title="bbox 381 2163 2996 2246; baseline 0.002 -23"><span class='ocrx_word' id='word_1_166' title='bbox 381 2179 561 2226; x_wconf 88' lang='lat' dir='ltr'>cesse</span> <span class='ocrx_word' id='word_1_167' title='bbox 582 2168 682 2226; x_wconf 90' lang='lat' dir='ltr'>est</span> <span class='ocrx_word' id='word_1_168' title='bbox 702 2181 1075 2245; x_wconf 85' lang='lat' dir='ltr'>expressam</span> <span class='ocrx_word' id='word_1_169' title='bbox 1091 2165 1298 2245; x_wconf 87' lang='lat' dir='ltr'>legem</span> <span class='ocrx_word' id='word_1_170' title='bbox 1319 2163 1640 2240; x_wconf 82' lang='lat' dir='ltr'>exhibere,</span> <span class='ocrx_word' id='word_1_171' title='bbox 1661 2182 1789 2246; x_wconf 90' lang='lat' dir='ltr'>qua</span> <span class='ocrx_word' id='word_1_172' title='bbox 1808 2164 2086 2246; x_wconf 88' lang='lat' dir='ltr'>apostoli</span> <span class='ocrx_word' id='word_1_173' title='bbox 2104 2163 2495 2228; x_wconf 89' lang='lat' dir='ltr'>coelibatum</span> <span class='ocrx_word' id='word_1_174' title='bbox 2514 2174 2996 2246; x_wconf 89' lang='lat' dir='ltr'>praeceperunt,</span> 
     </span>
     <span class='ocr_line' id='line_1_19' title="bbox 382 2268 2997 2354; baseline 0.002 -24"><span class='ocrx_word' id='word_1_175' title='bbox 382 2269 495 2333; x_wconf 88' lang='lat' dir='ltr'>sed</span> <span class='ocrx_word' id='word_1_176' title='bbox 525 2270 682 2334; x_wconf 89' lang='lat' dir='ltr'>satis</span> <span class='ocrx_word' id='word_1_177' title='bbox 715 2277 813 2334; x_wconf 92' lang='lat' dir='ltr'>est</span> <span class='ocrx_word' id='word_1_178' title='bbox 844 2271 991 2335; x_wconf 90' lang='lat' dir='ltr'>inde</span> <span class='ocrx_word' id='word_1_179' title='bbox 1025 2270 1108 2334; x_wconf 89' lang='lat' dir='ltr'>ab</span> <span class='ocrx_word' id='word_1_180' title='bbox 1141 2270 1450 2353; x_wconf 90' lang='lat' dir='ltr'>apostolis</span> <span class='ocrx_word' id='word_1_181' title='bbox 1481 2271 1756 2351; x_wconf 87' lang='lat' dir='ltr'>viguisse</span> <span class='ocrx_word' id='word_1_182' title='bbox 1790 2269 2192 2352; x_wconf 89' lang='lat' dir='ltr'>disciplinam</span> <span class='ocrx_word' id='word_1_183' title='bbox 2239 2268 2611 2348; x_wconf 66' lang='lat' dir='ltr'>coelibatus</span> <span class='ocrx_word' id='word_1_184' title='bbox 2654 2290 2821 2354; x_wconf 92' lang='lat' dir='ltr'>quae</span> <span class='ocrx_word' id='word_1_185' title='bbox 2866 2272 2997 2335; x_wconf 85' lang='lat' dir='ltr'>vim</span> 
     </span>
     <span class='ocr_line' id='line_1_20' title="bbox 381 2366 2996 2458; baseline 0.002 -21"><span class='ocrx_word' id='word_1_186' title='bbox 381 2374 534 2455; x_wconf 87' lang='lat' dir='ltr'>legis</span> <span class='ocrx_word' id='word_1_187' title='bbox 567 2377 943 2441; x_wconf 89' lang='lat' dir='ltr'>universalis</span> <span class='ocrx_word' id='word_1_188' title='bbox 977 2377 1374 2442; x_wconf 76' lang='lat' dir='ltr'>obtinuerit‘</span> <span class='ocrx_word' id='word_1_189' title='bbox 1430 2376 1701 2457; x_wconf 86' lang='lat' dir='ltr'>Quando</span> <span class='ocrx_word' id='word_1_190' title='bbox 1735 2384 1954 2441; x_wconf 86' lang='lat' dir='ltr'>autem</span> <span class='ocrx_word' id='word_1_191' title='bbox 1987 2377 2116 2441; x_wconf 83' lang='lat' dir='ltr'>vim</span> <span class='ocrx_word' id='word_1_192' title='bbox 2146 2377 2304 2458; x_wconf 85' lang='lat' dir='ltr'>legis</span> <span class='ocrx_word' id='word_1_193' title='bbox 2338 2366 2701 2455; x_wconf 88' lang='lat' dir='ltr'>obtinuerit,</span> <span class='ocrx_word' id='word_1_194' title='bbox 2749 2377 2996 2443; x_wconf 85' lang='lat' dir='ltr'>difficile</span> 
     </span>
     <span class='ocr_line' id='line_1_21' title="bbox 380 2480 2996 2567; baseline 0 -21"><span class='ocrx_word' id='word_1_195' title='bbox 380 2488 480 2546; x_wconf 91' lang='lat' dir='ltr'>est</span> <span class='ocrx_word' id='word_1_196' title='bbox 511 2481 789 2548; x_wconf 85' lang='lat' dir='ltr'>definire.</span> <span class='ocrx_word' id='word_1_197' title='bbox 823 2480 994 2548; x_wconf 86' lang='lat' dir='ltr'>Sane</span> <span class='ocrx_word' id='word_1_198' title='bbox 1026 2503 1157 2548; x_wconf 92' lang='lat' dir='ltr'>non</span> <span class='ocrx_word' id='word_1_199' title='bbox 1189 2483 1465 2566; x_wconf 88' lang='lat' dir='ltr'>primum</span> <span class='ocrx_word' id='word_1_200' title='bbox 1499 2483 2094 2548; x_wconf 90' lang='lat' dir='ltr'>ablnnocentio</span> <span class='ocrx_word' id='word_1_201' title='bbox 2128 2483 2169 2546; x_wconf 90' lang='grc' dir='ltr'>Ι.</span> <span class='ocrx_word' id='word_1_202' title='bbox 2200 2480 2657 2562; x_wconf 87' lang='lat' dir='ltr'>veiSiricio,</span> <span class='ocrx_word' id='word_1_203' title='bbox 2693 2485 2802 2567; x_wconf 89' lang='lat' dir='ltr'>qui</span> <span class='ocrx_word' id='word_1_204' title='bbox 2834 2484 2996 2549; x_wconf 85' lang='lat' dir='ltr'>obli-</span> 
     </span>
     <span class='ocr_line' id='line_1_22' title="bbox 379 2588 2462 2673; baseline 0.001 -22"><span class='ocrx_word' id='word_1_205' title='bbox 379 2588 704 2668; x_wconf 84' lang='lat' dir='ltr'>gationem</span> <span class='ocrx_word' id='word_1_206' title='bbox 729 2590 866 2672; x_wconf 89' lang='lat' dir='ltr'>jam</span> <span class='ocrx_word' id='word_1_207' title='bbox 898 2598 1267 2673; x_wconf 89' lang='lat' dir='ltr'>supponunt</span> <span class='ocrx_word' id='word_1_208' title='bbox 1298 2609 1569 2673; x_wconf 91' lang='lat' dir='ltr'>eamque</span> <span class='ocrx_word' id='word_1_209' title='bbox 1602 2590 1857 2655; x_wconf 91' lang='lat' dir='ltr'>nonnisi</span> <span class='ocrx_word' id='word_1_210' title='bbox 1889 2597 2188 2672; x_wconf 88' lang='lat' dir='ltr'>potenter</span> <span class='ocrx_word' id='word_1_211' title='bbox 2219 2597 2462 2670; x_wconf 86' lang='lat' dir='ltr'>urgent.</span> 
     </span>
    </p>
   </div>
   <div class='ocr_carea' id='block_1_3' title="bbox 380 2733 2997 3354">
    <p class='ocr_par' dir='ltr' id='par_1_3' title="bbox 380 2733 2997 3354">
     <span class='ocr_line' id='line_1_23' title="bbox 558 2733 2995 2816; baseline 0.001 -20"><span class='ocrx_word' id='word_1_212' title='bbox 558 2739 703 2803; x_wconf 82' lang='grc'>578.</span> <span class='ocrx_word' id='word_1_213' title='bbox 753 2735 815 2804; x_wconf 86' lang='grc'>3.</span> <span class='ocrx_word' id='word_1_214' title='bbox 862 2733 1066 2798; x_wconf 86' lang='lat' dir='ltr'>Etiam</span> <span class='ocrx_word' id='word_1_215' title='bbox 1112 2735 1177 2798; x_wconf 89' lang='lat' dir='ltr'>in</span> <span class='ocrx_word' id='word_1_216' title='bbox 1222 2733 1507 2816; x_wconf 91' lang='lat' dir='ltr'>pluribus</span> <span class='ocrx_word' id='word_1_217' title='bbox 1539 2733 1863 2799; x_wconf 82' lang='lat' dir='ltr'>Ecclesiae</span> <span class='ocrx_word' id='word_1_218' title='bbox 1910 2734 2240 2798; x_wconf 90' lang='lat' dir='ltr'>orientalis</span> <span class='ocrx_word' id='word_1_219' title='bbox 2284 2734 2575 2815; x_wconf 91' lang='lat' dir='ltr'>partibus</span> <span class='ocrx_word' id='word_1_220' title='bbox 2620 2733 2835 2800; x_wconf 91' lang='lat' dir='ltr'>floruit</span> <span class='ocrx_word' id='word_1_221' title='bbox 2859 2736 2995 2816; x_wconf 74' lang='lat' dir='ltr'>jam</span> 
     </span>
     <span class='ocr_line' id='line_1_24' title="bbox 380 2839 2997 2923; baseline 0.002 -21"><span class='ocrx_word' id='word_1_222' title='bbox 380 2839 598 2920; x_wconf 86' lang='lat' dir='ltr'>primis</span> <span class='ocrx_word' id='word_1_223' title='bbox 630 2841 860 2904; x_wconf 89' lang='lat' dir='ltr'>seculis</span> <span class='ocrx_word' id='word_1_224' title='bbox 893 2843 1325 2908; x_wconf 89' lang='lat' dir='ltr'>continentiae</span> <span class='ocrx_word' id='word_1_225' title='bbox 1357 2841 1491 2918; x_wconf 79' lang='lat' dir='ltr'>lex,</span> <span class='ocrx_word' id='word_1_226' title='bbox 1537 2848 1700 2907; x_wconf 86' lang='lat' dir='ltr'>teste</span> <span class='ocrx_word' id='word_1_227' title='bbox 1733 2841 2199 2923; x_wconf 85' lang='lat' dir='ltr'>Epiphanio</span> <span class='ocrx_word' id='word_1_228' title='bbox 2247 2843 2421 2906; x_wconf 89' lang='lat' dir='ltr'>haer.</span> <span class='ocrx_word' id='word_1_229' title='bbox 2454 2848 2540 2909; x_wconf 64' lang='lat'>52)</span> <span class='ocrx_word' id='word_1_230' title='bbox 2585 2861 2645 2907; x_wconf 90' lang='lat' dir='ltr'>n.</span> <span class='ocrx_word' id='word_1_231' title='bbox 2679 2848 2751 2910; x_wconf 86' lang='lat'>4:</span> <span class='ocrx_word' id='word_1_232' title='bbox 2794 2843 2997 2923; x_wconf 78' lang='lat' dir='ltr'>,Quin</span> 
     </span>
     <span class='ocr_line' id='line_1_25' title="bbox 383 2948 2996 3032; baseline 0.001 -20"><span class='ocrx_word' id='word_1_233' title='bbox 383 2965 549 3022; x_wconf 91' lang='lat' dir='ltr'>eum,</span> <span class='ocrx_word' id='word_1_234' title='bbox 580 2948 688 3029; x_wconf 92' lang='lat' dir='ltr'>qui</span> <span class='ocrx_word' id='word_1_235' title='bbox 720 2948 930 3013; x_wconf 89' lang='lat' dir='ltr'>adhuc</span> <span class='ocrx_word' id='word_1_236' title='bbox 962 2950 1026 3012; x_wconf 92' lang='lat' dir='ltr'>in</span> <span class='ocrx_word' id='word_1_237' title='bbox 1059 2950 1469 3014; x_wconf 89' lang='lat' dir='ltr'>matrimonio</span> <span class='ocrx_word' id='word_1_238' title='bbox 1502 2949 1676 3030; x_wconf 84' lang='lat' dir='ltr'>degit</span> <span class='ocrx_word' id='word_1_239' title='bbox 1707 2966 1785 3012; x_wconf 90' lang='lat' dir='ltr'>ac</span> <span class='ocrx_word' id='word_1_240' title='bbox 1816 2948 2031 3012; x_wconf 89' lang='lat' dir='ltr'>liberis</span> <span class='ocrx_word' id='word_1_241' title='bbox 2062 2949 2174 3013; x_wconf 90' lang='lat' dir='ltr'>dat</span> <span class='ocrx_word' id='word_1_242' title='bbox 2205 2968 2488 3032; x_wconf 89' lang='lat' dir='ltr'>operam,</span> <span class='ocrx_word' id='word_1_243' title='bbox 2518 2950 2780 3013; x_wconf 89' lang='lat' dir='ltr'>tametsi</span> <span class='ocrx_word' id='word_1_244' title='bbox 2809 2951 2996 3014; x_wconf 90' lang='lat' dir='ltr'>unius</span> 
     </span>
     <span class='ocr_line' id='line_1_26' title="bbox 383 3051 2996 3139; baseline 0.002 -24"><span class='ocrx_word' id='word_1_245' title='bbox 383 3051 600 3116; x_wconf 82' lang='lat' dir='ltr'>uxoris</span> <span class='ocrx_word' id='word_1_246' title='bbox 632 3054 713 3117; x_wconf 90' lang='lat' dir='ltr'>sit</span> <span class='ocrx_word' id='word_1_247' title='bbox 732 3055 848 3129; x_wconf 84' lang='lat' dir='ltr'>vir,</span> <span class='ocrx_word' id='word_1_248' title='bbox 880 3073 1290 3139; x_wconf 90' lang='lat' dir='ltr'>nequaquam</span> <span class='ocrx_word' id='word_1_249' title='bbox 1315 3064 1530 3121; x_wconf 88' lang='lat' dir='ltr'>tamen</span> <span class='ocrx_word' id='word_1_250' title='bbox 1551 3057 1633 3120; x_wconf 90' lang='lat' dir='ltr'>ad</span> <span class='ocrx_word' id='word_1_251' title='bbox 1653 3055 1927 3130; x_wconf 90' lang='lat' dir='ltr'>diaconi,</span> <span class='ocrx_word' id='word_1_252' title='bbox 1961 3056 2335 3138; x_wconf 83' lang='lat' dir='ltr'>presbyteri,</span> <span class='ocrx_word' id='word_1_253' title='bbox 2358 3056 2641 3138; x_wconf 88' lang='lat' dir='ltr'>episcopi</span> <span class='ocrx_word' id='word_1_254' title='bbox 2661 3062 2774 3120; x_wconf 91' lang='lat' dir='ltr'>aut</span> <span class='ocrx_word' id='word_1_255' title='bbox 2792 3056 2996 3138; x_wconf 80' lang='lat' dir='ltr'>hypo-</span> 
     </span>
     <span class='ocr_line' id='line_1_27' title="bbox 381 3159 2997 3245; baseline 0.002 -24"><span class='ocrx_word' id='word_1_256' title='bbox 381 3159 637 3223; x_wconf 89' lang='lat' dir='ltr'>diaconi</span> <span class='ocrx_word' id='word_1_257' title='bbox 669 3161 959 3225; x_wconf 90' lang='lat' dir='ltr'>ordinem</span> <span class='ocrx_word' id='word_1_258' title='bbox 991 3163 1266 3226; x_wconf 86' lang='lat' dir='ltr'>admittit</span> <span class='ocrx_word' id='word_1_259' title='bbox 1284 3163 1601 3227; x_wconf 87' lang='lat' dir='ltr'>Ecclesia:</span> <span class='ocrx_word' id='word_1_260' title='bbox 1633 3163 1747 3227; x_wconf 91' lang='lat' dir='ltr'>sed</span> <span class='ocrx_word' id='word_1_261' title='bbox 1768 3179 1915 3226; x_wconf 92' lang='lat' dir='ltr'>eum</span> <span class='ocrx_word' id='word_1_262' title='bbox 1936 3162 2292 3240; x_wconf 84' lang='lat' dir='ltr'>dumtaxat,</span> <span class='ocrx_word' id='word_1_263' title='bbox 2325 3164 2432 3245; x_wconf 93' lang='lat' dir='ltr'>qui</span> <span class='ocrx_word' id='word_1_264' title='bbox 2452 3162 2534 3226; x_wconf 90' lang='lat' dir='ltr'>ab</span> <span class='ocrx_word' id='word_1_265' title='bbox 2557 3164 2747 3226; x_wconf 90' lang='lat' dir='ltr'>unius</span> <span class='ocrx_word' id='word_1_266' title='bbox 2779 3164 2997 3227; x_wconf 86' lang='lat' dir='ltr'>uxoris</span> 
     </span>
     <span class='ocr_line' id='line_1_28' title="bbox 381 3266 2996 3354; baseline 0.004 -27"><span class='ocrx_word' id='word_1_267' title='bbox 381 3266 843 3332; x_wconf 88' lang='lat' dir='ltr'>consuetudine</span> <span class='ocrx_word' id='word_1_268' title='bbox 875 3288 1018 3334; x_wconf 91' lang='lat' dir='ltr'>sese</span> <span class='ocrx_word' id='word_1_269' title='bbox 1051 3271 1436 3335; x_wconf 73' lang='lat' dir='ltr'>continuerit</span> <span class='ocrx_word' id='word_1_270' title='bbox 1466 3277 1579 3334; x_wconf 91' lang='lat' dir='ltr'>aut</span> <span class='ocrx_word' id='word_1_271' title='bbox 1610 3289 1689 3336; x_wconf 90' lang='lat' dir='ltr'>ea</span> <span class='ocrx_word' id='word_1_272' title='bbox 1720 3272 1804 3335; x_wconf 89' lang='lat' dir='ltr'>sit</span> <span class='ocrx_word' id='word_1_273' title='bbox 1836 3270 2132 3348; x_wconf 89' lang='lat' dir='ltr'>orbatus,</span> <span class='ocrx_word' id='word_1_274' title='bbox 2166 3272 2337 3354; x_wconf 91' lang='lat' dir='ltr'>quod</span> <span class='ocrx_word' id='word_1_275' title='bbox 2371 3272 2436 3335; x_wconf 91' lang='lat' dir='ltr'>in</span> <span class='ocrx_word' id='word_1_276' title='bbox 2469 3270 2588 3336; x_wconf 92' lang='lat' dir='ltr'>illis</span> <span class='ocrx_word' id='word_1_277' title='bbox 2620 3273 2775 3337; x_wconf 90' lang='lat' dir='ltr'>locis</span> <span class='ocrx_word' id='word_1_278' title='bbox 2807 3290 2996 3354; x_wconf 86' lang='lat' dir='ltr'>prae-</span> 
     </span>
    </p>
   </div>
   <div class='ocr_carea' id='block_1_4' title="bbox 383 3432 804 3440">
    <p class='ocr_par' dir='ltr' id='par_1_4' title="bbox 383 3432 804 3440">
     <span class='ocr_line' id='line_1_29' title="bbox 383 3432 804 3440; baseline 0 0"><span class='ocrx_word' id='word_1_279' title='bbox 383 3432 804 3440; x_wconf 95' lang='lat' dir='ltr'> </span> 
     </span>
    </p>
   </div>
   <div class='ocr_carea' id='block_1_5' title="bbox 379 3552 2997 4746">
    <p class='ocr_par' dir='ltr' id='par_1_5' title="bbox 381 3552 2997 3704">
     <span class='ocr_line' id='line_1_30' title="bbox 604 3552 2997 3623; baseline 0 -16"><span class='ocrx_word' id='word_1_280' title='bbox 604 3557 638 3623; x_wconf 85' lang='grc' dir='ltr'>ι)</span> <span class='ocrx_word' id='word_1_281' title='bbox 668 3554 748 3607; x_wconf 79' lang='lat' dir='ltr'>Cf.</span> <span class='ocrx_word' id='word_1_282' title='bbox 779 3554 828 3605; x_wconf 87' lang='lat' dir='ltr'><strong>H</strong></span> <span class='ocrx_word' id='word_1_283' title='bbox 845 3571 878 3607; x_wconf 86' lang='lat' dir='ltr'>a</span> <span class='ocrx_word' id='word_1_284' title='bbox 895 3571 924 3608; x_wconf 91' lang='lat' dir='ltr'>e</span> <span class='ocrx_word' id='word_1_285' title='bbox 941 3572 978 3606; x_wconf 90' lang='lat' dir='ltr'>n</span> <span class='ocrx_word' id='word_1_286' title='bbox 996 3556 1061 3607; x_wconf 91' lang='lat' dir='ltr'>el</span> <span class='ocrx_word' id='word_1_287' title='bbox 1087 3552 1318 3606; x_wconf 88' lang='lat' dir='ltr'>Bericht</span> <span class='ocrx_word' id='word_1_288' title='bbox 1344 3554 1481 3606; x_wconf 72' lang='lat' dir='ltr'>iiber</span> <span class='ocrx_word' id='word_1_289' title='bbox 1507 3553 1597 3605; x_wconf 90' lang='lat' dir='ltr'>die</span> <span class='ocrx_word' id='word_1_290' title='bbox 1626 3552 1934 3608; x_wconf 83' lang='lat' dir='ltr'>Verhandl.</span> <span class='ocrx_word' id='word_1_291' title='bbox 1962 3553 2062 3607; x_wconf 74' lang='lat' dir='ltr'>det</span> <span class='ocrx_word' id='word_1_292' title='bbox 2088 3554 2143 3608; x_wconf 90' lang='lat' dir='ltr'>k.</span> <span class='ocrx_word' id='word_1_293' title='bbox 2171 3554 2534 3609; x_wconf 65' lang='lat' dir='ltr'>sachsischen</span> <span class='ocrx_word' id='word_1_294' title='bbox 2563 3555 2871 3611; x_wconf 86' lang='lat' dir='ltr'>Gesellsch.</span> <span class='ocrx_word' id='word_1_295' title='bbox 2897 3556 2997 3609; x_wconf 85' lang='lat' dir='ltr'>der</span> 
     </span>
     <span class='ocr_line' id='line_1_31' title="bbox 381 3631 1452 3704; baseline 0.005 -22"><span class='ocrx_word' id='word_1_296' title='bbox 381 3631 869 3688; x_wconf 86' lang='lat' dir='ltr'>Wissenschaften</span> <span class='ocrx_word' id='word_1_297' title='bbox 897 3652 966 3688; x_wconf 88' lang='lat' dir='ltr'>zu</span> <span class='ocrx_word' id='word_1_298' title='bbox 995 3634 1229 3704; x_wconf 85' lang='lat' dir='ltr'>Leipzig</span> <span class='ocrx_word' id='word_1_299' title='bbox 1256 3634 1378 3698; x_wconf 87' lang='lat' dir='ltr'>XX,</span> <span class='ocrx_word' id='word_1_300' title='bbox 1409 3641 1452 3687; x_wconf 91' lang='grc'>1.</span> 
     </span>
    </p>

    <p class='ocr_par' dir='ltr' id='par_1_6' title="bbox 379 3711 2997 4746">
     <span class='ocr_line' id='line_1_32' title="bbox 595 3711 2996 3784; baseline 0.001 -18"><span class='ocrx_word' id='word_1_301' title='bbox 595 3717 638 3784; x_wconf 80' lang='lat'>²)</span> <span class='ocrx_word' id='word_1_302' title='bbox 666 3713 770 3783; x_wconf 79' lang='lat' dir='ltr'>Ep.</span> <span class='ocrx_word' id='word_1_303' title='bbox 804 3724 826 3770; x_wconf 94' lang='lat' dir='ltr'>l</span> <span class='ocrx_word' id='word_1_304' title='bbox 858 3734 911 3768; x_wconf 95' lang='grc' dir='ltr'>ιι.</span> <span class='ocrx_word' id='word_1_305' title='bbox 939 3724 972 3769; x_wconf 84' lang='grc'>8</span> <span class='ocrx_word' id='word_1_306' title='bbox 999 3733 1069 3768; x_wconf 83' lang='lat' dir='ltr'>ss.</span> <span class='ocrx_word' id='word_1_307' title='bbox 1095 3712 1475 3784; x_wconf 79' lang='lat' dir='ltr'>Dignissimae</span> <span class='ocrx_word' id='word_1_308' title='bbox 1504 3717 1640 3766; x_wconf 88' lang='lat' dir='ltr'>sunt</span> <span class='ocrx_word' id='word_1_309' title='bbox 1664 3728 1811 3779; x_wconf 81' lang='lat' dir='ltr'>quae</span> <span class='ocrx_word' id='word_1_310' title='bbox 1839 3712 1908 3764; x_wconf 90' lang='lat' dir='ltr'>de</span> <span class='ocrx_word' id='word_1_311' title='bbox 1934 3711 2043 3766; x_wconf 89' lang='lat' dir='ltr'>hoc</span> <span class='ocrx_word' id='word_1_312' title='bbox 2070 3716 2408 3783; x_wconf 87' lang='lat' dir='ltr'>argumento</span> <span class='ocrx_word' id='word_1_313' title='bbox 2435 3715 2707 3782; x_wconf 82' lang='lat' dir='ltr'>legantur</span> <span class='ocrx_word' id='word_1_314' title='bbox 2729 3714 2920 3768; x_wconf 82' lang='lat' dir='ltr'>Sirio</span> <span class='ocrx_word' id='word_1_315' title='bbox 2938 3715 2996 3768; x_wconf 90' lang='lat' dir='ltr'>ii</span> 
     </span>
     <span class='ocr_line' id='line_1_33' title="bbox 379 3792 2997 3866; baseline 0 -19"><span class='ocrx_word' id='word_1_316' title='bbox 379 3793 687 3864; x_wconf 68' lang='lat' dir='ltr'>epistolae:</span> <span class='ocrx_word' id='word_1_317' title='bbox 729 3796 847 3848; x_wconf 86' lang='lat' dir='ltr'>scil.</span> <span class='ocrx_word' id='word_1_318' title='bbox 874 3811 963 3866; x_wconf 88' lang='lat' dir='ltr'>ep.</span> <span class='ocrx_word' id='word_1_319' title='bbox 995 3804 1039 3850; x_wconf 88' lang='lat' dir='ltr'>l.</span> <span class='ocrx_word' id='word_1_320' title='bbox 1067 3804 1098 3850; x_wconf 84' lang='lat'>5</span> <span class='ocrx_word' id='word_1_321' title='bbox 1122 3795 1194 3847; x_wconf 86' lang='lat' dir='ltr'>ad</span> <span class='ocrx_word' id='word_1_322' title='bbox 1224 3794 1394 3865; x_wconf 87' lang='lat' dir='ltr'>episc.</span> <span class='ocrx_word' id='word_1_323' title='bbox 1421 3792 1648 3846; x_wconf 80' lang='lat' dir='ltr'>Africae</span> <span class='ocrx_word' id='word_1_324' title='bbox 1675 3810 1731 3845; x_wconf 88' lang='grc' dir='ltr'>ιι.</span> <span class='ocrx_word' id='word_1_325' title='bbox 1758 3799 1822 3852; x_wconf 83' lang='grc'>3;</span> <span class='ocrx_word' id='word_1_326' title='bbox 1862 3810 1951 3861; x_wconf 90' lang='lat' dir='ltr'>ep.</span> <span class='ocrx_word' id='word_1_327' title='bbox 1987 3802 2048 3848; x_wconf 78' lang='lat' dir='ltr'>lt)</span> <span class='ocrx_word' id='word_1_328' title='bbox 2074 3813 2128 3848; x_wconf 90' lang='grc' dir='ltr'>ιι.</span> <span class='ocrx_word' id='word_1_329' title='bbox 2156 3803 2187 3848; x_wconf 84' lang='grc'><strong>5</strong></span> <span class='ocrx_word' id='word_1_330' title='bbox 2214 3810 2315 3851; x_wconf 84' lang='lat' dir='ltr'>ss.;</span> <span class='ocrx_word' id='word_1_331' title='bbox 2356 3810 2444 3863; x_wconf 89' lang='lat' dir='ltr'>ep.</span> <span class='ocrx_word' id='word_1_332' title='bbox 2478 3803 2493 3847; x_wconf 89' lang='grc'>1</span> <span class='ocrx_word' id='word_1_333' title='bbox 2529 3794 2929 3849; x_wconf 81' lang='lat' dir='ltr'>iunocentii</span> <span class='ocrx_word' id='word_1_334' title='bbox 2956 3795 2997 3852; x_wconf 86' lang='lat' dir='ltr'>L</span> 
     </span>
     <span class='ocr_line' id='line_1_34' title="bbox 380 3873 2995 3945; baseline 0.002 -18"><span class='ocrx_word' id='word_1_335' title='bbox 380 3893 437 3927; x_wconf 90' lang='lat' dir='ltr'>n.</span> <span class='ocrx_word' id='word_1_336' title='bbox 470 3879 562 3933; x_wconf 79' lang='lat'>12:</span> <span class='ocrx_word' id='word_1_337' title='bbox 592 3890 679 3945; x_wconf 89' lang='lat' dir='ltr'>ep.</span> <span class='ocrx_word' id='word_1_338' title='bbox 707 3882 738 3931; x_wconf 84' lang='lat'>6</span> <span class='ocrx_word' id='word_1_339' title='bbox 764 3895 819 3930; x_wconf 90' lang='grc' dir='ltr'>ιι.</span> <span class='ocrx_word' id='word_1_340' title='bbox 840 3881 902 3933; x_wconf 86' lang='grc'>2;</span> <span class='ocrx_word' id='word_1_341' title='bbox 931 3879 988 3928; x_wconf 89' lang='lat' dir='ltr'>et</span> <span class='ocrx_word' id='word_1_342' title='bbox 1012 3891 1101 3945; x_wconf 88' lang='lat' dir='ltr'>ep.</span> <span class='ocrx_word' id='word_1_343' title='bbox 1127 3880 1227 3940; x_wconf 85' lang='grc'>38;</span> <span class='ocrx_word' id='word_1_344' title='bbox 1254 3875 1341 3928; x_wconf 89' lang='lat' dir='ltr'>Le</span> <span class='ocrx_word' id='word_1_345' title='bbox 1359 3892 1391 3928; x_wconf 96' lang='lat' dir='ltr'>o</span> <span class='ocrx_word' id='word_1_346' title='bbox 1411 3874 1524 3927; x_wconf 88' lang='lat' dir='ltr'>nis</span> <span class='ocrx_word' id='word_1_347' title='bbox 1553 3875 1591 3928; x_wconf 86' lang='lat'>1.</span> <span class='ocrx_word' id='word_1_348' title='bbox 1619 3891 1706 3944; x_wconf 86' lang='lat' dir='ltr'>ep.</span> <span class='ocrx_word' id='word_1_349' title='bbox 1741 3883 1806 3929; x_wconf 83' lang='lat'>14</span> <span class='ocrx_word' id='word_1_350' title='bbox 1830 3895 1883 3930; x_wconf 91' lang='grc' dir='ltr'>ιι.</span> <span class='ocrx_word' id='word_1_351' title='bbox 1913 3884 1947 3929; x_wconf 87' lang='grc'><strong>4</strong></span> <span class='ocrx_word' id='word_1_352' title='bbox 1973 3878 2136 3944; x_wconf 82' lang='lat' dir='ltr'>(quas</span> <span class='ocrx_word' id='word_1_353' title='bbox 2169 3873 2414 3942; x_wconf 85' lang='lat' dir='ltr'>reperies</span> <span class='ocrx_word' id='word_1_354' title='bbox 2448 3874 2509 3927; x_wconf 89' lang='lat' dir='ltr'>in</span> <span class='ocrx_word' id='word_1_355' title='bbox 2546 3892 2737 3944; x_wconf 83' lang='lat' dir='ltr'>opusc.</span> <span class='ocrx_word' id='word_1_356' title='bbox 2760 3876 2800 3927; x_wconf 77' lang='lat' dir='ltr'>t.</span> <span class='ocrx_word' id='word_1_357' title='bbox 2824 3875 2995 3932; x_wconf 79' lang='lat' dir='ltr'><strong>XVII.</strong></span> 
     </span>
     <span class='ocr_line' id='line_1_35' title="bbox 382 3953 2994 4025; baseline 0 -18"><span class='ocrx_word' id='word_1_358' title='bbox 382 3958 439 4007; x_wconf 87' lang='lat' dir='ltr'>et</span> <span class='ocrx_word' id='word_1_359' title='bbox 463 3953 667 4025; x_wconf 81' lang='lat' dir='ltr'>XXV);</span> <span class='ocrx_word' id='word_1_360' title='bbox 695 3973 848 4009; x_wconf 83' lang='lat' dir='ltr'>conc.</span> <span class='ocrx_word' id='word_1_361' title='bbox 874 3954 1113 4008; x_wconf 84' lang='lat' dir='ltr'>africani</span> <span class='ocrx_word' id='word_1_362' title='bbox 1145 3955 1208 4008; x_wconf 87' lang='lat' dir='ltr'>V.</span> <span class='ocrx_word' id='word_1_363' title='bbox 1237 3957 1295 4008; x_wconf 89' lang='lat' dir='ltr'>et</span> <span class='ocrx_word' id='word_1_364' title='bbox 1319 3955 1411 4009; x_wconf 89' lang='lat' dir='ltr'>VI.</span> <span class='ocrx_word' id='word_1_365' title='bbox 1441 3972 1491 4007; x_wconf 90' lang='lat' dir='ltr'>a.</span> <span class='ocrx_word' id='word_1_366' title='bbox 1520 3962 1614 4009; x_wconf 82' lang='lat'>401</span> <span class='ocrx_word' id='word_1_367' title='bbox 1650 3971 1772 4007; x_wconf 86' lang='lat' dir='ltr'>can.</span> <span class='ocrx_word' id='word_1_368' title='bbox 1794 3963 1843 4009; x_wconf 82' lang='lat'>4.</span> <span class='ocrx_word' id='word_1_369' title='bbox 1873 3954 1955 4008; x_wconf 88' lang='lat' dir='ltr'>Cf.</span> <span class='ocrx_word' id='word_1_370' title='bbox 1983 3953 2039 4006; x_wconf 89' lang='lat' dir='ltr'>M</span> <span class='ocrx_word' id='word_1_371' title='bbox 2056 3960 2088 4007; x_wconf 81' lang='grc' dir='ltr'>ὅ</span> <span class='ocrx_word' id='word_1_372' title='bbox 2106 3954 2143 4007; x_wconf 90' lang='lat' dir='ltr'>h</span> <span class='ocrx_word' id='word_1_373' title='bbox 2160 3954 2182 4007; x_wconf 90' lang='lat'>1</span> <span class='ocrx_word' id='word_1_374' title='bbox 2199 3970 2227 4007; x_wconf 93' lang='lat' dir='ltr'>e</span> <span class='ocrx_word' id='word_1_375' title='bbox 2244 3971 2272 4006; x_wconf 88' lang='lat' dir='ltr'>r</span> <span class='ocrx_word' id='word_1_376' title='bbox 2297 3970 2410 4023; x_wconf 85' lang='lat' dir='ltr'>ges.</span> <span class='ocrx_word' id='word_1_377' title='bbox 2432 3954 2717 4009; x_wconf 85' lang='lat' dir='ltr'>Schriften</span> <span class='ocrx_word' id='word_1_378' title='bbox 2740 3956 2780 4021; x_wconf 85' lang='lat'>1,</span> <span class='ocrx_word' id='word_1_379' title='bbox 2808 3959 2904 4012; x_wconf 83' lang='grc'>177</span> <span class='ocrx_word' id='word_1_380' title='bbox 2927 3973 2994 4009; x_wconf 87' lang='lat' dir='ltr'>ss.</span> 
     </span>
     <span class='ocr_line' id='line_1_36' title="bbox 385 4033 2997 4104; baseline 0 -17"><span class='ocrx_word' id='word_1_381' title='bbox 385 4034 563 4088; x_wconf 85' lang='lat' dir='ltr'>Bick</span> <span class='ocrx_word' id='word_1_382' title='bbox 580 4035 698 4099; x_wconf 91' lang='lat' dir='ltr'>ell,</span> <span class='ocrx_word' id='word_1_383' title='bbox 739 4036 839 4089; x_wconf 87' lang='lat' dir='ltr'>der</span> <span class='ocrx_word' id='word_1_384' title='bbox 885 4036 1111 4089; x_wconf 72' lang='lat' dir='ltr'>Colibat</span> <span class='ocrx_word' id='word_1_385' title='bbox 1150 4035 1275 4090; x_wconf 89' lang='lat' dir='ltr'>eine</span> <span class='ocrx_word' id='word_1_386' title='bbox 1316 4034 1694 4103; x_wconf 85' lang='lat' dir='ltr'>apostolische</span> <span class='ocrx_word' id='word_1_387' title='bbox 1737 4034 2098 4104; x_wconf 85' lang='lat' dir='ltr'>Anordnung</span> <span class='ocrx_word' id='word_1_388' title='bbox 2138 4034 2199 4087; x_wconf 88' lang='lat' dir='ltr'>in</span> <span class='ocrx_word' id='word_1_389' title='bbox 2240 4034 2373 4087; x_wconf 80' lang='lat' dir='ltr'>fasc.</span> <span class='ocrx_word' id='word_1_390' title='bbox 2421 4034 2507 4088; x_wconf 88' lang='lat' dir='ltr'>lit.</span> <span class='ocrx_word' id='word_1_391' title='bbox 2537 4033 2862 4088; x_wconf 86' lang='lat' dir='ltr'>Zeitschrift</span> <span class='ocrx_word' id='word_1_392' title='bbox 2904 4036 2997 4089; x_wconf 75' lang='lat' dir='ltr'>fiir</span> 
     </span>
     <span class='ocr_line' id='line_1_37' title="bbox 381 4114 2995 4186; baseline -0 -18"><span class='ocrx_word' id='word_1_393' title='bbox 381 4115 542 4169; x_wconf 88' lang='lat' dir='ltr'>kath.</span> <span class='ocrx_word' id='word_1_394' title='bbox 569 4115 878 4186; x_wconf 82' lang='lat' dir='ltr'>Theologie</span> <span class='ocrx_word' id='word_1_395' title='bbox 911 4118 1047 4172; x_wconf 84' lang='grc'>1878</span> <span class='ocrx_word' id='word_1_396' title='bbox 1072 4132 1206 4185; x_wconf 76' lang='lat' dir='ltr'>pag.</span> <span class='ocrx_word' id='word_1_397' title='bbox 1233 4120 1301 4171; x_wconf 85' lang='grc'>26</span> <span class='ocrx_word' id='word_1_398' title='bbox 1326 4134 1415 4178; x_wconf 88' lang='lat' dir='ltr'>ss.,</span> <span class='ocrx_word' id='word_1_399' title='bbox 1443 4119 1500 4168; x_wconf 90' lang='lat' dir='ltr'>et</span> <span class='ocrx_word' id='word_1_400' title='bbox 1531 4119 1662 4171; x_wconf 85' lang='grc'>1879</span> <span class='ocrx_word' id='word_1_401' title='bbox 1691 4131 1823 4185; x_wconf 81' lang='lat' dir='ltr'>pag.</span> <span class='ocrx_word' id='word_1_402' title='bbox 1852 4120 1954 4170; x_wconf 79' lang='lat'>792</span> <span class='ocrx_word' id='word_1_403' title='bbox 1983 4132 2071 4177; x_wconf 66' lang='lat' dir='ltr'>ss,</span> <span class='ocrx_word' id='word_1_404' title='bbox 2101 4114 2196 4168; x_wconf 86' lang='lat' dir='ltr'>ubi</span> <span class='ocrx_word' id='word_1_405' title='bbox 2237 4114 2398 4167; x_wconf 80' lang='lat' dir='ltr'>novis</span> <span class='ocrx_word' id='word_1_406' title='bbox 2426 4114 2721 4183; x_wconf 87' lang='lat' dir='ltr'>productis</span> <span class='ocrx_word' id='word_1_407' title='bbox 2748 4115 2995 4169; x_wconf 84' lang='lat' dir='ltr'>testimo-</span> 
     </span>
     <span class='ocr_line' id='line_1_38' title="bbox 385 4193 2996 4265; baseline -0 -18"><span class='ocrx_word' id='word_1_408' title='bbox 385 4195 496 4248; x_wconf 88' lang='lat' dir='ltr'>niis</span> <span class='ocrx_word' id='word_1_409' title='bbox 521 4199 762 4249; x_wconf 81' lang='lat' dir='ltr'>conatur</span> <span class='ocrx_word' id='word_1_410' title='bbox 785 4196 1044 4249; x_wconf 84' lang='lat' dir='ltr'>evincere</span> <span class='ocrx_word' id='word_1_411' title='bbox 1088 4195 1405 4251; x_wconf 87' lang='lat' dir='ltr'>coelibatus</span> <span class='ocrx_word' id='word_1_412' title='bbox 1439 4195 1719 4263; x_wconf 80' lang='lat' dir='ltr'>originem</span> <span class='ocrx_word' id='word_1_413' title='bbox 1761 4212 1793 4247; x_wconf 87' lang='lat' dir='ltr'>a</span> <span class='ocrx_word' id='word_1_414' title='bbox 1811 4215 1847 4265; x_wconf 89' lang='lat' dir='ltr'>p</span> <span class='ocrx_word' id='word_1_415' title='bbox 1866 4212 1897 4247; x_wconf 92' lang='lat' dir='ltr'>o</span> <span class='ocrx_word' id='word_1_416' title='bbox 1915 4212 1940 4246; x_wconf 94' lang='lat' dir='ltr'>s</span> <span class='ocrx_word' id='word_1_417' title='bbox 1956 4197 1982 4247; x_wconf 90' lang='lat' dir='ltr'>t</span> <span class='ocrx_word' id='word_1_418' title='bbox 1996 4210 2027 4246; x_wconf 94' lang='lat' dir='ltr'>o</span> <span class='ocrx_word' id='word_1_419' title='bbox 2045 4193 2065 4246; x_wconf 91' lang='grc'>1</span> <span class='ocrx_word' id='word_1_420' title='bbox 2084 4194 2104 4247; x_wconf 93' lang='lat' dir='ltr'>i</span> <span class='ocrx_word' id='word_1_421' title='bbox 2120 4212 2147 4246; x_wconf 87' lang='lat' dir='ltr'>c</span> <span class='ocrx_word' id='word_1_422' title='bbox 2164 4210 2197 4245; x_wconf 86' lang='lat' dir='ltr'>a</span> <span class='ocrx_word' id='word_1_423' title='bbox 2217 4212 2288 4245; x_wconf 90' lang='lat' dir='ltr'>m.</span> <span class='ocrx_word' id='word_1_424' title='bbox 2340 4193 2501 4247; x_wconf 80' lang='lat' dir='ltr'>Hanc</span> <span class='ocrx_word' id='word_1_425' title='bbox 2526 4208 2659 4246; x_wconf 86' lang='lat' dir='ltr'>vero</span> <span class='ocrx_word' id='word_1_426' title='bbox 2687 4194 2879 4261; x_wconf 89' lang='lat' dir='ltr'>plures</span> <span class='ocrx_word' id='word_1_427' title='bbox 2904 4210 2996 4246; x_wconf 89' lang='lat' dir='ltr'>ne-</span> 
     </span>
     <span class='ocr_line' id='line_1_39' title="bbox 382 4272 2994 4345; baseline -0.001 -17"><span class='ocrx_word' id='word_1_428' title='bbox 382 4279 525 4345; x_wconf 84' lang='lat' dir='ltr'>gant</span> <span class='ocrx_word' id='word_1_429' title='bbox 550 4276 805 4345; x_wconf 73' lang='lat' dir='ltr'>theologi</span> <span class='ocrx_word' id='word_1_430' title='bbox 832 4280 898 4329; x_wconf 91' lang='lat' dir='ltr'>ut</span> <span class='ocrx_word' id='word_1_431' title='bbox 926 4275 1417 4339; x_wconf 83' lang='lat' dir='ltr'>Schelstrate,</span> <span class='ocrx_word' id='word_1_432' title='bbox 1459 4275 1589 4331; x_wconf 85' lang='lat' dir='ltr'>Nat.</span> <span class='ocrx_word' id='word_1_433' title='bbox 1633 4275 2076 4339; x_wconf 81' lang='lat' dir='ltr'>Alexander,</span> <span class='ocrx_word' id='word_1_434' title='bbox 2123 4273 2555 4335; x_wconf 86' lang='lat' dir='ltr'>Tillemont‚</span> <span class='ocrx_word' id='word_1_435' title='bbox 2597 4272 2994 4341; x_wconf 81' lang='lat' dir='ltr'>Tournely,</span> 
     </span>
     <span class='ocr_line' id='line_1_40' title="bbox 383 4352 2995 4426; baseline -0.002 -17"><span class='ocrx_word' id='word_1_436' title='bbox 383 4356 434 4409; x_wconf 90' lang='grc' dir='ltr'>Η</span> <span class='ocrx_word' id='word_1_437' title='bbox 452 4374 481 4409; x_wconf 87' lang='lat' dir='ltr'>e</span> <span class='ocrx_word' id='word_1_438' title='bbox 498 4358 565 4411; x_wconf 86' lang='lat' dir='ltr'>fe</span> <span class='ocrx_word' id='word_1_439' title='bbox 584 4360 666 4421; x_wconf 93' lang='lat' dir='ltr'>le,</span> <span class='ocrx_word' id='word_1_440' title='bbox 707 4356 749 4409; x_wconf 88' lang='lat' dir='ltr'>P</span> <span class='ocrx_word' id='word_1_441' title='bbox 765 4375 792 4409; x_wconf 90' lang='lat' dir='ltr'>r</span> <span class='ocrx_word' id='word_1_442' title='bbox 810 4375 841 4411; x_wconf 93' lang='lat' dir='ltr'>o</span> <span class='ocrx_word' id='word_1_443' title='bbox 862 4359 896 4412; x_wconf 92' lang='lat' dir='ltr'>b</span> <span class='ocrx_word' id='word_1_444' title='bbox 913 4374 936 4409; x_wconf 88' lang='lat' dir='ltr'>s</span> <span class='ocrx_word' id='word_1_445' title='bbox 953 4359 993 4421; x_wconf 88' lang='lat' dir='ltr'>t,</span> <span class='ocrx_word' id='word_1_446' title='bbox 1037 4356 1077 4409; x_wconf 79' lang='lat' dir='ltr'><strong>F</strong></span> <span class='ocrx_word' id='word_1_447' title='bbox 1095 4374 1130 4409; x_wconf 91' lang='lat' dir='ltr'>u</span> <span class='ocrx_word' id='word_1_448' title='bbox 1148 4375 1185 4409; x_wconf 91' lang='lat' dir='ltr'>n</span> <span class='ocrx_word' id='word_1_449' title='bbox 1203 4355 1242 4408; x_wconf 90' lang='lat' dir='ltr'><strong>k</strong></span> <span class='ocrx_word' id='word_1_450' title='bbox 1287 4354 1616 4426; x_wconf 80' lang='lat' dir='ltr'>praesertim</span> <span class='ocrx_word' id='word_1_451' title='bbox 1644 4354 2084 4425; x_wconf 79' lang='lat' dir='ltr'>Kirchengesch.</span> <span class='ocrx_word' id='word_1_452' title='bbox 2110 4353 2394 4408; x_wconf 81' lang='lat' dir='ltr'>Abhandl.</span> <span class='ocrx_word' id='word_1_453' title='bbox 2424 4354 2540 4407; x_wconf 90' lang='lat' dir='ltr'>und</span> <span class='ocrx_word' id='word_1_454' title='bbox 2575 4352 2995 4408; x_wconf 83' lang='lat' dir='ltr'>Untersuchnn-</span> 
     </span>
     <span class='ocr_line' id='line_1_41' title="bbox 382 4432 2994 4506; baseline -0.002 -16"><span class='ocrx_word' id='word_1_455' title='bbox 382 4453 510 4506; x_wconf 83' lang='lat' dir='ltr'>gen,</span> <span class='ocrx_word' id='word_1_456' title='bbox 537 4437 864 4491; x_wconf 83' lang='lat' dir='ltr'>Paderborn</span> <span class='ocrx_word' id='word_1_457' title='bbox 896 4438 1033 4493; x_wconf 82' lang='grc'>1897</span> <span class='ocrx_word' id='word_1_458' title='bbox 1058 4454 1189 4506; x_wconf 82' lang='lat' dir='ltr'>pag.</span> <span class='ocrx_word' id='word_1_459' title='bbox 1221 4442 1514 4500; x_wconf 83' lang='lat'>121—155‚</span> <span class='ocrx_word' id='word_1_460' title='bbox 1555 4436 1656 4490; x_wconf 89' lang='lat' dir='ltr'>ubi</span> <span class='ocrx_word' id='word_1_461' title='bbox 1695 4452 1964 4489; x_wconf 76' lang='lat' dir='ltr'>enervare</span> <span class='ocrx_word' id='word_1_462' title='bbox 2006 4434 2215 4488; x_wconf 88' lang='lat' dir='ltr'>nititur</span> <span class='ocrx_word' id='word_1_463' title='bbox 2253 4435 2609 4503; x_wconf 82' lang='lat' dir='ltr'>argumenta,</span> <span class='ocrx_word' id='word_1_464' title='bbox 2657 4434 2867 4501; x_wconf 87' lang='lat' dir='ltr'>quibus</span> <span class='ocrx_word' id='word_1_465' title='bbox 2893 4432 2994 4487; x_wconf 85' lang='lat' dir='ltr'>alii</span> 
     </span>
     <span class='ocr_line' id='line_1_42' title="bbox 385 4514 2993 4588; baseline -0.002 -17"><span class='ocrx_word' id='word_1_466' title='bbox 385 4518 633 4587; x_wconf 72' lang='lat' dir='ltr'>probant</span> <span class='ocrx_word' id='word_1_467' title='bbox 656 4516 1026 4588; x_wconf 83' lang='lat' dir='ltr'>apostolicam</span> <span class='ocrx_word' id='word_1_468' title='bbox 1055 4517 1367 4572; x_wconf 86' lang='lat' dir='ltr'>coelibatus</span> <span class='ocrx_word' id='word_1_469' title='bbox 1408 4516 1705 4585; x_wconf 85' lang='lat' dir='ltr'>originem,</span> <span class='ocrx_word' id='word_1_470' title='bbox 1745 4518 1919 4583; x_wconf 85' lang='lat' dir='ltr'>atque</span> <span class='ocrx_word' id='word_1_471' title='bbox 1959 4516 2209 4569; x_wconf 86' lang='lat' dir='ltr'>rationes</span> <span class='ocrx_word' id='word_1_472' title='bbox 2249 4514 2503 4576; x_wconf 80' lang='lat' dir='ltr'>adducit,</span> <span class='ocrx_word' id='word_1_473' title='bbox 2548 4516 2615 4567; x_wconf 90' lang='lat' dir='ltr'>ut</span> <span class='ocrx_word' id='word_1_474' title='bbox 2639 4516 2842 4585; x_wconf 85' lang='lat' dir='ltr'>probet</span> <span class='ocrx_word' id='word_1_475' title='bbox 2864 4530 2993 4566; x_wconf 90' lang='lat' dir='ltr'>eum</span> 
     </span>
     <span class='ocr_line' id='line_1_43' title="bbox 383 4592 2991 4667; baseline -0.002 -17"><span class='ocrx_word' id='word_1_476' title='bbox 383 4614 569 4665; x_wconf 85' lang='lat' dir='ltr'>neque</span> <span class='ocrx_word' id='word_1_477' title='bbox 595 4598 657 4651; x_wconf 90' lang='lat' dir='ltr'>in</span> <span class='ocrx_word' id='word_1_478' title='bbox 677 4598 982 4652; x_wconf 83' lang='lat' dir='ltr'>Occidente</span> <span class='ocrx_word' id='word_1_479' title='bbox 1009 4614 1192 4667; x_wconf 87' lang='lat' dir='ltr'>neque</span> <span class='ocrx_word' id='word_1_480' title='bbox 1221 4598 1283 4651; x_wconf 91' lang='lat' dir='ltr'>in</span> <span class='ocrx_word' id='word_1_481' title='bbox 1309 4597 1536 4652; x_wconf 87' lang='lat' dir='ltr'>Oriente</span> <span class='ocrx_word' id='word_1_482' title='bbox 1566 4596 1689 4666; x_wconf 84' lang='lat' dir='ltr'>lege</span> <span class='ocrx_word' id='word_1_483' title='bbox 1716 4596 2030 4650; x_wconf 80' lang='lat' dir='ltr'>universali</span> <span class='ocrx_word' id='word_1_484' title='bbox 2058 4595 2229 4648; x_wconf 82' lang='lat' dir='ltr'>fuisse</span> <span class='ocrx_word' id='word_1_485' title='bbox 2258 4594 2689 4665; x_wconf 83' lang='lat' dir='ltr'>praescriptum,</span> <span class='ocrx_word' id='word_1_486' title='bbox 2707 4592 2813 4648; x_wconf 87' lang='lat' dir='ltr'>etsi</span> <span class='ocrx_word' id='word_1_487' title='bbox 2840 4594 2991 4647; x_wconf 83' lang='lat' dir='ltr'>haud</span> 
     </span>
     <span class='ocr_line' id='line_1_44' title="bbox 383 4676 1076 4746; baseline 0.003 -17"><span class='ocrx_word' id='word_1_488' title='bbox 383 4679 557 4746; x_wconf 79' lang='lat' dir='ltr'>pauci</span> <span class='ocrx_word' id='word_1_489' title='bbox 584 4676 748 4732; x_wconf 83' lang='lat' dir='ltr'>illum</span> <span class='ocrx_word' id='word_1_490' title='bbox 777 4678 1076 4732; x_wconf 84' lang='lat' dir='ltr'>coluerint.</span> 
     </span>
    </p>
   </div>
   <div class='ocr_carea' id='block_1_6' title="bbox 599 4769 2637 4837">
    <p class='ocr_par' dir='ltr' id='par_1_7' title="bbox 599 4769 2637 4837">
     <span class='ocr_line' id='line_1_45' title="bbox 599 4769 2637 4837; baseline -0.002 -16"><span class='ocrx_word' id='word_1_491' title='bbox 599 4776 869 4837; x_wconf 75' lang='lat' dir='ltr'>Hortor,</span> <span class='ocrx_word' id='word_1_492' title='bbox 907 4776 1154 4835; x_wconf 82' lang='lat' dir='ltr'>compend.</span> <span class='ocrx_word' id='word_1_493' title='bbox 1194 4777 1454 4832; x_wconf 71' lang='lat' dir='ltr'>theologiae</span> <span class='ocrx_word' id='word_1_494' title='bbox 1493 4775 1578 4831; x_wconf 92' lang='lat' dir='ltr'>lll,</span> <span class='ocrx_word' id='word_1_495' title='bbox 1623 4776 1701 4821; x_wconf 89' lang='lat'>11.</span> <span class='ocrx_word' id='word_1_496' title='bbox 1740 4774 1814 4820; x_wconf 84' lang='lat' dir='ltr'>ed.</span> <span class='ocrx_word' id='word_1_497' title='bbox 2571 4769 2637 4818; x_wconf 82' lang='lat'>35</span> 
     </span>
    </p>
   </div>
  </div>
 </body>
</html>
