3538 5364
1150 307 1445 358 nunquam
1471 291 1707 359 negavit
1732 290 1841 344 rito
1868 289 2177 360 dispositis,
2836 298 2969 365 435

352 477 464 535 bus
499 476 994 535 Tertulliano
1027 475 1099 535 de
1130 475 1324 552 pudic.
1357 494 1407 538 c.
1446 486 1556 546 193
1602 477 1673 536 de
1719 476 1924 552 poenit
1954 495 2000 539 c.
2037 487 2070 540 6
2108 496 2185 548 s.;
2233 477 2620 554 Cypriane
2653 497 2743 554 ep.
2781 487 2858 540 52
2893 478 2967 537 ad

348 568 571 628 Anton.
606 584 663 627 n.
702 574 815 632 223
856 565 1180 623 Paciano
1213 583 1303 639 ep.
1341 575 1375 628 3
1411 565 1480 623 ad
1523 565 1831 642 Sympron.
1861 585 1921 624 n.
1956 574 2024 636 ὃς
2059 566 2466 625 Ambrosio
2500 566 2570 625 de
2601 567 2822 642 poenit.
2856 568 2956 629 l.1

351 674 408 713 n.
446 666 559 723 463
594 655 1060 730 Hieronymo
1091 654 1231 716 dial.
1263 672 1311 712 c.
1344 654 1567 716 lucifer.
1600 674 1655 713 n.
1682 663 1791 723 243
1826 658 2148 714 auctore
2180 675 2279 731 qq.
2311 656 2376 714 in
2397 654 2461 714 V.
2484 659 2544 714 et
2565 655 2635 713 N.
2658 655 2720 714 T.
2741 675 2795 731 q.
2828 665 2965 719 102.

348 744 482 803 Huc
513 747 783 819 spectant
813 762 965 818 quae
997 743 1344 802 Clemens
1391 743 1463 805 al.
1511 743 1582 802 de
1628 763 1671 806 e.
1721 743 1761 800 J
1778 761 2019 802 oanne
2064 764 2155 820 ap.
2200 744 2386 802 refert
2428 744 2492 803 in
2538 744 2572 802 l.
2618 745 2753 819 quis
2800 744 2966 804 dives

354 833 619 891 salvetur
649 852 704 892 n.
728 841 830 902 42,
864 835 926 890 et
956 851 1023 890 ex
1056 851 1123 891 eo
1153 832 1257 890 Eu
1275 851 1302 891 s
1320 832 1544 890 ebius
1578 833 1649 891 H.
1671 833 1734 893 E.
1759 833 1861 903 111,
1890 842 1986 895 23.
2020 833 2174 891 Hinc
2192 833 2351 891 enim
2363 833 2647 910 juvenem
2669 835 2966 910 quendam

347 922 669 981 sceleribus
699 925 876 997 atque
909 921 1234 980 latrociniis
1267 922 1550 980 famosum
1589 921 1663 979 ad
1707 921 2132 997 poenitentiam
2166 921 2429 993 adduxit,
2466 940 2616 992 ,nec
2629 923 2799 997 prius
2829 924 2964 982 abs-

348 1011 540 1079 cessit,
603 1030 778 1085 quam
844 1010 1021 1069 illum
1068 1010 1360 1069 Ecclesiae
1403 1011 1773 1069 restituisset
1817 1029 2218 1088 magnumque
2265 1011 2523 1071 sincerae
2562 1012 2966 1087 poenitentiae

345 1100 680 1176 exemplum
715 1103 776 1158 et
821 1100 1068 1158 iteratae
1099 1099 1565 1176 regenerationis
1594 1100 1810 1177 ingens
1843 1100 2264 1159 documentum
2295 1104 2356 1160 et
2386 1101 2735 1176 conspicuae
2765 1120 2965 1160 resur-

349 1190 632 1248 rectionis
666 1193 974 1265 tropaeum
1007 1188 1282 1248 omnibus
1314 1189 1732 1252 ostendisset‘

527 1293 594 1357 d.
644 1297 726 1354 De
771 1296 1014 1355 ecclesia
1060 1296 1527 1356 antiochena
1557 1295 1867 1372 judicetur
1911 1314 1981 1355 ex
2026 1296 2197 1371 epist.
2229 1314 2277 1354 s.
2314 1296 2533 1372 Ignatii
2566 1296 2637 1354 ad
2671 1296 2962 1372 philadel-

348 1386 640 1461 phienseS,
689 1386 752 1443 in
798 1404 915 1460 qua
960 1405 1015 1443 n.
1063 1396 1097 1447 3
1147 1385 1382 1444 scribit:
1436 1385 1765 1453 ,Omnibus
1801 1385 1988 1461 igitur
2018 1385 2467 1460 poenitentibus
2501 1385 2757 1444 remittit
2786 1387 2962 1456 Deus,

348 1477 399 1533 si
445 1494 507 1533 se
554 1477 902 1533 convertant
946 1474 1019 1531 ad
1066 1475 1346 1533 unionem
1377 1492 1513 1533 cum
1544 1474 1667 1532 Deo
1714 1477 1778 1533 et
1820 1474 1894 1532 ad
1939 1474 2409 1533 communionem
2443 1493 2576 1532 cum
2611 1475 2961 1550 episcopoz‘

348 1564 606 1622 remittit
636 1568 832 1621 autem
866 1563 1132 1637 profecto
1177 1582 1283 1638 per
1328 1581 1445 1633 eos,
1491 1563 1598 1637 qui
1644 1580 1751 1639 pro
1798 1562 1925 1638 ipso
1959 1563 2252 1640 legatione
2284 1562 2652 1640 funguntur;
2705 1582 2791 1622 ex.
2840 1583 2964 1628 can.

346 1657 538 1728 apost.
577 1662 687 1715 52:
739 1652 845 1721 ,Si
874 1652 1010 1727 quis
1043 1652 1359 1728 episcopus
1393 1657 1500 1711 aut
1531 1653 1845 1729 presbyter
1876 1671 2030 1721 eum,
2080 1653 2181 1726 qui
2231 1670 2292 1711 se
2323 1652 2616 1711 convertit
2644 1672 2679 1710 a
2709 1659 2963 1729 peccato,

346 1761 468 1801 non
502 1741 806 1817 receperit,
841 1741 943 1800 sed
974 1741 1230 1817 ejecerit,
1266 1741 1615 1817 deponatur,
1648 1740 1792 1818 quia
1821 1741 2138 1800 contristat
2157 1741 2452 1801 Christum
2474 1742 2766 1800 dicentem
2797 1739 2963 1822 (Luc.

358 1842 452 1899 15,
497 1828 630 1909 10):
682 1831 979 1889 Gaudium
1026 1831 1219 1890 oritur
1263 1833 1323 1887 in
1368 1832 1515 1889 coelo
1558 1850 1734 1906 super
1777 1850 1893 1888 uno
1927 1838 2226 1906 peccatore
2248 1833 2658 1907 poenitentiam
2690 1840 2960 1909 agentes‘

344 1938 499 1996 quae
531 1921 844 1994 desumpta
875 1924 1018 1978 suut
1048 1938 1115 1978 ex
1148 1921 1457 1978 constitut.
1492 1919 1830 1994 apostolicis
1863 1915 2003 2001 (sec.
2037 1917 2179 2001 Iv.)‚
2221 1939 2473 1995 quarum
2505 1939 2720 1997 magna
2751 1920 2870 1979 fuit
2900 1921 2964 1979 in

348 2009 607 2077 Oriente,
641 2008 991 2084 praesertim
1024 2010 1084 2067 in
1117 2008 1304 2085 Syria,
1337 2008 1678 2068 auctoritas,
1741 2008 1822 2072 Cf.
1855 2007 1930 2077 11,
1972 2019 2046 2072 12
2084 2027 2148 2078 s,
2183 2007 2287 2067 ubi
2319 2009 2477 2067 inter
2508 2009 2622 2067 alia
2654 2010 2966 2086 episcopus

348 2104 626 2157 monetur
657 2093 729 2179 (c.
760 2092 894 2178 14):
930 2138 956 2167 ,
974 2098 1167 2175 lgitur
1195 2097 1600 2174 poenitentem
1631 2098 1844 2173 recipe,
1878 2116 1985 2157 nec
2015 2103 2075 2156 te
2107 2098 2411 2156 ullatenus
2444 2098 2714 2156 dubitare
2747 2099 2966 2158 faciant

346 2192 455 2245 aut
486 2208 520 2246 a
549 2187 855 2263 proposito
886 2187 1209 2257 retrabant,
1253 2187 1359 2262 qui
1389 2187 1937 2246 immisericorditer
1967 2188 2192 2257 dicunt,
2225 2190 2344 2246 n‘on
2379 2190 2653 2262 oportere
2684 2208 2820 2247 cum
2851 2189 2962 2247 hu·

338 2276 609 2350 jusmodi
641 2276 1027 2352 coinquinari,
1074 2295 1267 2350 neque
1312 2277 1406 2335 vel
1452 2294 1720 2336 sermone
1765 2277 2213 2341 communicare.
2276 2276 2434 2335 Haec
2466 2277 2687 2352 quippe
2719 2277 2966 2337 consilia

350 2365 537 2424 Deum
571 2366 951 2441 divinamque
982 2365 1418 2441 providentiam
1450 2364 1853 2443 ignorantium
1889 2370 2033 2424 sunt
2076 2368 2138 2424 et
2169 2365 2462 2441 judicium
2499 2366 2731 2423 ratione
2761 2384 2963 2425 caren-

347 2453 502 2513 tium
535 2457 596 2513 et
626 2454 972 2513 immanium
1007 2454 1397 2517 belluarum.‘

527 2577 592 2624 e.
634 2561 817 2619 Alex
838 2561 1212 2620 andrinae
1258 2561 1534 2621 ecclesiae
1581 2562 1780 2638 praxis
1813 2561 2118 2638 colligitur
2148 2581 2216 2619 ex
2250 2563 2287 2624 1.
2321 2562 2639 2620 Hermae
2686 2563 2963 2636 pastoris,

350 2652 526 2728 cujus
560 2669 794 2710 summa
825 2650 886 2709 in
920 2650 1023 2709 illa
1055 2650 1300 2711 ecclesia
1330 2651 1448 2710 suit
1478 2650 1832 2722 auctoritas;
1879 2669 1948 2710 ex
1982 2650 2340 2729 Origene,
2377 2650 2481 2727 qui
2513 2669 2561 2712 c.
2592 2651 2826 2711 Celsum
2859 2651 2963 2722 III,

354 2751 425 2804 51
471 2740 707 2800 scribit:
759 2739 986 2809 ‚Quam
1020 2759 1223 2799 severa
1253 2745 1346 2799 est
1377 2740 1691 2817 disciplina
1721 2759 1862 2818 erga
1891 2744 2214 2816 peccantes,
2258 2741 2571 2817 praecipue
2604 2743 2964 2799 contamina·

350 2836 443 2888 tos
476 2829 742 2898 libidine,
777 2848 927 2904 quos
957 2849 989 2888 e
1022 2848 1130 2887 sua
1160 2829 1466 2904 republica
1495 2830 1688 2889 nostri
1719 2830 1985 2906 ejiciunt,
2034 2832 2097 2888 et
2124 2832 2323 2888 tamen
2355 2831 2772 2906 resipiscentes
2805 2831 2961 2889 haud

350 2938 523 2978 secus
556 2938 730 2993 quam
752 2918 1047 2976 redivivos
1067 2919 1362 2994 recipiunt
1380 2923 1518 2995 post
1536 2919 1865 2995 longiorem
1886 2917 2145 2977 melioris
2178 2921 2395 2979 mentis
2415 2920 2916 2996 approbationem.
2932 2926 2960 2957 ⁴

348 3007 520 3078 Quod
567 3009 619 3065 si
666 3026 928 3082 unquam
959 3007 1196 3066 horrida
1226 3008 1332 3066 illa
1375 3009 1571 3084 praxis
1617 3009 1677 3067 in
1723 3009 2005 3067 universa
2035 3009 2328 3084 viguisset
2355 3008 2636 3080 Ecclesia,
2688 3009 2761 3067 ad
2811 3009 2964 3068 hanc

345 3097 550 3174 potius
582 3100 952 3173 provocasset
982 3115 1088 3172 pro
1120 3096 1574 3156 demonstranda
1604 3098 1920 3157 severitate
1953 3099 2185 3155 nostrae
2218 3097 2584 3173 disciplinae.
2649 3097 2963 3174 Colligitur

348 3189 556 3245 nostra
584 3185 826 3244 assertio
859 3205 928 3243 ex
962 3203 1005 3243 s.
1041 3185 1413 3262 Dionysio
1445 3187 1610 3256 alex„
1658 3188 1764 3262 qui
1798 3187 1861 3244 in
1893 3205 1981 3261 ep.
2015 3185 2088 3244 ad
2119 3186 2412 3245 Canonem
2447 3182 2544 3269 (cf.
2575 3187 2960 3246 Eusebius

348 3275 420 3334 Η.
453 3275 516 3336 Ε.
549 3275 646 3344 VI,
685 3283 785 3338 42.
824 3285 935 3344 443
987 3274 1383 3351 Pitrajuris
1413 3275 1575 3335 eccli.
1608 3294 1695 3353 gr.
1728 3276 1773 3342 1,
1813 3279 1992 3352 546):
2044 3274 2198 3344 ,Qui
2232 3295 2370 3334 vero
2402 3276 2514 3334 sub
2547 3276 2772 3334 exitum
2806 3276 2961 3335 vitae

344 3364 608 3434 adducti,
656 3365 708 3422 si
754 3364 1062 3441 indigeant
1104 3364 1277 3423 venia
1320 3383 1566 3440 eamque
1598 3365 1875 3440 precibus
1905 3368 2225 3439 exposcant
2258 3364 2495 3423 concedi
2528 3410 2540 3423 .
2574 3411 2587 3423 .
2622 3410 2634 3423 .
2682 3384 2820 3424 sane
2865 3383 2963 3425 eos

348 3453 573 3511 dimitti
605 3452 825 3511 liberos
859 3453 966 3511 Dei
998 3453 1177 3530 digna
1208 3455 1418 3512 suadet
1450 3454 1662 3530 agendi
1693 3454 1846 3512 ratio
1879 3458 1941 3512 et
1971 3454 2366 3512 humanitas.‘

23 3606 396 3680 W
529 3573 582 3642 f.
628 3577 888 3635 Eandem
934 3577 1303 3653 disciplinam
1352 3577 1611 3655 viguisse
1662 3579 1724 3636 in
1776 3578 2038 3636 Gallia
2086 3581 2253 3654 patet
2299 3597 2367 3636 ex
2418 3578 2508 3646 iis,
2561 3597 2711 3653 quae
2761 3581 2963 3636 narrat

23 3705 332 3783 ,wo-1

349 3666 525 3725 Iren
636 3685 678 3723 u
682 3685 753 3752 ‘s-
752 3667 797 3736 1,
854 3676 927 3729 13
976 3666 1049 3725 de
1095 3668 1446 3726 mulieribus
1490 3671 1689 3725 mente
1721 3669 1784 3725 et
1815 3685 2054 3741 corpore
2087 3668 2382 3742 corruptis
2415 3687 2446 3725 a
2480 3669 2673 3726 Marco
2706 3667 2959 3726 haeresi-

345 3733 542 3827 arcfia,
575 3745 726 3831 quae
761 3755 1122 3815 confessione
1152 3757 1375 3814 crimen
1406 3775 1581 3814 suum
1600 3756 1947 3832 expiarunt3
1979 3761 2109 3814 tum
2142 3774 2210 3814 ex
2243 3756 2465 3833 insigni
2497 3756 2748 3832 epistola
2779 3757 2960 3815 eccle-

346 3845 469 3903 siae
502 3844 907 3903 viennensi
928 3863 954 3902 s
987 3848 1048 3902 et
1079 3845 1603 3921 lugdunensis
1636 3846 1708 3904 ad
1740 3845 2010 3903 ecclesias
2040 3845 2237 3916 Asiae,
2284 3865 2402 3920 qua
2433 3845 2618 3903 relata
2649 3844 2962 3921 subjungit

349 3933 735 3992 Eusebius
768 3933 835 4004 V,
886 3945 954 3996 3:
1003 3936 1242 4010 ,Atque
1285 3935 1428 3993 haec
1472 3934 1545 3992 de
1589 3935 1904 3993 beatorum
1936 3933 2177 3993 illorum
2210 3935 2423 3993 affectu
2456 3952 2596 4010 erga
2625 3952 2722 3992 eos
2753 3934 2962 3992 fratres

348 4021 444 4080 hic
479 4022 669 4098 posita
698 4022 819 4080 sint
848 4025 1092 4098 propter
1120 4040 1237 4093 eos,
1273 4023 1375 4099 qui
1407 4024 1732 4081 inhumano
1765 4023 2021 4098 quodam
2053 4029 2115 4082 et
2143 4023 2302 4081 truci
2335 4024 2529 4081 animo
2560 4022 2830 4098 praediti,
2869 4022 2958 4080 in-

344 4111 673 4171 clementer
701 4111 982 4170 adversus
1013 4111 1227 4170 Christi
1260 4111 1522 4171 membra
1553 4112 1929 4187 postmodum
1962 4112 2362 4172 saevierunt.‘

533 4219 803 4294 Denique
835 4234 903 4295 g.
936 4218 1008 4276 de
1042 4218 1284 4277 ecclesia
1313 4220 1663 4278 africana
1694 4221 1931 4277 constat
1960 4238 2028 4278 ex
2063 4219 2100 4278 1.
2134 4218 2621 4277 Tertulliani
2652 4218 2725 4276 de
2757 4219 2959 4294 poeni-

348 4307 558 4374 tentia,
592 4326 712 4382 quo
744 4308 901 4366 sicut
933 4326 1188 4366 omnes
1219 4310 1495 4367 hortatur
1525 4310 1596 4368 ad
1630 4308 2078 4384 poenitentiam,
2126 4309 2212 4366 ita
2256 4307 2532 4366 omnibus
2564 4327 2725 4383 spem
2757 4309 2962 4367 veniae

345 4396 517 4462 facit3
551 4397 614 4454 iu
646 4396 854 4472 primis
899 4415 969 4455 ex
999 4416 1177 4456 aurea
1208 4417 1298 4473 ep.
1337 4409 1414 4461 52
1451 4418 1493 4456 s.
1540 4398 1906 4473 Cypriani
1952 4397 2027 4454 ad
2057 4397 2480 4455 Antonianum.
2544 4396 2623 4459 Cf.
2674 4397 2847 4455 Orsi
2899 4397 2959 4454 in

347 4485 487 4548 diss.
521 4485 678 4556 hist„
728 4504 846 4560 qua
877 4486 1230 4555 ostenditur,
1266 4487 1614 4546 catholicam
1644 4487 1965 4547 Ecclesiam
1996 4486 2193 4544 tribus
2223 4487 2523 4562 prioribus
2556 4486 2770 4544 seculis
2803 4487 2960 4560 capi-

350 4574 559 4632 talium
594 4574 913 4633 criminum
944 4575 1058 4633 reis
1089 4593 1290 4650 pacem
1325 4580 1384 4634 et
1416 4576 1853 4635 absolutionem
1886 4575 2237 4650 neutiquam
2270 4575 2607 4652 denegasse,
2643 4575 2962 4633 Mediolani

359 4670 560 4733 17303
593 4664 848 4723 Collet
878 4664 916 4722 l.
949 4683 1026 4734 c.;
1073 4665 1416 4724 Morinus
1448 4667 1491 4736 Ι,
1530 4674 1609 4728 20
1647 4682 1754 4734 ss.;
1808 4665 2053 4722 Frank
2084 4664 2517 4741 Bussdisciplin
2549 4664 2645 4734 IV,
2686 4675 2752 4734 13
2785 4664 2853 4733 V,
2893 4676 2960 4734 73

346 4753 715 4812 Palmieri
746 4753 892 4812 thes,
928 4764 983 4816 9.

2537 4860 2627 4908 28·

3024 2214 3053 2341 Ι
3108 2154 3513 2347 εἴκω

3119 2378 3513 2449 lca-aw-
