3538 5364
1246 296 1728 349 sacramentorum
1759 293 2099 366 septenario.
2848 304 2972 368 261

362 477 503 540 dem
535 478 789 541 ratione
823 475 1226 540 inserendum
1258 482 1372 550 est,
1406 481 1539 539 tam
1560 474 1937 550 catholicos
1972 493 2166 557 quam
2187 476 2629 539 schismaticos
2650 494 2797 541 eam
2816 477 2978 541 hau-

364 584 523 647 sisse
555 600 639 647 ex
671 582 851 647 fonte
884 583 1230 658 communi,
1261 601 1340 647 ex
1371 582 1656 648 Ecclesia
1702 584 1970 648 matrice
2002 600 2126 649 sec.
2158 583 2232 648 V.
2266 591 2331 649 et
2362 585 2479 660 lv„
2527 604 2567 649 a
2613 603 2742 668 qua
2774 586 2978 649 schis-

365 691 578 755 matici
610 690 763 756 facti
795 697 946 754 sunt
976 690 1136 754 rami
1169 688 1492 777 praecisi.[;
1523 688 1710 769 Quod
1756 689 1813 753 si
1845 689 2127 754 Ecclesia
2150 691 2286 772 jam
2320 708 2445 756 sec.
2479 692 2552 755 V.
2586 699 2650 756 et
2680 691 2777 756 1V.
2809 692 2980 756 hanc

363 797 785 878 profitebatur
815 797 1024 874 tidem,
1057 798 1176 862 etsi
1208 816 1340 861 non
1373 797 1627 874 diserte,
1660 815 1729 861 re
1751 797 1893 880 ipsa
1924 803 2143 862 tamen
2175 798 2572 864 admittendo
2605 800 2854 880 singula
2872 817 2980 864 sa-

362 912 729 969 cramenta:
763 923 845 970 ea
874 912 1047 970 certe
1079 923 1210 968 non
1243 911 1341 969 est
1374 905 1686 986 apostolis
1718 905 2060 982 recentior,
2102 923 2249 968 cum
2281 904 2567 969 Ecclesia
2596 905 2760 970 illius
2791 924 2981 988 prae-

363 1011 581 1074 sertim
615 1013 927 1093 temporis
959 1017 1055 1075 tot
1085 1011 1389 1075 decorata
1419 1011 1811 1094 martyribus
1863 1018 2059 1093 atque
2104 1012 2350 1077 eximiis
2402 1014 2453 1074 si
2506 1030 2788 1094 unquam
2840 1014 2981 1077 illu-

364 1124 568 1181 strata
600 1118 994 1191 doctoribus
1029 1118 1375 1182 admodum
1420 1127 1593 1182 esset
1639 1124 1831 1182 tenax
1881 1117 2287 1200 antiquitatis
2332 1118 2765 1201 novitatisque
2796 1138 2981 1185 aver-

362 1226 580 1288 satrix.
645 1225 861 1306 Quare
893 1223 1232 1290 manifesto
1266 1224 1514 1289 obtinet
1544 1225 1649 1288 hic
1680 1224 2123 1305 Augustini
2155 1224 2236 1290 de
2267 1225 2440 1307 bapt.
2462 1224 2562 1302 IV,
2585 1231 2669 1293 24
2691 1226 2981 1290 axioma:

372 1330 592 1410 ‚Quod
629 1333 935 1398 universa
966 1339 1143 1398 tenet
1162 1331 1463 1407 Ecclesia,
1498 1351 1617 1396 nec
1638 1331 1928 1396 conciliis
1950 1333 2324 1407 institutum,
2358 1333 2471 1397 sed
2492 1351 2749 1413 semper
2767 1339 2983 1399 reten-

365 1446 496 1502 tum
531 1445 663 1513 est,
686 1440 941 1504 nonnisi
975 1439 1363 1504 auctoritate
1397 1439 1759 1520 apostolica
1792 1440 2101 1503 traditum
2130 1440 2485 1504 rectissime
2519 1437 2854 1504 creditur.«

539 1548 609 1613 3.
645 1544 816 1611 Sane
849 1564 1307 1628 supponamus
1341 1545 1466 1609 hoc
1500 1546 1735 1625 dogma
1764 1562 1898 1608 non
1933 1564 2073 1611 esse
2112 1545 2374 1626 originis
2408 1546 2833 1627 apostolicae:
2867 1546 2985 1609 erit

363 1672 538 1733 ergO,
556 1660 628 1717 ut
647 1654 1046 1718 contendunt
1062 1659 1515 1735 protestantes
1550 1652 1627 1715 in
1644 1672 1686 1716 n
1703 1670 1742 1714 ο
1758 1669 1799 1713 v
1821 1670 1860 1715 a
1879 1658 1904 1715 t
1920 1651 1994 1716 io
2027 1652 2311 1716 humana
2331 1659 2525 1733 atque
2546 1653 2816 1733 proinde
2836 1652 2980 1716 fidei

364 1760 761 1840 apostolicae
803 1761 1145 1841 corruptio.
1209 1759 1402 1842 Atqui
1451 1780 1513 1829 a.
1566 1759 1776 1822 omnis
1829 1759 2259 1823 innovationis
2306 1757 2370 1821 in
2415 1759 2556 1835 fide,
2604 1759 2833 1823 saltem
2865 1757 2982 1822 ali-

364 1866 544 1947 cujus
579 1867 908 1941 momenti,
942 1866 1181 1929 scimus
1200 1872 1521 1948 parenteS,
1540 1866 1837 1947 patriam,
1861 1883 2102 1929 annum
2122 1866 2498 1940 nativitatis,
2520 1866 2822 1947 adjuncta
2843 1873 2982 1943 etc.,

367 1984 434 2038 ut
467 1973 841 2038 inductione
873 1978 1159 2038 constat:
1191 1990 1343 2052 ergo
1377 1973 1540 2035 haec
1571 1974 1790 2036 omnia
1825 1972 2143 2038 sciremus
2174 1972 2370 2038 etiam
2402 1972 2481 2037 de
2511 1974 2636 2036 hac
2667 1972 2983 2050 doctrina,

361 2083 412 2143 si
446 2098 677 2144 revera
709 2086 882 2144 esset
915 2079 1245 2145 inventum
1278 2078 1649 2142 humanum.
1684 2076 1811 2142 Sed
1834 2078 1987 2142 nihil
2007 2079 2246 2142 horum
2265 2079 2515 2142 scimus.
2550 2079 2692 2144 Non
2714 2086 2810 2145 est
2829 2097 2982 2160 ergo

365 2188 709 2269 persuasio
743 2187 825 2252 de
857 2204 1127 2251 numero
1149 2192 1705 2251 sacramentorum
1736 2186 2069 2252 inventum
2088 2186 2457 2249 humanum.
2491 2187 2588 2250 Ad
2612 2185 2773 2250 haec
2796 2189 2863 2257 b.
2884 2187 2983 2250 in-

364 2286 522 2357 duci
547 2314 681 2359 non
713 2295 924 2376 potuit
963 2295 1106 2359 fidei
1141 2301 1205 2359 et
1238 2293 1456 2375 praxis
1490 2294 1882 2359 christianae
1912 2295 2256 2376 corruptiO,
2287 2294 2441 2376 quin
2471 2302 2986 2359 commoveretur

364 2402 675 2478 Ecclesia,
721 2404 1154 2468 excitarentur
1197 2408 1437 2485 patreS,
1485 2401 1915 2467 reclamarent
1947 2401 2249 2483 episcopi,
2300 2408 2681 2481 cogerentur
2712 2402 2984 2466 concilia

363 2516 561 2589 atque
592 2516 974 2590 sequeretur
1005 2509 1437 2574 innovationis
1470 2509 1820 2583 damnatiO,
1869 2515 1939 2573 ut
1985 2509 2214 2573 iterum
2258 2508 2627 2572 inductione
2659 2509 2986 2573 luculenta

366 2615 654 2679 omnium
677 2616 808 2681 fere
827 2615 1193 2681 seculorum
1215 2615 1712 2699 comprobatur:
1737 2634 1947 2699 eoque
1969 2615 2172 2697 magis
2191 2622 2416 2680 secuta
2431 2621 2602 2679 esset
2616 2615 2985 2691 commotiO,

364 2723 539 2803 quod
574 2730 879 2803 ageretur
900 2723 980 2787 de
998 2741 1070 2787 re
1089 2725 1308 2804 magni
1328 2724 1652 2800 momenti,
1675 2724 1988 2804 practica,
2008 2723 2400 2807 quotidiana,
2436 2741 2477 2786 a
2495 2740 2625 2805 qua
2642 2723 2984 2803 plurimum

363 2831 602 2911 pendet
631 2832 766 2894 vita
798 2831 1171 2905 christiana,
1203 2829 1527 2895 Ecclesiae
1560 2830 1900 2911 disciplina
1934 2837 2267 2913 totumque
2301 2831 2437 2912 ejus
2458 2829 2902 2904 ministerium,
2922 2837 2986 2894 et

365 2937 625 3019 quidem
656 2938 720 3000 in
754 2944 944 3002 coetu
977 2936 1391 3018 amplissimo.
1427 2934 1604 3002 Sicut
1641 2937 1811 3002 enim
1844 2955 2077 3019 corpus
2097 2938 2471 3018 organicum
2490 2938 2703 3000 vivum
2726 2943 2985 3000 contur-

365 3046 560 3108 batur
593 3051 659 3110 et
691 3052 1156 3120 commovetur,
1191 3045 1247 3108 si
1278 3046 1344 3108 in
1375 3063 1445 3109 se
1479 3046 1793 3127 receperit
1827 3064 2142 3109 venenum
2189 3046 2289 3111 vel
2333 3046 2525 3110 aliam
2558 3045 2986 3109 substantiam

365 3151 652 3225 noxiam,
683 3150 890 3217 donec
910 3151 1063 3215 illud
1083 3152 1438 3217 evomuerit
1454 3151 1556 3215 vel
1578 3151 1856 3232 ejecerit,
1878 3158 1943 3215 et
1962 3169 2040 3216 eo
2061 3152 2503 3217 vehementior
2523 3158 2621 3216 est
2642 3151 2988 3232 organismi

367 3258 741 3333 ‹xommotiQ
773 3276 900 3340 quo
932 3275 1166 3340 corpus
1199 3265 1297 3323 est
1328 3258 1672 3339 perfectius
1724 3265 1790 3323 et
1838 3259 2076 3334 sanius,
2127 3266 2192 3322 et
2241 3277 2368 3341 quo
2415 3277 2734 3324 venenum
2784 3258 2987 3339 magis

366 3364 666 3427 noxium:
717 3365 809 3430 ita
840 3383 881 3427 a
924 3365 1110 3428 simili
1142 3363 1443 3439 Ecclesia,
1476 3385 1606 3447 quo
1639 3364 1980 3446 perfectior
2011 3366 2150 3446 ejus
2171 3372 2269 3430 est
2288 3366 2435 3440 vita,
2469 3384 2548 3432 eo
2582 3365 2784 3445 magis
2806 3384 2986 3430 com-

368 3478 687 3549 movetur,
703 3472 757 3535 si
775 3472 990 3554 aliqua
1010 3472 1341 3536 innovatio
1363 3471 1558 3536 afficit
1580 3472 1719 3555 ipsa
1740 3472 1797 3553 ej
1806 3492 1879 3535 us
1900 3471 2333 3548 fundamenta,
2353 3490 2519 3554 quae
2541 3472 2665 3538 lide
2686 3474 2749 3536 in
2767 3472 2988 3555 primis

365 3579 796 3643 continentur.
830 3577 1012 3644 Unde
1032 3577 1082 3642 P
1096 3586 1307 3644 etrus
1327 3598 1466 3643 ven.
1488 3579 1807 3644 rationem
1829 3579 2104 3643 reddens
2125 3597 2282 3643 suae
2303 3579 2738 3643 translationis
2757 3580 2987 3644 haere-

369 3685 453 3748 sis
487 3703 948 3751 saracenorum
981 3687 1333 3751 inlatinum
1355 3686 1477 3772 (Mi
1495 3706 1547 3767 g.
1577 3692 1720 3761 189,
1744 3688 1934 3772 650):
1976 3686 2155 3759 „Fuit
2189 3686 2252 3749 in
2275 3685 2397 3750 hoc
2418 3704 2630 3767 opere,
2652 3686 2872 3767 inquit,
2889 3686 2987 3748 in-

369 3793 568 3858 tentio
602 3810 767 3869 mea,
799 3800 874 3857 ut
908 3812 1155 3858 morem
1188 3793 1366 3857 illum
1387 3801 1643 3877 patrum
1665 3811 1987 3875 sequerer,
2007 3812 2135 3874 quo
2156 3792 2399 3856 nullam
2419 3811 2702 3875 unquam
2722 3810 2989 3856 suorum

371 3906 731 3980 temporum
760 3900 862 3964 vel
892 3901 1298 3976 levissimam,
1346 3907 1416 3964 ut
1446 3900 1538 3964 sic
1571 3900 1802 3976 dicam,
1848 3900 2167 3964 haeresim
2212 3900 2456 3965 silendo
2503 3899 2987 3981 praeterierunt,

369 4005 518 4086 quin
550 4006 610 4069 ei
641 4006 796 4070 totis
827 4005 975 4071 fidei
1008 4006 1251 4071 viribus
1281 4007 1671 4084 resisterent,
1706 4014 1771 4071 et
1790 4008 2039 4088 scriptis
2074 4015 2268 4089 atque
2288 4006 2826 4088 disputationibus
2846 4024 2989 4071 esse

367 4111 820 4176 detestandam
850 4131 928 4177 ac
966 4114 1399 4179 damnabilem
1430 4114 2002 4179 demonstrarent‘
2056 4114 2255 4194 Hujus
2288 4120 2506 4178 autem
2538 4113 2988 4177 commotionis

369 4218 609 4282 nullum
641 4221 999 4301 vestigium,
1033 4222 1208 4285 nulla
1241 4221 1471 4285 umbra
1502 4222 1567 4284 in
1600 4222 1905 4286 universa
1938 4221 2349 4303 antiquitate:
2398 4239 2477 4284 ea
2509 4221 2781 4302 primum
2815 4220 2988 4284 ince-

368 4327 473 4405 pit,
506 4343 656 4390 cum
689 4334 1035 4391 novatores
1067 4346 1193 4393 sec.
1226 4327 1387 4392 XVI.
1421 4334 1979 4392 sacramentorum
2012 4326 2381 4392 minuerent
2410 4345 2768 4391 numerum.
2802 4325 2987 4405 Quod

369 4432 420 4494 si
453 4451 518 4500 c.
550 4434 716 4497 haec
749 4433 906 4500 fides
940 4441 1113 4500 esset
1145 4435 1476 4499 innovatio
1509 4453 1635 4499 sec.
1657 4434 1803 4507 X11.,
1825 4452 1991 4517 quae
2010 4435 2245 4499 sensim
2270 4441 2334 4498 et
2352 4434 2713 4497 clanculum
2734 4434 2988 4497 nemine

369 4538 746 4604 advertente
781 4540 1016 4605 invasit
1048 4549 1113 4607 et
1145 4542 1428 4623 pervasit
1460 4542 1835 4606 universam
1868 4542 2216 4605 Ecclesiam
2248 4541 2532 4617 latinam,
2555 4540 2878 4622 quomodo
2911 4557 2988 4605 ea

369 4645 604 4711 invasit
635 4652 700 4712 et
731 4649 1020 4728 pervasit
1052 4655 1278 4713 coetus
1309 4649 1756 4713 schismaticos
1790 4646 2083 4724 OrientiS,
2127 4646 2449 4713 Ecclesiae
2480 4665 2790 4712 romanae
2824 4646 2987 4710 adeo

365 4751 679 4817 infestos?
713 4760 776 4818 et
809 4755 863 4816 si
894 4754 960 4817 hi
993 4756 1228 4818 clausis
1262 4754 1462 4819 oculis
1512 4756 1594 4819 ab
1644 4756 2146 4821 occidentalibus
2205 4756 2372 4818 hanc
2419 4761 2791 4818 mutuarunt
2840 4774 2989 4818 sen-
