3538 5364
1168 236 1371 292 Mortis
1395 236 1555 294 notio
1583 240 1642 293 et
1666 237 2091 295 universalitas.
2811 212 2940 312 593

317 419 408 484 Ea
432 424 661 484 *autem
693 419 1036 501 opponitur
1085 419 1257 484 vitae
1303 417 1622 502 hujusque
1674 420 2043 485 continetur
2091 406 2479 485 cessatione:
2529 438 2730 504 quare
2777 418 2945 485 sicut

319 525 550 608 triplex
598 526 666 589 in
712 525 935 608 primis
983 525 1392 607 distinguitur
1439 526 1591 604 vita,
1622 526 1716 591 ita
1751 527 1949 592 etiam
1999 526 2369 610 triplicis
2418 528 2646 592 mortis
2695 527 2938 593 mentio

318 632 596 723 occurrit
624 632 692 695 in
722 631 953 696 divinis
972 631 1188 697 literis.
1222 629 1447 697 Sermo
1482 633 1654 698 enim
1686 640 1786 699 est
1815 633 1896 698 de
1926 633 2061 698 vita
2091 633 2429 715 gloriae,
2459 635 2564 699 cui
2594 634 2940 717 opponitur

311 738 758 816 damnati0,
790 739 1082 821 perditio,
1112 756 1288 803 mors
1307 739 1611 817 secunda,
1628 757 1806 803 mors
1838 747 2131 817 aeterna;
2177 740 2257 805 de
2287 740 2424 805 vita
2453 740 2727 822 gratia
2746 759 2801 819 e,
2835 741 2938 805 cui

312 845 663 928 opponitur
703 851 1138 928 peccatum
1184 863 1397 926 grave,
1440 846 1613 929 quod
1664 846 1895 912 dicitur
1941 865 2119 912 mors
2151 846 2427 924 animae,
2457 847 2730 930 ideoque
2762 867 2937 913 mor-

317 953 463 1018 tale.
526 951 911 1034 Plerumque
959 970 1114 1017 vero
1157 952 1331 1018 vitae
1377 955 1637 1018 nomine
1688 951 2059 1036 intelligitur
2106 954 2240 1019 vita
2289 948 2722 1033 naturalis,
2773 974 2942 1039 quae

312 1065 531 1125 cessat
579 1058 1150 1125 dissolutione
1198 1059 1454 1124 unionis
1503 1060 1762 1125 animae
1809 1079 1957 1125 cum
2000 1078 2288 1144 corpore.
2349 1060 2488 1125 Hoc
2516 1079 2712 1144 porro
2743 1081 2941 1128 sensu

315 1185 490 1231 mors
511 1165 841 1249 multiplici
860 1184 1125 1249 prorsus
1143 1167 1340 1231 modo
1361 1167 1741 1247 designatur
1775 1168 1842 1233 in
1875 1169 2104 1233 divinis
2135 1168 2338 1234 literis
2353 1169 2434 1256 ¹):
2465 1189 2527 1238 a.
2559 1173 2630 1233 ut
2658 1168 2940 1251 sequela,

316 1292 532 1357 poena
562 1280 629 1341 et
656 1274 901 1339 fructus
944 1274 1212 1357 peccati,
1258 1275 1421 1356 opus
1471 1273 1714 1339 diaboli
1742 1274 1927 1340 Joan.
1961 1279 2020 1353 8,
2057 1279 2162 1353 44,
2195 1293 2392 1358 quam
2423 1274 2594 1340 Deus
2625 1293 2759 1339 non
2789 1274 2942 1341 fecit

317 1378 468 1464 Sap.
507 1387 562 1460 1,
599 1385 713 1456 133
745 1381 1040 1446 inimicus
1072 1380 1307 1447 Christi
1339 1380 1422 1444 ab
1455 1400 1535 1447 eo
1564 1381 1920 1446 vincendus
1956 1386 2010 1450 1.
2045 1380 2187 1446 Cor.
2223 1384 2324 1458 15,
2346 1387 2448 1452 26.
2471 1386 2557 1451 54
2577 1401 2658 1459 s.;
2693 1382 2761 1452 b.
2783 1381 2939 1469 (for-

315 1482 591 1575 maliter)
626 1495 697 1553 ut
727 1487 1061 1552 dissolutio
1093 1486 1251 1555 Phil.
1289 1492 1343 1564 1,
1377 1492 1496 1563 23;
1548 1487 1862 1569 depositio
1896 1487 2294 1553 tabernaculi
2325 1486 2645 1554 terrestris
2679 1493 2737 1558 2.
2771 1487 2937 1554 Petr.

324 1600 377 1671 1,
416 1599 513 1663 13.
553 1600 665 1671 143
700 1602 757 1665 2.
792 1592 933 1659 Cor.
966 1597 1028 1672 5,
1066 1600 1135 1671 13
1182 1614 1245 1665 c.
1276 1595 1528 1661 ratione
1558 1593 1750 1672 vitae,
1798 1612 1994 1678 quam
2025 1595 2385 1675 exstinguit,
2427 1602 2497 1660 ut
2539 1594 2684 1659 finis
2715 1595 2939 1661 Matth.

321 1708 422 1779 10,
456 1707 573 1779 223
607 1701 789 1785 quies
821 1701 1020 1784 Apoc.
1054 1707 1157 1779 14,
1194 1708 1307 1778 133
1355 1701 1568 1767 exitus
1599 1700 1790 1766 Hebr.
1827 1709 1927 1779 13.
1962 1706 2034 1778 7;
2082 1702 2152 1772 (1.
2183 1702 2435 1767 ratione
2464 1702 2636 1766 vitae
2669 1700 2943 1778 futurae,

312 1826 483 1892 quae
513 1807 690 1873 illam
720 1809 972 1890 excipit,
1004 1815 1079 1873 ut
1105 1809 1212 1873 via
1239 1809 1370 1874 Jos.
1404 1815 1507 1887 23,
1548 1814 1658 1885 143
1691 1809 1813 1873 iter
1845 1806 1993 1890 Sap.
2028 1813 2088 1886 3,
2124 1811 2199 1885 2;
2229 1808 2660 1891 peregrinatio
2696 1813 2755 1877 2.
2791 1807 2940 1874 Cor.

314 1921 378 1992 5.
407 1922 452 1985 4
481 1935 531 1979 s.
564 1915 727 2003 (dies
758 1916 989 1980 natalis
1022 1933 1063 1980 a
1094 1915 1443 2003 patribus);
1477 1935 1538 1985 e.
1573 1917 1828 1981 ratione
1857 1915 2110 1981 futurae
2143 1916 2629 1981 resurrectionis
2661 1922 2735 1981 ut
2753 1935 2933 1980 som-

315 2042 455 2101 nuS,
488 2022 786 2087 dormitio
819 2022 1002 2088 Deut.
1035 2028 1139 2100 31,
1177 2016 1259 2092 16
1290 2029 1443 2099 etc.;
1474 2023 1727 2088 ratione
1759 2023 1901 2105 ejus
1932 2023 2004 2100 12,
2037 2021 2211 2106 quod
2240 2027 2392 2104 post
2422 2040 2570 2086 eam
2602 2023 2933 2104 contingit,

316 2136 388 2193 ut
418 2130 659 2195 reditus
692 2130 757 2193 in
787 2130 1117 2212 pulverem
1150 2128 1304 2195 Gen.
1340 2136 1401 2206 3,
1440 2136 1551 2206 10;
1588 2128 1883 2194 collectio
1916 2130 2000 2194 ad
2029 2137 2250 2212 patres
2283 2129 2375 2216 (in
2405 2128 2482 2194 V.
2513 2129 2608 2216 T.)
2643 2127 2800 2194 Gen.
2838 2133 2937 2206 15,

324 2241 436 2313 15;
470 2236 716 2301 reditus
748 2235 831 2299 ad
862 2235 1066 2301 Deum
1097 2235 1259 2300 Eccl.
1299 2239 1397 2314 12,
1435 2242 1491 2303 7.
1555 2233 1825 2300 Omissis
1870 2236 2165 2301 absurdis
2196 2235 2586 2320 quibusdam
2616 2237 2697 2302 de
2727 2241 2936 2301 morte

316 2343 657 2420 erroribus,
710 2344 874 2407 tria
922 2343 1002 2407 de
1034 2360 1115 2407 ea
1145 2349 1295 2407 sunt
1327 2342 1638 2408 tenenda:
1690 2342 1755 2410 l.
1809 2360 1957 2407 eam
2004 2343 2253 2425 peccati
2301 2360 2445 2407 esse
2494 2343 2937 2426 sequelam,

318 2468 448 2533 qua
479 2450 559 2515 de
589 2468 660 2514 re
693 2451 936 2531 egimus
967 2450 1108 2514 t.·2lI.
1142 2468 1201 2513 n.
1238 2453 1400 2526 336;
1432 2451 1501 2518 2.
1533 2449 2098 2515 universalem
2128 2455 2193 2515 et
2224 2451 2291 2518 3.
2325 2467 2473 2514 eam
2504 2449 2938 2514 terminum

318 2557 650 2638 imponere
678 2557 877 2622 statui
907 2556 1067 2623 viae.
1129 2558 1401 2622 Mortem
1450 2574 1683 2623 revera
1728 2575 1872 2622 esse
1916 2552 2345 2622 universalem
2392 2555 2775 2639 probatione
2806 2575 2942 2620 non

317 2663 571 2745 indiget„

503 2802 648 2858 638.
680 2793 999 2864 Quaeritur
1028 2798 1245 2866 tamen,
1278 2813 1418 2854 num
1449 2796 1540 2853 lea:
1571 2796 1780 2853 mortis
1812 2795 2033 2853 nuaam
2063 2792 2335 2853 admittat
2365 2795 2756 2868 exceptionem.
2813 2793 2936 2851 Du-

320 2881 487 2942 bium
530 2879 593 2944 l.
625 2882 821 2942 oritur
853 2883 927 2943 ob
959 2883 1146 2942 Elium
1181 2886 1241 2942 et
1272 2883 1530 2953 Henoch‚
1579 2901 1731 2960 quos
1766 2883 2074 2959 Scriptura
2103 2888 2368 2942 mortuos
2399 2901 2519 2941 non
2551 2900 2679 2941 esse
2710 2881 2941 2941 innuit:

321 2973 468 3032 Fide
498 2971 730 3031 Henoch
761 2974 1080 3031 translatus
1108 2979 1226 3047 est,
1274 2992 1345 3031 ne
1387 2973 1600 3031 videret
1646 2980 1887 3030 mortem
1920 2972 2099 3032 Hebr.
2139 2983 2234 3043 11,
2274 2983 2305 3035 5
2342 2973 2451 3033 col.
2484 2982 2521 3034 4
2557 2971 2695 3049 Reg.
2732 2980 2787 3042 2,
2831 2982 2900 3034 ll
2928 2993 2941 3042 ;

323 3062 540 3126 clarius
571 3067 709 3120 'vero
741 3062 991 3120 tradunt
1022 3064 1237 3137 patreS.
1269 3061 1502 3130 ,Elium
1534 3064 1595 3120 et
1627 3061 1888 3131 Henoch,
1922 3061 2124 3136 inquit
2155 3061 2655 3137 Augustinus
2686 3060 2759 3119 de
2790 3077 2946 3136 pecc.

323 3151 469 3228 orig.
500 3151 576 3221 H,
622 3159 727 3220 24,
774 3169 895 3209 non
939 3150 1284 3210 dubitamus
1328 3152 1392 3209 in
1435 3151 1657 3226 quibus
1689 3151 1820 3209 nati
1854 3153 1999 3208 sunt
2030 3150 2372 3226 corporibus
2403 3151 2660 3213 vivere.‘
2725 3149 2945 3209 Verum

323 3240 525 3316 plnres
556 3241 755 3315 patres
787 3244 848 3299 et
877 3240 1140 3316 theologi
1172 3240 1364 3298 innixi
1397 3241 1575 3314 Apoc.
1616 3251 1713 3310 11,
1751 3250 1786 3302 3
1823 3257 1938 3297 ss.:
1981 3238 2058 3298 Et
2088 3239 2237 3299 dabo
2266 3239 2487 3299 duobus
2517 3239 2750 3298 testibus
2780 3239 2937 3315 meis,

323 3336 375 3387 et
409 3328 835 3405 prophetabunt
873 3329 1071 3387 diebus
1102 3330 1255 3387 mille
1284 3330 1544 3387 ducentis
1571 3331 1876 3406 sexayinta
1907 3330 2106 3386 amicti
2135 3330 2319 3387 saccis
2351 3373 2363 3386 .
2398 3372 2416 3386 .
2446 3371 2459 3385 .
2509 3329 2588 3387 Et
2636 3347 2766 3388 cum
2808 3329 2945 3402 fini-

323 3419 473 3476 erint
502 3419 886 3477 testimonium
925 3437 1110 3495 suum,
1165 3418 1362 3494 bestia,
1415 3437 1559 3494 quae
1605 3419 1860 3476 ascendit
1903 3418 1972 3476 de
2017 3417 2239 3493 abysso,
2292 3418 2464 3491 faciet
2508 3418 2813 3476 adversum
2856 3436 2948 3475 eos

324 3508 548 3583 beilum,
584 3514 633 3564 et
664 3509 841 3565 vincet
871 3509 997 3566 ilios
1029 3515 1077 3565 et
1109 3509 1317 3566 occidet
1346 3526 1459 3607 ιω,
1506 3510 1765 3576 censent,
1816 3523 1916 3564 eos
1959 3504 2021 3564 in
2053 3506 2170 3564 fine
2200 3505 2411 3564 mundi
2444 3524 2575 3564 esse
2606 3506 2944 3565 morituros.

324 3596 479 3654 Hinc
501 3599 624 3671 jam
658 3595 1218 3655 Tertullianus
1250 3596 1323 3654 de
1354 3596 1550 3654 anima
1581 3613 1628 3653 c.
1658 3607 1723 3657 1.
1761 3594 1928 3663 ,Nec
1948 3614 2106 3653 mors
2125 3614 2330 3653 eorum
2352 3597 2587 3670 reperta
2616 3597 2726 3665 est,
2759 3594 2962 3652 dilata·

326 3685 567 3756 scilicet,
602 3688 862 3744 ceterum
894 3686 1173 3745 morituri
1205 3688 1599 3754 reservantur,
1649 3687 1722 3743 ut
1764 3685 2189 3743 antichristum
2226 3682 2519 3796 sanguine
2566 3701 2676 3742 suo
2721 3683 2943 3741 exstin-

326 3778 575 3851 gaunt}
638 3773 718 3835 ef.
753 3774 1134 3851 Stentrup
1166 3775 1253 3832 th.
1293 3785 1435 3837 160.

503 3895 570 3962 2.
605 3898 869 3958 Dubium
903 3899 1069 3959 aliud
1099 3901 1292 3959 oritur
1322 3919 1392 3959 ex
1424 3899 1624 3958 verbis
1656 3898 1828 3957 Pauli
1865 3909 1918 3961 1.
1950 3897 2150 3956 Thess.
2185 3908 2242 3968 4,
2282 3908 2360 3961 14
2396 3915 2505 3960 ss.:
2554 3896 2694 3972 Nos,
2737 3896 2919 3972 quim
2922 3927 2948 3938 -

334 3989 542 4063 vimus,
570 3979 673 4064 ¹qui
705 3991 926 4047 residui
954 4009 1156 4048 sumus
1187 3991 1250 4048 in
1282 3990 1587 4048 adventum
1621 3989 1884 4063 Domini,
1920 4005 2033 4045 non
2059 3989 2496 4062 praeveniemus
2527 4004 2639 4060 eos,
2684 3986 2784 4061 qui
2813 3985 2950 4041 dor-

331 4077 581 4135 mierunt
613 4121 626 4135 .
661 4121 673 4132 .
710 4120 722 4132 .
768 4085 819 4136 et
863 4081 1096 4154 mortui,
1143 4080 1245 4157 qui
1288 4081 1350 4137 in
1386 4078 1615 4138 Christo
1646 4084 1803 4153 sunt,
1843 4083 2141 4152 resuryent
2161 4078 2388 4151 primi:
2433 4076 2634 4134 deinde
2678 4093 2801 4149 nos,
2849 4074 2948 4149 qui

329 4167 586 4242 vivimus,
636 4168 738 4243 qui
781 4169 1184 4244 relinquimur,
1231 4168 1408 4228 simul
1452 4170 1761 4244 rapiemur
1792 4185 1923 4225 cum
1952 4166 2070 4223 iliis
2099 4167 2162 4223 in
2193 4165 2436 4224 nubibus
2465 4165 2686 4224 obviam
2722 4162 2952 4220 Christo

332 4256 396 4312 in
426 4261 569 4313 ae‘ra
583 4276 614 4327 ,·
644 4254 709 4313 in
740 4257 948 4331 primis
979 4276 1049 4317 ex
1092 4268 1141 4319 1.
1175 4257 1304 4316 Cor.
1346 4267 1441 4327 15,
1481 4267 1555 4320 51
1599 4252 1957 4339 (seeundum
1987 4257 2216 4313 textum
2248 4250 2583 4335 graecum):
2620 4248 2852 4322 Πάντες
2886 4245 2954 4313 οἰ)

556 4475 591 4541 ι)
620 4471 701 4525 De
729 4488 794 4526 ea.
822 4471 1116 4543 ingeniose
1145 4471 1479 4540 utiliterque
1508 4469 1806 4525 disserunt
1829 4472 2040 4540 patres,
2066 4473 2134 4522 ut
2158 4469 2335 4537 Chry
2349 4486 2415 4523 so
2428 4470 2684 4524 stomus
2707 4466 2858 4521 hom.
2887 4472 2961 4522 34

333 4551 398 4606 i‘n
422 4551 627 4606 Matth.
657 4570 714 4607 n.
742 4560 776 4608 4
802 4570 869 4613 s.;
902 4551 949 4606 G
965 4570 994 4606 r
1010 4569 1039 4606 e
1055 4570 1141 4623 go
1157 4552 1277 4606 riu
1295 4569 1320 4605 s
1346 4569 1498 4620 nyss.
1521 4568 1601 4604 or.
1632 4550 1695 4604 in
1722 4552 1904 4604 funus
1927 4547 2190 4604 Pulcher.
2216 4551 2370 4621 (opp.
2397 4549 2466 4611 ΙΙ,
2492 4550 2649 4620 955);
2689 4546 2746 4607 Μ
2762 4563 2791 4601 e
2807 4546 2886 4600 th
2904 4563 2960 4601 o-

336 4629 372 4686 d
388 4632 411 4687 i
430 4651 469 4687 u
487 4651 512 4686 s
538 4632 609 4686 de
634 4648 838 4687 resurr.
867 4650 925 4687 n.
950 4641 986 4689 4
1011 4651 1078 4687 ss.
1107 4632 1184 4706 (M
1203 4632 1277 4704 ig
1292 4651 1330 4685 n
1346 4649 1376 4685 e
1404 4633 1548 4703 patr.
1572 4649 1658 4702 gr.
1688 4639 1771 4696 18,
1794 4635 1895 4688 267
1917 4633 2025 4704 ss.).
2056 4630 2137 4684 cf.
2166 4630 2218 4683 H
2235 4629 2297 4686 ei
2316 4629 2481 4700 lger
2505 4626 2785 4682 Katholik
2806 4631 2961 4685 1888.

335 4712 405 4779 Π,
432 4719 675 4773 49—69;
703 4712 842 4767 Gin
860 4730 889 4768 e
906 4714 1009 4768 lla
1036 4714 1105 4767 de
1132 4714 1366 4768 notione
1392 4715 1568 4781 atque
1598 4710 1823 4782 origine
1849 4709 2051 4765 mortis
2076 4710 2227 4776 diss„
2253 4708 2633 4764 Vratislaviae
2666 4713 2816 4765 1868.

553 4810 597 4858 Η
612 4826 643 4857 ιι
659 4825 683 4857 r
696 4813 722 4858 t
734 4824 760 4858 e
774 4826 816 4871 r,
841 4811 1090 4871 compend.
1117 4812 1381 4869 theologiae
1406 4810 1491 4858 111.
1526 4814 1546 4858 1
1562 4812 1607 4857 1.
1632 4809 1706 4857 ed.
2534 4805 2606 4855 38
