3538 5364
1078 280 1275 335 Thesis
1301 280 1458 336 CCV.
1486 279 1564 333 De
1593 280 1865 351 baptismi
1894 279 2150 334 materia.
2802 288 2935 354 259

485 467 554 530 6.
603 467 976 543 Baptismum
1023 467 1306 525 iterari
1350 485 1470 524 non
1515 483 1685 541 posse
1730 466 2057 525 clarissime
2102 470 2363 525 testatur
2407 466 2737 541 antiquitas
2774 466 2932 526 chri-

313 557 522 625 stiana,
554 561 628 615 ut
658 556 992 615 audivimus
1026 574 1210 631 supra
1238 556 1544 614 occasione
1578 556 2005 630 disputationis
2039 554 2111 614 de
2143 555 2339 614 valore
2367 555 2657 631 baptismi
2687 555 2762 614 ab
2794 556 2932 614 hue·

311 645 510 704 reticis
542 646 764 705 collato
807 648 869 703 et
906 644 1208 703 doctrinae
1240 644 1313 702 de
1343 644 1732 720 impressione
1763 644 2117 704 character³s
2163 664 2220 703 n.
2257 646 2437 708 2702.
2499 644 2934 721 Congruentiae

311 736 571 794 rationes
604 734 804 793 reddit
832 753 876 795 s.
910 733 1232 792 Thomas
1268 744 1302 795 3
1339 753 1394 809 q.
1431 743 1509 797 66
1545 754 1594 792 a.
1634 744 1688 795 9.

492 859 643 924 306.
675 855 927 921 ThGSiS
977 853 1245 922 CCXV·
1326 876 1633 930 Materia
1650 880 1925 930 remota
1950 878 2028 929 in
2047 877 2397 940 baptismo
2425 879 2526 929 est
2550 887 2740 943 aqua
2763 888 2933 927 vera

313 968 377 1017 ot
413 963 815 1028 natm-alia,-
863 966 1226 1029 proxima,
1280 968 1432 1018 tam
1485 966 1847 1018 immersio
1905 979 2120 1032 quam
2159 966 2429 1029 infusio
2480 969 2544 1018 et
2594 967 2937 1031 asperato.

317 1053 580 1105 Forma
613 1066 776 1105 vero
813 1053 1171 1117 complecti
1207 1055 1403 1107 debet
1439 1055 1853 1110 distinctam
1894 1056 2114 1107 trium
2147 1067 2623 1122 personarum
2651 1055 2935 1107 divma-

313 1158 477 1197 rum
514 1144 1049 1197 invocationem.

493 1247 1041 1315 Demonstratlo
1073 1267 1144 1333 p.
1180 1248 1243 1314 Ι.
1279 1246 1453 1311 Haec
1484 1265 1636 1329 pars
1669 1256 1773 1311 est
1804 1255 2031 1311 contra
2062 1267 2093 1310 s
2112 1266 2151 1310 o
2171 1246 2451 1310 cinian
2470 1266 2573 1323 OS,
2608 1248 2715 1329 qui
2738 1247 2933 1310 verba

315 1353 548 1418 Christi
578 1354 762 1419 Joan.
796 1358 855 1428 3,
887 1357 929 1423 5
962 1354 1041 1418 de
1073 1371 1244 1436 aqua
1274 1354 1633 1434 intelligunt
1663 1355 2146 1436 metaphorica:
2181 1372 2260 1418 ea
2292 1360 2391 1418 est
2424 1354 2501 1418 de
2534 1354 2657 1418 fide
2690 1359 2931 1417 statuta

315 1461 378 1523 in
409 1460 683 1524 concilio
715 1460 891 1524 trid.
924 1481 1077 1526 sess.
1115 1468 1150 1529 ’ἲ
1185 1479 1324 1526 can.
1360 1465 1433 1527 2:
1473 1459 1578 1537 ,Si
1610 1462 1750 1544 quis
1786 1460 2039 1537 dixerit,
2072 1480 2309 1543 aquam
2341 1478 2561 1526 veram
2583 1468 2645 1525 et
2667 1467 2932 1525 natura-

315 1567 438 1632 lem
469 1586 604 1631 non
635 1586 780 1632 esse
811 1568 893 1633 de
926 1569 1309 1633 necessitate
1338 1568 1657 1650 baptismi,
1679 1576 1871 1651 atque
1894 1569 2038 1632 ideo
2060 1568 2260 1632 verba
2280 1568 2388 1632 illa
2413 1567 2479 1631 D.
2503 1566 2574 1630 N.
2594 1567 2645 1631 J.
2669 1566 2935 1631 Christi:

319 1676 460 1739 Nisi
490 1677 631 1758 quis
660 1682 922 1739 renatus
949 1674 1148 1757 fuerit
1179 1697 1254 1739 ex
1284 1696 1453 1760 aqua
1484 1682 1540 1738 et
1573 1678 1819 1758 Spiritu
1851 1696 1899 1738 s,
1933 1676 2014 1739 ad
2049 1676 2496 1756 metaphoram
2516 1673 2798 1755 aliquam
2820 1673 2934 1735 de-

320 1781 591 1856 torserit,
627 1781 698 1844 A.
731 1779 830 1845 S.‹
901 1782 1228 1863 Colligitur
1259 1784 1487 1848 asserti
1519 1785 1758 1848 veritas

496 1888 562 1955 l.
596 1905 674 1952 ex
706 1890 922 1954 verbis
954 1889 1187 1954 Christi
1218 1909 1371 1955 mox
1403 1891 1633 1967 citatiS,
1686 1910 1853 1973 quae
1905 1891 2067 1955 adeo
2120 1896 2271 1954 sunt
2317 1890 2510 1961 clara,
2562 1897 2632 1954 ut
2678 1890 2934 1952 nonnisi

318 1994 662 2059 socinianis
693 1997 911 2060 seculo
943 1996 1203 2062 demum
1234 1997 1393 2061 XVI.
1425 1998 1490 2061 in
1541 2004 1825 2061 mentem
1879 1998 2149 2073 venerit,
2203 2015 2283 2061 ea
2332 1997 2527 2059 alium
2577 1996 2641 2058 in
2671 2014 2933 2059 sensum

318 2100 717 2183 detorquere.
780 2102 966 2183 Quod
997 2105 1052 2167 si
1083 2113 1254 2169 esset
1285 2106 1386 2169 vel
1419 2105 1751 2168 minimum
1785 2106 1958 2169 circa
1996 2103 2229 2168 Christi
2261 2104 2461 2169 verba
2496 2104 2777 2180 dubium,
2811 2104 2937 2167 hoc

317 2206 506 2287 plane
538 2207 917 2291 dissipatum
949 2210 1173 2277 suisset
1204 2210 1545 2275 traditione
1590 2212 1920 2276 luculenta
1966 2211 2310 2291 exegetica,
2358 2228 2523 2292 quae
2570 2229 2649 2274 ea
2681 2229 2937 2291 semper

318 2312 628 2380 intellexit
645 2335 840 2380 sensu
860 2317 1071 2394 obvio,
1104 2319 1211 2400 qui
1243 2318 1439 2382 etiam
1468 2319 1795 2401 praesumi
1825 2318 2036 2395 debet,
2068 2319 2187 2382 nisi
2217 2317 2698 2383 demonstretur
2729 2336 2935 2399 oppo-

320 2420 533 2484 situm.
567 2421 754 2486 Nulla
784 2442 941 2489 vero
974 2432 1072 2488 est
1101 2425 1268 2489 ratio
1300 2426 1667 2508 suspicandi
1697 2426 1803 2490 hic
1822 2425 2305 2506 metaphoram:
2338 2443 2546 2507 neque
2575 2425 2740 2500 ideo,
2761 2424 2933 2506 quod

322 2545 491 2608 aqua
525 2530 952 2612 conjungatur
982 2529 1242 2613 Spiritui
1274 2552 1343 2609 s.,
1373 2550 1522 2597 cum
1565 2550 1803 2597 causae
1849 2530 2184 2615 principali
2228 2532 2783 2596 instrumentalem
2817 2532 2933 2594 ad-

322 2633 728 2700 dereliceat:
774 2655 981 2721 neque
1025 2637 1170 2703 ideo
1214 2638 1386 2722 quod
1416 2639 2024 2728 Joannesnssaptista
2066 2638 2240 2704 dicat
2270 2637 2491 2703 Matth.
2527 2642 2585 2716 3,
2625 2644 2737 2708 11:
2801 2636 2937 2720 Eyo

323 2744 568 2826 quidem
618 2743 867 2829 baptizo
917 2766 1020 2810 vos
1066 2748 1136 2809 in
1184 2768 1355 2831 aqua
1405 2749 1472 2812 in
1509 2749 1959 2833 poenitentiam
2003 2802 2016 2815 .
2054 2797 2068 2810 .
2110 2798 2122 2810 .
2177 2748 2304 2832 ipse
2354 2767 2457 2809 vos
2487 2747 2833 2829 baptizabit
2866 2747 2929 2807 i»

324 2848 566 2934 Spira'tu
595 2859 811 2916 sancto
841 2859 898 2915 et
929 2855 1076 2936 iqui.
1138 2853 1304 2918 Nam
1349 2855 1902 2937 comparationem
1953 2874 2086 2918 non
2118 2855 2390 2919 instituit
2420 2853 2671 2917 ratione
2721 2853 2935 2916 ritus

323 2976 436 3022 seu
469 2959 802 3035 materiae,
830 2960 945 3024 red
976 2961 1229 3026 ratione
1260 2961 1375 3027 ets
1383 2971 1636 3028 ectus,
1696 2962 2033 3026 Accedunt
2063 2980 2140 3025 ex
2173 2961 2403 3024 divinis
2434 2958 2631 3024 literis

497 3068 565 3134 2.
601 3066 826 3131 facta
854 3067 1194 3132 luculenta.
1257 3066 1422 3131 Nam
1453 3068 1785 3134 eunuchus
1832 3067 2147 3132 Candacis
2192 3068 2452 3148 reginae
2498 3067 2621 3131 tide
2646 3065 2783 3146 jam
2819 3066 2939 3128 im-

327 3170 515 3236 butus
546 3191 696 3237 mox
728 3181 920 3256 atque
953 3192 1190 3256 aquam
1222 3175 1396 3251 vidit,
1428 3175 1586 3240 dixit
1616 3175 1755 3239 Act.
1793 3181 1851 3252 8,
1886 3179 2003 3244 36:
2038 3174 2191 3239 Ecce
2224 3197 2389 3261 aqua
2413 3197 2433 3237 .·
2480 3175 2632 3262 quid
2656 3173 2939 3258 prohibet

328 3298 420 3342 me
448 3280 814 3364 baptizari?
870 3279 1090 3346 Brevis
1139 3299 1289 3362 ergo
1340 3283 1651 3347 institutio
1702 3282 1970 3359 suffecit,
2015 3291 2088 3347 ut
2131 3300 2341 3365 aquae
2374 3282 2823 3347 necessitatem
2857 3279 2941 3343 ad

329 3383 717 3467 baptismum
746 3388 1085 3468 colligeret.
1118 3388 1212 3452 lta
1243 3388 1378 3453 Act.
1419 3395 1516 3464 10,
1549 3395 1632 3458 47
1669 3406 1818 3453 cum
1834 3387 2063 3452 Petrus
2097 3388 2342 3453 videret
2378 3387 2749 3452 Cornelium
2794 3405 2940 3452 cum

329 3493 457 3556 suis
501 3494 749 3574 egregie
798 3493 882 3558 ad
931 3495 1320 3579 baptismum
1368 3497 1845 3579 suscipiendum
1875 3496 2306 3583 :dispositum
2364 3497 2550 3560 dixit:
2619 3496 2943 3580 Numquid

332 3620 558 3683 aquam
589 3602 729 3685 quis
751 3602 1078 3686 prohibere
1102 3611 1314 3688 potest,
1349 3613 1416 3668 ut
1448 3624 1570 3669 non
1604 3604 2002 3687 baptizentur
2031 3603 2097 3665 ln·
2119 3607 2151 3666 12

503 3707 566 3778 3.
597 3706 919 3774 Probatur
937 3711 1107 3794 typis
1128 3720 1193 3777 et
1210 3714 1670 3794 prophetarum
1703 3712 2143 3775 vaticiniis
2177 3718 2246 3776 ut
2263 3712 2332 3775 Is.
2353 3717 2453 3786 55,
2480 3720 2502 3779 1
2532 3735 2545 3784 ς
2582 3711 2679 3773 ΕΖ.
2699 3717 2804 3784 36,
2828 3715 2940 3778 25:

333 3811 513 3876 Zach.
555 3819 652 3892 13,
690 3823 744 3890 1.
776 3818 843 3881 in
873 3819 1103 3900 quibus
1136 3821 1375 3884 mentio
1410 3821 1478 3883 fit
1509 3819 1702 3883 futuri
1732 3819 2039 3901 baptismi
2077 3819 2137 3880 in
2173 3836 2357 3900 aqua.

337 4044 388 4078 n.
414 4034 481 4083 60
507 4045 607 4086 aa:
635 4030 943 4097 Oswald,
970 4029 1061 4084 die
1089 4030 1477 4100 dogmatische
1503 4030 1680 4084 Lehre
1711 4047 1822 4084 von
1851 4031 1960 4083 den
1989 4031 2138 4084 Sacr.
2165 4048 2219 4099 p.
2249 4037 2279 4083 2
2307 4047 2352 4084 c.
2388 4037 2404 4082 l
2441 4035 2466 4092 ἓ
2493 4034 2535 4080 l.
2578 4025 2706 4079 Non
2736 4026 2943 4079 desunt

335 4109 536 4171 tamen,
565 4109 668 4176 qui
693 4115 859 4177 iquem
888 4112 1223 4182 intelligant
1261 4111 1330 4165 de
1371 4111 1502 4180 igne
1545 4112 1726 4164 futuri
1760 4109 1989 4178 judicii.
2042 4112 2284 4164 Censeut
2311 4106 2461 4161 enim
2491 4124 2530 4159 s.
2560 4106 2836 4159 Joannem
2869 4110 2948 4160 ob

334 4186 619 4257 duplicem
647 4190 927 4243 rationem
961 4191 1249 4245 Christum
1290 4191 1582 4246 fortiorem
1629 4208 1684 4244 se
1726 4191 2069 4262 praedicare.
2129 4189 2381 4242 Primum
2434 4186 2569 4255 quia
2598 4186 2856 4256 baptizat
2881 4188 2941 4241 iu

334 4266 547 4337 Spiritu
577 4287 635 4332 s.,
655 4269 862 4323 deiude
889 4270 1027 4338 quia
1053 4272 1115 4324 in
1143 4272 1277 4341 igne
1306 4272 1576 4341 baptizat,
1604 4276 1890 4342 quatenus
1917 4272 2188 4326 nimirum
2207 4267 2577 4338 judiciariam
2604 4271 2822 4321 exercet
2849 4283 2943 4338 po·

335 4350 592 4403 testatem
617 4349 679 4402 in
707 4350 800 4403 die
817 4350 1031 4420 judicii
1057 4353 1207 4405 facta
1235 4353 1531 4426 hominum
1558 4352 1820 4407 adhibito
1848 4356 2041 4407 exacto
2070 4351 2326 4404 examine
2368 4349 2460 4403 vel
2498 4351 2827 4418 approbans
2853 4348 2941 4402 vel

334 4447 584 4501 purgans
626 4434 687 4485 et
730 4430 1046 4485 vindicans.
1097 4431 1252 4498 Quae
1297 4434 1600 4503 explicatio
1646 4433 1943 4488 contextui
1989 4435 2074 4485 est
2115 4433 2495 4485 consentanea
2542 4429 2746 4485 Matth.
2784 4436 2833 4493 3,
2880 4434 2941 4482 12

332 4511 433 4564 col.
470 4518 548 4566 ΙΟ.
599 4510 719 4564 Alii
749 4514 959 4583 putant
980 4518 1149 4583 iynem
1197 4514 1395 4569 referri
1432 4515 1506 4568 ad
1532 4514 1893 4577 miraculum,
1936 4512 2089 4581 quod
2115 4512 2177 4564 in
2205 4511 2476 4563 descensu
2504 4509 2754 4579 Spiritus
2780 4527 2818 4565 s,
2849 4508 2941 4562 die

332 4589 689 4648 Pentecosten
733 4593 979 4663 contigit
1005 4595 1129 4647 Act.
1159 4602 1207 4658 2,
1235 4602 1283 4649 ⁸2.
1333 4594 1536 4648 Varias
1579 4595 1753 4663 hujus
1800 4592 1910 4648 loci
1954 4591 2453 4662 interpretationes
2499 4591 2569 4643 cf.
2614 4590 2770 4659 apud
2818 4591 2865 4640 A
2884 4608 2942 4641 n·

334 4674 440 4727 sal
457 4673 532 4727 di
558 4674 620 4730 Ο.
649 4673 737 4727 Pr.
767 4674 836 4728 de
866 4674 1206 4744 baptismate
1224 4676 1281 4727 in
1299 4674 1515 4742 Spiritu
1535 4693 1574 4730 s,
1594 4678 1651 4727 et
1665 4673 1809 4744 igni,
1837 4671 2148 4726 Mediolani
2183 4675 2344 4728 1722:
2374 4669 2408 4723 S
2427 4687 2455 4723 c
2470 4670 2510 4722 h
2527 4687 2559 4722 a
2579 4689 2615 4721 n
2631 4689 2658 4722 z
2686 4680 2712 4736 ξ,
2749 4679 2826 4725 14.
2851 4676 2943 4725 15:

333 4752 544 4810 Sasse
571 4756 642 4809 de
669 4757 822 4825 bapt.
850 4755 930 4809 th.
959 4763 1008 4811 ⁶2.
