3538 5364
541 284 665 346 174
809 275 993 327 Tract.
1022 274 1169 327 vlit.
1199 274 1267 326 ‹le
1287 271 1716 342 justificatione.
1750 272 1948 325 'l'hesis
1977 271 2131 326 CCV.
2161 274 2230 325 (le
2258 273 2545 326 infusione
2577 272 2874 326 virtutum.

533 457 839 521 virtutum
872 455 1236 529 comitatuS,
1268 472 1433 536 quae
1468 455 1529 517 in
1566 455 1850 517 animam
1883 470 2029 517 cum
2078 454 2286 534 gratia
2334 453 2752 518 infunduntur
2782 454 3151 530 divinitu33‘

535 572 600 629 et
630 563 913 645 synodus
964 562 1535 627 atrebatensis
1585 579 1639 624 a.
1678 564 1881 629 1035:
1952 559 2173 634 ‚Prius
2224 559 2393 626 foedi
2443 580 2700 626 eramus
2751 561 3161 627 deformitate

535 675 967 752 peccatorum,
1018 670 1083 732 in
1135 669 1275 750 ipsa
1325 669 1632 733 tinctione
1682 668 2007 732 reddimur
2056 667 2302 748 pulchri
2335 668 2740 733 dealbatione
2772 669 3079 733 virtutum
3098 682 3152 743 ς*

527 795 702 859 quae
736 781 886 839 sunt
918 796 964 838 s,
997 774 1302 839 Isidori
1333 774 1492 855 hisp.
1528 774 1787 856 etymol.
1820 773 1920 849 VI,
1961 777 2041 841 19
2074 793 2133 837 n.
2167 779 2271 841 44.

713 902 776 969 3.
814 897 1068 964 Omisso
1104 905 1480 980 argumento
1515 916 1595 962 ex
1628 898 1927 978 suffragio
1960 905 2216 980 patrum
2249 904 2315 962 et
2346 916 2664 963 consensu
2688 900 3158 980 theologorum,

534 1008 644 1090 qui
679 1014 898 1072 tantus
933 1014 1047 1084 est,
1082 1013 1152 1071 ut
1189 1013 1347 1070 teste
1385 1004 1682 1069 Suario
1718 1004 1816 1080 VI,
1848 1014 1909 1081 4,
1943 1004 2154 1068 nullus
2186 1006 2559 1087 reperiatur,
2581 1006 2771 1088 quiid
2796 1009 3160 1088 negaverit:

535 1116 889 1179 illustratur
920 1115 983 1178 id
1014 1115 1265 1178 ratione
1298 1114 1474 1177 haud
1506 1112 1886 1194 spernenda,
1920 1130 2116 1194 quam
2148 1133 2194 1176 s.
2230 1112 2577 1176 Thomas
2608 1115 2911 1195 proponit
2947 1123 2999 1184 1.
3022 1120 3064 1183 2
3099 1135 3157 1197 q.

539 1228 665 1290 110
700 1240 755 1285 a.
791 1228 863 1289 2:
905 1221 1085 1295 ,Non
1119 1227 1216 1287 est
1249 1221 1655 1296 convenienS,
1690 1219 1862 1301 quod
1896 1218 2063 1283 Deus
2100 1219 2313 1282 minus
2345 1220 2681 1300 provideat
2714 1219 2829 1296 his,
2863 1240 3024 1303 quos
3056 1222 3158 1285 di-

532 1329 680 1410 ligit,
715 1330 798 1393 ad
830 1329 1321 1410 supernaturale
1355 1327 1597 1391 bonum
1628 1326 2013 1402 habendum,
2048 1345 2242 1407 quam
2275 1328 2602 1404 creaturiS,
2647 1346 2809 1410 quas
2842 1329 3039 1409 diligit
3073 1329 3157 1391 ad

537 1438 778 1501 bonum
812 1436 1104 1501 naturale
1135 1435 1519 1500 habendum.
1555 1434 1882 1498 Creaturis
1916 1441 2131 1497 autem
2163 1432 2565 1498 naturalibus
2614 1435 2706 1498 sic
2737 1436 3047 1517 providet,
3084 1446 3157 1500 ut

534 1563 665 1607 non
701 1545 908 1608 solum
941 1550 1202 1607 moveat
1234 1561 1344 1607 eas
1377 1542 1461 1605 ad
1494 1549 1676 1604 actus
1708 1541 2052 1617 naturaleS,
2087 1541 2199 1605 sed
2234 1541 2429 1606 etiam
2450 1542 2754 1622 largiatur
2787 1543 2877 1608 eis
2911 1542 3155 1607 formas

531 1661 600 1716 et
631 1653 898 1716 virtutes
931 1649 1264 1733 quasdam,
1311 1666 1478 1730 quae
1524 1656 1674 1711 sunt
1718 1648 2029 1729 principia
2061 1655 2340 1723 actuum,
2387 1656 2457 1713 ut
2489 1649 2844 1712 secundum
2875 1669 2945 1715 se
2977 1651 3156 1732 ipsas

532 1757 918 1823 inclinentur
951 1758 1034 1820 ad
1067 1755 1432 1837 hujusmodi
1463 1760 1677 1818 motus
1710 1805 1721 1817 .
1759 1805 1771 1816 .
1808 1805 1819 1816 .
1855 1754 2051 1817 Multo
2087 1755 2272 1833 igitur
2318 1756 2518 1835 magis
2551 1754 2688 1832 illis,
2736 1775 2901 1838 quos
2934 1766 3157 1821 movet

531 1867 618 1929 ad
651 1863 1176 1945 consequendum
1210 1862 1453 1925 bonum
1486 1862 1974 1942 supernaturale
2022 1868 2375 1938 aeternum,
2422 1862 2695 1927 infundit
2738 1865 2986 1947 aliquas
3020 1864 3153 1929 for-

536 1992 674 2037 mas
708 1993 822 2037 seu
855 1971 1195 2053 qualitates
1228 1969 1765 2051 supernaturales
1813 1969 2165 2033 secundum
2212 1988 2374 2051 quas
2421 1971 2704 2035 suaviter
2754 1977 2819 2034 et
2850 1980 3150 2054 prompte

533 2080 617 2143 ab
652 2081 789 2160 ipso
836 2084 1218 2142 moveantur
1264 2077 1345 2139 ad
1391 2076 1634 2139 bonum
1681 2084 2014 2140 aeternum
2061 2077 2641 2159 consequendum.<¹¹
2673 2097 2676 2100 ’
2712 2076 2854 2157 Qua
2898 2080 3152 2145 ratione

531 2206 728 2268 saepe
759 2186 973 2261 utitur,
1007 2192 1079 2247 ut
1109 2201 1159 2247 c.
1195 2190 1414 2264 gentes
1447 2183 1539 2259 Ill,
1577 2190 1702 2253 150
1734 2205 1815 2247 ss.
1851 2185 1934 2271 (n.
1973 2186 2181 2271 168⁵),
2215 2204 2314 2267 qq.
2350 2185 2503 2266 disp.
2540 2185 2617 2248 de
2651 2187 2828 2249 carit.
2864 2204 2919 2248 a.
2963 2193 2991 2253 1
3031 2194 3155 2252 etc.

711 2313 775 2381 4.
809 2311 982 2375 Idem
1016 2310 1272 2373 divinae
1305 2308 1527 2374 literae
1562 2309 1747 2373 toties
1781 2309 2136 2390 significare
2156 2309 2470 2383 videntur,
2494 2311 2745 2391 quoties
2767 2312 3155 2392 promittunt

537 2421 737 2484 Deum
772 2419 1136 2483 ablaturum
1169 2436 1310 2481 esse
1344 2416 1409 2479 in
1442 2415 1697 2480 foedere
1731 2417 1975 2496 gratIae
2006 2436 2110 2478 cor
2128 2417 2443 2502 lapideum
2478 2423 2542 2480 et
2563 2417 2863 2480 daturum
2884 2437 2991 2480 cor
3009 2440 3150 2482 car-

531 2547 758 2606 -neum;
789 2544 857 2590 se
891 2525 1273 2606 scripturum
1305 2524 1512 2603 legem
1545 2525 1610 2585 in
1640 2522 1921 2605 fidelium
1958 2525 2300 2599 visceribnS,
2348 2530 2412 2587 et
2456 2524 2523 2586 in
2574 2542 2796 2587 eorum
2830 2525 3041 2601 corde,
3075 2533 3149 2589 ut

533 2634 753 2699 Ezech.
794 2640 891 2710 ll,
928 2638 1038 2702 19:
1102 2634 1183 2698 Et
1218 2632 1513 2715 auferam
1546 2652 1650 2694 cor
1681 2631 2001 2714 lapideam
2047 2633 2121 2696 de
2165 2652 2353 2697 earne
2384 2652 2618 2717 eorum,
2651 2640 2708 2696 et
2740 2633 2900 2697 dabo
2932 2635 3019 2698 eis
3048 2655 3155 2698 cor

529 2762 828 2805 carneum
846 2765 866 2804 .·
899 2748 966 2804 ut
998 2743 1065 2803 in
1093 2743 1445 2824 praeceptis
1475 2741 1627 2802 meis
1648 2738 1981 2815 ambulent,
2001 2746 2057 2802 et
2060 2739 2312 2821 judicia
2333 2761 2470 2803 mea
2503 2741 2851 2805 custodiant
2867 2742 3149 2824 faciant-

529 2870 646 2932 que
678 2870 793 2924 ea‚·
827 2853 928 2922 36,
964 2853 1065 2915 26.
1097 2848 1219 2912 Jer.
1257 2852 1358 2921 31,
1394 2851 1477 2914 33
1511 2866 1591 2908 s:
1639 2864 1807 2927 quae
1840 2847 1942 2909 vix
1976 2847 2174 2922 aliter,
2209 2865 2405 2928 quam
2453 2847 2533 2911 de
2566 2847 2893 2911 habitibus
2925 2846 3149 2910 infusis

529 2956 834 3036 explicari
864 2960 1151 3036 possunt.
1184 2951 1360 3017 Sicut
1393 2953 1561 3017 enim
1595 2953 1855 3017 nomine
1900 2953 2110 3016 cordis
2155 2954 2389 3035 lapidei
2436 2954 2804 3034 intelligitur
2855 2972 2967 3017 cor
2998 2973 3148 3035 per-

533 3063 727 3138 tinax,
761 3061 976 3143 pravis
1006 3060 1334 3124 habitibus
1367 3060 1698 3126 infectum:
1731 3061 1823 3124 ita
1855 3062 2116 3125 nomine
2149 3062 2360 3124 cordis
2393 3063 2613 3126 carnei
2648 3061 2985 3125 manifesto
3019 3061 3148 3140 sig-

531 3171 827 3233 nificatur
859 3186 972 3230 cor
1005 3185 1279 3248 pronum
1311 3186 1425 3231 seu
1460 3169 1839 3249 principium
1874 3168 2199 3232 habituale
2232 3176 2296 3233 et
2314 3187 2699 3250 permanens
2724 3168 3145 3249 operativum,

529 3277 644 3342 sed
677 3276 917 3338 bonum
953 3276 1048 3356 (ut
1079 3277 1146 3336 in
1171 3278 1523 3358 praeceptis
1553 3277 1702 3338 meis
1749 3275 2088 3359 ambulent)
2137 3275 2439 3340 divinitus
2483 3275 2760 3339 infusum
2805 3275 2840 3337 i.
2877 3293 2928 3338 e.
2963 3274 3148 3337 babi-

533 3392 632 3447 tus
667 3383 1036 3463 operativus
1068 3382 1292 3445 bonus.
1357 3381 1605 3445 Pariter
1650 3383 1887 3464 aliquid
1932 3383 1996 3445 in
2042 3383 2237 3446 corde
2277 3384 2558 3447 scribere
2606 3389 2703 3446 est
2755 3381 3026 3456 efficere,
3080 3389 3150 3444 ut

527 3491 682 3555 illud
714 3489 1127 3554 habitualiter
1159 3491 1469 3554 memoria
1501 3495 1813 3566 teneatur,
1837 3492 2050 3571 magni
2071 3491 2197 3566 siat,
2221 3498 2472 3556 ametur
2491 3498 2609 3555 etc.
2644 3491 2773 3554 Lex
2798 3507 2947 3569 ergo
2970 3488 3146 3551 cordi

527 3599 835 3679 inscripta
867 3598 984 3661 erit
1017 3597 1116 3660 lex
1150 3597 1350 3661 menti
1383 3598 1511 3662 alte
1544 3596 1874 3677 impressa,
1923 3617 2088 3679 quae
2120 3616 2269 3660 cum
2303 3616 2524 3662 amore
2571 3605 2636 3663 et
2682 3602 2976 3678 prompte
3009 3615 3144 3660 ser-

527 3713 731 3770 vatur.
767 3704 958 3787 Atqui
990 3704 1334 3767 habitualis
1369 3705 1807 3785 promptitudo
1842 3712 1907 3769 et
1939 3705 2237 3768 alacritas
2270 3705 2337 3768 in
2369 3705 2689 3769 servanda
2720 3704 2857 3783 lege
2890 3708 2987 3767 est
3018 3702 3146 3765 vir-

529 3821 652 3878 tus.
685 3813 849 3892 Ergo
884 3811 1181 3874 divinitus
1215 3810 1563 3874 infunditur
1594 3811 1894 3875 cordibus
1928 3831 2168 3888 eorum,
2203 3811 2311 3894 qui
2342 3817 2636 3893 spectant
2672 3810 2753 3872 ad
2788 3809 2859 3873 N.
2894 3809 2980 3884 T.,
3014 3809 3141 3871 vir-

525 3928 650 3994 ωε,
685 3938 798 3999 pro
832 3917 1145 3981 varietate
1177 3924 1666 3998 praeceptorum
1700 3917 2044 3998 multiplex.
2094 3917 2229 3981 Hae
2262 3935 2416 3981 vero
2450 3917 2714 3982 virtutes
2748 3917 3144 3981 constituunt

527 4026 698 4088 illam
734 4025 851 4087 Dei
885 4031 1303 4099 armaturam,
1352 4043 1480 4106 qua
1523 4025 1817 4088 instructi
1864 4043 2004 4088 esse
2051 4025 2287 4089 debent
2328 4025 2512 4105 juxta
2543 4045 2592 4086 s.
2627 4023 2893 4087 Paulum
2927 4022 3143 4086 fideles

525 4151 754 4196 omnes
788 4138 1008 4213 utpote
1042 4132 1272 4196 milites
1308 4131 1538 4195 Christi
1573 4130 1724 4212 Eph.
1760 4139 1818 4207 6,
1860 4137 1938 4199 11
1975 4152 2053 4194 ss.

706 4275 1432 4343 209.1)emonstratio
1467 4293 1535 4359 p,
1569 4274 1668 4342 Π.
1735 4273 1800 4340 1.
1851 4271 2169 4336 Probatur
2219 4271 2538 4335 corollarii
2586 4273 2796 4336 modo.
2863 4270 2929 4336 Si
2975 4271 3143 4336 enim

529 4383 590 4445 in
616 4381 1070 4462 justificatione
1104 4381 1370 4444 virtutes
1404 4379 1838 4456 infunduntur,
1886 4379 2050 4443 inter
2096 4399 2207 4444 eas
2239 4398 2391 4443 vero
2425 4380 2808 4444 necessitate
2842 4387 2907 4443 et
2938 4378 3139 4458 digni-

529 4497 658 4553 tate
693 4489 973 4553 eminent
1006 4489 1272 4552 virtutes
1308 4488 1722 4568 theologicae,
1756 4488 1879 4550 bae
1913 4506 2067 4568 prae
2101 4489 2331 4551 ceteris
2364 4486 2788 4550 infundentur.

703 4617 769 4682 ⁶2..
807 4614 1156 4678 Concilium
1195 4614 1371 4678 trid.
1405 4633 1558 4677 sess.
1582 4619 1620 4682 6
1645 4632 1695 4676 c.
1722 4619 1756 4680 7
1783 4613 2000 4677 docet:
2062 4613 2165 4686 ,In
2200 4613 2339 4694 ipsa
2368 4612 2819 4693 justificatione
2857 4629 3003 4672 eum
3036 4629 3136 4672 re-

524 4724 827 4787 missione
861 4729 1273 4803 peccatorum
1308 4721 1468 4785 haec
1502 4721 1719 4784 omnia
1751 4721 1936 4784 simul
1983 4719 2191 4784 infusa
2234 4721 2465 4801 accipit
2496 4719 2690 4782 homo
2724 4736 2837 4799 per
2868 4717 2919 4781 J.
2954 4716 3134 4780 Chri-
