3538 5364
573 261 707 323 3252
895 251 1076 306 Tract.
1105 253 1197 305 lx.
1224 252 1293 305 de
1322 252 1706 305 sacramentis,
1735 252 1933 306 'rhesis
1961 252 2169 306 CCXII.
2198 252 2693 306 Sacramentorum
2720 252 2880 306 valor

573 433 774 496 etiam
839 433 1184 498 enunciare
1246 433 1427 497 licet:
1488 431 1775 497 Minister
1826 437 2220 514 potestatem
2269 430 2467 495 habet
2514 432 2881 497 remittendi
2928 443 3192 515 peccata

574 540 981 622 gratiamque
1015 538 1384 605 conferendi
1430 558 1561 603 non
1605 538 1976 603 immediate
2023 544 2087 603 et
2133 537 2444 613 absolute,
2491 536 2604 602 sed
2650 545 2970 618 quatenus
3000 540 3195 605 habet

576 653 966 728 potestatem
1000 655 1330 729 tamquam
1364 644 1477 711 Dei
1525 643 1774 726 legatus
1818 645 2101 727 ponendi
2145 645 2433 708 actiones
2479 647 2999 723 sacramentaleS,
3031 665 3194 730 quae

574 773 656 818 eo
691 755 849 836 ipso,
883 755 1056 837 quod
1087 754 1246 817 fiunt
1292 771 1333 817 a
1379 752 1672 817 ministro
1719 759 2053 835 tamquam
2098 752 2333 833 legato,
2365 752 2654 816 actiones
2685 760 2837 817 sunt
2868 752 3107 819 Christi
3136 761 3198 818 et

581 864 710 940 Dei,
744 872 810 930 et
841 863 987 930 ideo
1038 863 1327 929 efficaces
1380 863 1624 942 gratiae
1674 869 1738 928 et
1787 863 2180 928 remissionis
2226 869 2657 945 peccatorum.
2720 861 3197 926 Thomistae

575 979 799 1036 tamen
833 972 962 1036 sere
995 971 1336 1035 unanimes
1371 977 1632 1035 tuentur
1663 970 2025 1035 ministrum
2056 989 2187 1035 non
2219 969 2430 1033 solum
2460 969 2740 1035 mediate
2772 970 2808 1031 i.
2842 987 2895 1033 e.
2926 987 3062 1032 non
3092 985 3198 1031 so·

577 1078 709 1141 lum
740 1078 1057 1159 positione
1087 1078 1248 1141 ritus
1280 1077 1766 1143 sacramentalis
1798 1094 2183 1142 concurrere
2215 1077 2298 1140 ad
2332 1075 2739 1142 collationem
2771 1095 2888 1141 seu
2918 1075 3198 1157 produc-

575 1186 822 1248 tionem
855 1186 1115 1264 gratiae,
1149 1186 1262 1250 sed
1298 1185 1667 1249 immediate
1714 1191 1780 1249 et
1824 1185 2086 1266 physice
2118 1183 2479 1260 efficienter,
2526 1184 2690 1248 adeo
2725 1190 2796 1248 ut
2825 1200 3199 1247 sacramen·

582 1298 794 1355 torum
829 1291 1096 1356 effectus
1127 1292 1409 1379 pendeat
1439 1292 1808 1357 immediate
1854 1291 1938 1354 ab
1990 1290 2308 1355 ambobus
2360 1291 2515 1377 (ritu
2565 1296 2629 1356 et
2660 1289 2979 1377 ministro)
3031 1297 3200 1353 tam-

581 1416 776 1480 quam
812 1392 851 1462 a
886 1399 1423 1463 constituentibus
1458 1419 1656 1462 unum
1686 1399 2184 1463 instrumentum
2214 1397 2606 1479 completum
2655 1404 2720 1461 et
2765 1396 2980 1473 totale,
3027 1396 3201 1479 quod

581 1506 786 1570 influit
817 1525 946 1570 uno
968 1506 1208 1601 influxu
1230 1508 1582 1586 attingente
1601 1505 2067 1570 indivisibiliter
2085 1504 2381 1571 effectum
2396 1506 2459 1591 ¹).
2493 1543 2581 1552 —
2602 1502 2944 1583 Quaeritur
2961 1510 3201 1579 autem,

583 1612 733 1693 quid
765 1613 831 1675 in
864 1613 1154 1677 ministro
1187 1619 1443 1694 praeter
1476 1619 1870 1694 potestatem
1903 1613 2382 1677 ministerialem
2414 1613 2676 1693 insuper
2723 1612 3089 1694 requiratur
3121 1611 3203 1675 ad

578 1719 1048 1785 confectionem
1079 1725 1632 1785 sacramentorum
1663 1720 2025 1783 validam
2058 1721 2237 1806 (nam
2270 1720 2349 1784 de
2370 1719 2845 1784 conditionibus
2874 1719 3204 1802 requisitis

578 1827 664 1889 ad
696 1826 1018 1891 licitam
1049 1826 1375 1908 disputent
1409 1814 1824 1913 moralistae).
1888 1827 2071 1891 Initio
2120 1828 2378 1910 quidem
2409 1827 2750 1890 statuimus
2783 1827 2847 1889 in
2877 1825 3004 1889 hac
3036 1826 3205 1890 thesi

577 1941 807 1997 contra
839 1935 1054 1997 varios
1086 1935 1463 2011 haereticos
1497 1935 1649 2017 quid
1683 1942 1752 1998 ut
1786 1934 2085 1999 absolute
2134 1935 2568 2000 necessarium
2615 1953 2773 1998 non
2817 1933 3206 2015 requiratur.

760 2063 907 2128 289.
941 2060 1484 2127 Demonstratio
1517 2080 1591 2145 p.
1626 2060 1684 2129 Ι.
1748 2057 2319 2124 Sacramentorum
2381 2059 2667 2123 valorem
2728 2076 2861 2121 non
2919 2056 3207 2138 pendere

578 2183 620 2228 a
657 2165 925 2229 ministri
955 2165 1298 2247 probitate,
1332 2167 1568 2248 dogma
1599 2172 1697 2231 est
1727 2165 1879 2230 fidei
1910 2172 2222 2231 statutum
2256 2166 2383 2247 jam
2419 2166 2569 2230 olim
2603 2172 2831 2228 contra
2874 2162 3205 2227 donati-

580 2279 777 2348 staS,
811 2272 956 2337 dein
991 2279 1218 2337 contra
1250 2273 1400 2336 wal
1421 2274 1462 2336 d
1483 2292 1519 2337 e
1538 2292 1727 2338 nses
1761 2273 1846 2337 ab
1879 2273 2248 2336 Innocentio
2268 2272 2360 2336 III.
2394 2272 2460 2336 in
2491 2270 2650 2353 prof.
2672 2270 2818 2335 fidei
2837 2271 2992 2351 ipsis
3010 2288 3205 2351 prae-

577 2378 837 2462 scripta,
871 2387 1099 2443 contra
1128 2378 1341 2460 plures
1374 2387 1586 2445 sectas
1618 2380 1814 2445 medii
1845 2379 2005 2456 aevi,
2052 2385 2122 2442 ut
2165 2378 2742 2460 petrobrussianOS,
2775 2377 3205 2451 henricianOS,

579 2485 958 2566 albigenses,
1011 2488 1329 2563 catharOS,
1381 2494 1610 2551 contra
1661 2486 1949 2551 wiclef
1957 2486 2157 2551 sitas
2206 2487 2271 2549 in
2310 2485 2726 2549 damnatione
2764 2502 2941 2566 prop.
2981 2489 3024 2551 4
3063 2491 3204 2561 etc.,

580 2600 808 2656 contra
842 2598 1422 2673 protestantes
1474 2600 1593 2657 etc.
1659 2590 1902 2658 Contra
1932 2594 2053 2658 hos
2086 2612 2312 2660 omnes
2344 2599 2443 2659 est
2474 2592 2724 2657 concilii
2757 2592 2936 2655 trid.
2969 2610 3127 2657 sess.
3164 2598 3203 2660 7

581 2717 723 2765 can.
763 2708 875 2770 12:
917 2699 1022 2775 ,Si
1055 2702 1197 2782 quis
1229 2700 1474 2777 dixerit,
1507 2700 1870 2766 ministrum
1901 2702 1964 2765 in
1984 2708 2252 2783 peccato
2273 2701 2530 2765 mortali
2548 2701 2981 2776 exsistentem,
3002 2700 3205 2764 modo

580 2809 799 2873 omnia
834 2807 1225 2883 essentialia,
1259 2825 1426 2889 quae
1459 2807 1542 2871 ad
1575 2815 2055 2872 sacramentum
2086 2807 2554 2873 conficiendum
2600 2815 2710 2873 aut
2740 2805 3208 2872 conferendum

581 2916 919 2996 pertinent,
951 2914 1321 2988 servaverit,
1355 2933 1487 2978 non
1522 2914 1840 2981 conficere
1874 2921 1985 2979 aut
2016 2914 2306 2981 conferre
2338 2922 2834 2992 sacramentum,
2867 2915 2940 2978 A.
2972 2913 3075 2979 S.‹

685 3069 687 3073 ³
763 3044 825 3109 1.
861 3039 1284 3121 Praecipuum
1317 3058 1434 3120 pro
1467 3039 1766 3121 dogmate
1802 3048 2250 3121 argumentum
2281 3041 2518 3122 petitur
2548 3060 2627 3107 ex
2663 3041 2987 3106 Ecclesiae
3019 3042 3208 3122 praxi

578 3147 786 3211 valide
821 3152 1050 3210 contra
1082 3146 1440 3211 donatistas
1472 3153 1570 3211 tot
1602 3147 1904 3229 operibus
1938 3166 1979 3211 a
2010 3168 2058 3211 s.
2092 3147 2556 3229 Augustino
2603 3148 2884 3224 defensa,
2916 3166 3051 3211 non
3080 3148 3207 3212 ite-

581 3253 763 3315 randi
796 3253 925 3316 scil.
960 3261 1370 3318 sacramenta
1402 3272 1441 3317 a
1474 3254 1924 3336 peccatoribus
1956 3255 2090 3320 sive
2122 3255 2387 3319 occultis
2418 3256 2553 3320 sive
2584 3255 2854 3337 publicis
2885 3255 3140 3319 collata.

756 3359 823 3425 2.
859 3358 1191 3441 Colligitur
1221 3361 1385 3425 haec
1415 3363 1655 3426 veritas
1689 3379 1769 3426 ex
1802 3362 2133 3426 doctrinae
2178 3362 2388 3444 capite
2434 3380 2513 3427 ea
2563 3362 2904 3426 occasione
2934 3361 3071 3426 sive
3105 3361 3207 3425 di-

579 3475 749 3530 serte
784 3468 920 3531 sive
954 3467 1457 3550 aequivalenter*
1471 3475 1893 3551 propugnatO,
1929 3476 2341 3534 sacramenta
2358 3469 2624 3552 propria
2642 3477 2942 3535 constare
2960 3470 3209 3534 sancti-

582 3579 714 3637 tate
747 3591 1103 3657 eorumque
1137 3576 1495 3658 principem
1522 3577 2106 3641 administratorem
2130 3595 2272 3641 esse
2293 3575 2645 3641 Christum:
2678 3596 2756 3643 ex
2777 3595 2904 3660 quo
2922 3575 3210 3641 inferunt

580 3686 814 3762 patreS,
850 3698 1079 3746 eorum
1113 3683 1399 3748 valorem
1432 3683 1967 3765 independentem
2000 3702 2143 3749 esse
2175 3702 2216 3747 a
2247 3683 2520 3748 ministri
2550 3684 2911 3748 sanctitate.

761 3812 982 3879 ,Dedit
1012 3811 1199 3870 Judas
1232 3807 1667 3894 (baptismum),
1716 3812 1919 3887 inquit
1949 3813 2453 3889 Augustinus
2497 3817 2571 3871 tr.
2608 3822 2641 3876 5
2677 3813 2742 3871 in
2772 3812 2866 3876 J0.
2898 3831 2955 3872 n.
2996 3821 3092 3882 18,
3142 3815 3207 3870 et

580 3919 700 3958 non
735 3900 1098 3976 baptizatum
1132 3904 1221 3959 est
1250 3905 1388 3976 post
1418 3901 1668 3972 Judam3
1716 3900 1882 3960 dedit
1912 3901 2172 3961 Joannes
2206 3896 2548 3984 (Baptista),
2595 3905 2656 3961 et
2698 3902 3062 3978 baptizatum
3109 3904 3208 3958 est

579 3992 716 4062 post
748 3989 1068 4049 Joannem:
1118 3990 1258 4065 quia
1303 3990 1352 4048 si
1398 3990 1574 4049 datus
1622 3994 1712 4049 est
1752 4010 1788 4048 a
1818 3989 1979 4048 Juda
2010 3991 2363 4067 baptismuS,
2396 3991 2614 4050 Christi
2645 3994 2802 4061 erat3
2849 3988 2956 4065 qui
3001 3998 3205 4048 autem

546 4074 611 4134 =a
644 4077 875 4136 Joanne
910 4078 1088 4137 datus
1120 4083 1230 4150 est,
1263 4079 1515 4138 Joannis
1547 4081 1691 4143 erat.
1755 4079 1891 4138 Non
1922 4079 2143 4138 Judam
2174 4079 2410 4153 Joanni,
2445 4080 2548 4138 sed
2579 4080 2946 4156 baptismum
2978 4078 3205 4137 Christi

577 4166 756 4224 etiam
789 4185 895 4242 per
924 4167 964 4225 J
969 4168 1118 4226 udae
1150 4187 1358 4227 manns
1377 4168 1581 4226 datum
1602 4167 1898 4245 baptismo
1917 4167 1957 4226 J
1959 4169 2166 4228 oannis
2198 4169 2379 4228 etiam
2409 4188 2517 4245 per
2546 4186 2757 4228 manus
2776 4167 3026 4228 Joannis
3059 4167 3205 4226 dato

579 4259 734 4314 recte
765 4256 1181 4332 praeponimus
1214 4301 1227 4315 .
1261 4302 1273 4314 .
1309 4301 1320 4314 .
1371 4256 1530 4328 Quos
1561 4256 1885 4333 baptizavit
1915 4258 2193 4330 Joann08‚
2227 4258 2487 4318 Joannes
2518 4258 2873 4334 baptizavit:
2906 4273 3059 4332 quos
3092 4276 3204 4315 au-

577 4349 699 4402 tem
732 4344 919 4404 Judas
948 4345 1285 4421 baptizavit,
1325 4345 1593 4404 Christus
1624 4345 1968 4422 baptizavit.
2031 4348 2124 4406 Sic
2168 4365 2309 4425 ergo
2354 4366 2505 4423 quos
2549 4347 2878 4423 baptizavit
2907 4345 3206 4416 ebriosus,

579 4450 729 4507 quos
761 4433 1084 4510 baptizavit
1127 4435 1440 4505 homicida,
1486 4453 1634 4510 qnos
1680 4435 2002 4512 baptizavit
2031 4436 2283 4507 adulter,
2332 4437 2383 4495 si
2429 4437 2764 4514 baptismus
2798 4434 3021 4495 Christi
3052 4439 3203 4504 erat,

803 4657 835 4706 ’Β
866 4652 950 4704 lta
992 4652 1236 4706 Salina
1256 4651 1646 4704 uticenses
1687 4652 1756 4706 de
1800 4669 1938 4705 sacr.
1985 4652 2041 4705 in
2086 4669 2240 4706 conc.
2269 4652 2417 4724 disp.
2442 4657 2477 4711 7
2502 4653 2557 4708 d.
2585 4660 2618 4711 6
2646 4671 2699 4705 n.
2731 4660 2849 4719 110,
2874 4651 3050 4717 XVII,
3080 4659 3209 4709 568.

581 4730 661 4783 Cf.
694 4729 745 4781 M
768 4749 798 4784 o
815 4749 843 4783 r
859 4751 896 4801 g
913 4735 1025 4786 ott
1056 4732 1161 4785 Der
1190 4732 1444 4794 Spender
1470 4733 1570 4787 der
1595 4732 1673 4793 hl.
1702 4732 1857 4787 Sacr.
1883 4735 2016 4788 sect.
2049 4742 2073 4789 1
2102 4749 2152 4789 c.
2178 4739 2241 4794 22
2270 4732 2539 4806 Friburgi
2568 4740 2720 4792 1886.
