3538 5364
1078 303 1350 356 adversus
1375 301 1747 355 confessionis
1778 301 2168 356 necessitatem
2196 301 2417 355 satisfit.
2930 310 3065 372 475

450 489 601 547 hanc
631 487 1039 564 probationem
1072 488 1352 546 describit
1383 506 1429 546 s.
1460 490 1510 546 A
1532 488 1919 564 ugustinu
1939 507 1965 546 s
2018 506 2188 550 serm.
2225 497 2341 551 351
2383 507 2441 550 n.
2479 498 2534 557 7,
2567 487 2671 545 ubi
2704 488 2955 563 loquens
2990 487 3065 545 de

449 576 849 653 poenitentiae
881 578 1112 635 actione
1143 595 1250 651 pro
1281 577 1539 653 peccatis
1562 581 1764 635 contra
1794 577 2059 652 decalogi
2091 581 2407 653 praecepta
2438 578 2524 635 ita
2554 576 2832 635 disserit:
2870 577 3061 646 ,Con-

450 667 669 724 stituto
702 667 763 724 in
796 666 967 724 corde
995 665 1219 740 judicio
1252 665 1408 723 adsit
1456 666 1785 724 accusatrix
1830 665 2131 743 cogitatiO,
2177 667 2348 726 testis
2395 666 2769 735 conscientia,
2804 665 3061 724 carnifex

448 756 655 814 timor:
689 755 827 813 inde
848 754 1089 829 quidam
1121 755 1366 830 sanguis
1400 755 1583 813 animi
1617 755 1956 814 confitentis
1988 775 2094 830 per
2126 756 2417 832 lacrymas
2448 755 2722 829 profluat.
2757 756 3059 813 Postremo

448 845 521 903 ab
554 844 683 919 ipsa
712 847 909 902 mente
942 844 1080 902 talis
1114 843 1413 902 sententia
1443 845 1797 918 proferatur,
1848 848 1919 903 ut
1965 863 2027 902 se
2072 845 2383 922 indignum
2416 844 2591 902 homo
2615 843 2847 918 judicet
2877 845 3060 919 parti-

449 933 740 1010 cipatione
773 932 1031 1008 corporis
1062 936 1125 991 et
1155 932 1470 1009 sanguinis
1501 932 1772 990 Domini:
1807 936 1876 991 ut
1896 934 2003 1009 qui
2024 935 2283 1009 separari
2303 953 2338 992 a
2356 951 2540 1010 regno
2563 933 2858 991 coelorum
2890 932 3063 990 timet

447 1042 552 1098 per
581 1022 856 1080 ultimam
889 1020 1242 1080 sententiam
1277 1021 1495 1080 summi
1520 1022 1759 1097 judicia,
1794 1041 1900 1098 per
1931 1022 2388 1081 ecclesiasticam
2429 1022 2851 1097 disciplinama
2872 1039 3061 1079 sacra·

447 1115 648 1170 mento
678 1111 948 1170 coelestis
979 1112 1152 1185 panis
1184 1110 1424 1169 interim
1458 1113 1766 1186 separetur
1797 1153 1813 1169 .
1847 1161 1860 1173 .
1896 1156 1909 1168 .
1942 1107 2024 1193 (n.
2063 1111 2142 1190 9).
2176 1111 2215 1170 J
2218 1111 2419 1170 udicet
2437 1128 2580 1187 ergo
2603 1111 2865 1186 seipsum
2887 1110 3064 1167 homo

448 1201 510 1259 in
541 1201 676 1259 istis
709 1201 1017 1258 voluntate
1049 1245 1063 1258 .
1097 1246 1111 1258 .
1144 1248 1159 1263 .
1190 1203 1251 1259 et
1282 1219 1416 1259 cum
1448 1199 1575 1275 ipse
1607 1200 1671 1258 in
1702 1219 1764 1259 se
1796 1201 2114 1275 protulerit
2144 1200 2552 1259 severissimae
2584 1199 2925 1268 medicinae,
2960 1199 3063 1257 sed

447 1295 646 1348 tamen
678 1289 1001 1348 medicinae
1035 1289 1411 1361 sententiam,
1447 1290 1646 1348 veniat
1676 1290 1747 1348 ad
1783 1289 2105 1360 antistites,
2138 1309 2243 1367 per
2277 1308 2425 1364 quos
2458 1288 2549 1347 illi
2582 1289 2645 1346 in
2665 1288 2923 1346 Ecclesia
2943 1288 3060 1345 cla-

449 1396 552 1437 ves
585 1378 1005 1436 ministrantur
1034 1382 1096 1437 et
1125 1382 1428 1454 tamquam
1458 1378 1652 1437 bonus
1692 1380 1817 1453 jam
1864 1379 2153 1456 incipiens
2200 1379 2377 1450 filius,
2427 1381 2827 1436 maternorum
2878 1396 3062 1435 mem·

448 1467 696 1525 brorum
729 1467 933 1526 ordine
965 1467 1309 1538 constitutO,
1343 1487 1377 1526 a
1407 1466 1759 1542 praepositis
1807 1471 2308 1526 sacramentorum
2358 1466 2611 1541 accipiat
2643 1466 3063 1525 satisfactionis

452 1574 593 1615 suae
623 1556 906 1615 mod-um‘
940 1559 1049 1619 etc.
1111 1557 1384 1614 Ceterum
1424 1557 1539 1631 jam
1574 1557 1853 1615 Doctrina
1886 1562 2067 1631 apost.
2115 1557 2301 1633 exigit
2331 1561 2469 1615 ante
2503 1555 2896 1613 eucharistiae
2927 1574 3060 1631 per·

451 1646 781 1721 ceptionem
813 1645 1234 1704 confessionem
1284 1641 1365 1724 (n.
1402 1641 1613 1720 4830);
1677 1646 1762 1703 ita
1808 1648 1868 1703 et
1913 1646 2348 1722 Cyprianus
2395 1646 2467 1704 de
2500 1645 2683 1720 lapsis
2716 1663 2772 1701 n.
2816 1654 2911 1707 15.
2950 1655 3062 1712 16;

451 1753 540 1809 ep.
577 1745 632 1796 9.
665 1735 816 1792 Hinc
848 1734 1101 1811 legimus
1134 1733 1196 1791 in
1230 1733 1599 1793 confessione
1632 1753 1677 1795 s,
1709 1735 2085 1811 Fulgenti
2105 1753 2138 1792 o
2184 1734 2497 1811 adscripta,
2532 1753 2684 1809 quae
2717 1733 2971 1791 habetur
3003 1733 3065 1790 in

453 1824 901 1882 sacramentario
935 1842 981 1883 a.
1013 1823 1392 1899 Gregorii:
1459 1824 1624 1900 ,Ego
1657 1842 1870 1899 corpus
1908 1824 2141 1882 Domini
2176 1827 2236 1882 et
2267 1823 2618 1900 sanguinem
2670 1824 2799 1897 ejus
2832 1822 3063 1897 polluto

450 1912 625 1971 corde
656 1915 716 1970 et
748 1930 990 1988 corpore
1021 1913 1148 1970 sine
1181 1913 1543 1971 confessione
1575 1916 1638 1970 et
1654 1912 2020 1989 poenitentia
2040 1913 2230 1971 sciens
2251 1912 2534 1988 indignus
2554 1913 2807 1987 accepi.‘
2847 1910 3061 1969 Eadem

452 2001 749 2059 habentur
780 2002 842 2059 in
872 2001 935 2063 11.
967 2000 1495 2077 poenitentialibus
1527 2002 1661 2059 Alc
1679 2002 1843 2059 uini
1874 2009 1935 2060 et
1966 2003 2011 2059 E
2028 2003 2304 2078 gberti,
2338 2002 2402 2059 in
2421 2001 2875 2060 sacramentario
2896 2004 3064 2058 turo·

451 2091 621 2149 nensi
651 2090 810 2167 apud
842 2091 1214 2148 Morinum
1244 2091 1307 2148 in
1339 2089 1592 2165 append.
1638 2110 1696 2165 p.
1732 2101 1834 2161 43,
1881 2092 2052 2165 cujus
2094 2091 2319 2167 judicio
2368 2090 2522 2148 illud
2569 2090 2779 2148 saltem
2830 2093 2923 2147 est
2973 2107 3062 2147 se-

453 2180 571 2237 culi
601 2179 699 2250 IX,
733 2180 798 2237 in
828 2198 945 2254 quo
979 2180 1231 2256 legimffl
1277 2179 1434 2238 inter
1474 2180 1589 2238 alia
1633 2183 1899 2254 peccata:
1965 2179 2319 2250 ,Confiteor,
2369 2180 2509 2254 quia
2554 2197 2766 2254 corpus
2819 2183 2880 2236 et
2930 2197 3066 2236 san·

452 2268 695 2344 guinem
727 2268 795 2329 D.
826 2268 898 2324 N.
920 2267 975 2329 J.
1009 2267 1227 2327 Christi
1261 2268 1543 2344 indignus
1575 2270 1636 2327 et
1670 2269 1938 2344 pollutus
1972 2272 2032 2326 et
2064 2269 2413 2328 immundus
2447 2273 2507 2327 et
2539 2270 2667 2326 sine
2702 2267 3067 2326 confessione

456 2356 902 2427 communicavi,
935 2357 1125 2433 tetigi,
1159 2357 1393 2432 portavi
1426 2362 1552 2427 etc„
1601 2359 1662 2415 et
1707 2358 1768 2415 in
1817 2358 2286 2434 quadragesima,
2340 2359 2497 2416 sicut
2529 2358 2922 2415 constitutum
2956 2362 3063 2425 est,

456 2445 763 2504 confessus
795 2464 915 2504 non
944 2446 1051 2514 fui,
1083 2464 1192 2504 nec
1222 2446 1648 2521 poenitentiam
1680 2447 1752 2506 de
1785 2446 2124 2521 praeteritis
2157 2447 2434 2505 omnibus
2466 2447 2622 2522 egi}
2674 2445 2865 2515 Quare
2897 2464 3061 2503 auc·

455 2538 578 2593 tor
627 2536 665 2596 l.
713 2535 785 2593 de
835 2535 1199 2593 salutaribus
1249 2534 1619 2594 documentis
1668 2531 1851 2615 (inter
1899 2555 2033 2611 opp.
2081 2555 2127 2599 s.
2159 2536 2503 2612 Augustini,
2548 2537 2700 2593 forte
2748 2534 3065 2592 Paulini

456 2619 722 2706 aquilej.)
757 2623 977 2682 diserte
1010 2624 1255 2682 statuit:
1320 2623 1785 2701 ,Unusquisque
1817 2628 2135 2701 antequam
2170 2643 2383 2701 corpus
2416 2627 2477 2682 et
2507 2624 2858 2701 sanguinem
2890 2624 2955 2681 D.
2990 2623 3064 2680 N.

457 2712 511 2771 J.
546 2713 764 2772 Christi
797 2713 1063 2789 accipiat,
1097 2714 1360 2789 seipsum
1392 2714 1607 2789 probet
1640 2763 1652 2776 .
1689 2762 1702 2775 .
1736 2760 1748 2773 .
1813 2714 2058 2784 Quando
2091 2716 2250 2774 enim
2280 2714 2433 2772 illud
2466 2714 2730 2789 accipere
2762 2714 3062 2782 debemuS,

457 2807 630 2860 antea
680 2802 755 2861 ad
804 2803 1230 2862 consessionem
1282 2808 1341 2861 et
1391 2804 1816 2878 poenitentiam
1867 2822 2168 2863 recurrere
2216 2803 2499 2862 debemus
2549 2810 2609 2861 et
2654 2820 2855 2862 omnes
2900 2804 3069 2859 actus

456 2896 692 2950 nostros
724 2892 1017 2950 curiosius
1049 2893 1361 2963 discutere,
1395 2897 1456 2951 et
1486 2898 1722 2967 peccata
1751 2893 2025 2963 obnoxia,
2074 2893 2124 2952 si
2171 2893 2233 2951 in
2279 2892 2447 2952 nobis
2492 2892 2903 2967 comperimuS,
2950 2891 3069 2948 cito

456 2981 808 3039 festinemus
856 3000 962 3057 per
1011 2981 1436 3040 confessionem
1486 2986 1549 3040 et
1596 3001 1794 3040 veram
1844 2982 2269 3058 poenitentiam
2319 2982 2575 3051 abluere,
2625 3000 2699 3040 ne
2746 2999 2877 3039 cum
2910 2980 2946 3037 J
2951 2978 3069 3036 uda

457 3070 761 3146 proditore
793 3069 1092 3128 diabolum
1124 3070 1283 3128 intra
1313 3088 1420 3128 nos
1451 3070 1706 3129 celantes
1735 3080 2109 3146 pereamuS.‘
2175 3072 2253 3132 Cf.
2288 3072 2434 3130 Gen
2453 3071 2689 3129 nadiu
2708 3088 2734 3128 s
2768 3070 2838 3127 de
2871 3069 3071 3145 dogm.

458 3160 656 3218 eccles,
689 3177 734 3216 c.
771 3168 882 3228 53;
917 3159 1263 3217 Herveus
1297 3177 1426 3218 ven.
1461 3156 1521 3239 (†
1562 3156 1754 3231 1150)
1788 3161 1921 3218 inh.
1944 3161 2020 3229 1.;
2054 3162 2456 3219 Honorius
2487 3158 2802 3237 augustod.
2835 3157 3066 3215 Eucha-

457 3248 698 3306 risticon
731 3266 776 3307 c.
816 3258 846 3309 7
885 3243 1075 3328 (Mig.
1114 3257 1255 3317 172,
1298 3245 1490 3329 1251)
1524 3252 1632 3313 etc.
1697 3249 1779 3308 Cf.
1812 3250 2057 3308 Frank
2093 3250 2168 3318 11,
2206 3261 2261 3311 5.

634 3371 783 3435 491.
814 3368 1361 3436 Demonstrati«)
1392 3389 1466 3454 p.
1499 3369 1641 3439 111.
1673 3368 2028 3449 Praecipua
2061 3366 2424 3443 difficultaS,
2458 3385 2652 3449 quam
2672 3372 2899 3447 urgent
2917 3384 3068 3447 pro-

460 3480 794 3551 testanteS,
825 3475 1063 3557 petitur
1095 3493 1173 3539 ex
1207 3475 1396 3550 sacto,
1438 3475 1609 3557 quod
1654 3483 1923 3539 narrant
1967 3472 2361 3538 Socrates
2409 3473 2481 3536 H.
2513 3473 2578 3535 E.
2611 3474 2686 3545 V,
2726 3477 2804 3541 19
2839 3480 2903 3538 et
2935 3470 3070 3536 So-

457 3599 838 3647 zomenus
870 3582 940 3644 H.
974 3580 1037 3644 E.
1070 3581 1195 3657 VII,
1237 3587 1316 3649 16
1362 3581 1440 3645 de
1487 3589 1810 3662 expuncto
1844 3600 1959 3663 per
1992 3580 2361 3645 Nectarium
2393 3582 2457 3665 (†
2489 3582 2644 3666 397)
2691 3580 3073 3661 presbytero

459 3687 955 3768 poenitentiario
1008 3689 1350 3753 occasione
1400 3687 1840 3763 confessioniS,
1892 3706 2020 3769 qua
2067 3687 2389 3769 proditum
2442 3695 2535 3751 est
2588 3704 2783 3766 grave
2816 3685 3073 3749 diaconi

461 3793 734 3869 crimem
786 3794 955 3859 unde
1003 3793 1297 3869 inferunt,
1349 3794 1730 3874 abrogatam
1782 3793 1975 3860 fuisse
2026 3794 2231 3875 ipsam
2280 3792 2764 3869 confessionem,
2798 3793 3074 3875 ideoque

460 3917 606 3963 eam
636 3899 1050 3963 institutionis
1083 3918 1225 3964 esse
1258 3901 1747 3965 ecclesiasticae.
1813 3899 2210 3980 Quibusdam
2254 3900 2411 3964 fides
2444 3897 2727 3964 Socratis
2774 3907 2839 3964 et
2869 3898 3070 3969 Sozo-

457 4006 631 4070 meni
659 4005 949 4069 nonnihil
981 4014 1081 4070 est
1122 4014 1436 4088 suspecta,
1484 4026 1693 4089 eoque
1741 4008 1948 4087 magis
1996 4008 2169 4090 quod
2217 4007 2404 4088 huius
2454 4005 2605 4069 facti
2650 4007 2850 4070 altum
2901 4006 3072 4087 apud

460 4110 619 4176 alios
649 4111 993 4193 scriptores
1025 4132 1307 4178 coaevos
1341 4122 1405 4179 et
1435 4120 1652 4194 patres
1688 4122 1787 4179 est
1806 4115 2149 4190 silentium,
2172 4132 2494 4196 nemoque
2515 4113 2831 4194 ejusmodi
2852 4132 3070 4194 repre-

460 4218 681 4283 hendit
713 4218 1217 4300 abrogationem.
1280 4219 1521 4284 Verum
1570 4220 1799 4284 eruditi
1834 4220 2264 4285 communiter
2298 4219 2532 4284 factum
2565 4220 2942 4285 admittunt:
2993 4239 3072 4284 ex

461 4326 599 4407 ipso
633 4332 848 4389 autem
881 4326 1150 4390 aliorum
1183 4326 1434 4392 silentio
1467 4328 1694 4391 merito
1715 4327 2009 4403 inierunt,
2031 4328 2240 4391 minus
2261 4326 2455 4391 fuisse
2476 4327 2856 4407 abrogatum
2878 4345 3072 4410 quam

462 4432 810 4496 adversarii
823 4433 1072 4513 jactant
1117 4434 1220 4497 vel
1265 4441 1509 4515 putant.
1572 4433 1729 4498 Illud
1775 4433 2021 4498 scilicet
2054 4434 2113 4502 l.
2150 4433 2267 4498 fuit
2297 4435 2696 4513 abrogatum,
2745 4435 2916 4517 quod
2962 4434 3076 4497 suit

462 4556 662 4603 causa
694 4540 999 4615 scandali,
1029 4547 1102 4604 ut
1130 4547 1311 4622 patet
1344 4560 1420 4605 ex
1454 4542 1597 4623 ipsa
1630 4540 1779 4605 facti
1810 4541 2092 4604 historia.
2143 4542 2340 4623 Atqui
2370 4542 2495 4605 hoc
2526 4540 2642 4605 fuit
2673 4560 2880 4623 neque
2912 4559 3071 4622 poe-

465 4646 732 4710 nitentia
764 4646 1020 4728 publica
1050 4666 1165 4728 pro
1215 4649 1497 4729 peccatis
1546 4646 1833 4729 publiciS,
1883 4665 2093 4729 neque
2140 4646 2457 4712 confessio
2504 4654 2860 4721 secreta3
2912 4648 3074 4712 haec

463 4770 615 4833 ergo
648 4751 961 4834 abrogata
992 4772 1123 4817 non
1155 4753 1286 4818 fuit.
1319 4754 1419 4817 Ad
1452 4755 1612 4819 haec
1642 4757 1705 4823 2.
1743 4754 1916 4836 quod
1949 4755 2063 4818 suit
2095 4753 2498 4835 abrogatum,
2530 4755 2807 4819 cessavit
2840 4755 2903 4816 in
2933 4760 3071 4817 toto
