3538 5364
1232 271 1352 326 sine
1380 271 1665 343 baptismo
1692 271 2113 327 decedentium.
2848 282 2988 347 623

359 451 641 521 muniter
669 452 923 530 dicitur,
954 452 1130 536 quod
1159 459 1429 535 peccato
1461 452 1756 535 originali
1785 473 1920 520 non
1938 454 2210 521 debetur
2228 473 2442 536 poena
2461 468 2776 533 sensus‘3
2808 457 2985 538 quod

361 561 591 646 triplici
620 560 819 627 etiam
849 559 1104 625 ratione
1134 558 1386 642 probat.
1419 558 1511 624 Cf.
1541 559 1607 624 in
1638 565 1698 631 2.
1730 560 1789 625 d.
1823 566 1910 632 38
1942 580 1999 643 q.
2033 566 2074 629 2
2107 579 2164 625 a.
2204 566 2257 630 1.
2290 559 2693 643 Suffragatur
2725 564 2795 632 b.
2813 561 2988 628 ratio

365 669 727 750 theologica
757 674 824 733 et
853 665 1138 748 legitima
1167 665 1368 732 illatio
1402 685 1481 732 ex
1514 673 1824 732 accurata
1867 668 2096 733 ruinae
2140 686 2259 750 per
2302 674 2642 751 peccatum
2674 668 2988 750 originale

361 777 577 842 illatae
607 773 1008 840 definitione:
1039 772 1425 855 suffragatur
1454 792 1516 843 c.
1548 773 1844 839 doctrina
1873 772 1957 837 In
1972 793 2070 839 no
2087 793 2122 837 c
2140 792 2175 839 e
2191 794 2233 837 n
2253 774 2351 838 tii
2380 773 2472 840 111.
2505 778 2564 844 3.
2597 774 2765 840 decr.
2788 774 2880 839 tit.
2895 779 2983 844 42

362 903 416 949 c.
438 889 480 954 3
497 882 844 964 ‚Maiores-z
884 879 1143 956 ,Poena
1172 879 1500 963 originalis
1532 881 1783 965 peccati
1815 887 1914 946 est
1942 881 2232 947 carentia
2261 881 2524 947 visionis
2544 880 2678 959 Dei,
2712 881 2986 947 actualis

360 1008 517 1056 vero
546 988 798 1071 peccati
829 994 929 1054 aet
956 988 1290 1068 gehennae
1321 993 1672 1071 perpetuae
1711 987 2041 1054 cruciatus
2053 990 2157 1075 ¹).¹
2227 988 2496 1055 Multum
2527 1007 2788 1072 quoque
2816 1007 2982 1070 pon-

365 1097 541 1163 deris
570 1097 644 1165 d.
676 1095 826 1160 huic
855 1092 1215 1160 sententiae
1245 1094 1497 1161 accedit
1527 1113 1608 1159 ex
1638 1112 1919 1161 censura
1949 1093 1999 1158 P
2015 1095 2071 1158 ii
2101 1094 2201 1159 VI.
2234 1094 2300 1159 in
2330 1096 2635 1178 proposit.
2651 1101 2738 1167 26
2758 1095 2989 1179 synodi

365 1201 913 1285 pistoriensis
943 1202 1106 1267 lata:
1147 1200 1506 1278 ,Doctrina
1541 1220 1708 1285 quae
1738 1201 1916 1268 velut
1947 1200 2231 1267 fabulam
2262 1201 2668 1284 pelagianam
2701 1201 2988 1284 explodit

368 1309 578 1376 locum
608 1309 784 1374 illum
813 1308 1166 1374 inferorum
1211 1309 1428 1395 (quem
1458 1307 1639 1374 limbi
1670 1328 2021 1393 puerorum
2050 1309 2310 1373 nomine
2340 1307 2565 1374 fideles
2596 1309 2837 1391 passim
2870 1307 2987 1374 de-

365 1416 665 1504 signant),
712 1415 782 1480 in
830 1433 958 1499 quo
1009 1414 1265 1481 animae
1314 1415 1762 1482 decedentium
1815 1434 1963 1480 cum
2011 1414 2152 1480 sola
2199 1413 2491 1496 originali
2541 1416 2731 1499 culpa
2774 1433 2989 1498 poena

363 1524 586 1591 damni
614 1525 779 1590 citra
808 1540 1085 1607 poenam
1115 1524 1281 1606 ignis
1312 1524 1677 1606 puniantur,
1709 1524 1975 1606 perinde
2008 1542 2088 1589 ac
2106 1522 2162 1589 si
2180 1524 2306 1588 hoc
2326 1524 2485 1605 ipsc,
2507 1522 2684 1606 quod
2702 1522 2811 1605 qui
2827 1540 2988 1605 poe-

364 1651 518 1698 nam
548 1632 715 1714 ignis
744 1621 1094 1709 removent,
1124 1632 1502 1699 inducerent
1530 1633 1746 1697 locum
1779 1632 1957 1698 illum
1989 1639 2055 1697 et
2069 1638 2310 1699 statum
2343 1631 2625 1698 medium
2659 1638 2988 1714 expertem

364 1740 592 1822 culpae
638 1745 704 1804 et
747 1757 997 1821 poenae
1042 1740 1208 1806 inter
1253 1758 1524 1822 regnum
1556 1738 1672 1805 Dei
1719 1745 1785 1804 et
1829 1740 2314 1805 damnationem
2347 1745 2697 1816 aeternam,
2731 1738 2986 1821 qualem

367 1845 739 1913 fabulantur
753 1846 1091 1931 pelagiani,
1112 1845 1288 1923 falsa,
1310 1846 1673 1924 temeraria,
1693 1847 1759 1910 in
1775 1845 2032 1911 scholas
2047 1844 2406 1911 catholicas
2420 1846 2782 1928 injuriosa·
2806 1844 2989 1910 Unde

370 1954 785 2037 consequitur
816 1972 964 2018 eam
995 1954 1381 2019 sententiam
1412 1952 1777 2019 doctrinam
1820 1953 2054 2019 saltem
2099 1971 2245 2018 esse
2290 1973 2322 2017 s
2339 1971 2436 2018 an
2454 1971 2605 2018 am:
2656 1971 2990 2035 nunquam

373 2060 543 2126 enim
584 2059 873 2126 Ecclesia
931 2059 1259 2123 doctrinas
1320 2058 1689 2124 scholarum
1752 2059 2217 2125 catholicarum
2263 2058 2632 2124 malesanas
2680 2060 2996 2125 adversus

371 2185 696 2245 censuras,
728 2166 851 2233 etsi
881 2166 1167 2248 injustas,
1197 2166 1570 2231 solemniter
1603 2164 1901 2231 tuebitur.
1945 2163 2252 2249 Sequitur
2281 2174 2621 2248 praeterea
2651 2166 2992 2248 Augustini

370 2273 759 2339 sententiam
789 2291 923 2337 non
955 2291 1097 2338 esse
1129 2272 1209 2337 de
1240 2272 1366 2337 fide
1399 2282 1464 2337 et
1494 2291 1536 2338 a
1565 2291 1745 2339 conc.
1793 2271 2133 2337 florentino
2167 2272 2515 2348 definitam,
2547 2280 2620 2338 ut
2651 2274 2859 2338 visum
2891 2281 2996 2339 est

370 2378 737 2445 Petavio.
798 2379 933 2444 Imo
980 2398 1058 2444 ex
1102 2380 1353 2444 concilii
1397 2378 1765 2445 definitione
1813 2386 2100 2445 nostram
2147 2380 2359 2463 potius
2406 2380 2792 2445 sententiam
2825 2380 2997 2445 eruit

370 2486 422 2551 P
437 2485 598 2551 alm
613 2486 635 2549 i
650 2505 685 2551 e
699 2487 766 2550 ri
798 2486 877 2552 de
908 2485 1042 2552 Deo
1073 2495 1334 2553 creante
1354 2488 1440 2551 th.
1463 2494 1545 2558 81
1566 2508 1581 2551 :
1622 2486 2022 2569 ,Disparitas
2040 2488 2263 2569 nequit
2283 2505 2429 2553 esse
2449 2505 2702 2570 poenae
2723 2488 2791 2575 (a
2808 2505 2988 2552 conc.

371 2594 646 2679 statuta)
679 2590 745 2656 in
766 2609 844 2656 eo
866 2599 1134 2671 tantum,
1169 2594 1342 2677 quod
1372 2594 1654 2660 mitior
1670 2611 1706 2658 e
1736 2610 1950 2675 poena
1969 2592 2133 2674 ignis
2156 2592 2531 2671 afficiantur,
2553 2593 2829 2677 quicum
2847 2593 2990 2659 solo

372 2700 665 2782 originali
695 2700 1044 2777 decedunt;
1090 2702 1217 2766 hoc
1261 2703 1431 2767 enim
1463 2702 1806 2767 discrimen
1838 2701 2034 2766 etiam
2066 2701 2232 2767 inter
2263 2719 2396 2776 eos
2444 2701 2554 2785 qui
2584 2718 2732 2766 cum
2764 2709 2992 2768 actua-

372 2808 541 2872 libus
570 2806 950 2872 mortalibus
981 2809 1266 2888 peccatis
1314 2807 1650 2885 decedunt,
1698 2808 1965 2885 exsistit,
2008 2807 2173 2873 inter
2216 2826 2379 2889 quos
2427 2814 2644 2873 tamen
2673 2806 2919 2872 nullum
2951 2827 2992 2872 a

376 2913 647 2979 concilio
680 2912 1025 2979 discrimen
1056 2912 1389 2978 indicatur.
1453 2912 1672 2994 Quare
1705 2915 1759 2979 si
1791 2933 2006 2998 poena
2035 2912 2198 2994 ignis
2231 2913 2331 2979 vel
2361 2913 2596 2979 mitiori
2626 2911 2994 2997 plectuntur

376 3019 673 3097 infantes,
705 3039 814 3085 res
861 3038 941 3084 eo
988 3020 1248 3085 tandem
1295 3020 1483 3096 redit,
1531 3028 1603 3085 ut
1646 3021 1895 3085 nullum
1941 3022 2283 3086 discrimen
2329 3027 2541 3086 exstat
2586 3022 2753 3087 inter
2784 3039 2897 3087 eos
2929 3029 2998 3086 et

375 3135 629 3194 ceteros
674 3134 1069 3210 peccatores,
1114 3127 1223 3210 qui
1268 3125 1606 3192 actualiter
1649 3133 2022 3209 peccarunt,
2070 3127 2194 3192 etsi
2224 3127 2366 3210 quis
2396 3126 2558 3210 plus,
2604 3129 2747 3211 quis
2779 3128 2996 3193 minus

380 3235 675 3317 patiatur.
738 3231 1144 3315 Significatur
1188 3252 1339 3315 ergo
1386 3233 1730 3298 discrimen
1760 3232 1935 3298 aliud
1965 3242 2222 3316 praeter
2254 3234 2423 3312 illud,
2476 3233 2651 3318 quod
2682 3234 2849 3302 inter
2879 3254 2998 3301 eos

380 3347 499 3418 oet,
529 3341 638 3424 qui
666 3339 809 3424 plus
839 3341 1050 3405 minus
1082 3340 1434 3422 puniantur
1462 3359 1675 3422 poena
1704 3340 1886 3423 igniS,
1919 3340 2265 3406 discrimen
2310 3341 2440 3406 scil.
2488 3340 2760 3424 specis
2770 3342 2993 3406 icum.

372 3447 516 3513 Hoc
546 3455 766 3513 autem
796 3466 928 3511 non
961 3446 1134 3512 aliud
1153 3465 1299 3512 esse
1312 3454 1543 3529 potest,
1564 3465 1759 3530 quam
1779 3447 1952 3530 quod
1972 3448 2111 3512 solo
2133 3447 2423 3528 originali
2457 3447 2753 3514 obstricti
2782 3467 3002 3531 poena

380 3561 629 3619 tantum
662 3553 881 3618 damni
913 3554 1353 3619 mulctentur.¹

561 3694 641 3747 66
651 3694 705 3747 5.
735 3679 802 3750 4.
832 3683 961 3743 Etsi
990 3701 1130 3760 ergo
1162 3682 1223 3742 hi
1251 3683 1508 3743 infantes
1538 3682 1865 3743 secundum
1894 3682 2249 3742 sententiam
2280 3683 2600 3743 admodum
2630 3684 2994 3760 probabilem

379 3792 502 3834 non
532 3771 869 3832 afficiantur
898 3791 1111 3832 sensus
1141 3790 1347 3849 poena,
1380 3776 1677 3848 quaerunt
1705 3775 1908 3831 tamen
1938 3771 2221 3849 theologi,
2267 3791 2412 3832 num
2446 3773 2655 3831 saltem
2687 3773 3002 3849 patiantur

380 3861 814 3921 tristitiam
847 3863 923 3922 ob
953 3860 1352 3922 exclusionem
1383 3879 1416 3920 e
1447 3879 1631 3939 regno
1650 3861 1966 3920 coelorum.
1997 3860 2237 3937 Negant
2254 3861 2458 3936 plures
2476 3879 2611 3919 cum
2645 3879 2692 3920 s,
2722 3861 2944 3921 Thom
2963 3881 3004 3920 a

384 3951 459 4010 de
487 3951 646 4010 malo
676 3969 732 4026 q.
768 3960 803 4013 5
836 3971 888 4010 a.
924 3961 959 4014 3
1008 3951 1101 4010 vel
1144 3950 1294 4022 ideo,
1340 3949 1483 4026 quia
1512 3949 1757 4009 visionis
1788 3948 2093 4008 beatificae
2123 3967 2244 4009 non
2273 3949 2496 4008 habent
2524 3949 2804 4009 notitiam
2835 3950 2996 4009 ideo·

384 4058 502 4116 que
530 4039 604 4099 de
642 4039 809 4098 illius
836 4039 1149 4099 amissione
1180 4039 1377 4100 dolere
1407 4042 1749 4142 nequeuut3
1794 4039 1892 4099 vel
1935 4037 2079 4114 quia
2107 4039 2480 4099 voluntatem
2510 4038 2731 4098 habent
2760 4038 3002 4099 divinae

383 4128 726 4188 conformen
764 4127 998 4204 sibique
1043 4132 1188 4187 sunt
1230 4128 1467 4200 conscii,
1517 4147 1579 4187 se
1627 4127 1872 4204 propria
1915 4127 2089 4204 culpa
2131 4146 2251 4187 non
2294 4128 2580 4187 excidisse
2624 4127 2998 4188 beatitudine

387 4217 507 4277 sibi
536 4236 779 4294 prorsus
811 4216 1099 4282 indebita.
1161 4216 1536 4279 contrarium
1574 4217 1680 4276 alii
1711 4219 1964 4276 tuentur
1993 4235 2131 4276 cnm
2160 4216 2637 4276 Bellarmino
2683 4216 2757 4275 de
2802 4217 2999 4276 amiss.

385 4325 476 4383 gr.
505 4312 570 4366 et
599 4310 763 4366 statu
793 4323 949 4381 pecc.
980 4305 1078 4377 VI,
1115 4315 1151 4368 6
1187 4323 1265 4368 ss.

608 4446 644 4510 ¹)
673 4442 756 4495 Cf.
782 4440 866 4495 Sc
882 4441 922 4494 h
937 4456 967 4494 e
982 4457 1012 4493 e
1031 4441 1110 4495 be
1126 4460 1165 4497 n
1204 4439 1371 4510 Myst-
1411 4439 1511 4495 des
1537 4439 1886 4495 Christenth.
1912 4449 1940 4508 5
1965 4449 2036 4498 44
2059 4459 2132 4498 ss.
2186 4440 2375 4496 Etiam
2420 4440 2479 4495 in
2509 4440 2794 4495 schemate
2819 4441 3003 4494 const.

387 4522 578 4594 dogm.
604 4522 675 4577 de
702 4520 962 4577 doctrina
987 4523 1137 4577 cath.
1163 4538 1319 4577 conc.
1349 4539 1381 4575 v
1398 4538 1432 4575 a
1449 4524 1475 4574 t
1489 4521 1510 4575 i
1524 4537 1555 4576 c
1568 4537 1603 4574 a
1619 4519 1696 4575 ni
1721 4538 1768 4575 c.
1797 4531 1829 4577 5
1850 4539 1953 4592 pro
1980 4538 2165 4593 poena
2184 4520 2406 4593 peccati
2424 4519 2726 4591 originalis
2744 4518 2867 4572 sola
2887 4518 3000 4590 pri·

392 4600 545 4657 vatio
573 4601 811 4658 visionis
827 4602 1121 4658 beatificae
1134 4602 1492 4674 assignaturz
1521 4599 1810 4667 „Quicum
1828 4602 1946 4657 solo
1969 4600 2240 4674 originali
2256 4605 2487 4675 peccato
2507 4603 2747 4656 mortem
2768 4600 3003 4664 obeunt,

390 4684 557 4738 beata
572 4681 677 4736 Dei
701 4681 922 4738 visione
947 4681 1011 4737 in
1025 4683 1371 4753 perpetuum
1386 4682 1724 4741 carebunt;“
1753 4698 1884 4737 cum
1909 4685 2144 4752 peccato
2171 4682 2457 4754 personali
2476 4683 2768 4752 praeterea
2788 4677 3005 4734 crucia·

387 4766 485 4818 tus
510 4764 806 4835 gehennae
831 4762 1212 4833 assignentur.
1259 4761 1347 4824 cf,
1374 4762 1643 4818 Suarez
1671 4761 1734 4816 in
1759 4769 1809 4820 3.
1838 4782 1894 4834 p.
1920 4762 2067 4835 disp.
2095 4771 2164 4821 50
2188 4781 2231 4818 s.
2258 4774 2321 4826 5:
2346 4764 2402 4818 d.
2430 4768 2499 4821 57
2524 4781 2566 4821 s.
2594 4771 2644 4819 5.
