3538 5364
1032 368 1409 424 Praeambula
1435 366 1948 424 consummationis
1976 367 2333 423 universalis.
2854 375 2983 441 649

553 558 640 616 De
672 556 841 615 Elias
874 550 963 638 (et
991 550 1261 635 Henoch)
1295 556 1486 615 reditu
1516 555 1615 614 vix
1648 554 1925 614 dubitare
1954 554 2111 625 licet,
2159 554 2212 612 si
2254 553 2528 629 patribus
2561 553 2858 613 credimus
2890 549 2987 634 (cf.

360 665 555 723 supra
585 665 645 708 n.
668 640 861 726 6381)
885 667 901 717 3
931 643 1174 704 dubitat
1203 658 1403 704 tamen
1434 645 1830 720 Rupertus
1859 643 2165 703 tuitiensis
2197 644 2292 708 ab.
2323 637 2387 725 (†
2413 642 2607 721 1135)
2638 643 2711 702 de
2741 643 2989 703 victoria

371 735 558 796 Verbi
577 734 646 806 V,
688 747 713 797 1
730 745 762 797 5
797 734 1041 793 innixus
1071 733 1529 811 Hieronymi
1559 733 1916 792 auctoritate
1947 727 2042 815 (in
2069 732 2187 792 fine
2205 736 2517 795 comment.
2537 733 2602 791 in
2619 730 2986 811 Malachiam)

360 828 434 883 et
464 824 674 884 Matth.
715 836 811 896 11,
853 834 962 894 14;
1008 841 1227 899 eosque
1271 822 1551 899 opinatur
1594 843 1630 882 a
1670 821 1964 882 moriendi
2002 821 2349 882 necessitate
2380 822 2659 881 liberatos
2693 821 2774 881 ib.
2806 840 2852 883 c.
2892 832 2987 885 16.

370 913 815 973 Maldonatu
833 932 860 972 s
892 931 1031 972 vero
1062 912 1127 971 in
1158 912 1367 971 Matth.
1393 921 1490 987 17,
1521 923 1591 975 11
1632 913 1758 971 loco
1789 912 2033 971 Henoch
2062 913 2305 987 Moysen
2336 914 2660 971 venturum
2690 928 2819 970 esse
2850 930 2984 970 cen-

361 1007 482 1063 set.
549 1005 633 1063 De
676 1003 884 1062 futura
919 1001 1276 1078 judaeorum
1322 1001 1867 1072 conversione,
1915 1019 2094 1076 quam
2140 1019 2185 1065 a.
2227 1000 2449 1061 Paulus
2481 1000 2833 1076 sperandam
2864 1018 2991 1059 esse

372 1094 518 1152 satis
550 1093 704 1152 clare
735 1091 1032 1169 significat
1050 1090 1214 1150 Rom.
1243 1101 1339 1162 11,
1377 1099 1454 1153 25
1478 1108 1557 1151 ss.
1588 1090 1825 1166 copiose
1856 1090 2170 1165 disputant
2201 1089 2603 1150 Malvenda
2634 1089 2670 1152 l.
2702 1089 2801 1148 cit.
2834 1090 2871 1147 l.
2913 1101 2986 1152 10

361 1184 438 1241 et
475 1193 543 1245 11
586 1183 647 1240 et
676 1181 998 1240 Lessius
1031 1179 1103 1239 de
1136 1180 1385 1241 antichr.
1415 1199 1474 1239 n.
1508 1188 1589 1243 63
1624 1197 1702 1243 ss.

559 1316 702 1369 695.
750 1306 836 1365 De
880 1304 1238 1365 antichristo.
1269 1338 1357 1348 —-
1389 1303 1747 1363 Antichristi
1780 1322 1996 1363 nomen
2042 1303 2317 1380 designat
2360 1306 2490 1362 tum
2536 1323 2692 1373 eum,
2746 1303 2851 1380 qui
2900 1308 2993 1361 est

364 1398 583 1455 contra
611 1395 927 1465 Christum,
961 1394 1182 1453 Christi
1213 1393 1637 1463 adversarium,
1677 1397 1817 1452 tum
1863 1411 2017 1464 eum,
2070 1392 2175 1468 qui
2220 1412 2329 1468 pro
2375 1393 2609 1452 Christo
2644 1412 2750 1452 seu
2782 1393 2994 1451 Messia

375 1502 439 1543 se
483 1483 772 1556 venditat,
818 1483 1343 1561 pseudomessiam.
1406 1482 1718 1558 Accipitur
1760 1486 1958 1541 autem
1992 1500 2166 1559 saepe
2197 1481 2408 1542 laxiori
2441 1482 2888 1560 significatione,
2935 1487 2997 1540 et

373 1575 523 1632 tunc
554 1573 733 1632 multi
764 1576 910 1632 sunt
939 1572 1293 1632 antichristi.
1342 1571 1425 1636 Cf.
1452 1583 1501 1635 1.
1522 1571 1615 1630 Jo.
1640 1581 1696 1642 2,
1737 1580 1834 1635 18.
1869 1580 1986 1643 22;
2022 1580 2076 1633 2.
2098 1590 2187 1648 ep.
2208 1591 2262 1635 v.
2286 1583 2343 1635 7.
2388 1572 2502 1630 Per
2529 1571 2994 1630 antonomasiam

377 1680 560 1721 sensu
590 1664 765 1738 pleno
798 1666 861 1722 et
891 1680 1094 1739 presso
1124 1662 1228 1721 ille
1259 1660 1481 1720 dicitur
1510 1660 1917 1731 antichristus,
1964 1679 2141 1737 quem
2173 1660 2480 1720 christiani
2524 1661 2587 1719 in
2632 1661 2747 1719 fine
2788 1659 2998 1718 mundi

369 1885 475 1924 sex
502 1884 781 1925 annorum
807 1868 987 1934 milia,
1014 1885 1260 1936 quorum
1289 1874 1429 1924 5500
1468 1867 1785 1921 secundum
1825 1865 2253 1937 chronologiam
2296 1870 2418 1922 tum
2454 1871 2543 1921 sat
2587 1867 2884 1936 vulgatam
2925 1866 2997 1919 ad

365 1948 669 2003 Christum
687 1965 867 2017 usque
880 1948 1003 2017 jam
1024 1947 1366 2002 effluxerant
1391 1948 1481 2020 (cf.
1499 1946 1712 2000 Etudes
1727 1946 2062 2017 religieuses
2082 1953 2219 2004 1868
2238 1946 2307 2011 11,
2326 1953 2428 2004 596
2444 1965 2513 2001 ss.
2533 1968 2546 2008 ς
2566 1946 2844 2001 Katholik
2862 1953 3001 2004 1880

375 2029 421 2095 1,
446 2032 553 2088 478
580 2032 702 2103 ss.);
741 2030 899 2084 hand
940 2029 1130 2101 pauci,
1158 2046 1274 2084 non
1299 2030 1493 2083 tamen
1521 2045 1799 2083 consensu
1828 2027 2119 2082 communi
2145 2029 2236 2100 (cf.
2264 2027 2307 2081 B
2325 2028 2434 2082 eis
2451 2030 2555 2084 sel
2595 2027 2870 2083 Stimmen
2895 2046 2999 2083 aus

375 2108 562 2162 Maria
587 2108 775 2163 Laach
806 2115 941 2164 1895
969 2110 1010 2174 1,
1037 2115 1144 2166 469
1170 2111 1260 2181 ss.)
1287 2124 1438 2164 anno
1465 2106 1692 2163 circiter
1709 2107 2038 2168 millesimo:
2066 2107 2115 2162 R
2130 2108 2254 2162 ain
2270 2125 2300 2162 e
2315 2127 2344 2163 r
2359 2127 2397 2163 u
2414 2126 2440 2162 s
2466 2108 2635 2180 episc.
2664 2108 3000 2165 florentinus

376 2205 427 2243 a.
463 2194 663 2246 1071-
677 2193 813 2247 1078
829 2212 841 2252 ;
883 2189 1017 2243 Flu
1035 2206 1064 2243 e
1080 2207 1118 2242 n
1136 2188 1197 2243 ti
1213 2207 1251 2242 ιι
1268 2206 1293 2242 s
1334 2188 1506 2260 episc.
1548 2189 1765 2258 pariter
1791 2188 2145 2254 florentinus,
2172 2206 2343 2257 quem
2382 2189 2683 2243 damnavit
2712 2197 2846 2246 1105
2888 2187 2931 2241 Ρ
2944 2205 3001 2241 a·

367 2288 404 2324 s
419 2287 451 2323 c
465 2270 504 2324 h
520 2287 554 2324 a
569 2270 591 2324 1
606 2269 629 2324 i
643 2287 668 2324 s
694 2271 763 2324 11.
789 2270 852 2324 in
877 2270 1118 2325 concilio
1145 2269 1448 2325 florentino
1476 2277 1582 2326 340
1607 2269 2026 2340 episcoporum,
2047 2286 2156 2324 sec.
2173 2270 2278 2324 XII
2295 2291 2308 2332 ;
2335 2287 2376 2323 s.
2403 2269 2455 2323 N
2474 2287 2507 2325 o
2528 2288 2557 2324 r
2574 2271 2609 2324 b
2624 2287 2653 2324 e
2669 2288 2697 2323 r
2713 2273 2738 2323 t
2752 2288 2790 2324 ιι
2807 2286 2833 2323 s
2858 2271 3001 2322 teste

369 2367 421 2404 s.
448 2349 495 2403 B
512 2366 542 2405 e
558 2368 638 2404 rn
655 2366 732 2405 ar
748 2351 785 2404 d
801 2369 834 2406 o
862 2367 954 2422 op.
982 2357 1052 2407 56
1078 2366 1185 2404 sec.
1211 2350 1342 2403 XIII
1361 2370 1373 2410 ;
1414 2349 1446 2403 J
1465 2367 1497 2403 o
1513 2366 1548 2403 a
1564 2366 1593 2403 c
1609 2348 1757 2404 him
1797 2350 1887 2404 ab.
1914 2349 2176 2404 coenobii
2202 2348 2458 2405 florensis
2482 2349 2648 2421 regni
2672 2347 3004 2403 antichristi

383 2432 555 2486 finem
581 2434 640 2485 et
663 2430 897 2486 initium
918 2429 1084 2502 regni
1102 2428 1407 2485 chiliastici
1428 2430 1746 2501 assignavit
1769 2448 1822 2484 a.
1847 2437 1984 2488 1260
2009 2430 2239 2485 innixus
2265 2433 2442 2502 Apoc.
2474 2437 2556 2495 12,
2583 2436 2644 2487 6:
2673 2428 2718 2482 B
2735 2446 2764 2484 e
2781 2448 2820 2500 g
2835 2446 2874 2483 ιι
2890 2428 2911 2482 i
2927 2428 3003 2482 ni

375 2528 512 2566 vero
539 2527 590 2565 a.
621 2517 775 2576 1335,
800 2528 834 2565 a
861 2509 1073 2580 quibus
1099 2527 1213 2566 non
1242 2510 1490 2564 multum
1516 2510 1783 2565 dissentit
1809 2513 1859 2564 A
1874 2529 1903 2565 r
1920 2529 1955 2563 u
1971 2511 2093 2566 old
2111 2530 2149 2566 u
2166 2529 2191 2565 s
2216 2511 2286 2567 de
2307 2511 2629 2575 Villanova‚
2650 2511 2815 2579 juxta
2830 2525 3000 2578 quem

377 2590 585 2646 mundi
610 2590 740 2645 finis
765 2590 1035 2646 advenire
1075 2590 1367 2646 debuisset
1402 2607 1456 2648 a.
1487 2595 1622 2649 1376
1662 2592 1797 2664 (KL.
1827 2599 1900 2655 1²,
1931 2595 2116 2664 1429);
2158 2592 2322 2647 illum
2348 2590 2670 2662 assignavit
2706 2590 2780 2644 W
2796 2590 2816 2644 i
2832 2590 2944 2646 cle
2961 2589 3003 2643 f-

373 2673 503 2729 fus
528 2689 578 2729 a.
611 2678 776 2733 1400;
804 2691 846 2727 s.
874 2672 1336 2729 Vincentius
1361 2671 1652 2729 Ferrerius
1676 2691 1729 2731 a.
1760 2681 1928 2734 1412;
1970 2672 2300 2729 fanatici
2346 2671 2583 2742 quidam
2608 2672 2670 2726 in
2698 2670 3003 2728 Germania

366 2771 431 2811 a.
456 2760 591 2811 1532
611 2775 622 2815 ς
650 2754 842 2825 plures
866 2754 888 2808 1
909 2771 943 2808 u
960 2755 986 2807 t
1000 2753 1038 2808 h
1056 2771 1085 2807 e
1100 2772 1128 2807 r
1143 2771 1177 2807 a
1193 2773 1232 2807 n
1252 2753 1273 2807 i
1313 2756 1543 2809 auctore
1569 2754 1742 2809 mich.
1767 2756 1803 2810 S
1820 2753 1880 2808 ti
1897 2756 1926 2808 f
1933 2755 1998 2809 el
2024 2755 2324 2809 Adventus
2363 2754 2645 2820 secundus
2672 2752 2885 2808 Christi
2910 2754 3003 2826 (cf.

375 2832 494 2887 KL.
525 2841 636 2898 11²,
662 2836 788 2907 789)
814 2850 865 2886 a.
896 2841 1066 2894 1533;
1094 2833 1293 2888 Franc.
1319 2834 1645 2890 Meletus
1671 2851 1722 2889 a.
1756 2843 2067 2894 1530—40:
2094 2835 2351 2890 Postel
2376 2852 2427 2889 a.
2461 2842 2626 2896 1536.
2671 2835 2703 2888 J
2723 2850 3011 2894 oannes,

385 2912 720 2985 parisiensis
759 2930 810 2967 a.
858 2921 1023 2974 156ος
1077 2913 1245 2985 Cypr.
1286 2914 1686 2969 Leovitius
1724 2933 1777 2969 a.
1823 2923 1986 2977 1584:
2052 2916 2703 2988 Regiomontanus
2741 2931 2791 2968 a.
2836 2920 3004 2977 1588:

381 2993 612 3048 Brusc
632 2993 806 3048 hius
830 3011 881 3051 a.
912 2999 1051 3052 1589
1077 2996 1165 3050 vel
1195 3000 1362 3055 1643:
1419 2994 1657 3063 quidam
1696 2996 1856 3068 apud
1897 2996 2279 3052 Pererium
2319 2997 2357 3054 1.
2406 3005 2431 3053 1
2473 2996 2536 3050 in
2577 2996 2715 3050 Gen.
2755 3012 2806 3049 a.
2838 3002 3003 3056 1656:

389 3075 692 3129 Hubner
717 3091 769 3131 a.
800 3079 933 3132 1666
954 3095 966 3135 ς
1012 3074 1161 3129 Phil.
1188 3074 1496 3130 Nicolai
1522 3092 1572 3136 a,
1604 3081 1771 3137 167οι
1823 3077 1947 3133 Nic.
1976 3078 2016 3133 C
2035 3096 2271 3133 usanu
2290 3096 2315 3133 s
2339 3094 2390 3132 a.
2421 3080 2800 3139 1700-1734ς
2855 3075 3005 3132 Frid.

377 3154 574 3208 Bran
591 3172 629 3207 n
646 3155 734 3210 bo
751 3173 789 3209 ιι
832 3171 883 3212 a.
930 3159 1096 3216 1711ς
1147 3155 1301 3212 Guil.
1345 3154 1419 3208 W
1437 3155 1475 3210 h
1493 3155 1554 3210 is
1572 3161 1642 3212 to
1661 3175 1697 3210 n
1742 3173 1794 3210 a.
1836 3160 1988 3222 1714,
2033 3158 2167 3212 dein
2213 3175 2263 3212 a.
2293 3163 2447 3223 1736,
2488 3156 2716 3211 demum
2759 3171 2810 3208 a.
2841 3160 3006 3216 1766:

377 3235 455 3288 fa
469 3253 508 3289 n
525 3251 560 3288 a
576 3234 720 3288 tici
748 3234 988 3303 quidam
1014 3251 1121 3289 sec.
1149 3235 1350 3289 XVIII.
1378 3251 1428 3290 a.
1459 3237 1597 3293 1746
1614 3257 1626 3298 ;
1672 3236 1715 3289 P
1733 3252 1761 3289 e
1779 3240 1804 3289 t
1819 3255 1847 3290 r
1863 3255 1899 3291 u
1916 3255 1942 3291 s
1967 3237 2267 3292 aliacensis
2292 3254 2343 3291 a.
2374 3239 2511 3295 1789
2529 3257 2541 3298 ς
2569 3236 2724 3291 Hier.
2750 3235 2792 3291 C
2808 3252 2886 3289 ar
2901 3236 2939 3290 d
2954 3253 3008 3290 a·

374 3333 521 3370 nus
545 3318 604 3370 et
627 3315 744 3369 Jac.
774 3314 1199 3369 Naclantus
1225 3332 1275 3369 a.
1306 3321 1473 3372 1800:
1515 3315 1799 3388 Bengel
1837 3334 1889 3371 a.
1924 3323 2058 3375 1836
2104 3317 2433 3388 designavit
2457 3335 2560 3387 pro
2587 3317 2769 3373 altero
2797 3316 3011 3372 Christi

382 3395 638 3450 adventu
665 3397 725 3450 et
748 3411 924 3467 regno
952 3393 1272 3449 millenario
1300 3396 1491 3467 (finem
1520 3412 1651 3449 vero
1682 3396 1886 3451 mundi
1905 3414 1955 3457 a.
1978 3403 2135 3462 3836,
2156 3400 2216 3452 et
2229 3397 2591 3452 durationem
2607 3390 2866 3466 ’ejusdem
2887 3413 3011 3451 cen-

375 3474 503 3530 suit
527 3491 646 3530 esse
671 3492 721 3531 a.
749 3477 959 3550 777771,
988 3475 1057 3529 cf.
1085 3475 1199 3531 KL.
1227 3477 1321 3540 11²,
1348 3480 1505 3547 378);
1532 3475 1684 3530 irvi
1701 3493 1739 3528 n
1754 3496 1794 3546 g
1812 3475 1881 3531 ia
1899 3477 1974 3531 ni
2004 3476 2319 3532 secundum
2346 3476 2558 3532 Christi
2583 3479 2898 3533 adventum
2924 3494 3012 3532 ex-

379 3559 724 3628 spectarunt
750 3567 830 3615 14.
857 3557 890 3611 J
896 3556 973 3614 ul.
1002 3561 1140 3612 1835
1172 3556 1262 3610 vel
1285 3556 1485 3610 saltem
1509 3556 1615 3611 hoc
1635 3556 1826 3611 seculo
1847 3560 2141 3617 currente:
2167 3556 2427 3614 William
2454 3558 2510 3612 M
2526 3558 2549 3612 i
2565 3558 2587 3612 1
2603 3558 2625 3612 l
2640 3575 2669 3611 e
2686 3576 2715 3610 r
2740 3567 2823 3614 21.
2845 3558 3012 3612 Mart.

387 3643 543 3704 1843,
570 3636 704 3692 dein
725 3645 811 3694 23.
832 3638 954 3693 Oct.
979 3639 1116 3694 1875
1139 3638 1232 3709 (cf.
1255 3636 1367 3690 KL.
1391 3638 1458 3701 1²,
1488 3640 1613 3708 253)
1632 3659 1643 3698 ;
1673 3639 1723 3690 A
1739 3654 1822 3692 no
1839 3655 1878 3691 n
1894 3656 1930 3707 y
1949 3656 2004 3692 m
2022 3656 2061 3692 u
2077 3655 2103 3692 s
2130 3637 2192 3691 in
2218 3638 2257 3692 1.
2286 3637 2771 3710 Vergangenheit‚
2799 3639 3013 3709 Gegen·

383 3721 532 3773 wart
547 3719 666 3774 und
684 3719 942 3773 Zukunft
958 3736 1071 3772 von
1090 3718 1442 3789 Exspectans
1458 3717 1806 3788 exspectavi,
1825 3718 2068 3774 Dulmen
2101 3723 2236 3776 1873
2261 3736 2312 3775 a.
2346 3726 2482 3776 1900
2500 3740 2511 3779 ς
2539 3717 2593 3771 Η
2609 3735 2641 3772 o
2659 3719 2679 3772 l
2695 3737 2723 3771 z
2738 3718 2777 3772 h
2794 3734 2828 3771 a
2844 3736 2880 3771 u
2900 3736 2925 3772 s
2940 3735 2970 3772 e
2986 3737 3015 3771 r

385 3798 480 3870 (cf.
507 3798 634 3853 Cla
649 3817 678 3852 r
694 3817 731 3854 u
748 3816 791 3864 s,
834 3798 905 3852 H.
932 3797 1479 3869 Lebensgeschichte
1507 3798 1548 3863 Ι,
1573 3802 1699 3869 226)
1719 3819 1731 3859 ς
1776 3817 1816 3870 g
1831 3797 1938 3852 all
1955 3816 1993 3851 u
2010 3817 2035 3852 s
2077 3797 2315 3867 quidam
2355 3798 2513 3868 apud
2552 3799 2594 3852 L
2611 3815 2642 3852 e
2658 3817 2683 3852 s
2698 3815 2727 3851 o
2745 3815 2778 3852 o
2794 3814 2823 3851 e
2840 3815 2879 3851 u
2895 3815 2925 3850 r
2964 3799 3014 3851 le

377 3879 562 3949 regne
601 3878 671 3932 de
710 3878 760 3932 J.
788 3877 979 3932 Christ
1020 3881 1272 3933 extrema
1316 3876 1521 3932 mundi
1565 3878 1684 3932 fata
1732 3878 1996 3949 assignat
2035 3894 2088 3931 a.
2120 3884 2276 3942 1911,
2319 3877 2415 3932 cui
2458 3877 2701 3933 assentit
2742 3877 2788 3930 B
2804 3894 2838 3931 a
2853 3896 2887 3931 x
2903 3881 2973 3932 te
2988 3895 3017 3931 r

385 3975 593 4029 praeco
632 3959 1003 4030 anglicanusz
1043 3959 1315 4030 conjuges
1367 3958 1413 4012 G
1431 3976 1468 4013 u
1487 3958 1560 4011 in
1578 3977 1616 4012 ιι
1632 3974 1662 4013 e
1677 3975 1703 4011 s
1719 3976 1743 4011 s
1783 3957 1945 4030 angli
1986 3975 2038 4012 a.
2070 3961 2206 4017 1917
2249 3958 2339 4013 vel
2380 3959 2581 4013 saltem
2614 3965 2751 4015 1934
2777 3957 3014 4012 initium

381 4039 552 4108 regni
579 4038 892 4093 millenarii
919 4038 1010 4110 (cf.
1036 4039 1288 4093 Simmen
1313 4053 1418 4092 aus
1444 4037 1518 4092 M.
1547 4038 1734 4094 Laach
1765 4045 1903 4095 1892
1930 4038 1971 4104 1,
1998 4044 2101 4096 235
2129 4043 2224 4112 s.);
2278 4038 2327 4092 K
2344 4054 2417 4092 re
2433 4058 2487 4092 ιιι
2506 4056 2537 4093 e
2554 4057 2593 4091 n
2609 4042 2676 4092 tz
2718 4039 2779 4093 in
2805 4055 2897 4108 op.
2923 4038 3015 4092 dic

388 4119 778 4190 Offenbarung
811 4120 909 4174 des
947 4118 1005 4172 h.
1048 4117 1178 4173 Joh.
1206 4117 1477 4188 Friburgi
1507 4124 1643 4175 1883
1671 4137 1718 4173 c.
1747 4135 1799 4175 a.
1832 4124 2002 4180 1950;
2051 4117 2179 4174 Pic
2197 4137 2234 4174 u
2253 4136 2279 4173 s
2304 4118 2741 4173 Mirandulanns
2767 4136 2819 4173 a.
2849 4125 3016 4179 1994:

379 4198 494 4253 alii
518 4199 668 4254 circa
693 4216 744 4254 a.
770 4204 942 4259 2000;
993 4199 1422 4267 Lesquevin
1449 4214 1500 4255 a.
1527 4204 1698 4260 2433ς
1757 4198 1863 4255 alii
1887 4200 2046 4271 apud
2072 4219 2114 4254 s.
2140 4199 2634 4255 Vincentium
2661 4199 2812 4255 Ferr.
2838 4199 2902 4253 in
2928 4214 3016 4270 ep.

391 4279 467 4332 ad
492 4279 1041 4350 pseudopontificem
1067 4279 1440 4335 Benedictum
1467 4297 1518 4338 a.
1548 4284 1704 4339 2537.
1733 4279 1819 4336 Cf.
1847 4280 1906 4334 M
1921 4281 1993 4335 al
2009 4298 2046 4335 v
2062 4297 2144 4337 en
2160 4281 2197 4335 d
2214 4297 2248 4334 a
2274 4280 2345 4334 de
2372 4280 2614 4334 antichr.
2635 4281 2677 4345 1,
2698 4287 2765 4338 32
2787 4297 2829 4333 s.
2846 4282 2904 4332 et
2917 4283 2986 4335 37
3006 4297 3037 4338 ;·

381 4357 436 4413 C
449 4374 483 4411 a
497 4358 588 4414 lm
605 4375 634 4412 e
650 4361 676 4413 t
699 4359 758 4414 in
786 4357 919 4413 diss.
945 4359 1015 4413 de
1042 4357 1384 4414 antichristo
1404 4381 1415 4420 ;
1467 4359 1512 4413 G
1532 4377 1562 4414 e
1577 4377 1606 4413 r
1620 4361 1659 4415 b
1674 4375 1704 4414 e
1723 4378 1751 4415 ι·
1768 4363 1792 4412 t
1833 4359 2086 4415 Ecclesia
2128 4359 2404 4427 militans,
2447 4375 2690 4432 regnum
2718 4357 2932 4413 Christi
2957 4357 3019 4412 in

390 4437 558 4492 terris
582 4438 644 4492 in
670 4438 789 4493 suis
808 4439 944 4493 fatis
964 4440 1389 4510 repraesentata
1414 4455 1461 4495 c.
1487 4446 1520 4495 2
1546 4453 1650 4499 ss.;
1675 4439 1712 4494 S
1727 4457 1758 4494 c
1772 4440 1813 4494 h
1830 4457 1868 4492 n
1885 4456 1915 4493 e
1931 4441 1950 4492 i
1965 4440 2002 4494 d
2018 4455 2048 4493 e
2063 4458 2093 4494 r
2118 4439 2211 4495 die
2239 4439 2623 4494 chiliastische
2650 4437 2888 4493 Doctrin
2903 4454 2950 4492 c.
2968 4446 3018 4493 5.

383 4516 663 4588 Gratry
687 4518 746 4573 in
777 4535 869 4590 op.
894 4518 972 4573 La
1013 4518 1228 4574 morale
1267 4520 1328 4574 et
1363 4518 1420 4572 la
1458 4518 1544 4574 foi
1582 4519 1652 4573 de
1696 4518 1979 4575 l'histoire
2009 4525 2147 4577 1868
2171 4520 2215 4585 Ι,
2238 4521 2345 4577 287
2371 4518 2659 4588 opinatur,
2699 4517 3017 4571 humanum

391 4614 573 4668 genus
599 4600 782 4654 multa
808 4602 1047 4654 centena
1072 4599 1256 4655 millia
1280 4615 1561 4655 annorum
1587 4599 1779 4655 adhuc
1819 4599 2284 4654 inhabitaturum
2324 4614 2441 4654 esse
2481 4598 2630 4653 hanc
2668 4601 2875 4652 terram
2896 4619 2908 4658 ;
2949 4599 3020 4653 de

392 4678 764 4750 opinionibus
810 4683 1092 4735 sectarum
1137 4679 1582 4752 protestantium
1626 4679 1962 4734 recentioris
2005 4679 2213 4734 aetatis
2259 4679 2330 4737 cf.
2375 4678 2419 4733 L
2436 4696 2468 4733 o
2485 4697 2518 4735 o
2534 4681 2564 4732 f
2572 4697 2598 4734 s
2642 4679 2907 4734 Realenc.
2950 4678 3021 4744 1³,

398 4762 694 4816 191-198.
720 4758 802 4814 De
830 4759 1007 4813 variis
1031 4762 1224 4814 autem
1252 4759 1433 4831 signis
1458 4758 1659 4817 mundi
1684 4759 1853 4814 finem
1876 4760 2346 4830 praecedentibus
2361 4762 2587 4831 praeter
2606 4758 2761 4814 dicta
2789 4761 2859 4814 cf.
2880 4757 3020 4813 Les-

380 4838 509 4893 siu
525 4856 552 4893 s
577 4839 648 4894 de
674 4838 789 4893 div.
816 4840 1050 4909 perfect.
1077 4840 1230 4905 XIII,
1261 4848 1342 4898 18.
