3538 5364
1432 329 1786 384 necessitate.
2785 337 2915 402 465

295 521 399 595 qui
431 539 551 579 non
583 521 716 577 vult
748 520 1000 576 mortem
1029 518 1371 592 peccatoris,
1407 516 1510 575 sed
1543 520 1616 574 ut
1647 507 1812 574 vivat
1845 515 1963 594 (Ez.
2001 524 2101 585 33,
2146 509 2271 594 11),
2306 515 2572 574 sufficere
2607 515 2910 586 confessio,

294 628 446 683 quae
476 612 712 667 tantum
746 608 825 665 sit
855 608 915 665 in
947 625 1180 684 genere.
1246 606 1519 665 Ceterum
1552 605 1696 663 alias
1726 605 2102 681 quaestiones
2134 604 2418 680 practicae
2451 605 2523 662 de
2555 604 2736 679 hujus
2774 623 2910 662 con-

293 699 566 757 fessionis
598 697 1063 772 proprietatibus
1095 714 1203 770 pro
1236 695 1642 772 singularibus
1662 695 1898 752 casibus
1915 694 2313 769 relinquimus
2335 693 2666 770 theologiae
2686 695 2911 752 morali.

473 823 619 886 481.
657 785 1225 883 Demonstratlo.
1293 813 1358 882 1.
1390 812 1615 879 Thesis
1658 813 1971 894 probatur
2017 831 2094 877 ex
2141 812 2282 894 ipsa
2311 813 2651 893 potestatis
2684 812 2914 876 divini-

294 930 401 988 tus
433 924 706 988 collatae
737 924 968 988 indole.
1001 921 1299 987 Potestas
1333 921 1502 985 enirn
1529 920 1979 1001 judicialis
2013 920 2297 986 exerceri
2329 921 2550 1001 nequit
2567 937 2769 983 causa
2787 939 2916 984 non

294 1031 569 1110 cognita,
602 1036 674 1093 ut
704 1029 1074 1093 inductione
1108 1029 1395 1092 omnium
1421 1028 1812 1109 judiciorum
1841 1027 2078 1109 liquet:
2131 1027 2294 1091 adeo
2329 1033 2399 1091 ut
2431 1026 2584 1090 illud
2609 1025 2914 1107 ,iudicium

293 1137 708 1202 temerarium
735 1137 1007 1210 dicatur,
1041 1135 1217 1217 quod
1253 1152 1455 1198 causa
1485 1135 1811 1215 incognita
1842 1135 2059 1200 fertur.
2094 1134 2287 1216 Atqui
2318 1139 2610 1215 potestas
2641 1133 2915 1197 clavium

294 1250 393 1308 est
416 1244 734 1324 judicialis
757 1244 868 1328 (th.
891 1244 1067 1327 240),
1089 1249 1387 1306 versatur
1416 1242 1437 1305 i
1457 1262 1520 1304 m
1540 1261 1602 1304 m
1619 1260 1653 1305 e
1670 1241 1710 1305 d
1727 1241 1747 1303 i
1765 1259 1805 1304 a
1821 1247 1848 1304 t
1867 1260 1903 1307 e
1935 1241 2106 1305 circa
2137 1248 2425 1323 peccata,
2445 1248 2515 1304 ut
2537 1258 2616 1305 ea
2634 1242 2918 1305 remittat

292 1352 395 1416 vel
427 1352 718 1426 retineat,
767 1368 897 1413 non
930 1357 1149 1414 tamen
1193 1367 1311 1430 pro
1361 1348 1647 1424 arbitri0‚
1699 1346 1813 1413 sed
1860 1348 2217 1412 secundum
2252 1348 2649 1412 voluntatem
2683 1346 2916 1412 Christi

291 1477 408 1539 pro
443 1458 810 1522 conditione
842 1456 961 1530 rei3
997 1474 1206 1538 neque
1238 1456 1332 1519 ita
1350 1461 1648 1519 versatur
1669 1455 1844 1519 circa
1860 1462 2130 1537 peccata
2155 1456 2446 1541 (gravia),
2468 1463 2538 1519 ut
2558 1473 2757 1518 unum
2778 1455 2915 1520 sine

292 1563 501 1630 altero
535 1564 859 1629 remittere
891 1564 1101 1644 possit
1133 1562 1232 1649 (cf.
1267 1583 1326 1626 n.
1371 1568 1444 1630 17
1451 1565 1537 1647 3).
1602 1562 1772 1643 Ergo
1805 1569 2096 1644 peccata,
2130 1563 2299 1625 circa
2331 1580 2501 1644 quae
2532 1562 2916 1626 remittenda

293 1672 393 1736 vel
427 1671 764 1736 retinenda
796 1679 1105 1746 versatur,
1139 1670 1438 1752 cognosci
1470 1669 1729 1734 debent.
1793 1669 1884 1731 Ea
1920 1687 2071 1733 vero
2104 1669 2409 1749 cognosci
2440 1676 2767 1750 nequeunt
2798 1670 2916 1732 nisi

288 1777 657 1859 peccatoris
691 1777 1117 1842 confessione.

473 1908 633 1965 Neve
667 1908 823 1966 dicas
854 1911 1204 1984 potestatem
1241 1907 1389 1965 hanc
1420 1926 1537 1966 non
1570 1907 1757 1983 magis
1779 1925 1908 1966 esse
1919 1907 2283 1983 judicialem,
2319 1927 2493 1982 quam
2514 1906 2915 1966 ministerium

290 1997 647 2072 baptizandi,
699 1997 859 2072 quod
910 1998 1087 2056 etiam
1135 2015 1400 2055 exercere
1446 2016 1565 2055 non
1612 1997 1755 2055 licet
1800 1997 2028 2072 absque
2052 1996 2298 2073 judicie,
2350 2015 2469 2071 quo
2519 1995 2915 2054 admittantur

291 2086 586 2160 dispositi,
621 2086 966 2160 indispositi
998 2090 1327 2144 arceantur.
1375 2086 1655 2162 Magnum
1677 2086 1967 2144 nimirum
1988 2085 2306 2144 discrimen
2338 2104 2468 2144 esse
2499 2085 2658 2143 inter
2688 2090 2912 2143 utram-

293 2193 408 2248 que
451 2177 827 2250 potestatem,
881 2176 971 2233 vel
1023 2175 1159 2233 inde
1208 2175 1418 2249 liquet,
1472 2174 1629 2248 quod
1678 2174 1939 2233 ministri
1982 2175 2261 2251 baptismi
2298 2192 2604 2248 nunquam
2639 2174 2915 2232 dicantur

291 2263 630 2339 judiceS,
664 2282 857 2338 neque
889 2264 1221 2340 baptismus
1253 2264 1669 2352 judicium,
1705 2281 1839 2321 cum
1873 2267 2071 2322 tamen
2103 2263 2364 2322 ministri
2398 2262 2652 2321 clavium
2677 2263 2910 2337 judices

295 2333 671 2428 amr
718 2356 898 2428 atque
947 2353 1203 2412 clavium
1252 2352 1598 2411 exercitium
1636 2352 1935 2427 judicium
1985 2353 2066 2431 (n.
2114 2348 2322 2435 443⁸).
2385 2352 2575 2421 Quare
2622 2371 2910 2428 negamus

289 2442 606 2517 paritatem
640 2441 800 2499 inter
831 2447 1145 2517 utramque
1178 2445 1549 2517 potestatem,
1585 2461 1719 2500 nam
1752 2457 1815 2506 a.
1849 2460 2067 2501 munus
2096 2441 2433 2516 baptizandi
2455 2441 2789 2499 immediate
2821 2461 2911 2499 re-

291 2530 485 2589 fertur
517 2530 589 2587 ad
621 2532 804 2589 ritum
838 2532 1315 2589 sacramentalem
1337 2530 1637 2606 baptismi,
1670 2550 1788 2606 quo
1809 2530 2106 2589 mediante
2128 2531 2404 2590 delentur
2423 2534 2692 2607 peccata:
2727 2549 2912 2605 quare

290 2620 594 2696 baptizans
626 2636 968 2697 cognoscere
999 2623 1238 2678 tantum
1271 2620 1463 2690 debet,
1511 2619 1786 2678 adsintne
1831 2620 2064 2679 debitae
2110 2620 2525 2696 dispositiones
2570 2636 2676 2694 pro
2718 2621 2911 2677 confe-

289 2709 476 2768 rendo
508 2710 834 2783 baptism03
869 2710 1215 2768 exercitium
1244 2725 1382 2767 vero
1412 2711 1726 2785 potestatis
1748 2711 2001 2768 clavium
2024 2711 2363 2769 immediate
2385 2709 2661 2767 consistit
2690 2708 2753 2765 in
2788 2710 2914 2784 ipsa

289 2798 637 2856 remissione
669 2799 765 2856 vel
795 2800 1125 2857 retentione
1158 2802 1563 2875 peccatorum:
1600 2818 1735 2857 nam
1755 2799 2026 2858 Christus
2059 2800 2234 2859 dixit:
2283 2801 2541 2871 Quorum
2571 2799 2911 2856 remiseritis

282 2895 526 2961 peccata
558 2894 695 2957 etc.;
730 2887 904 2947 debet
935 2906 1075 2964 ergo
1108 2906 1459 2964 cognoscere
1491 2906 1668 2946 suum
1702 2888 2021 2963 objectum,
2056 2889 2209 2947 circa
2240 2889 2399 2962 quod
2432 2890 2721 2953 versatur,
2756 2888 2913 2946 sicut

293 2976 562 3035 sacerdos
595 2995 943 3035 consecrans
977 2977 1152 3035 debet
1185 2994 1534 3053 cognoscere
1567 2978 1890 3046 materiam,
1923 2998 2102 3053 quam
2136 2995 2477 3037 consecrare
2509 2976 2785 3035 intendit.
2820 2977 2910 3034 Ad

290 3066 432 3123 haec
479 3061 548 3129 b.
594 3070 852 3140 potestas
899 3066 1153 3124 clavium
1199 3065 1284 3123 ita
1327 3072 1418 3123 est
1454 3065 1782 3140 judicialis,
1836 3070 1906 3124 ut
1956 3068 2137 3125 etiam
2183 3067 2509 3126 secundum
2542 3069 2912 3140 peccatorum

291 3172 627 3213 mensuram
647 3153 1002 3229 imponenda
1032 3155 1110 3213 sit
1142 3154 1485 3216 satisfactio,
1532 3155 1842 3213 Praeterea
1873 3171 1938 3219 c.
1974 3174 2249 3214 concessa
2280 3157 2456 3214 etiam
2490 3154 2741 3229 quadam
2775 3173 2911 3212 ana-

289 3243 469 3319 logia,
517 3243 713 3301 differt
749 3243 1044 3319 judicium
1091 3244 1406 3319 utriusque
1452 3245 1800 3319 potestatis;
1853 3244 1914 3302 in
1966 3246 2244 3303 exercitio
2278 3245 2542 3303 muneris
2574 3243 2911 3318 baptizandi

290 3333 450 3390 sicut
496 3332 559 3390 in
607 3334 816 3407 quovis
864 3352 981 3391 usu
1025 3334 1216 3391 omnis
1263 3332 1574 3407 potestatis
1616 3333 2028 3391 ministerialis
2061 3337 2363 3393 exercetur
2385 3332 2680 3408 judicium
2728 3351 2910 3408 pru-

289 3422 641 3490 dentiae,
675 3421 739 3479 in
770 3425 974 3480 nostro
1008 3441 1144 3480 casu
1167 3421 1460 3498 judicium
1486 3422 1699 3496 juris
1719 3422 2127 3482 dictionis.
2177 3423 2489 3496 Objectum
2513 3421 2726 3496 judicii
2748 3421 2913 3479 illius

289 3513 437 3568 sunt
469 3509 900 3585 dispositiones,
935 3530 1085 3587 quae
1118 3515 1275 3569 certe
1305 3511 1577 3587 cognosci
1610 3511 1846 3581 debent,
1894 3516 1966 3570 ut
2003 3512 2298 3587 judicium
2335 3511 2475 3569 ferri
2510 3510 2727 3586 possit:
2778 3511 2913 3568 hinc

290 3598 752 3657 manifestandae
785 3604 944 3671 sunt,
991 3603 1052 3658 et
1083 3600 1145 3657 in
1180 3599 1363 3658 dubio
1395 3600 1852 3659 catechumenus
1886 3601 1957 3659 de
1990 3601 2073 3659 eis
2107 3604 2199 3659 est
2232 3599 2691 3676 interrogandus
2725 3604 2785 3657 et
2816 3619 2911 3657 ex·

293 3689 673 3746 aminandus:
699 3689 913 3762 judicii
943 3693 1139 3747 autem
1176 3708 1209 3746 a
1238 3692 1533 3765 potestate
1568 3689 1823 3747 clavium
1850 3690 2074 3749 ferendi
2096 3690 2392 3766 objectum
2414 3692 2556 3746 sunt
2576 3707 2693 3746 non
2715 3688 2907 3746 solum

299 3775 732 3850 dispositioneS,
767 3779 864 3835 secl
899 3778 1029 3853 ipsa
1060 3778 1241 3836 etiam
1274 3782 1526 3853 peccata,
1561 3778 1714 3836 circa
1733 3798 1883 3853 quae
1904 3779 2239 3837 immediate
2261 3782 2530 3836 versatur
2550 3780 2611 3834 et
2632 3796 2782 3851 quae
2802 3795 2907 3851 pro

295 3864 574 3924 varietate
599 3866 812 3941 judicii
844 3867 1204 3925 remittenda
1235 3868 1328 3925 vel
1361 3866 1674 3925 retinenda
1705 3872 1879 3925 sunt:
1928 3868 2183 3943 ideoque
2231 3887 2349 3926 non
2395 3867 2596 3924 minus
2642 3865 2910 3942 cognosci

292 3953 508 4012 debent
538 3974 715 4030 quam
749 3956 885 4013 illae
917 3956 1353 4031 dispositiones,
1394 3956 1569 4031 juxta
1615 3975 1763 4030 quas
1813 3956 2177 4015 discernitur
2210 3957 2344 4033 quis
2376 3955 2783 4013 admittendus
2830 3955 2911 4012 sit

287 4043 364 4101 ad
395 4042 759 4118 baptismum
793 4049 855 4102 et
885 4045 1022 4120 quis
1053 4046 1356 4104 arcendus.
1421 4045 1603 4103 Aliud
1637 4065 1776 4122 ergo
1810 4048 1904 4104 est
1936 4050 2195 4122 potestas
2219 4044 2525 4120 judicialis
2558 4046 2617 4102 et
2649 4046 2908 4118 potestas

287 4151 424 4190 cum
449 4132 678 4207 judicio
710 4134 747 4193 i.
781 4152 827 4195 e.
863 4134 1190 4208 prudenter
1220 4133 1704 4197 administranda.

469 4253 533 4321 2.
565 4251 883 4316 Probatur
933 4273 1011 4318 ex
1060 4271 1380 4317 consensu
1427 4254 1734 4319 ecclesiae
1785 4273 2061 4334 graecae
2108 4254 2572 4329 schismaticae,
2625 4271 2790 4334 quae
2840 4272 2910 4317 se

287 4359 509 4422 seculo
544 4358 640 4422 IX.
675 4360 757 4423 ab
793 4360 1075 4424 Ecclesia
1124 4358 1323 4424 latina
1369 4361 1707 4440 separavit,
1757 4367 1822 4424 et
1869 4367 2193 4424 sectarum
2227 4356 2520 4435 OrientiS,
2568 4377 2733 4440 quae
2772 4360 2908 4440 jam

288 4482 417 4529 sec.
451 4464 524 4528 V.
558 4465 907 4530 Ecclesiam
941 4467 1410 4552 reliquerunt1).
1468 4467 1562 4530 lta
1595 4467 1881 4548 synodus
1918 4466 2613 4548 hierosolymitana
2645 4485 2699 4529 a.
2739 4470 2908 4535 1672

515 4646 551 4708 ¹)
579 4641 658 4695 De
687 4642 792 4695 hoc
819 4659 1095 4696 consensu
1115 4644 1186 4695 cf.
1209 4642 1535 4713 Perpetuite
1559 4643 1626 4695 de
1648 4642 1704 4695 la
1726 4642 1808 4695 foi
1828 4645 1868 4695 t.
1888 4652 1917 4698 5
1940 4642 1976 4695 l.
1999 4647 2032 4696 3
2060 4659 2105 4694 c.
2134 4650 2166 4697 3
2194 4660 2233 4697 s.
2256 4663 2266 4699 ;
2296 4640 2341 4694 D
2362 4658 2390 4694 e
2409 4661 2445 4694 n
2463 4660 2491 4695 z
2511 4643 2581 4694 in
2600 4661 2638 4711 g
2655 4659 2683 4695 e
2700 4660 2742 4705 r,
2765 4642 2909 4695 ritus

287 4720 494 4775 orient.
524 4725 562 4774 t.
594 4731 640 4777 1.
691 4724 951 4790 Synodus
977 4740 1008 4775 a
1025 4740 1052 4775 r
1069 4742 1123 4776 m
1142 4740 1169 4776 e
1187 4740 1274 4775 na
1303 4723 1361 4776 iu
1390 4724 1527 4776 urbe
1555 4721 1741 4777 Dovin
1769 4721 1967 4776 habita
1994 4740 2042 4777 a..
2073 4725 2177 4779 527
2203 4739 2326 4778 cau.
2349 4729 2417 4777 20
2443 4723 2744 4777 anathema
2766 4722 2911 4775 dicit

286 4801 590 4866 sacerdoti,
618 4803 719 4870 qui
747 4802 1114 4857 confessionis
1143 4801 1398 4873 sigillum
1423 4801 1618 4857 laedit.
1660 4803 1742 4857 Cf.
1771 4802 1821 4855 H
1839 4803 1914 4855 ef
1926 4802 2037 4856 ele
2068 4800 2554 4872 Conciliengesch.
2587 4801 2653 4864 11,
2682 4809 2799 4857 518.

509 4901 777 4955 Hurter,
819 4902 1069 4960 Compend.
1109 4902 1373 4956 theologiae
1413 4902 1497 4961 111,
1541 4903 1618 4947 11.
1659 4902 1732 4947 ed.
2521 4896 2587 4946 30
