3538 5364
553 247 684 313 486
1205 239 1389 292 Tract.
1417 239 1509 293 lx.
1536 238 1606 292 de
1629 238 2006 314 poenitentia.
2035 238 2117 292 De
2143 238 2521 293 absolutione.

552 428 931 502 acceptentur
961 426 1026 484 in
1061 443 1387 500 poenarum
1416 425 1856 488 relaxationem.
1920 424 2365 484 satisfactiones
2397 442 2537 502 ergo
2560 427 2866 501 justorum
2898 445 2969 484 ex
2999 425 3179 483 satis·

551 515 807 574 factione
837 513 1056 573 Christi
1086 517 1273 573 totam
1305 533 1472 573 suam
1503 516 1865 572 mutuantur
1894 514 2015 572 vim
2047 533 2296 590 eamque
2325 515 2578 573 maxime
2611 515 3040 574 commendant.

735 649 878 704 503.
909 640 1158 697 Frustra
1187 640 1587 715 protestantes
1634 640 1839 697 contra
1883 639 2209 697 doctrinam
2255 639 2601 699 catholicam
2650 642 2722 699 de
2772 640 3180 699 satisfactione

550 733 771 805 urgent
802 728 982 788 verba
1009 728 1213 786 Ezech.
1249 738 1348 798 33,
1390 740 1499 790 12:
1548 727 1837 802 Impietas
1870 730 2040 804 impii
2082 747 2197 786 non
2237 730 2455 787 nocebit
2497 732 2550 787 ei
2595 732 2656 787 in
2700 748 3036 807 quacunque
3080 732 3178 787 die

550 837 853 876 conversus
883 820 1079 892 finer-it.
1141 818 1289 875 Nam
1322 835 1606 894 negamus
1638 832 1705 879 a.
1739 818 2136 893 suppositum,
2178 818 2611 877 satisfactiones
2642 837 2848 878 nocere
2882 820 3181 894 peccatori

551 925 851 970 converso,
917 903 988 971 l).
1034 905 1245 966 Verbis
1278 906 1402 964 illis
1435 905 1777 965 excluditur
1808 906 2091 964 damnum
2123 909 2449 977 aeternum,
2498 907 2810 983 spirituale
2856 908 2920 965 in
2965 908 3179 966 ordine

549 996 623 1054 ad
656 997 927 1066 salutem,
961 1014 1082 1055 non
1114 1013 1252 1054 vero
1284 995 1611 1071 temporale
1643 994 1857 1055 cedens
1889 996 1954 1053 in
1987 996 2300 1071 spirituale
2332 996 2575 1066 bonum,
2623 999 2694 1055 ut
2738 998 2833 1055 vel
2866 1015 2935 1055 ex
2970 997 3176 1071 quoti·

551 1085 724 1143 diana
752 1084 1114 1160 experientia
1159 1086 1412 1146 constat.
1489 1085 1756 1158 Denique
1809 1099 1866 1147 e.
1916 1103 1983 1143 ea
2030 1084 2342 1144 verIssima
2393 1091 2538 1144 sunt
2586 1085 2651 1144 in
2701 1086 3179 1145 adversariorum

550 1193 729 1233 sensu
760 1174 833 1232 de
865 1173 1107 1250 prima
1138 1174 1521 1233 conversione
1555 1192 1660 1248 per
1690 1172 2093 1248 baptismum:
2141 1192 2247 1250 pro
2292 1176 2547 1250 peccatis
2581 1175 2739 1233 enim
2772 1180 2909 1234 ante
2942 1175 3179 1251 baptis·

552 1283 715 1322 mum
747 1263 1077 1323 commissis
1107 1262 1271 1321 nulla
1301 1264 1567 1321 remanet
1598 1280 1786 1338 poena
1816 1263 2193 1338 temporalis;
2245 1268 2306 1320 et
2356 1263 2611 1323 subinde
2659 1265 2836 1322 etiam
2884 1264 2955 1323 de
3001 1283 3179 1340 per-

550 1352 755 1411 fecta
785 1352 1162 1411 conversione
1193 1371 1228 1410 a
1257 1351 1512 1427 peccatis
1545 1355 1681 1426 post
1711 1351 2078 1427 baptismum
2110 1352 2461 1424 commissis,
2496 1373 2632 1412 cum
2664 1354 2822 1412 Deus
2855 1358 3175 1412 contentus

552 1442 632 1501 sit
662 1460 730 1500 ea
760 1440 1178 1510 satisfactione,
1213 1460 1390 1516 quam
1424 1440 1793 1516 poenitentia
1821 1441 2079 1516 perfecta
2111 1441 2383 1500 includit.

1683 1630 1941 1717 caput
1987 1632 2051 1700 v.

607 1756 711 1822 De
760 1747 1309 1834 absolutione,
1357 1755 1452 1821 de
1499 1756 1883 1819 ministro
1931 1757 2389 1837 potestatis
2436 1757 2793 1820 clavium
2843 1756 3107 1838 deque

713 1863 904 1927 aliis
952 1864 1047 1927 ad
1094 1863 1671 1945 poenitentiae
1719 1870 2332 1927 sacramentum
2379 1863 2993 1944 spectantibus,

730 2004 871 2058 504.
919 1995 1007 2052 De
1041 1995 1406 2053 absolutione.
1439 2026 1527 2036 —
1558 1993 1719 2062 Quae
1751 1992 1825 2050 de
1857 1993 2230 2052 absolutione
2262 1994 2519 2051 tenenda
2551 1997 2712 2062 sunt,
2760 1993 2833 2050 ad
2882 1993 3173 2068 quaedam

547 2083 738 2159 capita
766 2083 1192 2153 revocabimus,
1229 2102 1381 2158 quae
1411 2081 1580 2140 facile
1612 2100 1682 2140 ex
1707 2083 1831 2158 jam
1864 2082 2285 2140 demonstratis
2316 2082 2695 2141 derivantur:

729 2185 788 2255 1.
834 2190 1148 2249 Absolutio
1195 2193 1360 2249 actus
1405 2189 1684 2267 proprius
1734 2192 1825 2247 est
1870 2188 2050 2264 hujus
2096 2189 2429 2263 potestatis,
2483 2208 2635 2265 quae
2686 2189 2758 2247 ad
2808 2189 3170 2247 remittenda

546 2284 786 2355 peccata
815 2280 934 2339 fuit
964 2297 1255 2345 concessa,
1287 2279 1462 2354 eique
1495 2298 1523 2337 s
1541 2278 2017 2337 ubordinata
2048 2281 2141 2336 est
2170 2277 2470 2337 retinendi
2502 2277 2850 2355 ligandique
2882 2278 3170 2337 facultas:

546 2386 698 2445 quae
729 2372 1040 2445 propterea
1070 2386 1191 2427 non
1223 2372 1313 2427 est
1343 2387 1529 2444 aeque
1560 2367 1904 2444 principalis
1935 2369 2115 2442 atque
2148 2367 2267 2425 illa.

722 2470 786 2540 2.
831 2476 915 2534 Ea
957 2477 1314 2534 exterius
1359 2475 1612 2551 proferri
1646 2474 1840 2545 debet,
1890 2477 1963 2532 ut
2011 2476 2244 2533 constat
2287 2489 2351 2537 a.
2384 2492 2454 2532 ex
2487 2474 2883 2533 instructione
2917 2475 3167 2552 Euge-

546 2564 659 2622 nii
689 2564 789 2627 IV.
822 2583 928 2641 pro
958 2566 1245 2623 armenis:
1291 2565 1545 2632 ²,Forma
1576 2564 1757 2638 huius
1791 2563 2142 2622 sacramenti
2176 2567 2319 2621 sunt
2351 2563 2532 2621 verba
2563 2562 2985 2634 absolutionis»,
3022 2584 3165 2640 quae

547 2653 814 2714 sacerdos
846 2654 1072 2731 profert
1101 2673 1237 2714 cum
1268 2653 1432 2724 dicit,
1480 2671 1589 2730 ego
1634 2657 1695 2712 te
1740 2652 1983 2713 absolvo
2015 2656 2122 2716 etc.
2142 2660 2199 2723 ς(
2253 2649 2321 2717 b.
2373 2671 2442 2711 ex
2493 2651 2804 2711 collatione
2851 2670 2989 2712 cum
3039 2654 3156 2713 aliis

547 2744 943 2806 sacramentis,
1010 2745 1217 2819 Neque
1250 2744 1468 2801 mirum
1502 2758 1563 2806 c.
1596 2762 1731 2801 cum
1764 2742 1823 2800 id
1856 2742 2055 2819 exigat
2084 2742 2379 2800 Ecclesiae
2410 2742 2747 2813 visibilitas,
2796 2761 2904 2801 nec
2949 2762 3076 2802 non
3112 2748 3159 2801 et

546 2832 803 2892 conditio
836 2832 1126 2892 humanae
1157 2836 1423 2891 naturae.
1471 2832 1531 2890 Si
1565 2850 1832 2907 quaeraS,
1867 2831 2200 2890 sufficiatne
2219 2831 2514 2890 absolutio
2547 2830 2879 2889 nutibus
2899 2875 2913 2901 ,
2949 2833 3168 2908 scripto

546 2925 674 2992 etc„
721 2941 795 2979 an
841 2922 1171 2980 necessario
1204 2920 1590 2997 requirantur
1621 2921 1799 2979 verba
1831 2939 1929 2978 ore
1960 2921 2209 2995 prolata,
2260 2920 2719 2995 respondemus:
2772 2939 2907 2979 cum
2954 2926 3169 2998 agatur

546 3011 620 3069 de
650 3014 788 3069 actu
809 3010 1090 3086 juridice,
1125 3013 1292 3069 actus
1325 3014 1524 3069 autem
1544 3010 1841 3083 juridicus
1872 3014 2018 3067 tunc
2049 3011 2287 3067 tantum
2319 3010 2534 3079 valeat,
2577 3008 2815 3085 quando
2850 3028 3167 3084 expressus

547 3102 637 3158 est
667 3099 740 3157 ad
772 3118 1036 3158 normam
1068 3099 1490 3169 authenticam,
1538 3098 1803 3158 Ecclesia
1832 3117 1971 3157 vero
2005 3101 2067 3156 et
2097 3099 2415 3158 theoretice
2448 3101 2508 3156 et
2548 3098 2804 3173 practice
2836 3099 3169 3166 declararit,

545 3187 980 3247 absolutionem
1011 3189 1208 3247 verbis
1230 3189 1470 3248 omnino
1491 3206 1620 3247 esse
1640 3188 2071 3263 proferendam,
2108 3187 2492 3246 statuendum
2526 3190 2634 3257 est,
2669 3187 2742 3244 ad
2774 3186 3168 3246 absolutionis

545 3276 803 3336 valorem
835 3277 1016 3335 verba
1046 3279 1272 3353 requiri
1306 3295 1405 3337 ore
1438 3277 1686 3353 prolata.

725 3362 789 3428 3.
825 3366 1140 3425 Absolutio
1174 3368 1299 3425 dari
1331 3369 1530 3443 potest
1559 3366 1965 3442 praesenti
1996 3369 2253 3433 tantum,
2302 3367 2372 3423 ut
2417 3364 2609 3440 liquet
2654 3384 2724 3422 ex
2768 3365 2932 3440 praxi
2966 3366 3165 3424 Eccle-

547 3455 682 3526 siae,
729 3474 798 3513 ex
842 3455 1032 3514 forma
1062 3474 1162 3515 ore
1194 3456 1559 3531 proferenda,
1611 3474 1762 3531 quae
1795 3455 1864 3513 ad
1901 3457 2275 3530 praesentem
2307 3454 2610 3530 dirigitur,
2663 3459 2725 3512 et
2773 3454 3167 3512 declaratione

546 3545 968 3604 Clementis
1003 3545 1161 3604 v111.
1191 3545 1331 3604 data
1372 3556 1466 3607 19.
1486 3544 1639 3602 Julii
1673 3563 1723 3606 a.
1751 3554 1938 3615 1602,
1973 3563 2091 3619 qua
2122 3543 2604 3618 propositionem,
2640 3543 2860 3612 ,licere
2893 3562 3000 3618 per
3034 3544 3166 3601 lite-

545 3653 640 3693 ras
687 3652 793 3694 seu
839 3634 1285 3693 internuncium
1334 3632 1689 3692 confessario
1729 3634 1964 3691 absenti
1995 3635 2233 3708 peccata
2264 3632 2767 3691 sacramentaliter
2797 3631 3068 3691 confiteri
3111 3639 3169 3689 et

544 3724 619 3782 ab
651 3725 854 3782 eodem
887 3723 1129 3782 absente
1160 3723 1599 3781 absolutionem
1634 3722 1970 3790 obtinere‚‘
2006 3722 2080 3780 ad
2112 3721 2310 3780 minus
2342 3726 2413 3779 ut
2445 3721 2671 3790 falsam,
2705 3722 3080 3780 temerariam
3112 3724 3171 3779 et

546 3812 947 3872 scandalosam
980 3813 1285 3870 damnavit
1315 3829 1380 3869 ac
1412 3811 1741 3886 prohibuit.
1809 3811 1954 3869 Cum
2000 3829 2138 3869 vero
2185 3810 2467 3868 Suarez
2515 3816 2780 3868 censeret
2810 3811 3165 3886 propositio·

544 3920 679 3960 nem
713 3902 1195 3976 complexive
1233 3903 1491 3971 tantum,
1539 3919 1660 3959 non
1705 3918 1840 3959 vere
1886 3898 2232 3957 divisive
2282 3902 2582 3974 sumptam
2628 3917 2758 3957 esse
2789 3899 3167 3973 prohibitam,

545 4010 612 4049 ac
657 3990 730 4049 de
780 3991 886 4048 hac
930 4009 1038 4049 sua
1081 3991 1361 4066 opinione
1406 3986 1744 4064 scripsisset
1788 3992 2108 4048 tractatum
2158 3983 2273 4069 (ed.
2321 4007 2355 4045 a
2384 3988 2636 4046 Malou
2668 3988 2733 4046 in
2766 3988 2829 4045 R.
2863 3988 2925 4050 P.
2961 3988 3170 4046 Suarez

543 4080 831 4155 opuscula
846 4098 962 4151 sex,
980 4080 1278 4138 Bruxellis
1301 4078 1527 4159 1859):
1561 4078 1884 4137 declaravit
1913 4076 2203 4135 Paulus
2240 4077 2302 4136 V.
2336 4077 2409 4134 de
2452 4086 2545 4138 14.
2568 4076 2691 4134 Jul.
2731 4087 2895 4140 1605
2933 4078 3001 4135 in
3030 4095 3170 4136 con-

544 4169 884 4245 gregatione
917 4187 963 4230 s,
996 4168 1187 4227 Officii
1218 4169 1519 4228 decretum
1554 4168 1735 4226 etiam
1767 4167 1830 4225 in
1866 4185 2046 4226 sensu
2078 4165 2338 4224 diviso
2372 4166 2427 4223 h.
2460 4184 2509 4225 e.
2557 4165 2630 4223 de
2674 4165 3043 4225 confessione
3078 4166 3170 4224 vel

543 4257 618 4315 de
648 4256 1013 4316 absolutione
1047 4258 1293 4316 seorsim
1325 4257 1541 4315 valere.
1608 4256 1960 4314 Clemens
2006 4273 2146 4313 vero
2180 4255 2336 4313 VIII.
2374 4255 2501 4329 jam
2533 4255 2702 4312 vivae
2736 4255 2898 4313 vocis
2932 4256 3170 4314 oraculo

545 4346 979 4415 enunciaverat,
1029 4365 1090 4405 se
1136 4366 1256 4407 non
1303 4344 1613 4404 intendere
1647 4362 1867 4414 casum,
1915 4362 2042 4419 quov
2081 4343 2474 4402 moribundus
2507 4343 2784 4402 sensibus
2818 4344 3169 4409 destitutus,

545 4448 723 4510 quem
756 4435 1056 4493 adstantes
1104 4436 1540 4494 absolutionem
1589 4438 1763 4492 antea
1813 4433 2059 4508 petiisse
2107 4435 2493 4501 testarentur,
2546 4432 2947 4491 absolvendus
3001 4444 3172 4494 esset.

544 4523 626 4583 Cf.
674 4523 908 4582 Pesch
955 4525 1064 4584 VII
1109 4544 1166 4586 n.
1222 4534 1343 4587 194
1392 4542 1468 4591 s.;
1521 4524 1808 4582 Analecta
1851 4540 1997 4585 rom.
2040 4531 2202 4585 1897
2253 4542 2310 4598 p.
2347 4530 2471 4583 264
2507 4539 2582 4583 ss.
2647 4519 2927 4590 Quamvis
2975 4526 3173 4581 autem

542 4612 944 4689 poenitentiae
978 4617 1415 4672 sacramentum
1447 4630 1554 4687 per
1599 4611 1839 4670 modum
1877 4610 2094 4686 judicii
2141 4611 2221 4668 sit
2267 4610 2638 4680 institutum,
2692 4628 2810 4668 non
2862 4614 3065 4670 tamen
3116 4611 3174 4668 in

544 4702 820 4761 omnibus
853 4690 1034 4775 hujus
1068 4705 1343 4760 naturam
1376 4701 1684 4775 sequitur3
1734 4701 1799 4759 in
1846 4700 2066 4775 quibus
2114 4699 2264 4758 illud
2298 4699 2589 4770 imitetur,
2643 4717 2711 4758 ex
2762 4701 2928 4775 praxi
2980 4699 3175 4776 colligi
