3538 5364
553 227 680 292 ί126
1066 215 1250 269 Tract.
1277 215 1424 268 vm.
1453 215 1523 268 de
1548 214 1971 284 justificatione.
2001 214 2199 267 Tbesis
2225 213 2459 268 CXCVI.
2487 214 2654 267 Fides

554 417 1070 501 perseveraverit
1101 435 1303 498 usque
1334 415 1400 477 in
1432 414 1642 489 finem,
1674 414 1874 477 vitam
1895 419 2225 478 aeternam
2246 419 2682 497 assequetur.‘
2721 414 2919 497 Atqui
2950 432 3176 480 neees-

558 525 740 597 sitas,
774 543 814 588 a
846 542 974 606 qua
1003 542 1135 586 non
1168 523 1356 586 datur
1388 522 1696 603 exceptiO,
1729 520 2079 585 necessitas
2112 527 2213 585 est
2243 520 2451 586 medii.

737 673 900 730 Idem
933 671 1150 730 docent
1183 674 1399 744 patrea
1432 669 1496 727 in
1528 668 1735 744 primis
1771 669 2295 745 Augustinus,
2327 670 2565 744 quoties
2586 669 2863 740 affirmat,
2885 688 3072 745 opera
3087 668 3180 727 in·

556 761 829 819 fidelium
861 778 992 818 esse
1024 767 1261 834 peccata
1292 753 1376 840 (n.
1403 755 1544 838 55);
1578 762 1639 815 et
1671 757 2150 834 Fulgentius
2183 758 2256 816 de
2290 758 2405 817 fide
2421 760 2492 817 ad
2516 759 2759 817 Petrum
2779 779 2836 822 n.
2873 771 2887 820 1
2916 779 2931 817 :
2968 758 3184 827 ,Fides

559 855 648 910 est
679 850 973 907 bonorum
1008 849 1272 906 oninium
1306 847 1793 917 t'undainentum3
1840 847 1985 904 fides
2017 850 2110 905 est
2141 848 2430 906 humanae
2460 848 2667 906 salutis
2714 847 2979 911 initium.
3045 848 3185 906 Sine

562 941 670 998 hac
703 957 875 997 nemo
907 938 979 995 ad
1014 937 1275 996 filiorum
1308 937 1414 994 Dei
1446 955 1760 994 numerum
1788 939 1986 1011 potest
2004 936 2331 1011 pertinere:
2365 936 2507 1012 quia
2539 937 2668 994 sine
2697 937 2831 1012 ipsa
2860 936 3057 996 necin
3078 937 3188 996 hoc

560 1029 762 1088 seculo
798 1027 1114 1102 quisquam
1139 1024 1586 1101 justificationis
1621 1024 2012 1100 consequitur
2042 1026 2310 1102 gratiam,
2356 1044 2464 1084 nec
2497 1026 2561 1084 in
2592 1025 2799 1084 futuro
2831 1027 3018 1084 vitam
3052 1044 3187 1102 pos·

559 1117 783 1177 sidel‚·it
814 1124 1140 1181 aeternam;
1176 1123 1238 1174 et
1270 1116 1321 1173 si
1352 1114 1489 1190 quis
1521 1113 1615 1171 hic
1649 1132 1766 1172 non
1799 1113 2193 1172 ambulaverit
2241 1134 2345 1189 per
2374 1114 2567 1185 fidem,
2614 1133 2734 1173 non
2767 1116 3084 1190 perveniet
3112 1114 3187 1172 ad

557 1207 816 1283 speciem
869 1205 1006 1263 Sine
1038 1204 1151 1262 fide
1183 1204 1373 1262 omnis
1408 1204 1573 1261 labor
1605 1203 1862 1261 hominis
1892 1221 2114 1261 vacuus
2146 1209 2297 1266 est.‘
2322 1237 2403 1247 —-
2428 1204 2737 1262 Rationem
2758 1208 2962 1262 autem
2982 1208 3189 1263 tantae

565 1294 939 1355 necessitatis
989 1293 1287 1370 egregiam
1334 1292 1534 1351 reddit
1578 1310 1624 1349 s.
1671 1292 1984 1350 Thomas
2018 1291 2091 1349 de
2125 1293 2293 1352 verit.
2326 1314 2383 1368 p.
2425 1301 2499 1355 14
2533 1312 2582 1351 a.
2625 1305 2733 1356 10:
2801 1293 2978 1362 ,Non
3026 1293 3192 1351 enim

562 1384 866 1459 contingit
896 1381 1125 1457 aliquid
1158 1382 1230 1439 de
1264 1380 1610 1457 imperfecto
1643 1380 1716 1438 ad
1752 1379 2079 1456 perfectum
2111 1382 2325 1442 adduci
2353 1382 2469 1440 nisi
2494 1400 2599 1457 per
2617 1382 2908 1440 actionem
2929 1382 3191 1456 alicujus

560 1473 844 1551 perfecti:
880 1492 986 1529 nec
1021 1470 1262 1545 perfecti
1298 1470 1454 1529 actio
1485 1469 1558 1527 ab
1591 1469 1934 1544 imperfecto
1958 1469 2171 1527 statim
2202 1462 2492 1546 reci'pitur
2511 1472 2575 1529 in
2594 1470 2890 1547 principio
2912 1471 3190 1546 perfecte,

567 1563 671 1621 sed
707 1562 897 1637 primo
930 1560 1171 1635 quidem
1203 1559 1560 1635 imperfecte,
1596 1564 1798 1633 postea
1829 1559 2083 1633 perfecte
2129 1564 2190 1618 et
2234 1561 2316 1618 sic
2360 1560 2572 1618 deinde
2603 1578 2915 1634 quousque
2946 1559 3022 1617 ad
3058 1579 3193 1634 per-

567 1652 881 1710 fectionem
915 1649 1241 1724 perveniat.
1304 1647 1382 1705 Et
1412 1647 1521 1705 hoc
1552 1647 1794 1722 quidem
1827 1648 2208 1706 manifestum
2253 1653 2343 1707 est
2390 1649 2455 1706 in
2488 1648 2765 1707 omnibus
2798 1648 2979 1708 rebus
3012 1653 3193 1707 natu-

569 1740 816 1801 ralibus,
852 1757 1006 1812 quae
1042 1756 1145 1810 per
1179 1736 1610 1794 successionem
1646 1736 1932 1811 temporis
1963 1737 2225 1812 aliquam
2269 1737 2683 1812 perfectionem
2718 1741 3193 1813 consequuntur.

569 1830 649 1887 Et
682 1828 960 1886 similiter
994 1826 1266 1885 videmus
1298 1826 1362 1883 in
1395 1824 1679 1901 operibus
1712 1825 1989 1884 humanis
2021 1830 2083 1885 et
2114 1827 2427 1902 praecipue
2459 1827 2520 1884 in
2540 1826 2894 1902 disciplinis.
2925 1827 2998 1884 In
3018 1827 3194 1903 prin-

566 1918 723 1993 cipio
755 1917 911 1974 enim
948 1917 1118 1973 homo
1151 1914 1531 1990 imperfectus
1561 1921 1656 1971 est
1685 1914 1749 1972 in
1782 1915 2138 1991 cognitione.
2183 1916 2276 1973 Ad
2309 1916 2418 1974 hoc
2447 1921 2648 1975 autem
2679 1915 2840 1990 quod
2871 1915 3193 1992 perfectio·

568 2026 707 2066 nem
738 2009 1017 2065 scientiae
1048 2012 1465 2079 consequatur,
1499 2002 1727 2079 indiget
1756 2004 1958 2079 aliquo
1989 2004 2340 2075 instruente,
2376 2005 2483 2080 qui
2513 2023 2651 2063 eum
2671 2004 2743 2062 ad
2767 2004 3194 2080 perfectionem

568 2095 854 2155 scientiae
885 2095 1080 2163 ducat,
1131 2092 1292 2167 quod
1343 2092 1528 2151 facere
1576 2111 1698 2150 non
1746 2098 1955 2167 posset,
2008 2093 2122 2151 nisi
2153 2094 2282 2169 ipse
2314 2093 2572 2170 perfecte
2605 2093 2911 2152 scientiam
2943 2094 3200 2153 haberet

568 2189 779 2259 utpote
811 2181 1308 2258 comprehendens
1340 2181 1599 2239 rationes
1630 2201 1850 2250 eorum,
1883 2200 2034 2257 quae
2066 2182 2179 2241 sub
2211 2182 2517 2241 scientiam
2550 2182 2789 2241 cadunt.
2821 2183 2954 2241 Non
2986 2186 3195 2241 autem

572 2274 637 2332 in
670 2272 963 2348 principio
996 2290 1135 2329 suae
1167 2270 1466 2329 doctrinae
1497 2271 1700 2329 statim
1728 2271 1801 2339 ei,
1836 2271 1941 2345 qui
1971 2272 2308 2341 instruitur,
2342 2272 2528 2331 tradit
2558 2273 2818 2330 rationes
2848 2271 3194 2341 subtilium,

570 2363 647 2421 de
679 2362 899 2437 quibus
930 2361 1230 2419 instruere
1262 2360 1554 2430 intendit3
1607 2360 1747 2434 quia
1777 2364 1925 2418 tunc
1956 2361 2159 2418 statim
2189 2362 2252 2419 in
2283 2361 2576 2437 principio
2605 2360 2913 2420 scientiam
2949 2361 3203 2420 haberet

572 2450 830 2528 perfecte
861 2451 966 2525 qui
1001 2448 1353 2519 instruitur;
1405 2450 1507 2507 sed
1557 2449 1742 2506 tradit
1791 2448 1844 2507 ei
1894 2449 2199 2524 quaedam,
2251 2468 2506 2525 quorum
2555 2450 2818 2510 rationes
2863 2457 3012 2508 tunc
3056 2469 3199 2509 cum

572 2540 769 2616 primo
803 2539 1129 2597 instruitur
1161 2538 1493 2612 discipulus
1540 2537 1741 2605 nescit,
1791 2537 1941 2595 sciet
1986 2542 2184 2597 autem
2230 2546 2439 2614 postea
2481 2539 2781 2614 perfectus
2829 2539 2895 2597 in
2927 2539 3196 2599 scientia.

579 2629 655 2687 Et
687 2629 818 2687 ideo
850 2629 1070 2687 dicitur
1101 2626 1259 2702 quod
1292 2633 1528 2702 oportet
1557 2626 1957 2686 addiscentem
1979 2627 2214 2687 credere
2244 2634 2306 2688 et
2336 2628 2509 2687 aliter
2540 2628 2615 2687 ad
2649 2627 2967 2704 perfectam
3000 2629 3197 2687 scien-

569 2719 721 2778 tiam
754 2721 1062 2794 pervenire
1093 2735 1214 2774 non
1244 2719 1457 2791 posset,
1491 2715 1609 2773 nisi
1642 2716 1767 2773 scil.
1799 2723 2156 2792 supponeret
2185 2737 2271 2788 ea,
2318 2736 2469 2794 quae
2501 2719 2617 2776 sibi
2652 2718 2715 2776 in
2747 2718 3041 2794 principio
3072 2720 3199 2776 tra-

576 2808 826 2869 duntur.
861 2825 1117 2880 quorum
1150 2805 1411 2862 rationes
1445 2808 1589 2862 tunc
1620 2822 1826 2879 capere
1859 2823 1977 2864 non
2010 2811 2221 2881 potest.
2285 2807 2505 2865 Ultima
2549 2810 2746 2866 autem
2780 2807 3088 2882 perfecti0,
3121 2806 3202 2865 ad

573 2915 753 2972 quam
792 2897 961 2954 homo
994 2894 1323 2964 ordinatur,
1358 2893 1632 2950 consistit
1677 2893 1740 2951 in
1774 2894 2031 2968 perfecta
2065 2896 2169 2953 Dei
2201 2895 2554 2973 cognitione.
2617 2895 2708 2954 Ad
2740 2915 2922 2971 quam
2952 2896 3200 2970 quidem

573 2986 883 3061 pervenire
916 3002 1034 3041 non
1067 2988 1264 3058 potest
1297 2981 1414 3039 nisi
1448 2982 1788 3056 operatione
1820 2990 1882 3041 et
1912 2983 2304 3044 instructione
2337 2985 2460 3053 Dei,
2509 2984 2615 3061 qui
2648 2992 2743 3043 est
2771 2985 2865 3043 sui
2898 2986 3202 3060 perfectus

573 3073 875 3149 cognitor:
924 3072 1215 3146 perfectae
1246 3073 1450 3128 autem
1482 3071 1841 3146 cognitionis
1875 3073 2080 3131 statim
2112 3073 2284 3131 homo
2319 3074 2383 3131 in
2414 3074 2507 3132 sui
2540 3073 2832 3149 principio
2864 3093 3044 3150 capax
3076 3093 3200 3133 non

576 3169 687 3221 est.
754 3161 914 3218 Unde
946 3164 1199 3236 oportet,
1235 3159 1394 3233 quod
1426 3162 1678 3235 accipiat
1723 3180 1828 3235 per
1872 3161 2030 3219 viam
2074 3162 2350 3220 credendi
2397 3163 2610 3238 aliqua,
2663 3181 2767 3239 per
2798 3182 2951 3238 quae
2983 3182 3197 3222 manu-

574 3251 833 3309 ducatur
865 3250 935 3306 ad
968 3249 1434 3324 perveniendum
1482 3249 1545 3307 in
1590 3249 1908 3324 perfectam
1957 3251 2415 3326 cognitionem.‘
2481 3252 2649 3320 Quod
2701 3251 2944 3310 brevius
2977 3252 3199 3311 iterum

580 3340 797 3399 statuit.
832 3349 886 3401 2.
922 3348 955 3399 2
993 3358 1049 3412 q.
1085 3348 1119 3400 2
1159 3358 1208 3396 a.
1246 3348 1314 3403 3:
1349 3357 1396 3396 c.
1430 3345 1636 3416 gentes
1668 3338 1774 3406 111,
1821 3349 1936 3402 152
1976 3336 2072 3422 (cf.
2107 3341 2276 3403 t.In.
2298 3341 2503 3414 4953).
2537 3340 2781 3400 Suaderi
2815 3340 2967 3400 forte
2999 3344 3202 3417 potest

574 3429 756 3488 etiam
792 3428 896 3485 hac
928 3427 1188 3487 ratione:
1254 3428 1422 3486 Sicut
1467 3429 1589 3486 vita
1618 3428 1892 3486 animalis
1940 3447 2059 3487 non
2103 3429 2452 3504 explicatur,
2489 3429 2602 3488 nisi
2636 3441 2961 3504 praeeunte
2992 3430 3199 3508 cogni-

580 3518 741 3576 tione
774 3516 1079 3586 sensitiva,
1114 3521 1176 3574 et
1206 3517 1515 3575 rationalis
1548 3517 1664 3575 nisi
1698 3522 2023 3592 praeeunte
2056 3517 2282 3577 lumine
2301 3518 2585 3577 rationis:
2621 3519 2709 3577 ita
2726 3537 2843 3578 non
2866 3522 3092 3594 poterit
3110 3518 3200 3577 vi-

581 3626 715 3665 vere
749 3607 920 3664 homo
955 3606 1141 3664 vitam
1172 3607 1683 3682 supernaturalem
1738 3609 1895 3664 sicut
1945 3609 2196 3682 oportet.
2244 3607 2361 3666 nisi
2407 3607 2816 3683 praefulgente
2860 3608 3200 3686 cognitione

574 3695 1041 3771 supernaturali,
1076 3714 1226 3770 quae
1260 3695 1433 3754 modo
1467 3695 1579 3754 fide
1599 3696 1943 3754 continetur
1958 3690 2022 3777 ¹).
2044 3729 2129 3739 —
2153 3697 2286 3756 Non
2305 3701 2507 3755 autem
2522 3697 2747 3756 suffieit
2764 3697 2910 3755 fides
2928 3699 2991 3755 in
3013 3700 3197 3768 vote,

579 3789 651 3844 ut
686 3794 889 3843 votum
923 3784 1239 3859 baptismi:
1273 3786 1445 3858 cujus
1479 3784 1780 3859 duplicem
1816 3785 1992 3843 affert
2022 3786 2108 3844 de
2141 3785 2348 3863 Lugo
2381 3786 2436 3847 d.
2478 3797 2552 3849 12
2589 3787 2661 3844 de
2694 3785 2809 3843 fide
2830 3806 2889 3849 n.
2911 3796 2945 3848 3
2972 3802 2989 3839 z
3016 3785 3200 3845 ratio·

579 3893 747 3932 uem:
781 3874 1028 3931 alterum
1062 3891 1128 3930 ex
1163 3873 1456 3932 Erclesiae
1489 3874 1828 3943 traditione,
1863 3894 2015 3949 quae
2048 3875 2442 3934 diversimode
2474 3875 2887 3934 necessitatem
2920 3874 3201 3950 baptismi

574 3967 640 4022 et
673 3963 805 4020 fidei
838 3961 1170 4033 intellexit3
1217 3963 1462 4020 alteram
1508 3981 1578 4020 ex
1625 3966 1840 4021 natura
1885 3963 2035 4033 fidei,
2084 3983 2235 4039 quae
2268 3984 2386 4023 non
2418 3964 2750 4040 requiritur
2797 3964 2870 4022 ad
2895 3965 3202 4039 justitiam

802 4209 837 4275 ¹)
867 4204 948 4260 Cf.
977 4205 1013 4258 S
1031 4206 1115 4259 ch
1133 4225 1187 4258 m
1205 4205 1225 4259 i
1244 4206 1279 4258 d
1308 4204 1401 4259 die
1428 4204 2020 4260 ausserordentlichen
2047 4205 2365 4275 Heilswege
2400 4206 2491 4259 fiir
2518 4206 2610 4260 die
2636 4205 2920 4277 gefellene
2947 4204 3202 4260 Menscb-

576 4286 722 4350 heit,
752 4285 960 4340 Brixen
996 4293 1128 4342 1899
1156 4305 1208 4343 n.
1243 4293 1357 4342 108.
1409 4286 1516 4340 Sed
1563 4302 1632 4339 ne
1678 4288 1864 4355 putes,
1908 4301 2132 4339 omnem
2177 4286 2585 4356 cogitationem
2630 4303 2725 4341 seu
2756 4284 3204 4341 illustrat-ionem

576 4367 1077 4436 supernaturalem
1106 4365 1422 4421 formaliter
1448 4382 1565 4421 esse
1592 4367 1705 4436 jam
1734 4366 2122 4430 cognitionem
2150 4367 2313 4422 fidei:
2352 4369 2599 4439 primum
2642 4366 2795 4422 enim
2835 4369 3029 4422 actum
3069 4365 3203 4419 fidei

579 4447 920 4516 praecedere
947 4446 1160 4500 debent
1182 4446 1594 4501 illustrationes
1621 4447 1681 4498 et
1703 4445 2186 4515 apprehensiones
2212 4449 2693 4518 supernaturales,
2739 4464 2888 4517 quae
2914 4445 3205 4517 gradatim

576 4524 836 4580 animuin
865 4527 937 4580 ad
966 4527 1135 4580 fidem
1163 4527 1488 4597 disponant,
1529 4528 1588 4580 et
1625 4523 1807 4596 germi
1835 4525 1900 4578 uis
1925 4525 2106 4580 instar
2131 4529 2306 4595 atque
2332 4544 2568 4582 aurorae
2613 4526 2733 4582 sint
2757 4527 2907 4582 fidei.
2960 4526 3208 4582 Possunt

582 4607 774 4659 tamen
800 4607 923 4676 ejus
948 4605 1081 4660 nodi
1108 4606 1521 4661 illustrationes
1542 4606 2003 4675 supernaturales
2025 4607 2224 4662 merito
2245 4608 2497 4662 revocari
2519 4609 2591 4662 ad
2613 4609 2860 4680 gratiam
2887 4606 3038 4669 fidei,
3065 4607 3206 4676 quia

579 4685 656 4738 ad
686 4687 852 4741 fldem
879 4686 1215 4757 disponunt,
1244 4686 1506 4750 tendunt,
1524 4702 1762 4754 eamque
1779 4686 2040 4757 aspirant
2052 4691 2226 4756 atque
2250 4687 2518 4759 gignunt,
2540 4689 2647 4744 nisi
2663 4689 2883 4761 grat-iae
2899 4688 3206 4743 resistitur.
