3538 5364
565 250 698 315 400
815 241 1000 295 Tract.
1030 242 1119 295 lx.
1147 241 1422 295 sacrificio
1450 242 1670 295 missae.
1711 240 1909 295 ‘rhesis
1937 240 2276 294 CCXXXVI.
2307 242 2475 295 Missa
2505 246 2593 297 est
2616 259 2754 296 sacr.
2783 243 2947 297 relat.

566 429 724 504 apud
758 448 884 498 nos,
931 429 1124 487 voluit
1155 428 1379 486 animas
1410 428 1671 503 pretioso
1706 427 1996 504 sanguine
2028 445 2138 487 suo
2170 428 2524 487 sanctificari
2556 448 2666 505 per
2695 429 3018 506 imaginem
3052 448 3183 504 pro-

564 518 726 594 priae
758 518 1076 593 passioniS,
1108 520 1170 575 et
1200 517 1332 575 ideo
1365 517 1676 592 discipulis
1707 516 1985 575 fidelibus
2016 517 2275 587 mandat,
2309 535 2459 593 quos
2480 518 2700 594 primos
2716 518 3014 577 Ecclesiae
3046 535 3186 577 suae

563 608 882 666 constituit
914 606 1259 677 sacerdotes,
1305 609 1377 664 ut
1420 606 1828 664 indesinenter
1870 607 1987 664 ista
2019 606 2176 664 vitae
2209 609 2483 666 aeternae
2515 607 2799 683 mysteria
2829 614 3185 676 exercerent,

565 715 716 771 quae
746 714 986 756 necesse
1018 699 1109 755 est
1139 715 1174 753 a
1204 695 1436 754 cunctis
1469 694 1879 754 sacerdotibus
1911 713 2018 770 per
2048 694 2316 772 singulas
2336 696 2526 754 totius
2544 695 2706 755 orbis
2732 696 3007 755 ecclesias
3037 696 3187 755 cele-

563 786 738 845 brari.
754 793 784 823 ¹
806 819 892 830 --
912 786 939 843 Ι
957 804 983 843 s
999 785 1020 842 i
1036 784 1074 842 d
1091 803 1124 843 o
1140 804 1225 842 ru
1242 802 1269 842 s
1291 784 1440 860 hisp.
1459 785 1613 845 hom.
1636 784 1708 843 de
1729 802 1883 859 corp.
1905 788 1969 842 et
1987 801 2152 861 sang.
2169 785 2298 844 Chr.
2320 779 2502 865 (Mig.
2523 794 2623 855 30,
2648 781 2802 867 272)
2825 803 2883 849 n.
2909 796 2971 847 1:
2997 825 3025 853 ,
3041 784 3189 854 Quia

564 890 777 950 corpus
811 875 1190 949 assumptum
1224 873 1535 932 ablaturus
1568 877 1696 931 erat
1725 873 1800 931 ab
1832 872 2024 933 oculis
2055 873 2273 931 nostris
2305 877 2366 932 et
2409 874 2704 934 sideribus
2738 874 3041 946 illaturus,
3086 893 3188 932 ne-

566 964 886 1022 cessarium
910 967 1054 1032 erat,
1089 966 1160 1021 ut
1188 962 1361 1021 nobis
1393 962 1457 1020 in
1488 962 1597 1020 hac
1627 961 1724 1021 die
1756 965 2190 1021 sacramentum
2210 962 2470 1039 corporis
2503 967 2564 1022 et
2595 963 2907 1040 sanguinis
2937 963 3032 1022 sui
3052 982 3189 1022 con·

564 1055 836 1121 sectaret,
888 1056 959 1110 ut
1002 1052 1298 1110 coleretur
1327 1050 1424 1109 vel
1447 1051 1679 1127 jugiter
1700 1052 1839 1127 jure
1870 1071 1979 1127 per
2008 1053 2379 1129 mysterium,
2428 1051 2587 1128 quod
2621 1052 2803 1111 semel
2834 1053 3190 1112 offerebatur

564 1141 628 1199 in
659 1141 946 1216 pretium:
995 1142 1067 1199 ut
1111 1140 1252 1215 quia
1283 1140 1634 1214 quotidiana
1663 1144 1725 1198 et
1754 1140 2053 1200 indefessa
2083 1141 2363 1199 currebat
2390 1159 2497 1216 pro
2529 1141 2835 1200 hominum
2870 1141 3064 1200 salute
3098 1160 3186 1199 re-

564 1230 845 1305 dempti0,
892 1232 1184 1305 perpetua
1215 1233 1370 1288 esset
1401 1229 1579 1287 etiam
1611 1229 2036 1305 redemptionis
2066 1229 2307 1300 oblatio,
2358 1234 2419 1288 et
2460 1230 2740 1305 perennis
2791 1231 2897 1289 illa
2947 1230 3188 1289 victima

563 1319 791 1378 viveret
823 1319 888 1377 in
919 1319 1218 1389 memoria,
1253 1321 1315 1376 et
1345 1336 1624 1394 praesens
1659 1336 1892 1395 semper
1923 1322 2081 1377 esset
2112 1319 2176 1376 in
2205 1318 2454 1395 gratia.‘

744 1422 813 1488 4.
848 1418 1091 1484 Suadet
1141 1419 1471 1500 analogia:
1521 1419 1688 1484 sicut
1738 1420 1909 1484 enim
1946 1419 2167 1500 judaei
2210 1420 2584 1500 indigebant
2629 1420 2973 1499 sacrificiiS,
3025 1441 3190 1505 quae

563 1527 1067 1608 praefigurarent
1110 1527 1567 1608 redemptionis
1601 1526 1983 1591 sacrificium
2016 1535 2368 1605 cruentum,
2415 1529 2509 1592 ita
2545 1529 2878 1593 christiani
2908 1531 3189 1612 indigent

564 1634 851 1715 ejusdem
876 1633 1010 1715 jugi
1042 1633 1675 1698 commemoratione.
1746 1632 2077 1710 „Hebraeh
2109 1633 2312 1716 inquit
2359 1633 2871 1714 Augustinus
2917 1653 2967 1699 c.
3020 1635 3190 1700 Fau-

564 1747 734 1805 stum
766 1740 902 1816 XX,
941 1745 1039 1816 18,
1073 1741 1137 1803 in
1169 1740 1442 1802 victimis
1476 1758 1802 1822 pecorum,
1852 1758 2011 1821 quas
2060 1740 2415 1805 offerebant
2446 1740 2602 1817 Dec,
2646 1740 2862 1805 multis
2895 1749 2959 1807 et
2990 1743 3188 1806 variis

564 1848 787 1921 modis,
820 1848 986 1912 sicut
1016 1866 1086 1912 re
1120 1853 1305 1910 tanta
1336 1847 1598 1927 dignum
1633 1853 1790 1923 erat,
1824 1847 2234 1928 prophetiam
2266 1847 2687 1912 celebrabant
2720 1847 2974 1912 futurae
3005 1850 3188 1912 victi-

564 1975 727 2033 mae,
780 1973 976 2038 quam
1026 1952 1315 2017 Christus
1368 1952 1618 2027 obtulit,
1668 1953 1840 2018 unde
1890 1953 2219 2016 christiani
2270 1953 2518 2034 peracti
2564 1953 2851 2034 ejusdem
2899 1954 3190 2019 sacrificii

564 2062 946 2129 memoriam
976 2059 1308 2127 celebrant
1337 2066 1759 2123 sacrosancta
1793 2060 2118 2123 oblatione
2170 2066 2233 2124 ct
2280 2059 2773 2141 participatione
2805 2061 3093 2142 corporis
3126 2072 3189 2125 et

564 2170 890 2251 sanguinis
923 2167 1207 2232 Christi.‘
1281 2166 1368 2230 Cf.
1401 2187 1461 2229 n.
1496 2172 1696 2242 407⁴;
1759 2167 1900 2247 Alg
1918 2187 2104 2232 erus
2137 2167 2178 2243 I,
2217 2173 2294 2234 17
2345 2173 2410 2231 et
2454 2168 2534 2231 de
2578 2184 2740 2231 sacr.
2782 2168 3022 2232 missae
3053 2189 3112 2232 n.
3153 2176 3183 2236 1

564 2293 780 2357 opusc.
814 2273 1047 2350 XX111;
1080 2273 1340 2338 Franz
1362 2272 1527 2338 elin
1558 2274 1644 2336 th.
1683 2278 1782 2342 15.

740 2388 889 2451 418.
923 2381 1047 2448 lv.
1082 2379 1265 2445 Haec
1284 2382 1779 2443 commemoratio
1811 2381 2158 2443 continetur
2188 2383 2644 2445 consecratione
2676 2381 2969 2446 distincta
2995 2384 3188 2466 panis

562 2497 620 2554 et
654 2492 803 2573 vini,
834 2488 1005 2571 quod
1038 2488 1587 2552 demonstratione
1634 2504 1766 2549 non
1814 2493 1988 2566 eget:
2040 2504 2119 2551 ea
2164 2487 2336 2551 enim
2383 2493 2908 2568 repraesentatur
2961 2488 3184 2554 effusio

562 2596 910 2678 sanguinis,
942 2613 1071 2676 qua
1101 2595 1167 2657 in
1198 2594 1418 2675 primis
1452 2593 1820 2656 continetur
1870 2593 2038 2657 ratio
2071 2592 2364 2657 sacrificii
2395 2594 2659 2659 cruenti.
2723 2594 2862 2658 Huc
2893 2601 3188 2676 spectant

563 2705 991 2787 pulcherrima
1021 2702 1129 2765 illa
1161 2699 1212 2765 G
1232 2701 1545 2781 regorii
1574 2718 1715 2764 naz.
1750 2719 1848 2782 ep.
1887 2705 2010 2770 171
2048 2701 2132 2765 ad
2163 2700 2682 2784 Amphilochium
2713 2702 2944 2767 verba:
3015 2702 3184 2778 ,Nec

564 2812 883 2876 cuncteris
917 2817 982 2875 et
1014 2825 1201 2872 orare
1236 2814 1302 2871 et
1335 2807 1652 2887 legatione
1686 2806 1860 2887 fungi
1890 2825 2010 2888 pro
2044 2807 2248 2884 nobie,
2282 2808 2541 2890 quando
2573 2807 2865 2872 Verbum
2898 2810 3186 2882 attrahiS,

564 2918 820 3002 quando
851 2917 1189 2980 incruenta
1220 2913 1506 2978 sectione
1537 2931 1725 2978 secas
1758 2931 1992 2995 corpus
2026 2920 2091 2977 et
2121 2914 2499 2993 sanguinem
2533 2914 2924 2979 dominicum
2958 2931 3183 2979 vocem

564 3025 878 3088 adhibens
910 3040 1030 3103 pro
1063 3019 1330 3101 gladio.⁴1
1400 3018 1624 3103 Neque
1675 3019 1910 3097 obstat,
1960 3019 2027 3084 in
2078 3020 2466 3083 eucharistia
2509 3038 2641 3084 non
2688 3020 2915 3085 haberi
2946 3021 3186 3086 realem

486 3179 496 3186 .
565 3130 894 3210 sanguinis
928 3127 1231 3193 effusio
1253 3145 1427 3192 nem
1461 3134 1524 3190 et
1554 3127 2031 3208 separationem
2065 3127 2272 3214 (Juxta
2303 3127 2474 3191 dicta
2506 3126 2593 3192 th.
2625 3128 2802 3214 228),
2853 3129 2966 3192 sed
2998 3128 3186 3209 hujus

565 3245 816 3302 tantum
877 3234 1782 3318 repraesentationem:
1845 3251 1997 3297 nam
2042 3233 2432 3298 eucharistia
2479 3252 2613 3297 non
2658 3241 2754 3298 est
2804 3235 3186 3300 sacrificium

563 3351 919 3419 cruentum,
952 3342 1065 3406 sed
1098 3340 1396 3405 sacrificii
1427 3341 1675 3405 cruenti
1705 3341 2257 3417 commemoratio,
2291 3341 2373 3404 ad
2395 3359 2590 3423 quam
2609 3341 2841 3405 sufficit
2860 3342 3185 3422 sanguinis

565 3450 746 3516 effusi
775 3449 1306 3531 repraesentatio.

740 3561 889 3626 419.
933 3557 1164 3622 Variae
1194 3557 1531 3620 sententiae
1563 3555 1639 3616 de
1670 3557 1934 3618 essentia
1965 3555 2260 3636 sacrificii
2290 3555 2530 3622 missae.
2551 3593 2638 3603 —-
2662 3553 2821 3620 Cum
2855 3573 3009 3619 vcro
3043 3555 3184 3638 plu·

563 3664 738 3729 ribus
771 3663 1094 3746 theologis
1126 3663 1438 3739 videatur,
1472 3661 1635 3725 forte
1668 3680 1802 3725 non
1831 3660 2170 3737 immeritO,
2205 3661 2496 3725 sacrificii
2527 3663 2776 3726 cruenti
2806 3680 3183 3744 repraesen-

563 3773 743 3848 tatio,
778 3772 1070 3855 quamvis
1102 3770 1317 3834 vivida
1349 3788 1428 3834 ea
1458 3770 1542 3833 sit
1574 3776 1637 3833 et
1669 3787 1992 3851 expressa,
2026 3768 2318 3850 quamvis
2349 3770 2416 3832 in
2447 3787 2528 3834 ea
2557 3769 2875 3834 habeatur
2895 3771 3185 3852 mystica.

563 3884 634 3944 ut
666 3880 862 3961 ajunt,
894 3878 1221 3958 sanguinis
1253 3876 1495 3952 effusio,
1529 3877 1658 3939 imo
1691 3875 1953 3939 realiter
1985 3875 2156 3939 adsit
2174 3875 2316 3956 ipsa
2335 3876 2591 3939 victima
2611 3894 2727 3940 seu
2748 3875 3057 3952 ChristuS,
3080 3879 3187 3959 qui

562 3985 874 4051 sacrificio
908 3991 1172 4050 cruento
1206 3982 1413 4047 crucis
1445 3983 1862 4063 semetipsum
1894 3981 2142 4057 obtulit,
2163 3982 2451 4046 nondum
2484 4002 2707 4047 verum
2727 3983 3186 4066 propriumque

562 4093 962 4168 sacrificium,
995 4091 1120 4155 nisi
1151 4089 1389 4172 aliquid
1422 4088 1723 4164 accedat;
1756 4089 1907 4152 hinc
1940 4089 2232 4154 sollerter
2264 4089 2590 4172 inquirunt
2623 4091 2689 4153 in
2721 4089 2890 4166 illud,
2925 4109 3054 4173 quo
3084 4091 3184 4156 di-

562 4201 798 4264 stincta
828 4198 1012 4281 panis
1047 4203 1240 4278 atque
1271 4196 1400 4259 vini
1434 4195 1848 4260 consecratio
1882 4196 2310 4261 constituatur
2339 4195 2737 4274 sacrificium,
2758 4197 2951 4278 inque
2971 4198 3185 4262 varias

564 4306 804 4370 abeunt
836 4304 1189 4370 sententias
1204 4305 1271 4390 1).

785 4493 819 4560 ¹)
849 4489 929 4544 Cf.
958 4490 1057 4543 Va.
1074 4506 1151 4543 ca
1168 4507 1202 4541 n
1223 4492 1248 4541 t
1273 4487 1522 4542 Histoire
1549 4487 1620 4542 de
1645 4487 1702 4540 la
1730 4486 2080 4556 Conception
2109 4487 2187 4540 du
2214 4487 2463 4541 sacrifice
2490 4488 2560 4541 de
2586 4487 2643 4540 la
2670 4486 2847 4540 Messe
2874 4487 3019 4541 dans
3038 4486 3187 4555 l'Eg-

562 4570 667 4624 lise
692 4568 889 4634 latine,
916 4567 1151 4623 Parisiis
1184 4575 1349 4628 1894;
1390 4567 1483 4620 W.
1510 4565 1557 4620 G
1576 4583 1608 4620 o
1626 4583 1655 4620 e
1674 4569 1739 4620 tz
1757 4584 1812 4618 m
1830 4582 1864 4618 a
1881 4582 1973 4618 nn
2013 4565 2125 4620 Dae
2153 4566 2314 4621 euch.
2343 4566 2519 4637 Opfer
2557 4566 2705 4620 nach
2740 4566 2842 4620 der
2881 4566 3060 4621 Lehre
3086 4567 3186 4621 der

562 4650 778 4705 alteren
806 4648 1207 4713 Scholastiker‚
1236 4647 1513 4716 Freiburg
1546 4653 1673 4703 1901
1698 4667 1710 4707 ς
1765 4645 1859 4698 Re
1876 4662 1956 4698 nz
1998 4645 2101 4699 Die
2129 4646 2467 4703 Geschichte
2497 4646 2595 4700 des
2621 4645 3184 4718 Messopferbegriffs.

564 4729 859 4801 Dillingen
888 4733 926 4783 t.
958 4738 1002 4786 1.
1040 4735 1164 4785 1901
1189 4749 1201 4788 ς
1229 4731 1269 4780 t.
1299 4735 1331 4782 2
1359 4725 1618 4797 Freieing
1651 4733 1805 4785 1902.
