3538 5364
1220 310 1338 362 sint
1362 325 1563 363 causae
1591 308 1917 363 collationis
1943 285 2176 379 gratiae.
2837 319 2964 381 227

345 490 591 557 menta
616 494 678 556 in
728 498 975 556 tantum
1023 498 1299 556 causant
1345 491 1634 571 gratiam,
1668 491 1733 554 in
1765 497 2078 573 quantum
2111 490 2454 555 deferendo
2490 497 2553 555 et
2587 490 2967 572 applicando

342 600 776 673 determinato
810 597 1099 678 subiecto
1133 597 1468 679 imperium
1491 597 1622 675 Dei,
1654 603 1906 679 ponunt
1935 598 1999 661 in
2033 615 2110 662 eo
2144 597 2601 662 necessitatem
2622 598 2704 661 ad
2726 598 2969 678 gratiae

347 705 846 786 susceptionem.
896 704 1190 768 Innititur
1222 710 1438 769 autem
1471 705 1711 768 rationi
1741 706 2163 769 sacramentis
2195 705 2492 786 propriae
2535 711 2599 770 et
2629 705 2969 778 essentiali,

343 812 521 895 quod
553 813 681 875 sint
711 812 911 893 signa.
974 810 1158 890 Quod
1191 812 1245 874 si
1276 810 1397 874 illis
1430 829 1881 893 quamcunque
1929 808 2121 874 aliam
2154 812 2600 877 causalitatem
2635 811 2969 876 tribuimus

346 919 701 1001 physicam,
735 919 1095 998 egredimur
1127 937 1161 983 e
1193 935 1427 998 genere
1459 924 1524 983 et
1542 918 1793 983 ratione
1812 918 2156 997 signorum.
2190 918 2431 981 Mavult
2459 918 2726 999 proinde
2760 920 2970 984 dicere

348 1033 766 1090 sacramenta
797 1025 1051 1106 operari
1095 1025 1190 1088 im
1211 1024 1590 1106 perative
1637 1042 1752 1088 seu
1785 1024 2304 1102 intentionaliter,
2351 1043 2546 1107 quam
2577 1026 2838 1108 physice
2869 1024 2972 1091 vel

346 1133 697 1197 moraliter.
761 1130 922 1196 Cum
954 1151 1002 1195 s,
1032 1131 1282 1196 Thoma
1313 1149 1468 1195 vero
1502 1137 1734 1208 tuetur,
1782 1149 1863 1196 ea
1891 1149 2025 1195 non
2056 1131 2439 1208 immediate,
2485 1135 2599 1197 sed
2631 1134 2841 1197 solum
2873 1135 2970 1197 in-

346 1239 858 1304 strumentaliter
905 1244 970 1302 et
1017 1237 1387 1319 dispositive
1434 1254 1705 1302 causare
1740 1238 2033 1319 gratiam,
2081 1243 2398 1320 quatenus
2444 1257 2666 1303 eorum
2713 1240 2976 1304 effectus

347 1346 761 1410 immediatus
794 1351 893 1410 est
925 1345 1142 1410 titulus
1174 1352 1238 1411 et
1268 1345 1602 1426 dispositio
1637 1346 1856 1430 (quam
1879 1352 2130 1410 veteres
2162 1346 2225 1408 in
2247 1347 2667 1411 sacramentis
2688 1366 2817 1410 non
2851 1349 2971 1410 im-

346 1454 775 1536 primentibus
820 1455 1259 1518 characterem
1314 1460 1618 1518 ornatu
1637 1474 1701 1518 m
1752 1454 2078 1540 dicebant)
2128 1454 2386 1535 exigens
2433 1454 2722 1535 gratiam,
2780 1454 2975 1518 modo

343 1562 525 1625 obex
575 1580 705 1625 non
757 1562 985 1626 obstet.
1067 1559 1281 1641 Quare
1313 1579 1500 1625 suam
1532 1562 1919 1627 sententiam
1969 1562 2052 1625 ad
2097 1562 2266 1625 hanc
2297 1568 2562 1626 revocat
2606 1561 2977 1626 formulam:

356 1665 829 1741 ,Sacramenta
859 1667 1269 1750 probabilius
1302 1687 1430 1732 non
1464 1675 1739 1732 causant
1768 1668 2040 1749 gratiam
2073 1669 2503 1733 moraliter
2534 1668 2570 1731 i.
2606 1688 2657 1734 e.
2691 1687 2806 1750 per
2836 1687 2976 1732 mo-

246 1836 259 1846 ,
347 1775 511 1837 dum
543 1775 799 1849 valoris,
831 1777 1012 1856 cujus
1045 1776 1274 1840 intuitu
1309 1773 1552 1858 aliquid
1573 1776 1780 1850 datur,
1811 1776 1925 1839 sed
1946 1784 2218 1839 causant
2251 1795 2396 1841 eam
2418 1775 2778 1843 efficienter.
2812 1776 2977 1840 Rur-
3006 1770 3009 1773 ’

350 1901 468 1944 sus
499 1900 632 1944 non
664 1890 935 1945 causant
966 1880 1311 1948 efficienter
1340 1882 1686 1964 perfective
1718 1881 1977 1947 actione
2009 1900 2130 1946 sua
2155 1883 2578 1965 pertingendo
2612 1883 2980 1948 immediate

348 1988 442 2050 ad
476 1988 679 2069 ipsam
731 1989 976 2069 gratiae
1021 1989 1469 2066 substantiam,
1515 1989 1629 2053 sed
1679 1990 1889 2053 solum
1935 1989 2455 2071 dispositive,
2503 1990 2863 2055 inducendo
2896 1991 2977 2066 id,

350 2095 531 2176 quod
565 2101 664 2159 est
693 2113 801 2158 res
833 2101 899 2159 et
928 2104 1422 2160 sacramentum.
1485 2096 1772 2178 Denique
1803 2097 2003 2159 virtus
2048 2096 2579 2173 instrumentaliS,
2624 2117 2736 2179 per
2783 2115 2978 2179 quam

357 2208 736 2281 operantur,
769 2221 901 2266 non
932 2202 1182 2267 videtur
1225 2221 1366 2268 esse
1413 2203 1703 2284 physica,
1750 2203 1864 2267 sed
1896 2203 2110 2285 potius
2144 2204 2577 2268 intentionalis
2608 2211 2832 2286 utpote
2864 2205 2981 2269 ha-

355 2308 521 2371 bens
553 2308 988 2390 adaequatum
1020 2311 1119 2373 sui
1150 2310 1527 2391 principium
1563 2310 1625 2372 in
1658 2310 2056 2375 institutione
2088 2309 2318 2375 Christi
2351 2309 2730 2391 legislatoris
2762 2310 2833 2376 N.
2866 2312 2973 2375 T.‹

358 2414 648 2478 Eandem
692 2416 1081 2480 sententiam
1133 2417 1330 2481 fusius
1365 2417 1600 2482 evolvit
1628 2424 1695 2482 et
1724 2424 1938 2482 tuetur
1968 2418 2205 2483 Miille
2227 2440 2258 2483 r
2290 2416 2350 2483 S.
2382 2420 2434 2484 J.
2468 2420 2531 2483 in
2565 2421 2711 2483 diss.
2747 2421 2985 2507 (mscr.)

369 2521 454 2585 de
488 2522 917 2586 sacramentis
951 2523 1020 2587 N.
1053 2523 1115 2587 L.
1140 2521 1525 2610 (Oeniponte
1561 2530 1658 2592 19«
1689 2525 1971 2611 ol1901).
1994 2526 2525 2591 Huicsententiae
2547 2526 2778 2603 favent,
2813 2528 2984 2610 quod

363 2628 428 2691 in
476 2645 554 2692 ea
586 2626 833 2693 facilius
866 2629 1234 2712 explicatur,
1274 2629 1600 2712 quomodo
1634 2639 2045 2696 sacramenta
2076 2632 2638 2712 significando
2672 2633 2799 2697 sint
2829 2652 2983 2697 cau-

357 2753 477 2800 sae
497 2735 760 2816 gratiae,
794 2743 859 2801 et
890 2736 1215 2818 quomodo
1236 2737 1380 2802 ficte
1416 2743 1735 2818 suscepta,
1765 2745 2014 2804 remoto
2048 2739 2248 2815 obice,
2279 2739 2681 2815 reviviscant,
2718 2747 2782 2804 et
2814 2741 2985 2823 quod

348 2843 542 2923 Juxta
576 2860 726 2906 eam
759 2850 1308 2908 sacramentorum
1345 2844 1813 2909 administratio
1844 2847 2046 2927 magis
2077 2847 2343 2913 accedat
2371 2848 2452 2912 ad
2467 2847 2785 2912 rationem
2829 2865 2985 2928 ope-

357 2949 564 3025 randi,
599 2967 734 3031 qua
763 2947 1049 3014 Christus
1069 2951 1349 3031 patravit
1368 2952 1692 3016 miracula.
1724 2953 1759 3018 J
1766 2954 1969 3018 uverit
2000 2961 2219 3019 tamen
2241 2955 2321 3018 ad
2343 2955 2589 3037 plenius
2611 2954 2988 3036 explicanda

358 3064 619 3138 patrum
659 3056 740 3121 de
776 3063 1327 3122 sacramentorum
1363 3059 1647 3123 efficacia
1685 3060 2049 3124 testimonia
2086 3080 2245 3142 prae
2281 3060 2479 3125 oculis
2527 3061 2784 3138 habere,
2823 3078 2989 3143 quae

353 3163 530 3227 dicta
563 3170 714 3228 sunt
748 3184 805 3227 n.
837 3170 983 3234 262.

546 3320 691 3374 266.
752 3310 920 3380 Quod
971 3330 1016 3371 a.
1067 3313 1414 3372 Thomam
1464 3314 1698 3384 attinet,
1750 3315 1853 3372 alii
1904 3316 2079 3374 aliter
2128 3335 2265 3374 eum
2315 3316 2787 3392 interpretantur
2834 3321 2988 3375 teste

357 3400 570 3477 Lugo
602 3400 757 3476 disp.
793 3409 830 3462 4
863 3421 905 3461 s,
945 3411 978 3463 5
1013 3421 1069 3463 n.
1105 3412 1184 3464 98
1221 3421 1313 3473 ss.,
1361 3403 1543 3461 etiam
1588 3404 1747 3462 inter
1779 3404 1937 3480 ipsos
1981 3404 2425 3468 thomistaS.
2492 3406 2557 3463 ld
2603 3410 2803 3465 autem
2848 3425 2988 3465 sane

357 3493 592 3546 certum
624 3493 738 3558 est,
774 3508 910 3547 eum
943 3489 1014 3548 de
1047 3490 1154 3549 hoc
1184 3492 1435 3550 maxime
1466 3511 1597 3551 esse
1631 3492 1974 3563 sollicitum,
2009 3497 2079 3552 ut
2109 3512 2302 3553 veram
2337 3514 2543 3554 causae
2574 3496 2863 3554 rationem
2896 3515 2985 3554 sa-

360 3578 681 3636 cramentis
717 3581 959 3648 asserat,
992 3598 1174 3653 quam
1205 3579 1542 3639 defensores
1563 3582 1934 3641 causalitatis
1966 3583 2208 3641 moralis
2242 3602 2350 3642 suo
2383 3588 2649 3660 tempore
2680 3585 2858 3643 nimis
2892 3604 2987 3643 ex-

360 3670 613 3725 tenuare
658 3671 718 3725 et
763 3666 838 3725 ad
881 3687 1105 3727 meram
1139 3669 1432 3727 rationem
1464 3671 1823 3729 conditionis
1855 3673 1981 3730 sine
2014 3691 2134 3747 qua
2165 3692 2281 3731 non
2315 3692 2589 3732 revocare
2620 3673 2989 3732 videbantur.

363 3754 534 3824 Quod
583 3755 637 3814 si
683 3756 946 3830 aliquam
990 3757 1396 3815 causalitatem
1444 3758 1839 3833 physicam
1885 3763 2108 3830 tuetur,
2157 3761 2248 3819 illi
2295 3762 2536 3820 videtur
2564 3760 2776 3833 favere,
2811 3782 2985 3837 quam

361 3862 546 3918 supra
576 3844 966 3919 exposuimus
999 3865 1055 3903 n.
1082 3855 1226 3916 26⁴2,
1260 3849 1330 3904 ut
1362 3847 1554 3922 liquet
1586 3867 1652 3906 ex
1686 3850 1889 3908 verbis
1909 3849 2132 3907 ibidem
2150 3851 2364 3921 allatis,
2399 3851 2616 3926 quibus
2638 3851 2802 3921 adde,
2837 3871 2987 3926 quae

360 3932 570 3990 scribit
601 3952 696 4009 op.
734 3945 766 3996 5
805 3934 876 3991 de
910 3937 1017 3992 art.
1052 3934 1189 3993 fidei
1221 3937 1283 3993 et
1314 3954 1455 3994 sacr.
1488 3956 1544 4012 p.
1572 3946 1642 3998 2:
1677 3937 1789 4007 ‚In
1810 3940 2190 3998 sacramentis
2208 3940 2401 3998 virtus
2424 3940 2637 3998 Christi
2672 3940 2784 3999 sub
2815 3944 2988 4017 tegu-

357 4024 562 4079 mento
595 4042 796 4082 rerum
827 4023 1154 4081 visibilium
1188 4024 1473 4083 secretius
1506 4030 1792 4101 operatur
1823 4029 2156 4098 salutem3‘
2207 4038 2262 4091 3.
2307 4049 2364 4104 p.
2409 4050 2464 4105 q.
2515 4040 2593 4092 73
2642 4049 2693 4090 a.
2734 4041 2756 4091 l
2808 4029 2882 4087 ad
2918 4040 2986 4093 2:

364 4110 739 4178 ,Dicendum
791 4112 950 4187 quod
999 4132 1156 4187 aqua
1203 4113 1484 4188 baptismi
1544 4134 1664 4173 non
1725 4121 1928 4175 causat
1986 4118 2245 4193 aliquem
2295 4119 2667 4194 spiritualem
2716 4119 2988 4179 effectum

356 4204 607 4274 propter
636 4201 826 4276 ipsam
857 4220 1086 4276 aquam,
1135 4203 1236 4260 sed
1268 4205 1511 4278 propter
1541 4204 1831 4263 virtutem
1865 4206 2125 4281 Spiritus
2158 4226 2203 4265 s.
2238 4208 2301 4265 in
2347 4227 2501 4282 aqua
2544 4207 2986 4270 exsistentem.¹

361 4289 584 4365 Negari
637 4293 834 4349 tamen
867 4291 1080 4365 nequit
1108 4309 1230 4349 non
1263 4291 1465 4350 deesse
1495 4293 1859 4366 testimonia,
1906 4314 2056 4370 quae
2102 4296 2363 4354 theoriae
2407 4297 2621 4355 ultimo
2655 4297 2780 4355 loco
2812 4317 2988 4374 expo-

359 4377 511 4435 sitae
557 4378 812 4437 faveant.
871 4380 966 4438 Ita
1010 4398 1096 4441 ex.
1129 4400 1214 4456 gr.
1253 4381 1315 4438 in
1351 4392 1407 4443 4.
1441 4381 1496 4439 d.
1537 4394 1558 4445 1
1603 4401 1657 4456 q.
1704 4395 1721 4443 1
1764 4405 1815 4445 a.
1852 4394 1887 4445 4
1922 4403 1976 4459 q.
2014 4395 2081 4446 5:
2132 4386 2533 4458 ,Hujusmodi
2578 4386 2988 4445 materialibus

361 4468 788 4526 instrumentis
820 4470 1103 4544 competit
1133 4470 1336 4545 aliqua
1365 4471 1515 4529 actio
1562 4491 1631 4529 ex
1677 4475 1891 4530 natura
1937 4474 2192 4548 propria,
2241 4474 2397 4533 sicut
2430 4494 2617 4550 aquae
2647 4476 2887 4533 abluere
2929 4479 2990 4533 et

361 4557 494 4614 oleo
511 4555 702 4615 facere
721 4557 978 4616 nitidum
999 4577 1247 4634 corpus;
1280 4559 1381 4618 sed
1413 4561 1692 4631 ulterius,
1728 4560 1793 4619 in
1825 4565 2119 4637 quantum
2151 4566 2295 4621 sunt
2324 4564 2723 4622 instrumenta
2753 4564 2988 4623 divinae

359 4644 798 4705 misericordiae
821 4647 1229 4722 justificantis,
1247 4649 1605 4727 pertingunt
1633 4651 2176 4709 instrumentaliter
2206 4651 2278 4709 ad
2324 4652 2581 4726 aliquem
2615 4653 2891 4712 effectum
2924 4654 2983 4712 in

359 4733 495 4808 ipsa
526 4734 740 4804 anima,
774 4735 934 4811 quod
965 4737 1159 4813 primo
1191 4739 1608 4814 correspondet
1638 4741 2038 4810 sacramentis
2086 4741 2242 4799 sicut
2286 4743 2380 4798 est
2425 4742 2722 4800 character
2753 4743 2847 4801 vel
2880 4742 2987 4800 ali-

2562 4877 2652 4930 15·
