3538 5364
510 223 596 289 24
911 219 1093 272 Tract.
1122 218 1271 271 Vin.
1298 219 1367 272 de
1393 219 1596 288 gratia.
1625 217 1823 273 Thesis
1851 217 2139 273 CLXXIV.
2167 219 2396 274 Gratiae
2423 222 2727 276 necessitas

511 405 942 464 Demetriadem
977 423 1022 464 c.
1064 416 1172 467 lo:
1223 403 1639 475 ,Restiterunt
1682 404 1824 464 huic
1866 404 2161 482 impietati
2208 409 2367 465 recta
2397 407 2922 467 innumerabilium
2953 409 3131 468 corda

512 497 870 562 sanctorum,
903 497 964 552 et·
993 513 1113 553 non
1145 495 1339 553 solum
1372 494 1531 554 docti
1561 494 1787 569 quique
1803 494 2134 570 pontificeS,
2165 514 2375 554 verum
2405 495 2587 555 etiam
2618 497 2986 557 universales
3017 498 3128 557 Ec·

512 583 721 642 clesiae
754 582 954 659 plebes
987 584 1340 659 apostolicae
1373 583 1530 642 sedis
1563 584 1848 659 exemplo,
1881 584 2173 642 insaniam
2206 585 2345 643 novi
2377 585 2671 662 dogmatis
2705 586 3126 645 horruerunt.‘

510 671 800 730 Damnata
830 675 1130 748 praeterea
1159 673 1277 730 fuit
1308 672 1371 731 in
1403 690 1558 730 conc.
1593 671 2059 732 arausicano
2090 674 2147 732 11
2183 669 2282 754 (cf.
2314 692 2493 751 supra
2524 694 2581 733 n.
2621 674 2760 752 18²)
2793 678 2855 734 et
2883 676 2946 734 in
2978 677 3129 735 tri-

511 760 837 819 dentino
870 780 1012 820 sess.
1049 772 1083 824 6
1119 779 1245 820 can.
1273 770 1342 823 2:
1393 760 1499 829 ,Si
1530 760 1670 835 quis
1703 762 1932 829 dixerit,
1969 762 2041 820 ad
2075 762 2184 821 hoc
2215 763 2411 821 solum
2445 763 2709 821 divinam
2739 764 2994 841 gratiam
3025 784 3131 841 per

512 849 812 908 Christum
843 849 1049 909 Jesum
1081 850 1226 919 dari,
1273 855 1346 908 ut
1390 850 1623 909 facilius
1670 850 1846 908 homo
1885 852 2051 926 juste
2096 852 2295 910 vivere
2341 869 2408 910 ac
2444 851 2627 911 vitam
2660 857 2961 911 aeternam
2992 872 3128 929 pro-

510 939 724 997 mereri
754 940 959 1014 possit,
1006 939 1177 1015 quasi
1219 958 1324 1016 per
1370 939 1629 998 liberum
1659 939 1976 998 arbitrium
2020 940 2150 998 sine
2194 941 2385 1018 gratia
2414 944 2760 1027 utrumque,
2807 942 2911 1001 sed
2957 961 3131 1020 aegre

510 1030 710 1086 tamen
740 1033 802 1086 et
832 1028 1158 1086 difficulter
1186 1028 1385 1103 possit,
1418 1029 1487 1087 A.
1521 1029 1649 1099 ὃς(
1685 1046 1812 1087 can.
1849 1038 1917 1092 3:
1968 1029 2074 1098 ,Si
2106 1030 2243 1104 quis
2275 1028 2508 1098 dixerit,
2552 1030 2680 1088 sine
2711 1031 3131 1105 praeveniente

511 1116 770 1193 Spiritus
803 1135 849 1177 s.
881 1117 1272 1194 inspiratione
1303 1120 1484 1192 atque
1514 1117 1811 1193 adjutorio
1839 1117 2139 1176 hominem
2171 1118 2422 1185 credere,
2456 1137 2712 1193 sperare,
2746 1119 2993 1196 diligere
3025 1122 3133 1178 aut

508 1205 808 1280 poenitere
840 1224 1030 1281 posse,
1064 1206 1219 1265 sicut
1247 1208 1485 1282 oportet
1514 1254 1528 1269 .
1562 1254 1576 1269 .
1609 1254 1624 1270 .
1656 1209 1724 1268 A.
1758 1210 1857 1267 S.‘
1922 1207 1993 1265 In
2040 1207 2150 1266 hac
2180 1211 2380 1266 tamen
2411 1207 2564 1267 thesi
2594 1207 2861 1267 nondum
2891 1227 3131 1268 accura-

438 1328 444 1334 -
512 1294 636 1353 tius
667 1294 1150 1367 determinamus,
1185 1295 1449 1370 qualis
1481 1295 1675 1373 gratia
1706 1297 1780 1354 ad
1811 1299 1979 1354 actus
2014 1296 2304 1356 salutares
2337 1297 2415 1355 sit
2444 1296 2802 1356 necessaria:
2834 1298 2941 1356 hac
2969 1298 3132 1357 enim

513 1384 585 1441 de
616 1384 962 1459 quaestione
994 1385 1058 1443 in
1091 1384 1479 1460 sequentibus
1511 1385 1785 1443 thesibus
1816 1386 2037 1444 erimus
2071 1384 2329 1447 solliciti.

694 1508 795 1572 31.
833 1504 1398 1576 DemonstratIo,
1432 1496 1780 1570 Lemmatis
1811 1504 2014 1569 instar
2045 1505 2529 1587 praemittimus
2563 1506 2791 1571 merito
2826 1526 2946 1570 nos
2978 1529 3133 1591 sup-

521 1628 780 1691 ponere,
802 1613 1052 1692 quoties
1071 1613 1137 1676 in
1157 1612 1355 1677 literis
1375 1612 1603 1677 divinis
1636 1631 1837 1694 opera
1856 1613 2176 1696 quaedam
2196 1612 2747 1690 commendantur,
2779 1613 2881 1678 vel
2912 1614 2991 1679 de
3012 1615 3132 1678 illis

516 1717 936 1782 instituuntur
967 1716 1202 1796 fideleS,
1235 1736 1604 1784 sermonem
1648 1737 1793 1784 esse
1837 1720 1917 1784 de
1963 1720 2264 1801 operibus
2309 1719 2849 1791 salutaribus
2910 1719 3135 1803 Neque
3181 1730 3184 1733 '

518 1824 688 1889 enim
721 1823 1050 1907 Scriptura
1080 1844 1269 1890 sacra
1299 1826 1495 1890 alium
1526 1827 1590 1890 in
1624 1826 1816 1911 finem
1847 1826 2034 1890 nobis
2068 1832 2166 1892 est
2184 1826 2356 1904 data,
2378 1844 2575 1908 quam
2593 1831 2663 1890 ut
2684 1846 2803 1891 nos
2825 1827 2905 1893 de
2925 1828 3133 1893 salute

518 1931 723 2014 deque
754 1930 861 1995 via
893 1933 975 1997 ad
1025 1933 1300 1998 salutem
1348 1932 1641 1997 instruat.
1702 1933 1849 1998 Jam
1897 1951 2052 1998 vero
2104 1930 2434 2014 Scriptura
2484 1932 2912 2015 multipliciter
2942 1934 3136 1999 docet

521 2040 788 2119 gratiam
823 2039 907 2104 ad
939 2040 1252 2121 ejusmodi
1283 2058 1482 2122 opera
1514 2058 1656 2106 esse
1688 2041 2142 2105 necessariam.

700 2167 760 2235 l,
792 2163 994 2230 Docet
1026 2185 1173 2246 neg
1192 2166 1402 2229 ando
1435 2184 1557 2230 nos
1589 2165 1827 2247 aliquid
1858 2183 2050 2246 posse
2082 2166 2328 2247 absque
2359 2165 2599 2245 gratia:
2630 2165 2816 2230 Joan.
2854 2168 2954 2239 15,
2993 2171 3026 2233 1
3049 2185 3133 2229 se.

521 2270 630 2334 ubi
661 2268 960 2335 Salvator
989 2271 1156 2336 inter
1187 2271 1315 2336 alia
1345 2272 1527 2336 dicit:
1565 2273 1738 2335 Sicut
1746 2272 1995 2358 palmes
2014 2277 2352 2357 nonpotest
2369 2273 2541 2356 ferre
2558 2274 2839 2356 fructum
2860 2295 2898 2335 α
2919 2279 3135 2336 semet-

519 2380 677 2462 ipso«,
708 2380 833 2443 nisi
863 2382 1164 2442 manserit
1195 2381 1264 2442 in
1294 2380 1431 2461 vite,
1462 2382 1548 2442 sic
1579 2401 1686 2443 nec
1716 2399 1842 2462 1203,
1889 2380 2011 2442 nisi
2055 2381 2124 2440 in
2174 2399 2270 2441 me
2300 2380 2658 2443 manseritis
2689 2430 2704 2446 .
2736 2429 2750 2443 .
2785 2431 2799 2446 .
2836 2378 2967 2462 qu
3000 2398 3138 2441 sum

518 2486 679 2560 vitis,
712 2506 812 2548 vos
830 2487 1142 2569 palmites,
1186 2486 1307 2564 Qui
1337 2492 1545 2549 manet
1576 2486 1644 2548 in
1675 2504 1790 2565 me,
1822 2493 1878 2548 et
1909 2505 2015 2568 eyo
2047 2486 2116 2548 in
2146 2505 2235 2568 ec,
2265 2485 2365 2547 hic
2396 2486 2522 2563 fert
2536 2484 2819 2566 fructum
2839 2485 3102 2548 multum
3118 2507 3140 2546 .·

521 2592 669 2675 quia
700 2594 833 2657 sine
863 2614 957 2658 me
1001 2592 1159 2656 nihil
1195 2595 1453 2678 potestis
1499 2593 1727 2676 facere.
1791 2590 1932 2670 Quo
1964 2591 2031 2655 in
2061 2590 2206 2655 loco
2241 2610 2452 2656 sermo
2488 2598 2588 2657 est
2619 2612 2684 2659 a.
2721 2590 2801 2655 de
2834 2592 3139 2672 gratia:

520 2717 674 2762 nam
705 2718 917 2765 sermo
950 2709 1048 2766 est
1077 2701 1158 2765 de
1191 2718 1269 2765 eo
1301 2699 1559 2775 influxu,
1592 2717 1785 2781 quem
1818 2698 2053 2763 exserit
2073 2697 2362 2763 Christus
2381 2699 2447 2762 in
2467 2699 2782 2780 palmiteS,
2816 2705 3139 2781 quatenus

521 2811 619 2869 est
669 2803 887 2882 vitis,
938 2826 1052 2872 seu
1103 2812 1420 2889 quatenus
1469 2811 1567 2870 est
1597 2804 1883 2870 Verbum
1917 2822 2070 2869 caro
2121 2804 2378 2869 factum.
2441 2805 2635 2887 Atqui
2665 2804 2951 2869 Verbum
2983 2821 3139 2868 caro

521 2909 763 2976 factum
794 2932 926 2976 non
959 2914 1322 2979 continetur
1352 2914 1519 2977 inter
1552 2913 1843 2977 ordinem
1873 2911 2253 2988 naturalem,
2304 2930 2438 2976 non
2484 2919 2581 2977 est
2612 2912 3001 2977 elementum
3035 2929 3141 2975 or-

523 3018 687 3082 dinis
720 3021 1029 3083 naturalis
1061 3040 1176 3085 scu
1209 3037 1408 3082 causa
1438 3017 1767 3094 naturaliS,
1816 3018 1929 3082 sed
1976 3017 2399 3084 essentialiter
2429 3024 2529 3083 est
2558 3012 3144 3083 fundamentum'et

523 3125 706 3189 radix
738 3127 978 3190 ordinis
1010 3126 1201 3208 plane
1233 3127 1384 3190 novi
1414 3126 1451 3188 i.
1486 3145 1538 3190 e.
1572 3125 2094 3207 supernaturalis,
2155 3124 2321 3206 Ergo
2372 3143 2586 3190 sermo
2633 3131 2733 3190 est
2777 3125 2856 3189 de
2901 3123 3143 3188 influxu

524 3250 656 3296 non
687 3233 981 3309 naturali,
1015 3233 1094 3297 de
1126 3250 1460 3310 concursu,
1493 3233 1607 3297 sed
1639 3232 1718 3296 de
1750 3231 1994 3296 influxu
2042 3232 2529 3313 supernaturali,
2564 3232 2628 3295 id
2676 3237 2774 3296 est
2805 3232 2885 3297 de
2918 3232 3142 3311 gratia.

525 3336 752 3403 Sermo
787 3346 886 3404 est
916 3341 984 3407 b.
1018 3340 1097 3404 de
1131 3339 1431 3422 operibus
1464 3339 1644 3403 salu
1664 3339 2010 3415 taribuS,
2041 3345 2115 3404 ut
2145 3344 2323 3419 patet
2356 3345 2492 3402 tum
2527 3357 2605 3403 ex
2624 3338 2928 3403 lemmate
2953 3355 3142 3419 prae-

525 3445 740 3522 misse,
773 3452 911 3509 tum
944 3465 1023 3510 ex
1056 3464 1151 3523 ec,
1186 3446 1358 3529 quod
1390 3446 1469 3511 de
1501 3446 1577 3509 iis
1609 3444 1919 3510 fructibus
1952 3451 2051 3510 est
2081 3463 2312 3521 Serme,
2347 3463 2510 3527 quos
2545 3444 2826 3525 agricola
2845 3444 3142 3536 coelestis

524 3559 591 3616 et
624 3551 911 3616 Christus
944 3552 1086 3617 vitis
1121 3559 1467 3634 exspectat,
1500 3552 1840 3629 desiderat,
1874 3552 2160 3628 intendit,
2200 3550 2431 3633 quibus
2464 3550 2816 3632 probamur
2846 3551 3144 3633 palmites

525 3660 781 3739 genuini
812 3667 1033 3725 tantae
1065 3660 1227 3738 vitis,
1261 3666 1325 3724 et
1356 3659 1587 3742 quibus
1619 3658 2059 3724 deficientibus
2108 3658 2510 3721 damnamur.
2574 3654 2799 3722 Sermo
2833 3663 2932 3721 est
2962 3676 3027 3725 c.
3063 3657 3145 3723 de

529 3765 830 3847 operibus
862 3766 1249 3831 salutaribus
1283 3766 1677 3830 omnibus,
1728 3764 1861 3829 Etsi
1892 3766 2062 3831 enim
2093 3765 2459 3830 immediate
2493 3764 2699 3845 agitur
2731 3762 2810 3828 de
2843 3763 3146 3845 operibus

522 3873 862 3953 Justorum,
896 3874 1173 3939 mediate
1205 3880 1442 3950 tamen,
1475 3878 1854 3954 argumento
1887 3872 2130 3936 scilicet
2161 3889 2203 3934 a
2234 3871 2499 3946 fortiori,
2529 3870 2859 3951 colligitur,
2910 3869 2966 3932 si
2989 3869 3147 3950 justi

529 3979 812 4059 indigent
843 3981 1046 4061 gratia
1078 3981 1160 4044 ad
1189 3998 1389 4063 opera
1406 3980 1733 4056 salutaria,
1756 3997 1797 4041 a
1815 3977 2060 4042 fortiori
2081 3996 2159 4043 ea
2179 3978 2459 4058 indigere
2478 3983 2870 4059 peccatores
2904 3974 3147 4040 Deinde

528 4085 728 4150 verba
760 4085 993 4150 Christi
1024 4094 1088 4153 et
1118 4087 1536 4169 comparatio,
1569 4104 1699 4168 qua
1729 4085 1943 4162 utitur,
1976 4086 2067 4148 ita
2098 4092 2247 4148 sunt
2277 4083 2681 4159 universalia,
2714 4087 2787 4147 ut
2816 4102 2886 4147 se
2919 4089 3144 4148 exten-

529 4192 687 4256 dant
722 4194 803 4257 ad
834 4200 1245 4275 peccatorum
1278 4212 1532 4276 quoque
1566 4210 1781 4274 opera.

712 4324 872 4393 Quae
903 4324 1094 4382 illatio
1125 4322 1349 4399 duplici
1380 4322 1765 4381 confirmatur
1794 4322 2040 4384 ratione.
2084 4321 2234 4380 Nam
2253 4337 2321 4384 a.
2340 4321 2407 4379 in
2425 4319 2646 4378 divinis
2665 4319 2859 4378 literis
2879 4319 3149 4378 homines

533 4415 646 4472 sibi
680 4414 870 4473 relicti
918 4414 982 4472 in
1025 4412 1232 4472 ordine
1265 4412 1480 4470 salutis
1525 4411 1883 4470 exhibentur
1925 4411 2217 4469 mortui
2261 4410 2474 4486 EpheS.
2511 4418 2566 4479 2,
2622 4420 2689 4477 13
2738 4408 2946 4467 coeci
2982 4419 3038 4478 5,
3076 4417 3147 4477 8;

531 4503 908 4562 animales
953 4521 1058 4561 seu
1095 4503 1399 4576 incapaces
1431 4499 1796 4576 percipiendi
1842 4518 1925 4570 ea,
1973 4518 2124 4576 quae
2155 4501 2297 4557 sunt
2329 4498 2436 4557 Dei
2476 4509 2526 4561 1.
2562 4497 2686 4560 Cor.
2723 4507 2781 4571 2,
2821 4508 2916 4560 14.
2983 4496 3152 4554 Sicut

533 4610 675 4670 ergo
705 4592 946 4662 mortui,
994 4591 1140 4668 quin
1170 4589 1616 4659 resuscitentur,
1650 4588 1874 4660 vivere3
1921 4589 2094 4659 coeci,
2127 4588 2276 4663 quin
2305 4587 2744 4661 illuminentur,
2796 4586 2997 4645 videre
3046 4603 3149 4644 ne-

536 4685 795 4756 queunt:
828 4681 913 4738 ita
944 4680 1117 4740 homo
1151 4679 1280 4738 sine
1299 4677 1407 4737 Dei
1425 4678 1645 4737 auxilio
1677 4696 1796 4737 non
1826 4678 2050 4754 poterit
2079 4676 2312 4754 operari
2330 4675 2558 4752 aliquid
2589 4677 2661 4734 ad
2694 4676 2949 4734 salutem
2983 4692 3147 4749 spec-
