<?xml version="1.0" encoding="UTF-8"?>
<!DOCTYPE html PUBLIC "-//W3C//DTD XHTML 1.0 Transitional//EN"
    "http://www.w3.org/TR/xhtml1/DTD/xhtml1-transitional.dtd">
<html xmlns="http://www.w3.org/1999/xhtml" xml:lang="en" lang="en">
 <head>
  <title>
</title>
<meta http-equiv="Content-Type" content="text/html;charset=utf-8" />
  <meta name='ocr-system' content='tesseract 3.04.00' />
  <meta name='ocr-capabilities' content='ocr_page ocr_carea ocr_par ocr_line ocrx_word'/>
</head>
<body>
  <div class='ocr_page' id='page_1' title='image "./theologiaedogma00hurtgoog_0230.png"; bbox 0 0 3538 5364; ppageno 0'>
   <div class='ocr_carea' id='block_1_1' title="bbox 542 302 2636 382">
    <p class='ocr_par' dir='ltr' id='par_1_1' title="bbox 542 302 2636 382">
     <span class='ocr_line' id='line_1_1' title="bbox 542 302 2636 382; baseline -0.004 -14"><span class='ocrx_word' id='word_1_1' title='bbox 542 315 670 382; x_wconf 78' lang='grc'><strong>218</strong></span> <span class='ocrx_word' id='word_1_2' title='bbox 1064 309 1248 363; x_wconf 88' lang='lat' dir='ltr'><strong>Tract.</strong></span> <span class='ocrx_word' id='word_1_3' title='bbox 1275 310 1368 363; x_wconf 86' lang='lat' dir='ltr'><strong>IX.</strong></span> <span class='ocrx_word' id='word_1_4' title='bbox 1400 309 1469 363; x_wconf 90' lang='lat' dir='ltr'><strong>de</strong></span> <span class='ocrx_word' id='word_1_5' title='bbox 1497 304 1884 365; x_wconf 78' lang='lat' dir='ltr'><strong>sacramentis.</strong></span> <span class='ocrx_word' id='word_1_6' title='bbox 1913 302 2404 360; x_wconf 85' lang='lat' dir='ltr'><strong>Sacramentorum</strong></span> <span class='ocrx_word' id='word_1_7' title='bbox 2434 306 2636 362; x_wconf 84' lang='lat' dir='ltr'><strong>virtus.</strong></span> 
     </span>
    </p>
   </div>
   <div class='ocr_carea' id='block_1_2' title="bbox 537 491 3164 1107">
    <p class='ocr_par' dir='ltr' id='par_1_2' title="bbox 537 491 3164 1107">
     <span class='ocr_line' id='line_1_2' title="bbox 539 491 3164 571; baseline -0.002 -17"><span class='ocrx_word' id='word_1_8' title='bbox 539 514 673 554; x_wconf 86' lang='lat' dir='ltr'><strong>caro</strong></span> <span class='ocrx_word' id='word_1_9' title='bbox 704 512 944 570; x_wconf 89' lang='lat' dir='ltr'><strong>corpore</strong></span> <span class='ocrx_word' id='word_1_10' title='bbox 976 498 1038 553; x_wconf 88' lang='lat' dir='ltr'><strong>et</strong></span> <span class='ocrx_word' id='word_1_11' title='bbox 1068 495 1357 571; x_wconf 85' lang='lat' dir='ltr'><strong>sanguine</strong></span> <span class='ocrx_word' id='word_1_12' title='bbox 1389 493 1608 553; x_wconf 78' lang='lat' dir='ltr'><strong>Christi</strong></span> <span class='ocrx_word' id='word_1_13' title='bbox 1639 492 1923 560; x_wconf 85' lang='lat' dir='ltr'><strong>vescitur,</strong></span> <span class='ocrx_word' id='word_1_14' title='bbox 1970 495 2042 550; x_wconf 89' lang='lat' dir='ltr'><strong>ut</strong></span> <span class='ocrx_word' id='word_1_15' title='bbox 2087 494 2148 549; x_wconf 90' lang='lat' dir='ltr'><strong>et</strong></span> <span class='ocrx_word' id='word_1_16' title='bbox 2192 491 2389 550; x_wconf 89' lang='lat' dir='ltr'><strong>anima</strong></span> <span class='ocrx_word' id='word_1_17' title='bbox 2419 491 2493 551; x_wconf 90' lang='lat' dir='ltr'><strong>de</strong></span> <span class='ocrx_word' id='word_1_18' title='bbox 2524 492 2645 550; x_wconf 91' lang='lat' dir='ltr'><strong>Deo</strong></span> <span class='ocrx_word' id='word_1_19' title='bbox 2677 491 3043 568; x_wconf 80' lang='lat' dir='ltr'><strong>saginetur.‘</strong></span> <span class='ocrx_word' id='word_1_20' title='bbox 3079 524 3164 534; x_wconf 90' lang='lat'>—</span> 
     </span>
     <span class='ocr_line' id='line_1_3' title="bbox 541 580 3161 660; baseline -0.002 -16"><span class='ocrx_word' id='word_1_21' title='bbox 541 584 849 660; x_wconf 78' lang='lat' dir='ltr'><strong>Optatus</strong></span> <span class='ocrx_word' id='word_1_22' title='bbox 883 584 920 641; x_wconf 91' lang='lat' dir='ltr'><strong>l.</strong></span> <span class='ocrx_word' id='word_1_23' title='bbox 952 603 1028 643; x_wconf 87' lang='lat' dir='ltr'><strong>c.:</strong></span> <span class='ocrx_word' id='word_1_24' title='bbox 1064 623 1090 653; x_wconf 84' lang='lat'><strong>,</strong></span> <span class='ocrx_word' id='word_1_25' title='bbox 1106 585 1416 659; x_wconf 89' lang='lat' dir='ltr'><strong>Baptisma</strong></span> <span class='ocrx_word' id='word_1_26' title='bbox 1435 581 1895 642; x_wconf 89' lang='lat' dir='ltr'><strong>christianorum</strong></span> <span class='ocrx_word' id='word_1_27' title='bbox 1915 580 2206 639; x_wconf 85' lang='lat' dir='ltr'><strong>Trinitate</strong></span> <span class='ocrx_word' id='word_1_28' title='bbox 2226 580 2564 639; x_wconf 85' lang='lat' dir='ltr'><strong>confectum</strong></span> <span class='ocrx_word' id='word_1_29' title='bbox 2583 580 2805 639; x_wconf 75' lang='lat' dir='ltr'><strong>confert</strong></span> <span class='ocrx_word' id='word_1_30' title='bbox 2829 581 3088 656; x_wconf 77' lang='lat' dir='ltr'><strong>gratiam</strong></span> <span class='ocrx_word' id='word_1_31' title='bbox 3105 603 3118 649; x_wconf 90' lang='lat'>;</span> <span class='ocrx_word' id='word_1_32' title='bbox 3134 591 3161 620; x_wconf 74' lang='lat'>¹</span> 
     </span>
     <span class='ocr_line' id='line_1_4' title="bbox 538 670 3162 749; baseline -0.001 -17"><span class='ocrx_word' id='word_1_33' title='bbox 538 673 1040 748; x_wconf 80' lang='lat' dir='ltr'><strong>Augustinus</strong></span> <span class='ocrx_word' id='word_1_34' title='bbox 1073 692 1163 749; x_wconf 89' lang='lat' dir='ltr'><strong>ep.</strong></span> <span class='ocrx_word' id='word_1_35' title='bbox 1199 683 1280 736; x_wconf 84' lang='lat'><strong>98</strong></span> <span class='ocrx_word' id='word_1_36' title='bbox 1315 692 1372 731; x_wconf 96' lang='lat' dir='ltr'><strong>n.</strong></span> <span class='ocrx_word' id='word_1_37' title='bbox 1410 682 1479 734; x_wconf 86' lang='lat'><strong>2:</strong></span> <span class='ocrx_word' id='word_1_38' title='bbox 1528 672 1745 746; x_wconf 83' lang='lat' dir='ltr'><strong>,Aqua</strong></span> <span class='ocrx_word' id='word_1_39' title='bbox 1793 670 2074 728; x_wconf 87' lang='lat' dir='ltr'><strong>exhibens</strong></span> <span class='ocrx_word' id='word_1_40' title='bbox 2105 670 2435 729; x_wconf 88' lang='lat' dir='ltr'><strong>forinsecus</strong></span> <span class='ocrx_word' id='word_1_41' title='bbox 2469 673 2906 728; x_wconf 88' lang='lat' dir='ltr'><strong>sacramentum</strong></span> <span class='ocrx_word' id='word_1_42' title='bbox 2937 670 3162 746; x_wconf 78' lang='lat' dir='ltr'><strong>gratiae</strong></span> 
     </span>
     <span class='ocr_line' id='line_1_5' title="bbox 539 759 3161 839; baseline -0.001 -18"><span class='ocrx_word' id='word_1_43' title='bbox 539 765 603 821; x_wconf 88' lang='lat' dir='ltr'><strong>et</strong></span> <span class='ocrx_word' id='word_1_44' title='bbox 647 762 906 839; x_wconf 85' lang='lat' dir='ltr'><strong>Spiritus</strong></span> <span class='ocrx_word' id='word_1_45' title='bbox 953 780 1201 838; x_wconf 89' lang='lat' dir='ltr'><strong>operans</strong></span> <span class='ocrx_word' id='word_1_46' title='bbox 1235 762 1593 820; x_wconf 90' lang='lat' dir='ltr'><strong>intrinsecus</strong></span> <span class='ocrx_word' id='word_1_47' title='bbox 1624 759 1977 819; x_wconf 89' lang='lat' dir='ltr'><strong>beneficium</strong></span> <span class='ocrx_word' id='word_1_48' title='bbox 2009 760 2255 836; x_wconf 86' lang='lat' dir='ltr'><strong>gratiae,</strong></span> <span class='ocrx_word' id='word_1_49' title='bbox 2305 760 2543 818; x_wconf 88' lang='lat' dir='ltr'><strong>solvens</strong></span> <span class='ocrx_word' id='word_1_50' title='bbox 2590 759 2899 818; x_wconf 85' lang='lat' dir='ltr'><strong>vinculum</strong></span> <span class='ocrx_word' id='word_1_51' title='bbox 2937 760 3161 836; x_wconf 87' lang='lat' dir='ltr'><strong>culpae,</strong></span> 
     </span>
     <span class='ocr_line' id='line_1_6' title="bbox 538 847 3160 926; baseline -0.002 -16"><span class='ocrx_word' id='word_1_52' title='bbox 538 852 924 910; x_wconf 87' lang='lat' dir='ltr'><strong>reconcilians</strong></span> <span class='ocrx_word' id='word_1_53' title='bbox 954 852 1173 910; x_wconf 91' lang='lat' dir='ltr'><strong>bonum</strong></span> <span class='ocrx_word' id='word_1_54' title='bbox 1209 855 1475 921; x_wconf 88' lang='lat' dir='ltr'><strong>naturae,</strong></span> <span class='ocrx_word' id='word_1_55' title='bbox 1509 852 1867 926; x_wconf 81' lang='lat' dir='ltr'><strong>regenerant</strong></span> <span class='ocrx_word' id='word_1_56' title='bbox 1897 848 2195 907; x_wconf 88' lang='lat' dir='ltr'><strong>hominem</strong></span> <span class='ocrx_word' id='word_1_57' title='bbox 2227 848 2291 906; x_wconf 91' lang='lat' dir='ltr'><strong>in</strong></span> <span class='ocrx_word' id='word_1_58' title='bbox 2323 867 2443 907; x_wconf 88' lang='lat' dir='ltr'><strong>uno</strong></span> <span class='ocrx_word' id='word_1_59' title='bbox 2464 847 2697 907; x_wconf 82' lang='lat' dir='ltr'><strong>Christo</strong></span> <span class='ocrx_word' id='word_1_60' title='bbox 2729 867 2798 906; x_wconf 86' lang='lat' dir='ltr'><strong>ex</strong></span> <span class='ocrx_word' id='word_1_61' title='bbox 2831 866 2954 907; x_wconf 92' lang='lat' dir='ltr'><strong>uno</strong></span> <span class='ocrx_word' id='word_1_62' title='bbox 2974 848 3160 907; x_wconf 82' lang='lat' dir='ltr'><strong>Adam</strong></span> 
     </span>
     <span class='ocr_line' id='line_1_7' title="bbox 537 937 3163 1017; baseline -0.001 -18"><span class='ocrx_word' id='word_1_63' title='bbox 537 944 948 1017; x_wconf 75' lang='lat' dir='ltr'><strong>generatum.¹</strong></span> <span class='ocrx_word' id='word_1_64' title='bbox 981 973 1069 987; x_wconf 82' lang='lat'>—</span> <span class='ocrx_word' id='word_1_65' title='bbox 1100 940 1449 1017; x_wconf 85' lang='lat' dir='ltr'><strong>Cyrillus</strong></span> <span class='ocrx_word' id='word_1_66' title='bbox 1480 939 1699 997; x_wconf 87' lang='lat' dir='ltr'><strong>hieros.</strong></span> <span class='ocrx_word' id='word_1_67' title='bbox 1731 938 1948 997; x_wconf 85' lang='lat' dir='ltr'><strong>catech.</strong></span> <span class='ocrx_word' id='word_1_68' title='bbox 1981 942 2227 1014; x_wconf 84' lang='lat' dir='ltr'><strong>mystag.</strong></span> <span class='ocrx_word' id='word_1_69' title='bbox 2264 947 2298 1000; x_wconf 89' lang='lat'><strong>3</strong></span> <span class='ocrx_word' id='word_1_70' title='bbox 2336 957 2392 1000; x_wconf 90' lang='lat' dir='ltr'><strong>n.</strong></span> <span class='ocrx_word' id='word_1_71' title='bbox 2429 947 2496 1001; x_wconf 88' lang='lat'><strong>3:</strong></span> <span class='ocrx_word' id='word_1_72' title='bbox 2536 937 2821 1006; x_wconf 82' lang='lat' dir='ltr'><strong>,Visibili</strong></span> <span class='ocrx_word' id='word_1_73' title='bbox 2852 942 3163 1015; x_wconf 87' lang='lat' dir='ltr'><strong>unguento</strong></span> 
     </span>
     <span class='ocr_line' id='line_1_8' title="bbox 537 1026 3164 1107; baseline -0.001 -19"><span class='ocrx_word' id='word_1_74' title='bbox 537 1048 752 1105; x_wconf 81' lang='lat' dir='ltr'><strong>eorpus</strong></span> <span class='ocrx_word' id='word_1_75' title='bbox 784 1030 1026 1105; x_wconf 89' lang='lat' dir='ltr'><strong>quidem</strong></span> <span class='ocrx_word' id='word_1_76' title='bbox 1059 1030 1326 1107; x_wconf 87' lang='lat' dir='ltr'><strong>ungitur,</strong></span> <span class='ocrx_word' id='word_1_77' title='bbox 1373 1032 1574 1087; x_wconf 89' lang='lat' dir='ltr'><strong>sancto</strong></span> <span class='ocrx_word' id='word_1_78' title='bbox 1609 1031 1810 1086; x_wconf 88' lang='lat' dir='ltr'><strong>autem</strong></span> <span class='ocrx_word' id='word_1_79' title='bbox 1853 1032 1915 1086; x_wconf 87' lang='lat' dir='ltr'><strong>et</strong></span> <span class='ocrx_word' id='word_1_80' title='bbox 1945 1026 2177 1085; x_wconf 85' lang='lat' dir='ltr'><strong>vivifico</strong></span> <span class='ocrx_word' id='word_1_81' title='bbox 2209 1027 2438 1102; x_wconf 84' lang='lat' dir='ltr'><strong>Spiritu</strong></span> <span class='ocrx_word' id='word_1_82' title='bbox 2469 1028 2666 1085; x_wconf 85' lang='lat' dir='ltr'><strong>anima</strong></span> <span class='ocrx_word' id='word_1_83' title='bbox 2697 1026 3164 1087; x_wconf 77' lang='lat' dir='ltr'><strong>sanctificatur.¹</strong></span> 
     </span>
    </p>
   </div>
   <div class='ocr_carea' id='block_1_3' title="bbox 716 1144 2940 1231">
    <p class='ocr_par' dir='ltr' id='par_1_3' title="bbox 716 1144 2940 1231">
     <span class='ocr_line' id='line_1_9' title="bbox 716 1144 2940 1231; baseline -0.004 -15"><span class='ocrx_word' id='word_1_84' title='bbox 716 1150 785 1218; x_wconf 85' lang='lat' dir='ltr'><strong>b.</strong></span> <span class='ocrx_word' id='word_1_85' title='bbox 817 1148 1066 1213; x_wconf 86' lang='lat' dir='ltr'><strong>Nexum</strong></span> <span class='ocrx_word' id='word_1_86' title='bbox 1098 1155 1395 1231; x_wconf 88' lang='lat' dir='ltr'><strong>repetunt</strong></span> <span class='ocrx_word' id='word_1_87' title='bbox 1429 1168 1506 1213; x_wconf 86' lang='lat' dir='ltr'><strong>ex</strong></span> <span class='ocrx_word' id='word_1_88' title='bbox 1539 1149 1777 1212; x_wconf 82' lang='lat' dir='ltr'><strong>virtute</strong></span> <span class='ocrx_word' id='word_1_89' title='bbox 1809 1148 2017 1211; x_wconf 86' lang='lat' dir='ltr'><strong>sancti</strong></span> <span class='ocrx_word' id='word_1_90' title='bbox 2050 1144 2339 1228; x_wconf 79' lang='lat' dir='ltr'><strong>SpirituS,</strong></span> <span class='ocrx_word' id='word_1_91' title='bbox 2376 1165 2543 1229; x_wconf 88' lang='lat' dir='ltr'><strong>quae</strong></span> <span class='ocrx_word' id='word_1_92' title='bbox 2577 1146 2726 1210; x_wconf 88' lang='lat' dir='ltr'><strong>ritui</strong></span> <span class='ocrx_word' id='word_1_93' title='bbox 2757 1145 2940 1211; x_wconf 85' lang='lat' dir='ltr'><strong>inest.</strong></span> 
     </span>
    </p>
   </div>
   <div class='ocr_carea' id='block_1_4' title="bbox 527 1275 3168 3671">
    <p class='ocr_par' dir='ltr' id='par_1_4' title="bbox 527 1275 3168 3671">
     <span class='ocr_line' id='line_1_10' title="bbox 713 1275 3164 1352; baseline -0.001 -17"><span class='ocrx_word' id='word_1_94' title='bbox 713 1279 805 1335; x_wconf 88' lang='lat' dir='ltr'><strong>Ita</strong></span> <span class='ocrx_word' id='word_1_95' title='bbox 850 1278 1069 1336; x_wconf 89' lang='lat' dir='ltr'><strong>iterum</strong></span> <span class='ocrx_word' id='word_1_96' title='bbox 1113 1278 1669 1337; x_wconf 79' lang='lat' dir='ltr'><strong>Tertullianus</strong></span> <span class='ocrx_word' id='word_1_97' title='bbox 1721 1277 1794 1336; x_wconf 91' lang='lat' dir='ltr'><strong>de</strong></span> <span class='ocrx_word' id='word_1_98' title='bbox 1833 1277 1996 1352; x_wconf 83' lang='lat' dir='ltr'><strong>bapt.</strong></span> <span class='ocrx_word' id='word_1_99' title='bbox 2048 1294 2095 1335; x_wconf 91' lang='lat' dir='ltr'><strong>c.</strong></span> <span class='ocrx_word' id='word_1_100' title='bbox 2145 1286 2213 1337; x_wconf 85' lang='lat'><strong>4:</strong></span> <span class='ocrx_word' id='word_1_101' title='bbox 2267 1275 2594 1345; x_wconf 84' lang='lat' dir='ltr'><strong>,Invocato</strong></span> <span class='ocrx_word' id='word_1_102' title='bbox 2642 1276 2762 1334; x_wconf 91' lang='lat' dir='ltr'><strong>Deo</strong></span> <span class='ocrx_word' id='word_1_103' title='bbox 2808 1275 3164 1349; x_wconf 85' lang='lat' dir='ltr'><strong>supervenit</strong></span> 
     </span>
     <span class='ocr_line' id='line_1_11' title="bbox 539 1363 3168 1443; baseline -0.001 -18"><span class='ocrx_word' id='word_1_104' title='bbox 539 1367 741 1425; x_wconf 87' lang='lat' dir='ltr'><strong>statim</strong></span> <span class='ocrx_word' id='word_1_105' title='bbox 764 1367 1025 1443; x_wconf 86' lang='lat' dir='ltr'><strong>Spiritus</strong></span> <span class='ocrx_word' id='word_1_106' title='bbox 1057 1367 1129 1426; x_wconf 90' lang='lat' dir='ltr'><strong>de</strong></span> <span class='ocrx_word' id='word_1_107' title='bbox 1161 1367 1340 1426; x_wconf 89' lang='lat' dir='ltr'><strong>coelis</strong></span> <span class='ocrx_word' id='word_1_108' title='bbox 1373 1370 1435 1426; x_wconf 92' lang='lat' dir='ltr'><strong>et</strong></span> <span class='ocrx_word' id='word_1_109' title='bbox 1465 1368 1636 1442; x_wconf 86' lang='lat' dir='ltr'><strong>aquis</strong></span> <span class='ocrx_word' id='word_1_110' title='bbox 1670 1369 1945 1442; x_wconf 86' lang='lat' dir='ltr'><strong>superest</strong></span> <span class='ocrx_word' id='word_1_111' title='bbox 1976 1366 2347 1424; x_wconf 79' lang='lat' dir='ltr'><strong>sanctificans</strong></span> <span class='ocrx_word' id='word_1_112' title='bbox 2379 1384 2477 1424; x_wconf 83' lang='lat' dir='ltr'><strong>eas</strong></span> <span class='ocrx_word' id='word_1_113' title='bbox 2511 1365 2583 1423; x_wconf 90' lang='lat' dir='ltr'><strong>de</strong></span> <span class='ocrx_word' id='word_1_114' title='bbox 2615 1365 2954 1439; x_wconf 75' lang='lat' dir='ltr'><strong>semetipse,</strong></span> <span class='ocrx_word' id='word_1_115' title='bbox 2988 1368 3051 1422; x_wconf 87' lang='lat' dir='ltr'><strong>et</strong></span> <span class='ocrx_word' id='word_1_116' title='bbox 3083 1363 3168 1422; x_wconf 85' lang='lat' dir='ltr'><strong>ita</strong></span> 
     </span>
     <span class='ocr_line' id='line_1_12' title="bbox 538 1453 3165 1529; baseline -0.001 -16"><span class='ocrx_word' id='word_1_117' title='bbox 538 1455 932 1515; x_wconf 87' lang='lat' dir='ltr'><strong>sanctificatae</strong></span> <span class='ocrx_word' id='word_1_118' title='bbox 966 1457 1087 1515; x_wconf 90' lang='lat' dir='ltr'><strong>vim</strong></span> <span class='ocrx_word' id='word_1_119' title='bbox 1119 1456 1526 1515; x_wconf 88' lang='lat' dir='ltr'><strong>sanctificandi</strong></span> <span class='ocrx_word' id='word_1_120' title='bbox 1558 1456 1925 1516; x_wconf 90' lang='lat' dir='ltr'><strong>combibunt.</strong></span> <span class='ocrx_word' id='word_1_121' title='bbox 1944 1464 1971 1493; x_wconf 76' lang='lat'>‘</span> <span class='ocrx_word' id='word_1_122' title='bbox 1993 1490 2081 1499; x_wconf 95' lang='lat'>—</span> <span class='ocrx_word' id='word_1_123' title='bbox 2110 1454 2463 1513; x_wconf 89' lang='lat' dir='ltr'><strong>Basilius</strong></span> <span class='ocrx_word' id='word_1_124' title='bbox 2496 1454 2569 1513; x_wconf 90' lang='lat' dir='ltr'><strong>de</strong></span> <span class='ocrx_word' id='word_1_125' title='bbox 2590 1454 2740 1529; x_wconf 88' lang='lat' dir='ltr'><strong>Spir.</strong></span> <span class='ocrx_word' id='word_1_126' title='bbox 2761 1472 2805 1515; x_wconf 90' lang='lat' dir='ltr'><strong>s.</strong></span> <span class='ocrx_word' id='word_1_127' title='bbox 2826 1473 2883 1513; x_wconf 93' lang='lat' dir='ltr'><strong>n.</strong></span> <span class='ocrx_word' id='word_1_128' title='bbox 2908 1461 3025 1515; x_wconf 85' lang='lat'><strong>35:</strong></span> <span class='ocrx_word' id='word_1_129' title='bbox 3061 1453 3165 1524; x_wconf 80' lang='lat' dir='ltr'><strong>,Si</strong></span> 
     </span>
     <span class='ocr_line' id='line_1_13' title="bbox 536 1542 3164 1622; baseline -0.001 -18"><span class='ocrx_word' id='word_1_130' title='bbox 536 1563 656 1620; x_wconf 85' lang='lat' dir='ltr'><strong>qua</strong></span> <span class='ocrx_word' id='word_1_131' title='bbox 686 1548 779 1603; x_wconf 90' lang='lat' dir='ltr'><strong>est</strong></span> <span class='ocrx_word' id='word_1_132' title='bbox 809 1546 1008 1622; x_wconf 89' lang='lat' dir='ltr'><strong>gratia</strong></span> <span class='ocrx_word' id='word_1_133' title='bbox 1038 1546 1099 1604; x_wconf 89' lang='lat' dir='ltr'><strong>in</strong></span> <span class='ocrx_word' id='word_1_134' title='bbox 1135 1565 1305 1622; x_wconf 90' lang='lat' dir='ltr'><strong>aqua,</strong></span> <span class='ocrx_word' id='word_1_135' title='bbox 1356 1564 1478 1604; x_wconf 93' lang='lat' dir='ltr'><strong>non</strong></span> <span class='ocrx_word' id='word_1_136' title='bbox 1508 1549 1603 1604; x_wconf 89' lang='lat' dir='ltr'><strong>est</strong></span> <span class='ocrx_word' id='word_1_137' title='bbox 1633 1564 1701 1603; x_wconf 87' lang='lat' dir='ltr'><strong>ex</strong></span> <span class='ocrx_word' id='word_1_138' title='bbox 1737 1546 1927 1622; x_wconf 90' lang='lat' dir='ltr'><strong>ipsius</strong></span> <span class='ocrx_word' id='word_1_139' title='bbox 1960 1564 2146 1619; x_wconf 90' lang='lat' dir='ltr'><strong>aquae</strong></span> <span class='ocrx_word' id='word_1_140' title='bbox 2178 1549 2410 1614; x_wconf 87' lang='lat' dir='ltr'><strong>natura,</strong></span> <span class='ocrx_word' id='word_1_141' title='bbox 2459 1543 2563 1602; x_wconf 91' lang='lat' dir='ltr'><strong>sed</strong></span> <span class='ocrx_word' id='word_1_142' title='bbox 2596 1562 2664 1601; x_wconf 86' lang='lat' dir='ltr'><strong>ex</strong></span> <span class='ocrx_word' id='word_1_143' title='bbox 2698 1542 2960 1619; x_wconf 88' lang='lat' dir='ltr'><strong>Spiritus</strong></span> <span class='ocrx_word' id='word_1_144' title='bbox 2995 1561 3164 1618; x_wconf 87' lang='lat' dir='ltr'><strong>prae-</strong></span> 
     </span>
     <span class='ocr_line' id='line_1_14' title="bbox 537 1631 3163 1710; baseline -0.002 -17"><span class='ocrx_word' id='word_1_145' title='bbox 537 1635 801 1693; x_wconf 75' lang='lat' dir='ltr'><strong>sentiaz¹</strong></span> <span class='ocrx_word' id='word_1_146' title='bbox 850 1654 1000 1709; x_wconf 86' lang='lat' dir='ltr'><strong>quae</strong></span> <span class='ocrx_word' id='word_1_147' title='bbox 1046 1636 1268 1710; x_wconf 86' lang='lat' dir='ltr'><strong>repetit</strong></span> <span class='ocrx_word' id='word_1_148' title='bbox 1314 1634 1773 1693; x_wconf 87' lang='lat' dir='ltr'><strong>Ambrosius</strong></span> <span class='ocrx_word' id='word_1_149' title='bbox 1819 1635 1891 1693; x_wconf 89' lang='lat' dir='ltr'><strong>de</strong></span> <span class='ocrx_word' id='word_1_150' title='bbox 1925 1634 2075 1710; x_wconf 90' lang='lat' dir='ltr'><strong>Spir.</strong></span> <span class='ocrx_word' id='word_1_151' title='bbox 2108 1652 2154 1696; x_wconf 88' lang='lat' dir='ltr'><strong>s.</strong></span> <span class='ocrx_word' id='word_1_152' title='bbox 2187 1634 2224 1695; x_wconf 93' lang='lat' dir='ltr'><strong>l.</strong></span> <span class='ocrx_word' id='word_1_153' title='bbox 2266 1645 2291 1697; x_wconf 94' lang='lat'>1</span> <span class='ocrx_word' id='word_1_154' title='bbox 2333 1652 2388 1691; x_wconf 88' lang='lat' dir='ltr'><strong>n.</strong></span> <span class='ocrx_word' id='word_1_155' title='bbox 2429 1642 2542 1704; x_wconf 80' lang='lat'><strong>7⁷3</strong></span> <span class='ocrx_word' id='word_1_156' title='bbox 2589 1632 2694 1706; x_wconf 86' lang='lat' dir='ltr'><strong>qui</strong></span> <span class='ocrx_word' id='word_1_157' title='bbox 2740 1632 2810 1690; x_wconf 91' lang='lat' dir='ltr'><strong>de</strong></span> <span class='ocrx_word' id='word_1_158' title='bbox 2857 1631 3163 1707; x_wconf 84' lang='lat' dir='ltr'><strong>mysteriis</strong></span> 
     </span>
     <span class='ocr_line' id='line_1_15' title="bbox 537 1717 3164 1804; baseline -0.001 -22"><span class='ocrx_word' id='word_1_159' title='bbox 537 1743 581 1784; x_wconf 87' lang='lat' dir='ltr'><strong>c.</strong></span> <span class='ocrx_word' id='word_1_160' title='bbox 619 1732 654 1786; x_wconf 86' lang='lat'><strong>3</strong></span> <span class='ocrx_word' id='word_1_161' title='bbox 688 1742 745 1785; x_wconf 89' lang='lat' dir='ltr'><strong>n.</strong></span> <span class='ocrx_word' id='word_1_162' title='bbox 785 1733 818 1787; x_wconf 88' lang='lat'><em>8</em></span> <span class='ocrx_word' id='word_1_163' title='bbox 856 1723 941 1782; x_wconf 85' lang='lat' dir='ltr'><strong>ita</strong></span> <span class='ocrx_word' id='word_1_164' title='bbox 971 1724 1180 1782; x_wconf 89' lang='lat' dir='ltr'><strong>habet:</strong></span> <span class='ocrx_word' id='word_1_165' title='bbox 1217 1724 1442 1793; x_wconf 84' lang='lat' dir='ltr'><strong>,Crede</strong></span> <span class='ocrx_word' id='word_1_166' title='bbox 1474 1722 1812 1782; x_wconf 87' lang='lat' dir='ltr'><strong>divinitatis</strong></span> <span class='ocrx_word' id='word_1_167' title='bbox 1845 1723 1969 1781; x_wconf 88' lang='lat' dir='ltr'><strong>illic</strong></span> <span class='ocrx_word' id='word_1_168' title='bbox 2003 1719 2091 1803; x_wconf 90' lang='lat' dir='ltr'><strong>(in</strong></span> <span class='ocrx_word' id='word_1_169' title='bbox 2124 1743 2278 1799; x_wconf 92' lang='lat' dir='ltr'><strong>aqua</strong></span> <span class='ocrx_word' id='word_1_170' title='bbox 2307 1717 2616 1804; x_wconf 86' lang='lat' dir='ltr'><strong>baptismi)</strong></span> <span class='ocrx_word' id='word_1_171' title='bbox 2649 1722 2855 1780; x_wconf 90' lang='lat' dir='ltr'><strong>adesse</strong></span> <span class='ocrx_word' id='word_1_172' title='bbox 2885 1739 3164 1796; x_wconf 89' lang='lat' dir='ltr'><strong>praesen·</strong></span> 
     </span>
     <span class='ocr_line' id='line_1_16' title="bbox 535 1810 3165 1889; baseline -0.001 -18"><span class='ocrx_word' id='word_1_173' title='bbox 535 1813 699 1875; x_wconf 75' lang='lat' dir='ltr'><strong>tiam.</strong></span> <span class='ocrx_word' id='word_1_174' title='bbox 747 1812 1169 1888; x_wconf 89' lang='lat' dir='ltr'><strong>Operationem</strong></span> <span class='ocrx_word' id='word_1_175' title='bbox 1201 1814 1410 1887; x_wconf 85' lang='lat' dir='ltr'><strong>credis,</strong></span> <span class='ocrx_word' id='word_1_176' title='bbox 1445 1831 1564 1872; x_wconf 90' lang='lat' dir='ltr'><strong>non</strong></span> <span class='ocrx_word' id='word_1_177' title='bbox 1597 1812 1787 1872; x_wconf 90' lang='lat' dir='ltr'><strong>credis</strong></span> <span class='ocrx_word' id='word_1_178' title='bbox 1813 1812 2253 1889; x_wconf 81' lang='lat' dir='ltr'><strong>praesentiam?</strong></span> <span class='ocrx_word' id='word_1_179' title='bbox 2302 1810 2469 1870; x_wconf 88' lang='lat' dir='ltr'><strong>Unde</strong></span> <span class='ocrx_word' id='word_1_180' title='bbox 2503 1813 2854 1885; x_wconf 87' lang='lat' dir='ltr'><strong>sequeretur</strong></span> <span class='ocrx_word' id='word_1_181' title='bbox 2884 1810 3165 1885; x_wconf 86' lang='lat' dir='ltr'><strong>operatiO,</strong></span> 
     </span>
     <span class='ocr_line' id='line_1_17' title="bbox 535 1898 3161 1978; baseline 0 -18"><span class='ocrx_word' id='word_1_182' title='bbox 535 1902 654 1961; x_wconf 91' lang='lat' dir='ltr'><strong>nisi</strong></span> <span class='ocrx_word' id='word_1_183' title='bbox 686 1902 1060 1977; x_wconf 80' lang='lat' dir='ltr'><strong>praecederet</strong></span> <span class='ocrx_word' id='word_1_184' title='bbox 1089 1907 1228 1961; x_wconf 89' lang='lat' dir='ltr'><strong>ante</strong></span> <span class='ocrx_word' id='word_1_185' title='bbox 1258 1903 1678 1978; x_wconf 76' lang='lat' dir='ltr'><strong>praesentia?¹</strong></span> <span class='ocrx_word' id='word_1_186' title='bbox 1698 1935 1784 1945; x_wconf 89' lang='lat'>—</span> <span class='ocrx_word' id='word_1_187' title='bbox 1805 1902 2006 1978; x_wconf 88' lang='lat' dir='ltr'><strong>Hipp</strong></span> <span class='ocrx_word' id='word_1_188' title='bbox 2023 1902 2091 1960; x_wconf 92' lang='lat' dir='ltr'><strong>ol</strong></span> <span class='ocrx_word' id='word_1_189' title='bbox 2109 1921 2148 1977; x_wconf 84' lang='lat' dir='ltr'><strong>y</strong></span> <span class='ocrx_word' id='word_1_190' title='bbox 2167 1905 2249 1960; x_wconf 90' lang='lat' dir='ltr'><strong>tu</strong></span> <span class='ocrx_word' id='word_1_191' title='bbox 2268 1919 2295 1959; x_wconf 91' lang='lat' dir='ltr'><strong>s</strong></span> <span class='ocrx_word' id='word_1_192' title='bbox 2329 1919 2501 1959; x_wconf 88' lang='lat' dir='ltr'><strong>serm.</strong></span> <span class='ocrx_word' id='word_1_193' title='bbox 2535 1901 2601 1959; x_wconf 92' lang='lat' dir='ltr'><strong>in</strong></span> <span class='ocrx_word' id='word_1_194' title='bbox 2632 1898 3015 1975; x_wconf 88' lang='lat' dir='ltr'><strong>Theophania</strong></span> <span class='ocrx_word' id='word_1_195' title='bbox 3042 1918 3101 1957; x_wconf 89' lang='lat' dir='ltr'><strong>n.</strong></span> <span class='ocrx_word' id='word_1_196' title='bbox 3127 1908 3161 1961; x_wconf 79' lang='lat'>8</span> 
     </span>
     <span class='ocr_line' id='line_1_18' title="bbox 537 1989 3162 2073; baseline -0.002 -23"><span class='ocrx_word' id='word_1_197' title='bbox 537 1989 818 2073; x_wconf 80' lang='lat' dir='ltr'><strong>(Migne</strong></span> <span class='ocrx_word' id='word_1_198' title='bbox 863 1992 1077 2067; x_wconf 89' lang='lat' dir='ltr'><strong>patrol.</strong></span> <span class='ocrx_word' id='word_1_199' title='bbox 1110 2012 1199 2068; x_wconf 90' lang='lat' dir='ltr'><strong>gr.</strong></span> <span class='ocrx_word' id='word_1_200' title='bbox 1240 2002 1335 2059; x_wconf 85' lang='lat'><strong>10.</strong></span> <span class='ocrx_word' id='word_1_201' title='bbox 1375 1989 1561 2070; x_wconf 82' lang='lat'>859):</span> <span class='ocrx_word' id='word_1_202' title='bbox 1612 1992 1811 2059; x_wconf 82' lang='lat' dir='ltr'><strong>,Haec</strong></span> <span class='ocrx_word' id='word_1_203' title='bbox 1855 1995 1948 2050; x_wconf 93' lang='lat' dir='ltr'><strong>est</strong></span> <span class='ocrx_word' id='word_1_204' title='bbox 1993 2010 2147 2066; x_wconf 89' lang='lat' dir='ltr'><strong>aqua</strong></span> <span class='ocrx_word' id='word_1_205' title='bbox 2190 2009 2325 2049; x_wconf 89' lang='lat' dir='ltr'><strong>cum</strong></span> <span class='ocrx_word' id='word_1_206' title='bbox 2359 1990 2592 2065; x_wconf 89' lang='lat' dir='ltr'><strong>Spiritu</strong></span> <span class='ocrx_word' id='word_1_207' title='bbox 2623 2007 2669 2048; x_wconf 92' lang='lat' dir='ltr'><strong>s.</strong></span> <span class='ocrx_word' id='word_1_208' title='bbox 2703 1990 3020 2064; x_wconf 87' lang='lat' dir='ltr'><strong>conjuncta</strong></span> <span class='ocrx_word' id='word_1_209' title='bbox 3054 2035 3066 2047; x_wconf 93' lang='lat'><strong>.</strong></span> <span class='ocrx_word' id='word_1_210' title='bbox 3102 2033 3115 2045; x_wconf 91' lang='lat'><strong>.</strong></span> <span class='ocrx_word' id='word_1_211' title='bbox 3149 2033 3162 2046; x_wconf 95' lang='lat'><strong>.</strong></span> 
     </span>
     <span class='ocr_line' id='line_1_19' title="bbox 536 2077 3164 2158; baseline -0.001 -20"><span class='ocrx_word' id='word_1_212' title='bbox 536 2099 643 2156; x_wconf 87' lang='lat' dir='ltr'><strong>per</strong></span> <span class='ocrx_word' id='word_1_213' title='bbox 673 2100 850 2156; x_wconf 91' lang='lat' dir='ltr'><strong>quam</strong></span> <span class='ocrx_word' id='word_1_214' title='bbox 880 2084 1266 2158; x_wconf 87' lang='lat' dir='ltr'><strong>regeneratus</strong></span> <span class='ocrx_word' id='word_1_215' title='bbox 1307 2081 1480 2139; x_wconf 89' lang='lat' dir='ltr'><strong>homo</strong></span> <span class='ocrx_word' id='word_1_216' title='bbox 1528 2080 1923 2143; x_wconf 59' lang='lat' dir='ltr'><strong>vivificatur.e</strong></span> <span class='ocrx_word' id='word_1_217' title='bbox 1961 2113 2045 2124; x_wconf 93' lang='lat'><strong>—-</strong></span> <span class='ocrx_word' id='word_1_218' title='bbox 2078 2080 2368 2138; x_wconf 88' lang='lat' dir='ltr'><strong>Firmicus</strong></span> <span class='ocrx_word' id='word_1_219' title='bbox 2402 2081 2802 2138; x_wconf 86' lang='lat' dir='ltr'><strong>Maternus</strong></span> <span class='ocrx_word' id='word_1_220' title='bbox 2849 2077 2920 2136; x_wconf 90' lang='lat' dir='ltr'><strong>de</strong></span> <span class='ocrx_word' id='word_1_221' title='bbox 2964 2096 3164 2137; x_wconf 89' lang='lat' dir='ltr'><strong>errore</strong></span> 
     </span>
     <span class='ocr_line' id='line_1_20' title="bbox 534 2164 3166 2252; baseline -0.001 -25"><span class='ocrx_word' id='word_1_222' title='bbox 534 2169 760 2245; x_wconf 86' lang='lat' dir='ltr'><strong>profan.</strong></span> <span class='ocrx_word' id='word_1_223' title='bbox 794 2169 958 2246; x_wconf 86' lang='lat' dir='ltr'><strong>relig.</strong></span> <span class='ocrx_word' id='word_1_224' title='bbox 992 2190 1050 2229; x_wconf 89' lang='lat' dir='ltr'><strong>n.</strong></span> <span class='ocrx_word' id='word_1_225' title='bbox 1089 2179 1158 2232; x_wconf 87' lang='lat'><strong>2:</strong></span> <span class='ocrx_word' id='word_1_226' title='bbox 1207 2170 1358 2238; x_wconf 78' lang='lat' dir='ltr'><strong>„Illa</strong></span> <span class='ocrx_word' id='word_1_227' title='bbox 1391 2164 1619 2252; x_wconf 88' lang='lat' dir='ltr'><strong>(aqua),</strong></span> <span class='ocrx_word' id='word_1_228' title='bbox 1654 2189 1831 2245; x_wconf 90' lang='lat' dir='ltr'><strong>quam</strong></span> <span class='ocrx_word' id='word_1_229' title='bbox 1864 2169 2137 2246; x_wconf 83' lang='lat' dir='ltr'><strong>despicis,</strong></span> <span class='ocrx_word' id='word_1_230' title='bbox 2171 2169 2361 2246; x_wconf 88' lang='lat' dir='ltr'><strong>ignita</strong></span> <span class='ocrx_word' id='word_1_231' title='bbox 2393 2167 2715 2227; x_wconf 86' lang='lat' dir='ltr'><strong>venerandi</strong></span> <span class='ocrx_word' id='word_1_232' title='bbox 2747 2167 3007 2243; x_wconf 90' lang='lat' dir='ltr'><strong>Spiritus</strong></span> <span class='ocrx_word' id='word_1_233' title='bbox 3041 2187 3166 2225; x_wconf 89' lang='lat' dir='ltr'><strong>ma·</strong></span> 
     </span>
     <span class='ocr_line' id='line_1_21' title="bbox 527 2256 3164 2335; baseline -0 -19"><span class='ocrx_word' id='word_1_234' title='bbox 527 2260 748 2331; x_wconf 87' lang='lat' dir='ltr'><strong>jestate</strong></span> <span class='ocrx_word' id='word_1_235' title='bbox 788 2259 1127 2318; x_wconf 87' lang='lat' dir='ltr'><strong>decoratur:</strong></span> <span class='ocrx_word' id='word_1_236' title='bbox 1174 2262 1246 2318; x_wconf 92' lang='lat' dir='ltr'><strong>ut</strong></span> <span class='ocrx_word' id='word_1_237' title='bbox 1290 2279 1358 2318; x_wconf 83' lang='lat' dir='ltr'><strong>ex</strong></span> <span class='ocrx_word' id='word_1_238' title='bbox 1403 2257 1533 2335; x_wconf 90' lang='lat' dir='ltr'><strong>ipsa</strong></span> <span class='ocrx_word' id='word_1_239' title='bbox 1580 2277 1686 2334; x_wconf 88' lang='lat' dir='ltr'><strong>per</strong></span> <span class='ocrx_word' id='word_1_240' title='bbox 1730 2261 1962 2318; x_wconf 86' lang='lat' dir='ltr'><strong>veteres</strong></span> <span class='ocrx_word' id='word_1_241' title='bbox 2011 2258 2406 2316; x_wconf 85' lang='lat' dir='ltr'><strong>conscientiae</strong></span> <span class='ocrx_word' id='word_1_242' title='bbox 2451 2257 2751 2316; x_wconf 83' lang='lat' dir='ltr'><strong>cicatrices</strong></span> <span class='ocrx_word' id='word_1_243' title='bbox 2783 2256 3164 2315; x_wconf 86' lang='lat' dir='ltr'><strong>credentibus</strong></span> 
     </span>
     <span class='ocr_line' id='line_1_22' title="bbox 536 2346 3160 2425; baseline -0.001 -20"><span class='ocrx_word' id='word_1_244' title='bbox 536 2347 880 2406; x_wconf 86' lang='lat' dir='ltr'><strong>hominibus</strong></span> <span class='ocrx_word' id='word_1_245' title='bbox 912 2348 1193 2407; x_wconf 87' lang='lat' dir='ltr'><strong>salutaris</strong></span> <span class='ocrx_word' id='word_1_246' title='bbox 1240 2348 1414 2406; x_wconf 87' lang='lat' dir='ltr'><strong>venia</strong></span> <span class='ocrx_word' id='word_1_247' title='bbox 1456 2348 1803 2425; x_wconf 74' lang='lat' dir='ltr'><strong>irrigetur‘.</strong></span> <span class='ocrx_word' id='word_1_248' title='bbox 1834 2383 1923 2391; x_wconf 91' lang='lat'><strong>—</strong></span> <span class='ocrx_word' id='word_1_249' title='bbox 1953 2347 2325 2423; x_wconf 84' lang='lat' dir='ltr'><strong>Ephraem</strong></span> <span class='ocrx_word' id='word_1_250' title='bbox 2359 2346 2585 2406; x_wconf 86' lang='lat' dir='ltr'><strong>advers.</strong></span> <span class='ocrx_word' id='word_1_251' title='bbox 2619 2350 2800 2406; x_wconf 90' lang='lat' dir='ltr'><strong>scrut.</strong></span> <span class='ocrx_word' id='word_1_252' title='bbox 2834 2363 3008 2404; x_wconf 91' lang='lat' dir='ltr'><strong>serm.</strong></span> <span class='ocrx_word' id='word_1_253' title='bbox 3048 2355 3160 2407; x_wconf 84' lang='lat'><strong>40:</strong></span> 
     </span>
     <span class='ocr_line' id='line_1_23' title="bbox 538 2435 3161 2514; baseline -0 -20"><span class='ocrx_word' id='word_1_254' title='bbox 538 2437 778 2505; x_wconf 83' lang='lat' dir='ltr'><strong>‚Divini</strong></span> <span class='ocrx_word' id='word_1_255' title='bbox 813 2437 1073 2512; x_wconf 88' lang='lat' dir='ltr'><strong>Spiritus</strong></span> <span class='ocrx_word' id='word_1_256' title='bbox 1105 2438 1170 2496; x_wconf 89' lang='lat' dir='ltr'><strong>in</strong></span> <span class='ocrx_word' id='word_1_257' title='bbox 1203 2438 1341 2514; x_wconf 87' lang='lat' dir='ltr'><strong>igne</strong></span> <span class='ocrx_word' id='word_1_258' title='bbox 1373 2437 1626 2513; x_wconf 88' lang='lat' dir='ltr'><strong>figuram</strong></span> <span class='ocrx_word' id='word_1_259' title='bbox 1657 2438 1982 2512; x_wconf 87' lang='lat' dir='ltr'><strong>agnoscit0‚</strong></span> <span class='ocrx_word' id='word_1_260' title='bbox 2016 2437 2412 2513; x_wconf 86' lang='lat' dir='ltr'><strong>permiscetur</strong></span> <span class='ocrx_word' id='word_1_261' title='bbox 2443 2436 2633 2510; x_wconf 87' lang='lat' dir='ltr'><strong>aquis,</strong></span> <span class='ocrx_word' id='word_1_262' title='bbox 2680 2439 2754 2493; x_wconf 89' lang='lat' dir='ltr'><strong>ut</strong></span> <span class='ocrx_word' id='word_1_263' title='bbox 2798 2453 2898 2493; x_wconf 85' lang='lat' dir='ltr'><strong>eas</strong></span> <span class='ocrx_word' id='word_1_264' title='bbox 2944 2435 3016 2492; x_wconf 89' lang='lat' dir='ltr'><strong>ad</strong></span> <span class='ocrx_word' id='word_1_265' title='bbox 3064 2454 3161 2493; x_wconf 84' lang='lat' dir='ltr'><strong>ex-</strong></span> 
     </span>
     <span class='ocr_line' id='line_1_24' title="bbox 535 2523 3164 2602; baseline 0.001 -19"><span class='ocrx_word' id='word_1_266' title='bbox 535 2526 857 2602; x_wconf 88' lang='lat' dir='ltr'><strong>piationem</strong></span> <span class='ocrx_word' id='word_1_267' title='bbox 903 2528 1127 2596; x_wconf 81' lang='lat' dir='ltr'><strong>elevet3</strong></span> <span class='ocrx_word' id='word_1_268' title='bbox 1175 2527 1315 2602; x_wconf 84' lang='lat' dir='ltr'><strong>pani</strong></span> <span class='ocrx_word' id='word_1_269' title='bbox 1366 2544 1426 2584; x_wconf 89' lang='lat' dir='ltr'><strong>se</strong></span> <span class='ocrx_word' id='word_1_270' title='bbox 1475 2524 1758 2596; x_wconf 87' lang='lat' dir='ltr'><strong>infundit,</strong></span> <span class='ocrx_word' id='word_1_271' title='bbox 1812 2529 1883 2584; x_wconf 91' lang='lat' dir='ltr'><strong>ut</strong></span> <span class='ocrx_word' id='word_1_272' title='bbox 1932 2526 1994 2584; x_wconf 89' lang='lat' dir='ltr'><strong>in</strong></span> <span class='ocrx_word' id='word_1_273' title='bbox 2044 2526 2294 2584; x_wconf 88' lang='lat' dir='ltr'><strong>hostiam</strong></span> <span class='ocrx_word' id='word_1_274' title='bbox 2341 2524 2612 2583; x_wconf 68' lang='lat' dir='ltr'><strong>sacrificii</strong></span> <span class='ocrx_word' id='word_1_275' title='bbox 2659 2523 3039 2586; x_wconf 83' lang='lat' dir='ltr'><strong>transferat.‘</strong></span> <span class='ocrx_word' id='word_1_276' title='bbox 3076 2557 3164 2567; x_wconf 90' lang='lat'><strong>-—</strong></span> 
     </span>
     <span class='ocr_line' id='line_1_25' title="bbox 536 2614 3162 2693; baseline -0.001 -19"><span class='ocrx_word' id='word_1_277' title='bbox 536 2615 964 2693; x_wconf 83' lang='lat' dir='ltr'><strong>Gregorius</strong></span> <span class='ocrx_word' id='word_1_278' title='bbox 997 2633 1079 2676; x_wconf 91' lang='lat' dir='ltr'><strong>or.</strong></span> <span class='ocrx_word' id='word_1_279' title='bbox 1107 2626 1187 2677; x_wconf 88' lang='lat'><strong>40</strong></span> <span class='ocrx_word' id='word_1_280' title='bbox 1215 2635 1272 2674; x_wconf 91' lang='lat' dir='ltr'><strong>n.</strong></span> <span class='ocrx_word' id='word_1_281' title='bbox 1298 2625 1368 2680; x_wconf 87' lang='lat'><strong>8:</strong></span> <span class='ocrx_word' id='word_1_282' title='bbox 1404 2614 1939 2691; x_wconf 83' lang='lat' dir='ltr'><strong>,Quandoquidem</strong></span> <span class='ocrx_word' id='word_1_283' title='bbox 1971 2615 2203 2673; x_wconf 89' lang='lat' dir='ltr'><strong>duabus</strong></span> <span class='ocrx_word' id='word_1_284' title='bbox 2237 2614 2510 2691; x_wconf 89' lang='lat' dir='ltr'><strong>partibus</strong></span> <span class='ocrx_word' id='word_1_285' title='bbox 2544 2615 2600 2676; x_wconf 91' lang='lat' dir='ltr'><strong>h.</strong></span> <span class='ocrx_word' id='word_1_286' title='bbox 2632 2632 2680 2672; x_wconf 90' lang='lat' dir='ltr'><strong>e.</strong></span> <span class='ocrx_word' id='word_1_287' title='bbox 2713 2614 2910 2673; x_wconf 91' lang='lat' dir='ltr'><strong>animo</strong></span> <span class='ocrx_word' id='word_1_288' title='bbox 2942 2616 3003 2671; x_wconf 86' lang='lat' dir='ltr'><strong>et</strong></span> <span class='ocrx_word' id='word_1_289' title='bbox 3034 2631 3162 2672; x_wconf 90' lang='lat' dir='ltr'><strong>cor-</strong></span> 
     </span>
     <span class='ocr_line' id='line_1_26' title="bbox 534 2705 3163 2781; baseline -0.001 -17"><span class='ocrx_word' id='word_1_290' title='bbox 534 2723 692 2781; x_wconf 88' lang='lat' dir='ltr'><strong>pore,</strong></span> <span class='ocrx_word' id='word_1_291' title='bbox 725 2708 1084 2776; x_wconf 85' lang='lat' dir='ltr'><strong>constamus,</strong></span> <span class='ocrx_word' id='word_1_292' title='bbox 1136 2724 1390 2780; x_wconf 87' lang='lat' dir='ltr'><strong>quarum</strong></span> <span class='ocrx_word' id='word_1_293' title='bbox 1440 2705 1628 2764; x_wconf 86' lang='lat' dir='ltr'><strong>altera</strong></span> <span class='ocrx_word' id='word_1_294' title='bbox 1675 2706 1739 2762; x_wconf 92' lang='lat' dir='ltr'><strong>in</strong></span> <span class='ocrx_word' id='word_1_295' title='bbox 1790 2710 2095 2781; x_wconf 88' lang='lat' dir='ltr'><strong>aspectum</strong></span> <span class='ocrx_word' id='word_1_296' title='bbox 2145 2706 2318 2776; x_wconf 86' lang='lat' dir='ltr'><strong>cadit,</strong></span> <span class='ocrx_word' id='word_1_297' title='bbox 2366 2706 2552 2763; x_wconf 84' lang='lat' dir='ltr'><strong>altera</strong></span> <span class='ocrx_word' id='word_1_298' title='bbox 2583 2705 2890 2763; x_wconf 89' lang='lat' dir='ltr'><strong>oculorum</strong></span> <span class='ocrx_word' id='word_1_299' title='bbox 2922 2722 3163 2762; x_wconf 90' lang='lat' dir='ltr'><strong>sensum</strong></span> 
     </span>
     <span class='ocr_line' id='line_1_27' title="bbox 532 2793 3160 2872; baseline -0.001 -20"><span class='ocrx_word' id='word_1_300' title='bbox 532 2794 720 2872; x_wconf 86' lang='lat' dir='ltr'><strong>fugit:</strong></span> <span class='ocrx_word' id='word_1_301' title='bbox 770 2794 1002 2852; x_wconf 87' lang='lat' dir='ltr'><strong>duabus</strong></span> <span class='ocrx_word' id='word_1_302' title='bbox 1036 2813 1273 2870; x_wconf 90' lang='lat' dir='ltr'><strong>quoque</strong></span> <span class='ocrx_word' id='word_1_303' title='bbox 1305 2794 1485 2853; x_wconf 89' lang='lat' dir='ltr'><strong>rebus</strong></span> <span class='ocrx_word' id='word_1_304' title='bbox 1519 2798 1752 2852; x_wconf 87' lang='lat' dir='ltr'><strong>constat</strong></span> <span class='ocrx_word' id='word_1_305' title='bbox 1785 2795 2135 2870; x_wconf 78' lang='lat' dir='ltr'><strong>baptismuS,</strong></span> <span class='ocrx_word' id='word_1_306' title='bbox 2186 2813 2339 2870; x_wconf 88' lang='lat' dir='ltr'><strong>aqua</strong></span> <span class='ocrx_word' id='word_1_307' title='bbox 2372 2794 2497 2856; x_wconf 91' lang='lat' dir='ltr'><strong>scil.</strong></span> <span class='ocrx_word' id='word_1_308' title='bbox 2531 2795 2592 2851; x_wconf 89' lang='lat' dir='ltr'><strong>et</strong></span> <span class='ocrx_word' id='word_1_309' title='bbox 2624 2794 2874 2868; x_wconf 88' lang='lat' dir='ltr'><strong>Spiritu,</strong></span> <span class='ocrx_word' id='word_1_310' title='bbox 2923 2793 3025 2851; x_wconf 90' lang='lat' dir='ltr'><strong>illa</strong></span> <span class='ocrx_word' id='word_1_311' title='bbox 3070 2793 3160 2850; x_wconf 83' lang='lat' dir='ltr'><strong>vi·</strong></span> 
     </span>
     <span class='ocr_line' id='line_1_28' title="bbox 535 2882 3161 2958; baseline -0.002 -15"><span class='ocrx_word' id='word_1_312' title='bbox 535 2884 698 2943; x_wconf 90' lang='lat' dir='ltr'><strong>sibili</strong></span> <span class='ocrx_word' id='word_1_313' title='bbox 729 2886 790 2941; x_wconf 90' lang='lat' dir='ltr'><strong>et</strong></span> <span class='ocrx_word' id='word_1_314' title='bbox 821 2902 1101 2958; x_wconf 87' lang='lat' dir='ltr'><strong>corporeo</strong></span> <span class='ocrx_word' id='word_1_315' title='bbox 1134 2882 1310 2940; x_wconf 88' lang='lat' dir='ltr'><strong>modo</strong></span> <span class='ocrx_word' id='word_1_316' title='bbox 1343 2885 1595 2957; x_wconf 88' lang='lat' dir='ltr'><strong>accepta,</strong></span> <span class='ocrx_word' id='word_1_317' title='bbox 1630 2884 1740 2941; x_wconf 93' lang='lat' dir='ltr'><strong>hoc</strong></span> <span class='ocrx_word' id='word_1_318' title='bbox 1771 2903 1910 2943; x_wconf 83' lang='lat' dir='ltr'><strong>vero</strong></span> <span class='ocrx_word' id='word_1_319' title='bbox 1943 2884 2290 2957; x_wconf 91' lang='lat' dir='ltr'><strong>incorporeo</strong></span> <span class='ocrx_word' id='word_1_320' title='bbox 2322 2885 2383 2941; x_wconf 91' lang='lat' dir='ltr'><strong>et</strong></span> <span class='ocrx_word' id='word_1_321' title='bbox 2413 2883 2706 2941; x_wconf 84' lang='lat' dir='ltr'><strong>invisibili</strong></span> <span class='ocrx_word' id='word_1_322' title='bbox 2738 2886 3161 2941; x_wconf 85' lang='lat' dir='ltr'><strong>concurrente:</strong></span> 
     </span>
     <span class='ocr_line' id='line_1_29' title="bbox 534 2971 3164 3048; baseline -0 -18"><span class='ocrx_word' id='word_1_323' title='bbox 534 2974 641 3030; x_wconf 87' lang='lat' dir='ltr'><strong>illa</strong></span> <span class='ocrx_word' id='word_1_324' title='bbox 688 2972 906 3048; x_wconf 83' lang='lat' dir='ltr'><strong>typica,</strong></span> <span class='ocrx_word' id='word_1_325' title='bbox 957 2971 1064 3030; x_wconf 91' lang='lat' dir='ltr'><strong>hoc</strong></span> <span class='ocrx_word' id='word_1_326' title='bbox 1125 2990 1264 3030; x_wconf 87' lang='lat' dir='ltr'><strong>vero</strong></span> <span class='ocrx_word' id='word_1_327' title='bbox 1326 2975 1386 3030; x_wconf 91' lang='lat' dir='ltr'><strong>et</strong></span> <span class='ocrx_word' id='word_1_328' title='bbox 1447 2972 1687 3031; x_wconf 90' lang='lat' dir='ltr'><strong>intimos</strong></span> <span class='ocrx_word' id='word_1_329' title='bbox 1749 2973 1934 3031; x_wconf 91' lang='lat' dir='ltr'><strong>animi</strong></span> <span class='ocrx_word' id='word_1_330' title='bbox 1997 2973 2142 3030; x_wconf 86' lang='lat' dir='ltr'><strong>fines</strong></span> <span class='ocrx_word' id='word_1_331' title='bbox 2206 2976 2520 3048; x_wconf 87' lang='lat' dir='ltr'><strong>purgante.</strong></span> <span class='ocrx_word' id='word_1_332' title='bbox 2588 2971 2701 3040; x_wconf 84' lang='lat' dir='ltr'><strong>Qui</strong></span> <span class='ocrx_word' id='word_1_333' title='bbox 2766 2971 2995 3048; x_wconf 85' lang='lat' dir='ltr'><strong>primae</strong></span> <span class='ocrx_word' id='word_1_334' title='bbox 3055 2990 3164 3030; x_wconf 89' lang='lat' dir='ltr'><strong>na-</strong></span> 
     </span>
     <span class='ocr_line' id='line_1_30' title="bbox 531 3060 3163 3136; baseline -0 -16"><span class='ocrx_word' id='word_1_335' title='bbox 531 3061 759 3120; x_wconf 88' lang='lat' dir='ltr'><strong>tivitati</strong></span> <span class='ocrx_word' id='word_1_336' title='bbox 791 3078 964 3136; x_wconf 90' lang='lat' dir='ltr'><strong>opem</strong></span> <span class='ocrx_word' id='word_1_337' title='bbox 996 3064 1058 3119; x_wconf 90' lang='lat' dir='ltr'><strong>et</strong></span> <span class='ocrx_word' id='word_1_338' title='bbox 1088 3060 1501 3136; x_wconf 84' lang='lat' dir='ltr'><strong>adjumentum</strong></span> <span class='ocrx_word' id='word_1_339' title='bbox 1537 3061 1749 3132; x_wconf 87' lang='lat' dir='ltr'><strong>ferens,</strong></span> <span class='ocrx_word' id='word_1_340' title='bbox 1798 3081 1867 3121; x_wconf 81' lang='lat' dir='ltr'><strong>ex</strong></span> <span class='ocrx_word' id='word_1_341' title='bbox 1912 3061 2218 3120; x_wconf 88' lang='lat' dir='ltr'><strong>veteribus</strong></span> <span class='ocrx_word' id='word_1_342' title='bbox 2250 3079 2453 3129; x_wconf 87' lang='lat' dir='ltr'><strong>novos,</strong></span> <span class='ocrx_word' id='word_1_343' title='bbox 2501 3079 2570 3120; x_wconf 86' lang='lat' dir='ltr'><strong>ex</strong></span> <span class='ocrx_word' id='word_1_344' title='bbox 2615 3061 2893 3120; x_wconf 88' lang='lat' dir='ltr'><strong>humanis</strong></span> <span class='ocrx_word' id='word_1_345' title='bbox 2924 3060 3163 3119; x_wconf 91' lang='lat' dir='ltr'><strong>divinos</strong></span> 
     </span>
     <span class='ocr_line' id='line_1_31' title="bbox 533 3149 3161 3226; baseline 0.001 -16"><span class='ocrx_word' id='word_1_346' title='bbox 533 3150 732 3220; x_wconf 87' lang='lat' dir='ltr'><strong>efficit,</strong></span> <span class='ocrx_word' id='word_1_347' title='bbox 781 3150 1003 3224; x_wconf 89' lang='lat' dir='ltr'><strong>absque</strong></span> <span class='ocrx_word' id='word_1_348' title='bbox 1035 3150 1172 3226; x_wconf 89' lang='lat' dir='ltr'><strong>igne</strong></span> <span class='ocrx_word' id='word_1_349' title='bbox 1203 3168 1311 3207; x_wconf 88' lang='lat' dir='ltr'><strong>nos</strong></span> <span class='ocrx_word' id='word_1_350' title='bbox 1345 3169 1555 3209; x_wconf 89' lang='lat' dir='ltr'><strong>rursus</strong></span> <span class='ocrx_word' id='word_1_351' title='bbox 1587 3151 1806 3209; x_wconf 87' lang='lat' dir='ltr'><strong>conflat</strong></span> <span class='ocrx_word' id='word_1_352' title='bbox 1837 3155 1899 3209; x_wconf 92' lang='lat' dir='ltr'><strong>et</strong></span> <span class='ocrx_word' id='word_1_353' title='bbox 1939 3151 2163 3225; x_wconf 91' lang='lat' dir='ltr'><strong>absque</strong></span> <span class='ocrx_word' id='word_1_354' title='bbox 2195 3149 2590 3210; x_wconf 85' lang='lat' dir='ltr'><strong>confractione</strong></span> <span class='ocrx_word' id='word_1_355' title='bbox 2622 3168 2834 3209; x_wconf 89' lang='lat' dir='ltr'><strong>rursus</strong></span> <span class='ocrx_word' id='word_1_356' title='bbox 2865 3149 3115 3226; x_wconf 84' lang='lat' dir='ltr'><strong>effingit.</strong></span> <span class='ocrx_word' id='word_1_357' title='bbox 3134 3158 3161 3187; x_wconf 82' lang='lat'>‘</span> 
     </span>
     <span class='ocr_line' id='line_1_32' title="bbox 534 3238 3161 3316; baseline -0 -19"><span class='ocrx_word' id='word_1_358' title='bbox 534 3239 721 3308; x_wconf 82' lang='lat' dir='ltr'><strong>Quam</strong></span> <span class='ocrx_word' id='word_1_359' title='bbox 768 3239 842 3296; x_wconf 91' lang='lat' dir='ltr'><strong>ob</strong></span> <span class='ocrx_word' id='word_1_360' title='bbox 889 3257 1013 3297; x_wconf 89' lang='lat' dir='ltr'><strong>rem</strong></span> <span class='ocrx_word' id='word_1_361' title='bbox 1058 3238 1416 3298; x_wconf 87' lang='lat' dir='ltr'><strong>Isidorus</strong></span> <span class='ocrx_word' id='word_1_362' title='bbox 1468 3240 1619 3314; x_wconf 90' lang='lat' dir='ltr'><strong>hisp.</strong></span> <span class='ocrx_word' id='word_1_363' title='bbox 1651 3240 1905 3316; x_wconf 83' lang='lat' dir='ltr'><strong>Etymol.</strong></span> <span class='ocrx_word' id='word_1_364' title='bbox 1937 3240 2034 3310; x_wconf 89' lang='lat' dir='ltr'><strong>VI,</strong></span> <span class='ocrx_word' id='word_1_365' title='bbox 2090 3250 2163 3303; x_wconf 83' lang='lat'><strong>19</strong></span> <span class='ocrx_word' id='word_1_366' title='bbox 2212 3259 2270 3302; x_wconf 91' lang='lat' dir='ltr'><strong>n.</strong></span> <span class='ocrx_word' id='word_1_367' title='bbox 2306 3249 2386 3303; x_wconf 82' lang='lat'><strong>40</strong></span> <span class='ocrx_word' id='word_1_368' title='bbox 2437 3242 2871 3298; x_wconf 87' lang='lat' dir='ltr'><strong>sacramentum</strong></span> <span class='ocrx_word' id='word_1_369' title='bbox 2919 3238 3161 3297; x_wconf 83' lang='lat' dir='ltr'><strong>definit:</strong></span> 
     </span>
     <span class='ocr_line' id='line_1_33' title="bbox 535 3322 3165 3410; baseline 0 -25"><span class='ocrx_word' id='word_1_370' title='bbox 535 3328 738 3397; x_wconf 80' lang='lat' dir='ltr'><strong>,Quae</strong></span> <span class='ocrx_word' id='word_1_371' title='bbox 772 3322 1164 3406; x_wconf 80' lang='lat' dir='ltr'><strong>(sacramenta</strong></span> <span class='ocrx_word' id='word_1_372' title='bbox 1195 3324 1515 3410; x_wconf 87' lang='lat' dir='ltr'><strong>recensita)</strong></span> <span class='ocrx_word' id='word_1_373' title='bbox 1551 3329 1625 3386; x_wconf 95' lang='lat' dir='ltr'><strong>ob</strong></span> <span class='ocrx_word' id='word_1_374' title='bbox 1658 3329 1719 3387; x_wconf 92' lang='lat' dir='ltr'><strong>id</strong></span> <span class='ocrx_word' id='word_1_375' title='bbox 1753 3331 2122 3388; x_wconf 82' lang='lat' dir='ltr'><strong>sacramenta</strong></span> <span class='ocrx_word' id='word_1_376' title='bbox 2153 3328 2455 3397; x_wconf 89' lang='lat' dir='ltr'><strong>dicuntur,</strong></span> <span class='ocrx_word' id='word_1_377' title='bbox 2497 3329 2639 3404; x_wconf 90' lang='lat' dir='ltr'><strong>quia</strong></span> <span class='ocrx_word' id='word_1_378' title='bbox 2670 3329 2781 3386; x_wconf 90' lang='lat' dir='ltr'><strong>sub</strong></span> <span class='ocrx_word' id='word_1_379' title='bbox 2811 3331 3165 3405; x_wconf 87' lang='lat' dir='ltr'><strong>tegumento</strong></span> 
     </span>
     <span class='ocr_line' id='line_1_34' title="bbox 533 3416 3163 3494; baseline -0 -19"><span class='ocrx_word' id='word_1_380' title='bbox 533 3416 926 3494; x_wconf 89' lang='lat' dir='ltr'><strong>corporalium</strong></span> <span class='ocrx_word' id='word_1_381' title='bbox 972 3435 1171 3475; x_wconf 89' lang='lat' dir='ltr'><strong>rerum</strong></span> <span class='ocrx_word' id='word_1_382' title='bbox 1219 3419 1410 3476; x_wconf 89' lang='lat' dir='ltr'><strong>virtus</strong></span> <span class='ocrx_word' id='word_1_383' title='bbox 1457 3418 1660 3476; x_wconf 86' lang='lat' dir='ltr'><strong>divina</strong></span> <span class='ocrx_word' id='word_1_384' title='bbox 1692 3419 1981 3477; x_wconf 89' lang='lat' dir='ltr'><strong>secretius</strong></span> <span class='ocrx_word' id='word_1_385' title='bbox 2015 3418 2272 3476; x_wconf 89' lang='lat' dir='ltr'><strong>salutem</strong></span> <span class='ocrx_word' id='word_1_386' title='bbox 2304 3417 2626 3477; x_wconf 89' lang='lat' dir='ltr'><strong>eorundem</strong></span> <span class='ocrx_word' id='word_1_387' title='bbox 2661 3421 3163 3476; x_wconf 87' lang='lat' dir='ltr'><strong>sacramentorum</strong></span> 
     </span>
     <span class='ocr_line' id='line_1_35' title="bbox 532 3505 3163 3581; baseline -0 -16"><span class='ocrx_word' id='word_1_388' title='bbox 532 3509 830 3581; x_wconf 91' lang='lat' dir='ltr'><strong>operatur,</strong></span> <span class='ocrx_word' id='word_1_389' title='bbox 878 3506 1036 3564; x_wconf 91' lang='lat' dir='ltr'><strong>unde</strong></span> <span class='ocrx_word' id='word_1_390' title='bbox 1068 3526 1103 3564; x_wconf 86' lang='lat' dir='ltr'><strong>a</strong></span> <span class='ocrx_word' id='word_1_391' title='bbox 1134 3507 1378 3566; x_wconf 88' lang='lat' dir='ltr'><strong>secretis</strong></span> <span class='ocrx_word' id='word_1_392' title='bbox 1408 3507 1738 3566; x_wconf 85' lang='lat' dir='ltr'><strong>virtutibus</strong></span> <span class='ocrx_word' id='word_1_393' title='bbox 1772 3508 1867 3565; x_wconf 87' lang='lat' dir='ltr'><strong>vel</strong></span> <span class='ocrx_word' id='word_1_394' title='bbox 1900 3527 1934 3565; x_wconf 94' lang='lat' dir='ltr'><strong>a</strong></span> <span class='ocrx_word' id='word_1_395' title='bbox 1966 3506 2146 3566; x_wconf 87' lang='lat' dir='ltr'><strong>sacris</strong></span> <span class='ocrx_word' id='word_1_396' title='bbox 2181 3508 2546 3565; x_wconf 86' lang='lat' dir='ltr'><strong>sacramenta</strong></span> <span class='ocrx_word' id='word_1_397' title='bbox 2578 3507 2936 3577; x_wconf 77' lang='lat' dir='ltr'><strong>dicuntur3¹</strong></span> <span class='ocrx_word' id='word_1_398' title='bbox 2984 3505 3055 3565; x_wconf 89' lang='lat' dir='ltr'><strong>cf.</strong></span> <span class='ocrx_word' id='word_1_399' title='bbox 3104 3525 3163 3564; x_wconf 86' lang='lat' dir='ltr'><strong>n.</strong></span> 
     </span>
     <span class='ocr_line' id='line_1_36' title="bbox 537 3595 2626 3671; baseline 0 -15"><span class='ocrx_word' id='word_1_400' title='bbox 537 3605 608 3657; x_wconf 85' lang='lat'><strong>41</strong></span> <span class='ocrx_word' id='word_1_401' title='bbox 651 3613 745 3663; x_wconf 66' lang='lat' dir='ltr'><strong>ss„</strong></span> <span class='ocrx_word' id='word_1_402' title='bbox 783 3604 895 3664; x_wconf 79' lang='lat'><strong>493</strong></span> <span class='ocrx_word' id='word_1_403' title='bbox 931 3614 1081 3670; x_wconf 89' lang='lat' dir='ltr'><strong>quae</strong></span> <span class='ocrx_word' id='word_1_404' title='bbox 1114 3597 1333 3671; x_wconf 85' lang='lat' dir='ltr'><strong>repetit</strong></span> <span class='ocrx_word' id='word_1_405' title='bbox 1363 3597 1505 3655; x_wconf 77' lang='lat' dir='ltr'><strong>Rab.</strong></span> <span class='ocrx_word' id='word_1_406' title='bbox 1538 3596 1852 3654; x_wconf 84' lang='lat' dir='ltr'><strong>Maurus</strong></span> <span class='ocrx_word' id='word_1_407' title='bbox 1886 3597 1958 3655; x_wconf 88' lang='lat' dir='ltr'><strong>de</strong></span> <span class='ocrx_word' id='word_1_408' title='bbox 1989 3596 2181 3658; x_wconf 85' lang='lat' dir='ltr'><strong>instit.</strong></span> <span class='ocrx_word' id='word_1_409' title='bbox 2214 3595 2405 3654; x_wconf 85' lang='lat' dir='ltr'><strong>cleric.</strong></span> <span class='ocrx_word' id='word_1_410' title='bbox 2440 3596 2486 3666; x_wconf 85' lang='grc' dir='ltr'><strong>Ι,</strong></span> <span class='ocrx_word' id='word_1_411' title='bbox 2525 3605 2626 3657; x_wconf 83' lang='grc'><strong>24.</strong></span> 
     </span>
    </p>
   </div>
   <div class='ocr_carea' id='block_1_5' title="bbox 710 3713 3163 3804">
    <p class='ocr_par' dir='ltr' id='par_1_5' title="bbox 710 3713 3163 3804">
     <span class='ocr_line' id='line_1_37' title="bbox 710 3713 3163 3804; baseline -0.002 -21"><span class='ocrx_word' id='word_1_412' title='bbox 710 3735 774 3783; x_wconf 89' lang='lat' dir='ltr'><strong>c.</strong></span> <span class='ocrx_word' id='word_1_413' title='bbox 809 3714 877 3778; x_wconf 93' lang='lat' dir='ltr'><strong>Id</strong></span> <span class='ocrx_word' id='word_1_414' title='bbox 896 3714 1428 3793; x_wconf 81' lang='lat' dir='ltr'><strong>similitudinibus,</strong></span> <span class='ocrx_word' id='word_1_415' title='bbox 1447 3716 1829 3797; x_wconf 88' lang='lat' dir='ltr'><strong>praesertim</strong></span> <span class='ocrx_word' id='word_1_416' title='bbox 1851 3733 1997 3779; x_wconf 89' lang='lat' dir='ltr'><strong>cum</strong></span> <span class='ocrx_word' id='word_1_417' title='bbox 2017 3715 2344 3780; x_wconf 87' lang='lat' dir='ltr'><strong>disserunt</strong></span> <span class='ocrx_word' id='word_1_418' title='bbox 2363 3713 2806 3804; x_wconf 67' lang='lat' dir='ltr'><strong>debaptismO,</strong></span> <span class='ocrx_word' id='word_1_419' title='bbox 2822 3714 3163 3778; x_wconf 87' lang='lat' dir='ltr'><strong>illustrant.</strong></span> 
     </span>
    </p>
   </div>
   <div class='ocr_carea' id='block_1_6' title="bbox 531 3844 3166 4633">
    <p class='ocr_par' dir='ltr' id='par_1_6' title="bbox 531 3844 3166 4633">
     <span class='ocr_line' id='line_1_38' title="bbox 713 3844 3164 3922; baseline 0 -19"><span class='ocrx_word' id='word_1_420' title='bbox 713 3845 1280 3914; x_wconf 66' lang='lat' dir='ltr'><strong>,Quemadmodum</strong></span> <span class='ocrx_word' id='word_1_421' title='bbox 1314 3846 1512 3922; x_wconf 88' lang='lat' dir='ltr'><strong>inquit</strong></span> <span class='ocrx_word' id='word_1_422' title='bbox 1547 3845 1899 3921; x_wconf 80' lang='lat' dir='ltr'><strong>Cyrillus</strong></span> <span class='ocrx_word' id='word_1_423' title='bbox 1933 3847 2078 3903; x_wconf 85' lang='lat' dir='ltr'><strong>alex.</strong></span> <span class='ocrx_word' id='word_1_424' title='bbox 2113 3845 2150 3902; x_wconf 92' lang='lat' dir='ltr'><strong>l.</strong></span> <span class='ocrx_word' id='word_1_425' title='bbox 2177 3854 2209 3907; x_wconf 91' lang='lat'>2</span> <span class='ocrx_word' id='word_1_426' title='bbox 2247 3846 2310 3903; x_wconf 91' lang='lat' dir='ltr'><strong>in</strong></span> <span class='ocrx_word' id='word_1_427' title='bbox 2331 3845 2424 3904; x_wconf 91' lang='lat' dir='ltr'><strong>Jo.</strong></span> <span class='ocrx_word' id='word_1_428' title='bbox 2448 3855 2505 3915; x_wconf 84' lang='lat'><strong>3,</strong></span> <span class='ocrx_word' id='word_1_429' title='bbox 2545 3855 2597 3916; x_wconf 93' lang='grc'><strong>5,</strong></span> <span class='ocrx_word' id='word_1_430' title='bbox 2634 3844 2834 3903; x_wconf 85' lang='lat' dir='ltr'><strong>infusa</strong></span> <span class='ocrx_word' id='word_1_431' title='bbox 2863 3844 3164 3904; x_wconf 89' lang='lat' dir='ltr'><strong>lebetibus</strong></span> 
     </span>
     <span class='ocr_line' id='line_1_39' title="bbox 532 3933 3164 4010; baseline 0.001 -18"><span class='ocrx_word' id='word_1_432' title='bbox 532 3953 699 4010; x_wconf 88' lang='lat' dir='ltr'><strong>aqua,</strong></span> <span class='ocrx_word' id='word_1_433' title='bbox 734 3933 785 3992; x_wconf 89' lang='lat' dir='ltr'><strong>si</strong></span> <span class='ocrx_word' id='word_1_434' title='bbox 818 3934 1203 3993; x_wconf 86' lang='lat' dir='ltr'><strong>admoveatur</strong></span> <span class='ocrx_word' id='word_1_435' title='bbox 1232 3935 1358 4010; x_wconf 91' lang='lat' dir='ltr'><strong>igni</strong></span> <span class='ocrx_word' id='word_1_436' title='bbox 1391 3935 1749 4005; x_wconf 85' lang='lat' dir='ltr'><strong>vehementi,</strong></span> <span class='ocrx_word' id='word_1_437' title='bbox 1788 3935 1908 3992; x_wconf 91' lang='lat' dir='ltr'><strong>vim</strong></span> <span class='ocrx_word' id='word_1_438' title='bbox 1938 3936 2071 4008; x_wconf 89' lang='lat' dir='ltr'><strong>ejus</strong></span> <span class='ocrx_word' id='word_1_439' title='bbox 2103 3935 2345 4010; x_wconf 91' lang='lat' dir='ltr'><strong>accipit:</strong></span> <span class='ocrx_word' id='word_1_440' title='bbox 2395 3933 2481 3993; x_wconf 90' lang='lat' dir='ltr'><strong>sic</strong></span> <span class='ocrx_word' id='word_1_441' title='bbox 2527 3934 2787 4009; x_wconf 89' lang='lat' dir='ltr'><strong>Spiritus</strong></span> <span class='ocrx_word' id='word_1_442' title='bbox 2821 3934 3164 4009; x_wconf 90' lang='lat' dir='ltr'><strong>operatione</strong></span> 
     </span>
     <span class='ocr_line' id='line_1_40' title="bbox 532 4023 3164 4100; baseline -0.001 -18"><span class='ocrx_word' id='word_1_443' title='bbox 532 4042 687 4097; x_wconf 91' lang='lat' dir='ltr'><strong>aqua</strong></span> <span class='ocrx_word' id='word_1_444' title='bbox 719 4023 1022 4082; x_wconf 88' lang='lat' dir='ltr'><strong>sensibilis</strong></span> <span class='ocrx_word' id='word_1_445' title='bbox 1055 4025 1126 4081; x_wconf 92' lang='lat' dir='ltr'><strong>ad</strong></span> <span class='ocrx_word' id='word_1_446' title='bbox 1162 4023 1424 4082; x_wconf 87' lang='lat' dir='ltr'><strong>divinam</strong></span> <span class='ocrx_word' id='word_1_447' title='bbox 1458 4024 1756 4100; x_wconf 86' lang='lat' dir='ltr'><strong>quandam</strong></span> <span class='ocrx_word' id='word_1_448' title='bbox 1793 4026 1855 4081; x_wconf 88' lang='lat' dir='ltr'><strong>et</strong></span> <span class='ocrx_word' id='word_1_449' title='bbox 1893 4023 2255 4082; x_wconf 85' lang='lat' dir='ltr'><strong>ineffabilem</strong></span> <span class='ocrx_word' id='word_1_450' title='bbox 2287 4023 2407 4082; x_wconf 88' lang='lat' dir='ltr'><strong>vim</strong></span> <span class='ocrx_word' id='word_1_451' title='bbox 2440 4023 2896 4082; x_wconf 82' lang='lat' dir='ltr'><strong>transformatur</strong></span> <span class='ocrx_word' id='word_1_452' title='bbox 2927 4041 3164 4082; x_wconf 87' lang='lat' dir='ltr'><strong>omnes—</strong></span> 
     </span>
     <span class='ocr_line' id='line_1_41' title="bbox 531 4111 3164 4188; baseline 0 -18"><span class='ocrx_word' id='word_1_453' title='bbox 531 4130 648 4188; x_wconf 91' lang='lat' dir='ltr'><strong>que</strong></span> <span class='ocrx_word' id='word_1_454' title='bbox 682 4112 937 4180; x_wconf 88' lang='lat' dir='ltr'><strong>demum,</strong></span> <span class='ocrx_word' id='word_1_455' title='bbox 987 4113 1049 4171; x_wconf 91' lang='lat' dir='ltr'><strong>in</strong></span> <span class='ocrx_word' id='word_1_456' title='bbox 1093 4113 1314 4188; x_wconf 90' lang='lat' dir='ltr'><strong>quibus</strong></span> <span class='ocrx_word' id='word_1_457' title='bbox 1365 4113 1564 4182; x_wconf 83' lang='lat' dir='ltr'><strong>fuerit,</strong></span> <span class='ocrx_word' id='word_1_458' title='bbox 1615 4112 2004 4173; x_wconf 77' lang='lat' dir='ltr'><strong>sanctificat.‘</strong></span> <span class='ocrx_word' id='word_1_459' title='bbox 2073 4112 2370 4171; x_wconf 87' lang='lat' dir='ltr'><strong>Plurimas</strong></span> <span class='ocrx_word' id='word_1_460' title='bbox 2406 4113 2700 4188; x_wconf 72' lang='lat' dir='ltr'><strong>ejusmodi</strong></span> <span class='ocrx_word' id='word_1_461' title='bbox 2731 4111 3164 4171; x_wconf 90' lang='lat' dir='ltr'><strong>similitudines</strong></span> 
     </span>
     <span class='ocr_line' id='line_1_42' title="bbox 532 4201 3163 4279; baseline 0 -20"><span class='ocrx_word' id='word_1_462' title='bbox 532 4201 792 4276; x_wconf 89' lang='lat' dir='ltr'><strong>reperies</strong></span> <span class='ocrx_word' id='word_1_463' title='bbox 839 4201 902 4260; x_wconf 91' lang='lat' dir='ltr'><strong>in</strong></span> <span class='ocrx_word' id='word_1_464' title='bbox 949 4201 985 4259; x_wconf 94' lang='lat' dir='ltr'><strong>l.</strong></span> <span class='ocrx_word' id='word_1_465' title='bbox 1020 4202 1418 4261; x_wconf 88' lang='lat' dir='ltr'><strong>Ambrosii</strong></span> <span class='ocrx_word' id='word_1_466' title='bbox 1450 4203 1521 4260; x_wconf 92' lang='lat' dir='ltr'><strong>de</strong></span> <span class='ocrx_word' id='word_1_467' title='bbox 1553 4201 1876 4278; x_wconf 79' lang='lat' dir='ltr'><strong>mysteriis,</strong></span> <span class='ocrx_word' id='word_1_468' title='bbox 1926 4201 2414 4260; x_wconf 86' lang='lat' dir='ltr'><strong>Tertulliani</strong></span> <span class='ocrx_word' id='word_1_469' title='bbox 2460 4201 2531 4259; x_wconf 91' lang='lat' dir='ltr'><strong>de</strong></span> <span class='ocrx_word' id='word_1_470' title='bbox 2577 4202 2741 4279; x_wconf 82' lang='lat' dir='ltr'><strong>bapt.</strong></span> <span class='ocrx_word' id='word_1_471' title='bbox 2786 4203 2850 4259; x_wconf 88' lang='lat' dir='ltr'><strong>et</strong></span> <span class='ocrx_word' id='word_1_472' title='bbox 2894 4201 2960 4260; x_wconf 90' lang='lat' dir='ltr'><strong>in</strong></span> <span class='ocrx_word' id='word_1_473' title='bbox 3002 4205 3163 4260; x_wconf 90' lang='lat' dir='ltr'><strong>cate·</strong></span> 
     </span>
     <span class='ocr_line' id='line_1_43' title="bbox 532 4290 3166 4367; baseline 0 -19"><span class='ocrx_word' id='word_1_474' title='bbox 532 4290 810 4349; x_wconf 91' lang='lat' dir='ltr'><strong>chesibus</strong></span> <span class='ocrx_word' id='word_1_475' title='bbox 844 4294 1094 4367; x_wconf 79' lang='lat' dir='ltr'><strong>mystag.</strong></span> <span class='ocrx_word' id='word_1_476' title='bbox 1127 4291 1417 4367; x_wconf 80' lang='lat' dir='ltr'><strong>Gyrilli</strong></span> <span class='ocrx_word' id='word_1_477' title='bbox 1463 4291 1691 4360; x_wconf 63' lang='lat' dir='ltr'><strong>hieros„</strong></span> <span class='ocrx_word' id='word_1_478' title='bbox 1740 4310 1892 4366; x_wconf 90' lang='lat' dir='ltr'><strong>quae</strong></span> <span class='ocrx_word' id='word_1_479' title='bbox 1942 4291 2120 4349; x_wconf 88' lang='lat' dir='ltr'><strong>habes</strong></span> <span class='ocrx_word' id='word_1_480' title='bbox 2155 4309 2355 4367; x_wconf 91' lang='lat' dir='ltr'><strong>opusc.</strong></span> <span class='ocrx_word' id='word_1_481' title='bbox 2386 4294 2430 4349; x_wconf 90' lang='lat' dir='ltr'><strong>t.</strong></span> <span class='ocrx_word' id='word_1_482' title='bbox 2463 4291 2590 4360; x_wconf 90' lang='lat' dir='ltr'><strong>VII,</strong></span> <span class='ocrx_word' id='word_1_483' title='bbox 2639 4294 2700 4349; x_wconf 87' lang='lat' dir='ltr'><strong>et</strong></span> <span class='ocrx_word' id='word_1_484' title='bbox 2743 4290 2807 4348; x_wconf 90' lang='lat' dir='ltr'><strong>in</strong></span> <span class='ocrx_word' id='word_1_485' title='bbox 2855 4293 3054 4349; x_wconf 90' lang='lat' dir='ltr'><strong>annot.</strong></span> <span class='ocrx_word' id='word_1_486' title='bbox 3087 4291 3166 4349; x_wconf 88' lang='lat' dir='ltr'><strong>ad</strong></span> 
     </span>
     <span class='ocr_line' id='line_1_44' title="bbox 534 4379 3164 4456; baseline -0 -18"><span class='ocrx_word' id='word_1_487' title='bbox 534 4379 902 4455; x_wconf 88' lang='lat' dir='ltr'><strong>Optatum</strong></span> <span class='ocrx_word' id='word_1_488' title='bbox 931 4380 1127 4439; x_wconf 88' lang='lat' dir='ltr'><strong>milev.</strong></span> <span class='ocrx_word' id='word_1_489' title='bbox 1164 4380 1239 4451; x_wconf 90' lang='lat'><strong>11,</strong></span> <span class='ocrx_word' id='word_1_490' title='bbox 1281 4392 1376 4443; x_wconf 89' lang='lat'><strong>10.</strong></span> <span class='ocrx_word' id='word_1_491' title='bbox 1409 4398 1608 4456; x_wconf 90' lang='lat' dir='ltr'><strong>opusc.</strong></span> <span class='ocrx_word' id='word_1_492' title='bbox 1643 4384 1684 4442; x_wconf 81' lang='lat' dir='ltr'><strong>t.</strong></span> <span class='ocrx_word' id='word_1_493' title='bbox 1719 4380 1786 4438; x_wconf 87' lang='lat' dir='ltr'><strong>X.</strong></span> <span class='ocrx_word' id='word_1_494' title='bbox 1854 4380 2006 4438; x_wconf 86' lang='lat' dir='ltr'><strong>Hinc</strong></span> <span class='ocrx_word' id='word_1_495' title='bbox 2052 4381 2515 4439; x_wconf 86' lang='lat' dir='ltr'><strong>Ambrosius</strong></span> <span class='ocrx_word' id='word_1_496' title='bbox 2563 4380 2636 4438; x_wconf 89' lang='lat' dir='ltr'><strong>de</strong></span> <span class='ocrx_word' id='word_1_497' title='bbox 2680 4380 2812 4438; x_wconf 84' lang='lat' dir='ltr'><strong>Elia</strong></span> <span class='ocrx_word' id='word_1_498' title='bbox 2842 4382 2904 4437; x_wconf 92' lang='lat' dir='ltr'><strong>et</strong></span> <span class='ocrx_word' id='word_1_499' title='bbox 2934 4380 3164 4455; x_wconf 87' lang='lat' dir='ltr'><strong>jejunio</strong></span> 
     </span>
     <span class='ocr_line' id='line_1_45' title="bbox 532 4468 3166 4546; baseline 0 -20"><span class='ocrx_word' id='word_1_500' title='bbox 532 4487 580 4526; x_wconf 90' lang='lat' dir='ltr'><strong>c.</strong></span> <span class='ocrx_word' id='word_1_501' title='bbox 621 4477 700 4530; x_wconf 89' lang='lat'><strong>22</strong></span> <span class='ocrx_word' id='word_1_502' title='bbox 735 4488 791 4532; x_wconf 92' lang='lat' dir='ltr'><strong>n.</strong></span> <span class='ocrx_word' id='word_1_503' title='bbox 828 4477 939 4531; x_wconf 66' lang='lat'><strong>53:</strong></span> <span class='ocrx_word' id='word_1_504' title='bbox 991 4470 1376 4546; x_wconf 84' lang='lat' dir='ltr'><strong>,Baptismus</strong></span> <span class='ocrx_word' id='word_1_505' title='bbox 1411 4469 1580 4527; x_wconf 86' lang='lat' dir='ltr'><strong>velut</strong></span> <span class='ocrx_word' id='word_1_506' title='bbox 1611 4469 1775 4545; x_wconf 88' lang='lat' dir='ltr'><strong>ignis</strong></span> <span class='ocrx_word' id='word_1_507' title='bbox 1808 4470 2053 4544; x_wconf 85' lang='lat' dir='ltr'><strong>quidam</strong></span> <span class='ocrx_word' id='word_1_508' title='bbox 2086 4474 2326 4545; x_wconf 80' lang='lat' dir='ltr'><strong>peccata</strong></span> <span class='ocrx_word' id='word_1_509' title='bbox 2356 4469 2673 4540; x_wconf 89' lang='lat' dir='ltr'><strong>consumit,</strong></span> <span class='ocrx_word' id='word_1_510' title='bbox 2721 4468 2863 4544; x_wconf 89' lang='lat' dir='ltr'><strong>quia</strong></span> <span class='ocrx_word' id='word_1_511' title='bbox 2894 4469 3166 4528; x_wconf 89' lang='lat' dir='ltr'><strong>Christus</strong></span> 
     </span>
     <span class='ocr_line' id='line_1_46' title="bbox 532 4557 2381 4633; baseline 0.001 -19"><span class='ocrx_word' id='word_1_512' title='bbox 532 4558 593 4615; x_wconf 90' lang='lat' dir='ltr'><strong>in</strong></span> <span class='ocrx_word' id='word_1_513' title='bbox 626 4557 764 4633; x_wconf 72' lang='lat' dir='ltr'><strong>igne</strong></span> <span class='ocrx_word' id='word_1_514' title='bbox 797 4559 859 4614; x_wconf 89' lang='lat' dir='ltr'><strong>et</strong></span> <span class='ocrx_word' id='word_1_515' title='bbox 889 4557 1119 4632; x_wconf 86' lang='lat' dir='ltr'><strong>Spiritu</strong></span> <span class='ocrx_word' id='word_1_516' title='bbox 1149 4558 1472 4633; x_wconf 81' lang='lat' dir='ltr'><strong>baptizat.‘</strong></span> <span class='ocrx_word' id='word_1_517' title='bbox 1542 4558 1623 4619; x_wconf 88' lang='lat' dir='ltr'><strong>Cf.</strong></span> <span class='ocrx_word' id='word_1_518' title='bbox 1654 4558 2081 4616; x_wconf 89' lang='lat' dir='ltr'><strong>Franzelin</strong></span> <span class='ocrx_word' id='word_1_519' title='bbox 2115 4558 2197 4615; x_wconf 91' lang='lat' dir='ltr'><strong>th.</strong></span> <span class='ocrx_word' id='word_1_520' title='bbox 2234 4569 2268 4622; x_wconf 85' lang='lat'>6</span> <span class='ocrx_word' id='word_1_521' title='bbox 2305 4576 2381 4621; x_wconf 80' lang='lat' dir='ltr'><strong>ss,</strong></span> 
     </span>
    </p>
   </div>
   <div class='ocr_carea' id='block_1_7' title="bbox 531 4675 3166 4866">
    <p class='ocr_par' dir='ltr' id='par_1_7' title="bbox 531 4675 3166 4866">
     <span class='ocr_line' id='line_1_47' title="bbox 709 4675 3166 4758; baseline -0.001 -14"><span class='ocrx_word' id='word_1_522' title='bbox 709 4678 773 4744; x_wconf 83' lang='lat'><strong>5.</strong></span> <span class='ocrx_word' id='word_1_523' title='bbox 794 4675 1079 4758; x_wconf 89' lang='lat' dir='ltr'><strong>Denique</strong></span> <span class='ocrx_word' id='word_1_524' title='bbox 1100 4677 1337 4756; x_wconf 84' lang='lat' dir='ltr'><strong>dogma</strong></span> <span class='ocrx_word' id='word_1_525' title='bbox 1355 4677 1743 4741; x_wconf 88' lang='lat' dir='ltr'><strong>catholicum</strong></span> <span class='ocrx_word' id='word_1_526' title='bbox 1763 4677 2078 4758; x_wconf 82' lang='lat' dir='ltr'><strong>probatur</strong></span> <span class='ocrx_word' id='word_1_527' title='bbox 2097 4696 2132 4740; x_wconf 87' lang='lat' dir='ltr'><strong>c</strong></span> <span class='ocrx_word' id='word_1_528' title='bbox 2149 4695 2188 4741; x_wconf 95' lang='lat' dir='ltr'><strong>o</strong></span> <span class='ocrx_word' id='word_1_529' title='bbox 2205 4698 2248 4740; x_wconf 93' lang='lat' dir='ltr'><strong>n</strong></span> <span class='ocrx_word' id='word_1_530' title='bbox 2266 4697 2297 4741; x_wconf 90' lang='lat' dir='ltr'><strong>s</strong></span> <span class='ocrx_word' id='word_1_531' title='bbox 2315 4696 2351 4743; x_wconf 94' lang='lat' dir='ltr'><strong>e</strong></span> <span class='ocrx_word' id='word_1_532' title='bbox 2366 4697 2409 4741; x_wconf 92' lang='lat' dir='ltr'><strong>n</strong></span> <span class='ocrx_word' id='word_1_533' title='bbox 2426 4697 2457 4741; x_wconf 90' lang='lat' dir='ltr'><strong>s</strong></span> <span class='ocrx_word' id='word_1_534' title='bbox 2473 4697 2517 4741; x_wconf 91' lang='lat' dir='ltr'><strong>u</strong></span> <span class='ocrx_word' id='word_1_535' title='bbox 2547 4677 2876 4742; x_wconf 86' lang='lat' dir='ltr'><strong>Ecclesiae</strong></span> <span class='ocrx_word' id='word_1_536' title='bbox 2892 4694 3166 4758; x_wconf 85' lang='lat' dir='ltr'><strong>graecae</strong></span> 
     </span>
     <span class='ocr_line' id='line_1_48' title="bbox 531 4783 3160 4866; baseline 0.001 -20"><span class='ocrx_word' id='word_1_537' title='bbox 531 4784 994 4859; x_wconf 82' lang='lat' dir='ltr'><strong>schismaticae,</strong></span> <span class='ocrx_word' id='word_1_538' title='bbox 1047 4801 1215 4865; x_wconf 88' lang='lat' dir='ltr'><strong>quae</strong></span> <span class='ocrx_word' id='word_1_539' title='bbox 1261 4783 1384 4847; x_wconf 84' lang='lat' dir='ltr'><strong>etsi</strong></span> <span class='ocrx_word' id='word_1_540' title='bbox 1415 4785 1675 4865; x_wconf 88' lang='lat' dir='ltr'><strong>saepius</strong></span> <span class='ocrx_word' id='word_1_541' title='bbox 1708 4790 1959 4848; x_wconf 82' lang='lat' dir='ltr'><strong>tentata</strong></span> <span class='ocrx_word' id='word_1_542' title='bbox 1990 4802 2324 4866; x_wconf 87' lang='lat' dir='ltr'><strong>nunquam</strong></span> <span class='ocrx_word' id='word_1_543' title='bbox 2355 4785 2564 4865; x_wconf 84' lang='lat' dir='ltr'><strong>potuit</strong></span> <span class='ocrx_word' id='word_1_544' title='bbox 2608 4784 2858 4861; x_wconf 88' lang='lat' dir='ltr'><strong>adduci,</strong></span> <span class='ocrx_word' id='word_1_545' title='bbox 2905 4790 2976 4848; x_wconf 82' lang='lat' dir='ltr'><strong>ut</strong></span> <span class='ocrx_word' id='word_1_546' title='bbox 3004 4802 3160 4866; x_wconf 89' lang='lat' dir='ltr'><strong>pro-</strong></span> 
     </span>
    </p>
   </div>
  </div>
 </body>
</html>
