3538 5364
614 307 742 371 495
1039 298 1224 352 Tract.
1255 299 1346 351 IX.
1375 298 1444 351 de
1472 297 1847 368 poenitentia.
1882 296 1957 351 De
1986 298 2227 352 materia
2255 297 2429 351 huius
2457 298 2818 353 sacrdmenti.

615 498 743 561 qua
776 481 1084 544 naturalis
1121 480 1218 546 vel
1251 486 1389 544 arte
1424 480 1682 545 effecta:
1736 480 2128 544 sacramenti
2160 497 2313 544 vero
2347 479 2782 560 poenitentiae
2815 483 3000 563 quasi
3031 490 3243 546 mate-

614 587 710 649 ria
741 595 889 650 sunt
919 595 1102 652 actus
1134 589 1541 669 poenitenti5‚
1573 606 1805 668 nempe
1838 585 2160 652 confessio
2195 594 2312 651 etc,
2349 637 2359 649 .
2396 637 2408 649 .
2444 637 2455 648 .
2520 586 2741 668 Neque
2774 606 2927 651 vero
2959 588 3025 651 hi
3059 594 3243 651 actus

614 694 797 775 quasi
829 695 1102 758 materia
1147 713 1186 757 a
1233 696 1481 776 synodo
1529 695 1950 776 appellantur,
2004 695 2156 776 quia
2186 712 2380 758 verae
2413 694 2724 757 materiae
2758 694 3079 758 rationem
3111 712 3246 758 non

613 800 927 865 habeant:
979 802 1093 865 sed
1127 802 1276 883 quia
1308 803 1444 883 ejus
1477 802 1726 883 generis
1760 802 2032 866 materia
2065 820 2197 866 non
2228 801 2373 877 sint,
2426 820 2592 883 quae
2625 802 3021 867 extrinsecus
3056 802 3244 865 adhi-

613 906 858 984 beatur,
893 914 964 971 ut
995 926 1165 989 aqua
1197 909 1261 971 in
1309 908 1631 990 baptismo
1680 917 1744 972 et
1790 909 2070 972 chrisma
2101 909 2166 972 in
2199 907 2740 972 confirmatione.‘
2811 906 3065 987 Negant
3096 925 3244 972 sco-

613 1014 800 1079 tistae
832 1022 1183 1095 praeeunte
1215 1012 1366 1078 Sco
1386 1021 1464 1078 to
1499 1015 1562 1078 in
1595 1021 1653 1081 4.
1688 1015 1830 1078 dist.
1856 1021 1936 1083 16
1960 1033 2018 1095 q.
2042 1020 2098 1089 1,
2133 1013 2490 1078 secundum
2520 1032 2681 1096 quos
2715 1012 3058 1091 absoluti0‚
3082 1033 3245 1096 qua-

615 1129 799 1186 tenus
831 1121 989 1184 ritus
1023 1129 1120 1186 est
1151 1122 1487 1198 sensibiliS‚
1518 1122 1843 1186 rationem
1862 1121 2059 1184 habet
2081 1119 2425 1184 materiae:
2460 1119 2705 1185 formae
2725 1138 2880 1184 vero
2900 1121 3245 1196 rationem,

613 1234 930 1311 quatenus
980 1227 1295 1308 significat
1342 1227 1732 1291 sacramenti
1786 1227 2099 1290 effectum.
2165 1224 2375 1305 Quam
2426 1227 2511 1290 ob
2557 1244 2693 1290 rem
2742 1225 3052 1290 definiunt
3084 1245 3245 1307 poe-

612 1334 920 1400 nitentiae
952 1342 1463 1399 sacramentum:
1522 1342 1657 1407 „est
1708 1333 2033 1398 absolutio
2084 1333 2363 1397 hominis
2414 1333 2800 1414 poenitentis
2851 1332 3021 1397 sacta
3052 1334 3247 1399 certis

613 1440 823 1504 verbis
855 1458 1001 1504 cum
1034 1440 1251 1505 debita
1284 1440 1636 1505 intentione
1668 1439 1938 1522 prolatis
1972 1457 2013 1503 a
2043 1439 2380 1503 sacerdote
2405 1438 2915 1520 jurisdictionem
2960 1440 3246 1505 habente

613 1554 677 1612 et
710 1568 787 1612 ex
820 1549 1216 1612 institutione
1251 1548 1466 1611 divina
1499 1546 1842 1612 efficaciter
1861 1545 2373 1627 significantibus
2406 1546 2881 1611 absolutionem
2912 1549 3176 1613 animae
3208 1567 3247 1611 a

611 1655 947 1737 peccatis«
988 1654 1263 1718 Proinde
1295 1654 1613 1730 contriti0‚
1648 1652 1967 1717 confessio
2002 1661 2065 1717 et
2100 1653 2451 1717 satisfactio
2482 1673 2614 1717 non
2653 1662 2802 1719 sunt
2853 1656 3245 1720 sacramenti

612 1770 844 1844 partes
878 1763 991 1827 sed
1031 1762 1152 1835 ,ad
1189 1768 1666 1826 sacramentum
1719 1761 2158 1842 poenitentiae
2210 1761 2293 1824 ad
2346 1761 2488 1836 hoc,
2539 1768 2608 1824 ut
2657 1761 2845 1842 digne
2876 1763 3243 1842 recipiatur,

612 1870 1020 1952 requiruntur
1069 1869 1166 1934 vel
1219 1869 1487 1950 praevia
1538 1867 1637 1932 vel
1689 1871 2078 1949 sequentia.‘
2148 1867 2675 1931 Maldonatus
2726 1868 2806 1932 de
2838 1869 3074 1949 poenit„
3107 1888 3168 1950 p.
3202 1874 3241 1937 3

614 1996 670 2057 q.
706 1981 745 2043 3
778 1976 860 2039 ad
893 1977 979 2041 th.
1017 1982 1051 2044 7
1085 1977 1254 2039 hanc
1286 1974 1674 2040 sententiam
1707 1974 2038 2039 veriorem
2072 1981 2310 2051 censet,
2346 1975 2640 2056 quamvis
2674 1974 2950 2039 fateatur
2971 1975 3241 2041 alteram

619 2102 760 2146 esse
793 2082 1322 2146 communiorem.

796 2221 938 2275 518.
973 2211 1362 2270 Praeferenda
1393 2209 1632 2268 videtur
1672 2210 1838 2284 prior
1884 2211 2199 2281 sententia,
2253 2229 2373 2269 non
2425 2211 2618 2270 solum
2664 2212 2808 2286 quia
2854 2213 3235 2281 communior,

615 2320 820 2359 verum
854 2302 1030 2360 etiam
1069 2295 1129 2361 l.
1161 2299 1429 2358 conciliis
1461 2298 1904 2358 florentino
1938 2302 1999 2357 et
2028 2300 2475 2358 tridentino
2508 2301 2698 2377 magis
2731 2301 3073 2359 conformis.
3134 2302 3234 2359 Te-

613 2390 873 2448 nendum
908 2392 1063 2448 enim
1097 2393 1187 2447 est
1218 2404 1280 2454 a.
1313 2392 1678 2447 sacramenta
1711 2388 1911 2446 omnia
1942 2389 2275 2447 materia
2305 2394 2577 2448 constare
2611 2399 2669 2447 et.
2703 2390 2973 2458 forma;
3024 2387 3098 2452 b.
3145 2391 3233 2449 ab·

614 2479 969 2538 solutionem
1000 2497 1128 2537 esse
1160 2479 1410 2537 formam
1444 2477 1805 2535 sacramenti·
1830 2477 2261 2552 poenitentiae;
2310 2493 2375 2541 e.
2415 2479 2783 2554 poenitentis
2815 2485 2985 2537 actus
3017 2479 3223 2556 requiri

612 2568 684 2626 ad
718 2568 1126 2645 integritatem
1159 2565 1526 2638 sacramenti,
1572 2584 1698 2647 esse
1743 2569 1942 2640 partes
1977 2568 2331 2625 sacramenti
2360 2572 2423 2626 et
2454 2571 2625 2643 quasi
2658 2569 2986 2627 materiam.
3058 2568 3216 2643 Atqui

612 2677 917 2733 nunquam
950 2662 1119 2716 actus
1151 2657 1536 2734 disponentes
1581 2655 1657 2713 ad
1702 2655 1958 2715 aliorum
1990 2660 2493 2716 sacramentorum
2525 2657 2920 2734 receptionem
2955 2657 3222 2718 dicuntur

612 2768 815 2807 eorum
847 2753 1044 2823 partes
1078 2764 1186 2805 seu
1216 2746 1390 2822 quasi
1421 2746 1698 2813 materia;
1732 2764 1929 2820 neque
1961 2745 2211 2804 concilia
2241 2747 2419 2806 aliam
2451 2747 2804 2806 sacramenti
2836 2747 3232 2823 poenitentiae

610 2837 914 2895 materiam
947 2837 1271 2912 assignant.
1333 2835 1524 2906 Quare
1556 2834 2029 2893 concludendum
2060 2836 2313 2908 videtur,
2347 2841 2515 2896 actus
2547 2837 2909 2913 poenitentis
2940 2856 3150 2896 revera
3178 2838 3234 2894 in

611 2926 719 2983 hoc
751 2929 1116 2985 sacramento
1149 2927 1431 2983 materiae
1478 2924 1693 2981 habere
1737 2925 2060 2993 rationem;
2114 2925 2330 2987 idcirco
2376 2945 2513 2986 vero
2565 2946 2599 2984 a
2648 2926 2897 2985 concilio
2947 2926 3234 3002 appellari

612 3016 781 3089 quasi
815 3015 1119 3073 materiam
1153 3011 1314 3091 (cum
1360 3013 1532 3089 prius
1581 3014 1642 3070 in
1690 3012 1985 3072 schemate
2030 3018 2197 3074 actus
2231 3017 2574 3075 dicerentur
2617 3034 2747 3074 esse
2792 3032 2900 3090 pro
2944 3011 3234 3097 materia),

614 3104 771 3176 quod
801 3123 921 3161 non
953 3104 1075 3161 sint
1107 3103 1333 3178 aliquid
1367 3102 1690 3172 materiale,
1727 3103 1884 3160 sicut
1916 3103 2162 3161 materia
2193 3104 2258 3162 in
2288 3105 2421 3163 aliis
2455 3105 2860 3172 sacramentiS‚
2913 3106 3024 3162 etsi
3060 3105 3234 3180 hujus

613 3192 770 3249 vices
803 3196 1028 3268 gerant.
1094 3193 1230 3251 Ideo
1276 3192 1456 3250 etiam
1504 3188 1568 3254 2.
1618 3195 1863 3249 vocatur
1896 3190 2004 3249 hoc
2037 3198 2472 3252 sacramentum
2502 3192 2912 3269 poenitentiae
2957 3194 3055 3251 vel
3101 3212 3233 3252 con·

613 3280 886 3339 fessionis
921 3284 1372 3349 sacramentum,
1421 3281 1579 3339 sicut
1622 3280 1957 3356 baptismus
2005 3280 2226 3340 dicitur
2263 3286 2697 3341 sacramentum
2731 3282 3064 3341 ablutionis
3096 3290 3231 3341 etc.:

613 3388 763 3444 quae
795 3370 1134 3445 appellandi
1166 3370 1315 3428 ratio
1349 3388 1468 3428 non
1499 3373 1659 3428 esset
1688 3371 1978 3438 accurata,
2028 3369 2077 3428 si
2124 3371 2489 3447 poenitentis
2530 3375 2699 3430 actus
2732 3390 2852 3429 non
2885 3376 3080 3430 essent
3112 3391 3231 3429 ma-

612 3459 765 3515 teria
796 3458 911 3533 ipsi
945 3460 1181 3517 interna
1218 3462 1279 3516 et
1323 3459 1674 3517 essentialis.
1739 3457 1985 3516 Accedit
2032 3446 2098 3521 3.
2148 3461 2463 3519 concilium
2496 3461 2689 3519 dicere
2721 3478 2864 3519 sess,
2911 3470 2983 3522 14
3019 3480 3143 3535 cap.
3177 3469 3227 3527 3,

612 3547 732 3605 vim
767 3547 944 3623 hujus
979 3547 1330 3606 sacramenti
1361 3547 1676 3623 praecipue
1709 3548 1774 3605 in
1806 3547 1993 3605 forma
2025 3565 2132 3611 seu
2177 3549 2241 3606 in
2291 3549 2482 3608 verbis
2513 3549 2668 3608 illis:
2716 3550 2841 3626 Ego
2888 3552 2947 3607 te
2995 3549 3230 3608 absolvo

612 3640 719 3697 etc.
753 3655 880 3695 esse
913 3637 1106 3699 sitam.
1151 3637 1309 3713 Ergo
1342 3637 1640 3694 absolutio
1674 3655 1793 3694 non
1824 3640 1913 3694 est
1945 3635 2250 3713 integrum
2281 3640 2729 3698 sacramentum.
2777 3638 2964 3707 Quam
2999 3643 3227 3697 senten·

611 3726 754 3783 tiam
787 3721 851 3790 4.
885 3727 1195 3785 confirmat
1224 3745 1337 3786 em.
1370 3725 1524 3783 card.
1557 3725 1975 3783 Franzelin
2010 3726 2168 3783 hunc
2215 3726 2276 3783 in
2321 3726 2595 3785 modum:
2646 3729 2846 3796 ,Dum
2876 3727 3038 3785 enim
3071 3728 3228 3787 chri-

613 3820 740 3871 stus
772 3815 1044 3873 instituit
1072 3819 1423 3889 potestatem
1469 3815 1532 3871 in
1580 3813 1873 3872 ministris
1914 3832 2033 3872 non
2068 3814 2422 3890 simpliciter
2451 3815 2794 3875 absolvendi
2828 3820 3085 3890 peccata,
3133 3816 3228 3873 sed

612 3903 950 3962 absolvendi
982 3910 1043 3962 et
1073 3903 1368 3961 retinendi
1402 3921 1507 3978 per
1538 3902 1780 3960 modum
1803 3902 2051 3977 judicii:
2103 3922 2172 3962 eo
2204 3905 2335 3981 ipso
2369 3905 2640 3963 instituit
2667 3908 2971 3980 tamquam
3007 3909 3227 3981 partem

613 3992 790 4068 hujus
822 3993 1263 4051 sacramentalis
1295 3991 1500 4063 iudicii
1541 3991 1996 4050 submissionem
2029 3994 2436 4067 poenitentem
2484 3995 2814 4069 culparum,
2861 3999 3157 4069 quantum
3200 4012 3230 4049 a

610 4088 913 4156 peccatore
947 4081 1249 4139 moraliter
1296 4080 1422 4138 fieri
1467 4086 1682 4156 potest,
1736 4084 1797 4139 et
1845 4081 2310 4141 satisfactionem
2358 4083 2470 4141 sub
2503 4086 2797 4157 potestate
2829 4082 3098 4158 judicum
3130 4084 3226 4140 ab·

611 4170 963 4228 solventium
999 4189 1065 4229 ac
1096 4169 1504 4238 retinentium,
1539 4169 1683 4227 adeo
1714 4175 1786 4227 ut
1819 4171 1947 4228 sine
1979 4171 2084 4228 hac
2119 4173 2457 4248 poenitente
2480 4171 2877 4231 submissione
2897 4190 3015 4230 non
3040 4173 3228 4230 solum

611 4258 904 4316 absolutio
936 4261 1208 4317 effectum
1242 4278 1361 4317 non
1393 4261 1811 4332 consequatur,
1844 4260 1943 4316 sed
1978 4278 2171 4336 neque
2204 4261 2287 4319 sit
2320 4262 2390 4319 ad
2423 4261 2663 4320 modum
2691 4260 2904 4336 judicii
2936 4281 2971 4320 a
3002 4260 3230 4319 Christo

613 4347 900 4415 instituti,
935 4352 1112 4422 atque
1145 4349 1276 4406 ideo
1300 4366 1492 4422 neque
1515 4350 1968 4406 sacramentum.
2002 4349 2135 4406 Jam
2168 4368 2306 4409 vero
2339 4370 2405 4408 ex
2440 4350 2666 4427 duplici
2700 4351 2809 4408 boc
2839 4350 3229 4408 constitutivo

604 4436 818 4510 judicii
853 4438 1292 4495 sacramentalis
1326 4438 1635 4514 poenitens
1668 4436 1992 4496 submissio
2022 4439 2334 4514 culparum
2367 4439 2479 4497 sub
2512 4442 2807 4515 potestate
2830 4439 3054 4513 judicis
3089 4457 3223 4512 sup-

613 4525 857 4598 ponitur
890 4529 959 4582 ut
990 4544 1082 4583 res
1116 4526 1566 4584 determinanda
1598 4532 1658 4583 et
1689 4525 2064 4600 perficienda,
2105 4529 2282 4587 verba
2313 4528 2705 4586 absolutionis
2740 4527 3144 4586 determinant
3173 4530 3230 4583 et

611 4614 926 4688 perficiunt
959 4614 1195 4690 signum
1228 4616 1428 4673 efficax
1451 4616 1903 4685 sacramentale;
1937 4616 2043 4675 illa
2075 4635 2214 4694 ergo
2248 4636 2310 4675 se
2342 4617 2522 4676 habet
2553 4617 2628 4675 ad
2660 4616 2901 4674 modum
2934 4616 3226 4683 materiae,

615 4706 753 4759 haec
785 4707 928 4760 sunt
959 4702 1142 4760 forma
1175 4705 1540 4767 sacramenti.
1611 4705 1789 4762 Porro
1836 4704 1943 4763 ubi
1978 4711 2118 4763 sunt
2147 4707 2349 4782 plures
2383 4708 2582 4782 partes
2615 4705 2917 4777 materiae,
2964 4724 3084 4764 non
3128 4724 3224 4763 ne·

614 4791 863 4849 cessario
898 4810 1100 4849 omnes
1135 4798 1276 4849 sunt
1308 4793 1654 4851 essentiales
1702 4793 1775 4851 ad
1822 4812 1950 4853 esse
1997 4795 2082 4852 rei
2130 4795 2495 4870 simpliciter,
2549 4795 2651 4853 sed
2703 4797 2957 4870 possunt
3001 4795 3226 4871 aliquae
