3538 5364
555 220 684 285 338
893 210 1076 264 Tract.
1106 210 1198 264 IX.
1225 211 1294 264 de
1321 208 1683 266 eucharistia.
1712 209 1911 268 Thesis
1938 210 2227 267 CCXXVI.
2255 212 2843 268 Transsubstantiatio

552 417 759 457 verum
790 397 972 456 etiam
1001 397 1290 457 transitus
1320 416 1481 456 mere
1513 398 1877 457 extrinsecus
1908 417 1978 457 ex
2010 417 2131 457 uno
2163 399 2293 458 loco
2326 399 2389 457 in
2420 399 2622 470 alium,
2656 418 2725 458 ex
2757 419 2879 458 una
2910 400 3174 459 denomi-

552 486 794 547 natione
825 487 890 544 in
920 486 1113 550 aliam.
1180 487 1219 545 C
1236 505 1269 545 o
1286 505 1325 544 n
1342 505 1380 544 v
1395 506 1426 545 e
1442 506 1475 544 r
1487 505 1514 545 s
1531 485 1550 543 i
1567 505 1601 545 o
1634 486 1907 564 designat
1937 487 2347 559 mutationem,
2394 507 2547 564 quae
2579 489 2776 548 locum
2807 490 2989 548 habet
3019 489 3177 548 inter

550 576 836 635 terminos
867 575 1168 653 positivoS,
1200 575 1453 651 ideoque
1472 575 1785 652 significat,
1817 576 2139 635 transitum
2170 576 2258 636 rei
2290 577 2357 635 in
2386 596 2511 636 rem
2528 598 2542 648 3
2573 580 2603 636 t
2616 597 2647 636 r
2660 597 2693 636 a
2708 597 2750 636 n
2763 597 2790 637 s
2807 578 2835 636 f
2845 597 2878 637 o
2893 597 2926 635 r
2940 598 2998 636 m
3016 598 3050 636 a
3063 580 3122 638 ti
3141 597 3174 637 o

551 665 755 724 stricte
787 667 1024 741 sumpta
1054 667 1144 724 est
1174 664 1573 723 conversionis
1605 665 1856 740 species:
1890 665 2185 742 significat
2204 666 2359 725 enim
2379 666 2699 725 transitum
2731 668 2807 725 ab
2838 687 2959 726 una
2988 668 3177 726 forma

548 753 612 811 in
643 754 836 825 aliam,
869 772 1056 829 eaque
1074 772 1184 830 pro
1201 753 1433 812 ratione
1453 754 1674 813 formae
1703 757 1903 830 potest
1932 773 2056 813 esse
2087 754 2465 815 accidentalis
2496 756 2592 814 vel
2624 757 3049 817 substantialis.
3092 757 3177 815 Ea

551 861 689 901 vero
723 843 1119 903 conversionis
1151 842 1388 919 species,
1436 861 1592 919 quae
1636 846 1728 901 est
1769 844 2059 902 transitus
2102 844 2284 903 unius
2328 864 2355 903 s
2370 863 2412 902 u
2428 844 2467 903 b
2481 864 2509 903 s
2521 847 2551 903 t
2564 864 2599 903 a
2612 864 2654 903 n
2667 848 2696 903 t
2711 845 2732 903 i
2748 865 2781 904 a
2796 864 2829 904 e
2873 846 2937 904 in
2982 847 3173 917 aliam,

552 932 853 1009 aptissime
885 932 1107 990 dicitur
1136 936 1357 991 trans
1375 932 1961 992 substantiatio
1995 937 2317 1009 praeeunte
2346 933 2816 994 Hildeberto
2846 936 3174 1009 turonensi,

548 1021 653 1096 qui
697 1021 851 1079 forte
895 1020 1124 1098 primus
1169 1021 1278 1081 hoc
1320 1020 1678 1080 vocabulum
1722 1021 2004 1080 adhibuit
2035 1018 2098 1103 (†
2137 1032 2161 1085 1
2180 1033 2206 1085 1
2222 1032 2427 1085 32—1
2448 1018 2618 1105 134),
2666 1024 2988 1083 secundum
3033 1044 3175 1084 ana-

547 1111 767 1187 logiam
810 1110 1121 1169 nominum
1165 1114 1343 1169 tran
1364 1109 1939 1181 sformationis,
1986 1110 2779 1188 transfigurationiS,
2827 1114 3175 1173 translo-

546 1218 576 1258 c
592 1219 625 1256 a
639 1199 753 1258 tio
768 1218 808 1256 n
827 1199 886 1257 i's
916 1200 1027 1258 etc.
1094 1198 1286 1268 Quare
1317 1199 1367 1257 si
1400 1199 1690 1275 ejusmodi
1722 1199 2024 1258 conversio
2056 1200 2121 1258 in
2152 1200 2508 1260 eucharistia
2539 1202 2737 1260 locum
2768 1201 2962 1274 habet,
2996 1203 3175 1262 hebe-

545 1289 623 1346 tis
656 1287 885 1365 ingenii
915 1288 1238 1365 pusillique
1270 1287 1454 1347 animi
1486 1290 1575 1347 est
1606 1291 1727 1347 tam
1760 1291 1901 1364 apto
1932 1288 2006 1346 ad
2038 1308 2169 1347 eam
2199 1289 2626 1366 designandam
2653 1289 2939 1350 vocabulo
2970 1293 3173 1369 pueri·

544 1377 685 1437 liter
715 1377 950 1436 offendi.

549 1572 556 1581 ,
728 1510 870 1565 362.
913 1500 1214 1559 Statuitur
1256 1499 1444 1559 thesis
1492 1503 1700 1558 contra
1744 1500 2337 1578 Berengarium,
2383 1502 2736 1579 praeprimis
2781 1522 2922 1563 vero
2968 1508 3174 1567 contra

544 1590 1041 1664 lutheranos,
1090 1590 1197 1665 qui
1244 1588 1575 1647 admittunt
1619 1589 1861 1663 quidem
1905 1608 2108 1648 veram
2153 1591 2490 1666 realemque
2523 1592 2786 1667 corporis
2816 1596 2997 1668 atque
3036 1613 3171 1652 san·

544 1678 745 1756 guinis
776 1679 834 1737 J.
870 1678 1091 1737 Christi
1122 1677 1577 1737 in.eucharistia
1608 1678 2040 1753 praesentiam:
2087 1679 2189 1737 sed
2220 1679 2401 1738 simul
2435 1681 2822 1754 contendunt,
2871 1701 2992 1742 una
3036 1701 3172 1742 cum

545 1786 787 1844 corpore
819 1770 879 1828 et
910 1768 1202 1845 sanguine
1235 1766 1449 1825 Christi
1481 1785 1717 1826 manere
1747 1767 1919 1842 panis
1954 1767 2192 1843 vinique
2224 1768 2632 1841 substantiam,
2677 1772 2822 1830 adeo
2854 1773 2926 1829 ut
2956 1789 3171 1849 corpus

545 1857 758 1915 Christi
788 1857 869 1915 sit
901 1876 1092 1929 cum,
1135 1856 1309 1927 sub,
1352 1855 1430 1914 in
1460 1874 1630 1931 pane.
1691 1855 1787 1914 Ita
1818 1875 1903 1914 ex.
1936 1876 2025 1933 gr.
2056 1856 2314 1916 formula
2345 1860 2690 1918 concordiae
2720 1880 2777 1936 p.
2817 1870 2974 1923 736:
3009 1861 3170 1931 ,Do-

544 1948 680 2005 oent
720 1940 1092 2028 (lutherani),
1141 1944 1640 2020 quemadmodum
1685 1944 1752 2002 in
1795 1945 2025 2004 Christo
2072 1945 2224 2006 duae
2270 1947 2586 2007 distinctae
2632 1951 2694 2007 et
2738 1968 2860 2008 non
2904 1954 3171 2010 mutatae

543 2038 791 2094 naturae
824 2034 1304 2111 inseparabiliter
1333 2037 1474 2094 sunt
1503 2034 1724 2106 unitae,
1773 2035 1858 2093 ita
1900 2035 1966 2093 in
2011 2054 2174 2094 sacra
2210 2054 2390 2096 coena
2420 2037 2565 2096 duas
2597 2037 2857 2097 diversas
2893 2039 3171 2098 substan-

540 2124 673 2195 tiae,
720 2143 932 2201 panem
977 2124 1255 2183 videlicet
1299 2124 1635 2184 naturalem
1666 2127 1728 2182 et
1757 2142 1965 2185 verum
1997 2125 2269 2184 naturale
2303 2144 2515 2202 corpus
2549 2126 2765 2186 Christi
2796 2128 2861 2186 in
2893 2127 3173 2188 instituta

543 2213 892 2272 sacramenti
922 2213 1439 2273 administratione
1471 2212 1565 2271 hic
1594 2213 1658 2270 in
1687 2212 1868 2271 terris
1901 2213 2080 2271 simul
2111 2232 2235 2273 esse
2265 2216 2664 2290 praesentia.‘
2732 2216 2795 2275 Si
2826 2218 3063 2292 quaeris
3094 2219 3169 2277 ab

541 2302 633 2373 iis,
666 2320 786 2377 qua
818 2303 1046 2361 ratione
1078 2321 1358 2378 praesens
1387 2301 1542 2360 illud
1574 2302 1670 2373 sit,
1704 2304 2030 2377 provocant
2058 2303 2163 2360 alii
2193 2304 2268 2361 ad
2301 2305 2567 2380 corporis
2599 2305 2817 2364 Christi
2848 2305 3171 2383 ubiqui-

538 2393 813 2460 tatem,
864 2391 968 2450 alii
1016 2390 1938 2451 consubstantiationem
1971 2392 2224 2450 tuentur
2255 2410 2362 2451 seu
2393 2394 2876 2470 conjunctionem
2907 2397 3170 2471 corporis

539 2480 759 2539 Christi
789 2499 924 2539 cum
957 2499 1139 2556 pane:
1172 2481 1307 2539 aliis
1332 2497 1455 2539 non
1474 2479 1752 2556 displicet
1782 2479 2314 2554 impanationis
2346 2482 2700 2558 figmentum
2718 2502 2823 2542 seu
2842 2486 3165 2561 assumptio

539 2569 910 2646 hypostatica
957 2569 1159 2645 panis;
1206 2569 1309 2627 alii
1354 2568 1672 2627 subtiliora
1715 2568 2071 2645 excogitant,
2120 2573 2190 2628 ut
2236 2570 2640 2630 Gerhardu
2659 2591 2715 2642 S,
2764 2572 2868 2647 qui
2913 2574 3170 2634 exclusis

539 2676 721 2736 quam
751 2659 1031 2736 plurimis
1064 2657 1583 2735 explicationibus,
1631 2656 1871 2717 demum
1916 2658 2129 2718 statuit
2178 2659 2287 2724 loc.
2332 2660 2591 2739 theolog.
2639 2661 2819 2734 XXII,
2874 2673 2951 2726 10
3003 2660 3036 2730 ἓ
3085 2674 3166 2728 69

538 2749 820 2807 unionem
841 2748 1324 2807 sacramentalem
1346 2746 1609 2822 corporis
1631 2746 1853 2806 Christi
1876 2765 2009 2806 cum
2040 2767 2210 2825 pane,
2247 2768 2440 2824 ,quae
2469 2750 2558 2809 ita
2589 2755 2927 2827 comparata
2957 2755 3065 2824 est,
3098 2758 3171 2813 ut

528 2838 705 2913 juxta
736 2837 926 2911 ipsius
958 2837 1280 2896 Salvatoris
1310 2837 1521 2907 nostri,
1555 2836 1795 2908 veracis,
1844 2836 2134 2913 sapientis
2166 2841 2229 2896 et
2258 2838 2689 2916 omnipotentis
2719 2831 3166 2901 institutionem

536 2926 677 3002 pani
707 2925 1038 2996 benedicto,
1071 2928 1377 3000 tamquam
1409 2924 1600 2984 medio
1630 2923 1924 2983 divinitus
1956 2925 2248 2996 ordinat0,
2290 2946 2522 3004 corpuS,
2571 2933 2632 2987 et
2662 2929 2801 2989 vino
2832 2930 3162 3002 benedicto,

535 3019 840 3090 tamquam
871 3013 1068 3072 medio
1099 3014 1245 3072 item
1276 3013 1572 3073 divinitus
1604 3013 1895 3085 ordinat0,
1931 3016 2177 3091 sanguis
2200 3016 2419 3075 Christi
2441 3018 2615 3077 modo
2634 3018 2808 3078 nobis
2827 3019 3158 3096 incompre-

535 3102 819 3162 hensibili
849 3102 1113 3174 uniatur,
1146 3106 1217 3162 ut
1247 3121 1383 3162 cum
1415 3103 1518 3161 illo
1549 3122 1701 3180 pane
1732 3120 1949 3178 corpus
1971 3103 2186 3163 Christi
2205 3124 2327 3164 una
2344 3107 2798 3167 manducatione
2831 3108 3157 3167 sacramen-

533 3191 661 3262 tali,
711 3195 774 3250 et
821 3208 958 3250 cum
1002 3191 1109 3250 illo
1152 3192 1290 3250 vino
1337 3191 1686 3270 sanguinem
1718 3192 2093 3252 Christiana
2137 3194 2429 3254 bibitione
2476 3195 2540 3254 in
2584 3196 2828 3254 sublimi
2872 3197 3159 3275 mysterio

535 3298 860 3350 sumamus,
908 3280 1334 3339 manducemus
1381 3300 1448 3341 ac
1492 3281 1785 3340 bibamus.
1851 3282 2126 3341 Breviter
2169 3301 2291 3342 non
2323 3281 2612 3350 ἀπουσίαν
2643 3285 2992 3357 absentiam,
3039 3304 3161 3345 non

533 3363 805 3432 ἐνουσίαν
855 3368 1343 3441 inexsistentiam,
1395 3389 1515 3429 non
1566 3374 1880 3432 συνουσίαν
1930 3371 2623 3443 consubstantiationem,
2672 3391 2792 3433 non
2844 3379 3160 3456 μετουσίαν

531 3457 1280 3530 transsubstantiationem,
1327 3459 1430 3518 sed
1475 3463 1806 3541 παρουσίαν
1866 3460 2039 3535 quasi
2095 3461 2736 3521 adsubstantiationem
2786 3465 3044 3539 corporis
3096 3468 3158 3523 et

535 3546 850 3624 sanguinis
884 3547 1102 3606 Christi
1134 3548 1196 3605 in
1229 3566 1394 3607 sacra
1424 3567 1606 3608 coena
1636 3548 1958 3607 statuimus
1975 3545 2082 3632 ¹).‘

717 3671 865 3737 363.
897 3666 1470 3737 Demonstratio.
1526 3668 1584 3736 1.
1619 3668 1868 3750 Dogma
1899 3670 2288 3734 catholicum
2320 3670 2635 3753 probatur
2663 3672 2876 3738 verbis
2907 3673 3161 3738 insti-

538 3774 938 3850 tutionis„
987 3774 1123 3839 sive
1169 3792 1248 3839 ea
1293 3776 1823 3857 speculative
1873 3777 2007 3840 sive
2056 3779 2439 3858 practice
2490 3779 2900 3860 accipiantur.
2967 3778 3036 3845 Si
3082 3799 3162 3846 ea

532 3881 935 3963 accipiuntur
980 3871 1391 3963 speculative,
1439 3888 1593 3946 tunc
1625 3883 1793 3948 inter
1824 3883 2185 3965 subJectum
2217 3885 2329 3949 hoc
2361 3891 2428 3949 et
2456 3885 2900 3967 praedicatum
2932 3908 3162 3973 corpus

531 3987 885 4054 affirmatur
930 3989 1236 4054 identitas
1281 3989 1741 4055 substantialis.
1790 3990 1984 4072 Atqui
2030 3991 2194 4056 haec
2241 3991 2544 4056 affirmari
2588 3994 2810 4076 nequit
2856 4003 3161 4061 manente

528 4095 713 4177 panis
759 4094 1139 4172 substantia,
1188 4096 1340 4177 quia
1383 4096 1547 4160 haec
1592 4115 1725 4161 non
1775 4103 1874 4161 est
1917 4097 2426 4163 substantialiter
2469 4098 2640 4165 idem
2690 4116 2840 4163 cum
2887 4118 3160 4183 corpore

531 4201 785 4268 Christi.
830 4202 999 4283 Ergo
1035 4211 1104 4269 ut
1135 4223 1293 4269 vera
1323 4206 1452 4269 sint
1473 4204 1706 4269 Christi
1725 4206 1943 4281 verba,
1979 4207 2239 4289 quando
2273 4213 2543 4289 accepto
2576 4225 2745 4290 pane
2778 4225 2856 4272 ea
2874 4208 3157 4290 protulit,

753 4454 790 4522 ¹)
816 4448 1147 4504 Doctrinam
1165 4452 1597 4505 lutheranorum
1615 4452 1884 4506 distincte
1902 4457 2197 4523 exponunt
2222 4454 2273 4507 H
2290 4470 2323 4506 a
2339 4455 2376 4507 h
2399 4473 2437 4507 n
2464 4454 2676 4511 christl.
2705 4454 3154 4510 Glaubenslehre

529 4529 584 4586 d.
611 4537 646 4584 4
671 4539 698 4597 ς
729 4536 859 4592 129ς
905 4531 979 4584 W
998 4532 1019 4585 i
1036 4549 1164 4585 ner
1189 4533 1228 4586 1.
1255 4549 1302 4586 c.
1328 4553 1384 4603 p.
1416 4541 1510 4589 141
1543 4551 1611 4586 ss.
1659 4533 1967 4587 Notionem
1990 4535 2306 4603 genuinam
2336 4535 2968 4590 transsubstantiationis
2992 4552 3156 4589 accu-

528 4617 651 4664 rate
692 4613 966 4666 evolvunt
1006 4612 1207 4682 Lugo
1234 4613 1286 4669 d.
1317 4618 1350 4670 7
1376 4631 1416 4667 s.
1448 4620 1507 4673 12
1560 4613 2079 4668 Bellarminus
2120 4615 2212 4680 111,
2258 4623 2316 4671 ll
2362 4632 2463 4676 ss.;
2516 4614 2853 4668 Becanus
2898 4633 3153 4669 summae

531 4690 702 4747 theol.
736 4693 773 4748 t.
803 4699 837 4748 3
867 4695 937 4745 tr.
966 4701 1070 4748 2·c.
1103 4700 1168 4749 18
1194 4697 1299 4746 etc.
