3538 5364
1551 1485 2082 1596 Tractatus
2134 1486 2298 1596 IX.

1506 1670 1641 1745 De
1700 1666 2373 1750 sacramentis.

809 1849 956 1913 245.
1006 1842 1558 1908 Sat-ramentorum
1591 1846 1885 1929 diynitas.
1934 1883 2020 1892 —-
2070 1843 2343 1926 Cognita
2377 1864 2630 1909 summa
2675 1846 2929 1927 gratiae
2961 1850 3254 1913 sanctifi-

632 1951 838 2014 cantis
870 1952 1277 2031 praestantia
1323 1951 1496 2033 digni
1528 1970 1790 2034 quoque
1822 1951 2343 2016 consideratione
2376 1959 2528 2016 sunt
2559 1953 2820 2017 canales
2865 1952 2971 2030 illi,
3004 1973 3047 2019 a
3077 1956 3257 2022 bono

631 2057 1046 2123 Samaritano
1078 2058 1115 2120 i.
1138 2076 1190 2122 e.
1213 2058 1645 2140 Redemptore
1676 2065 1904 2123 nostro
1924 2057 2249 2124 Ecclesiae
2272 2077 2432 2124 suae
2455 2059 2658 2124 relicti
2680 2060 2749 2145 (t.
2769 2059 2835 2123 ΙΙ.
2857 2081 2900 2124 n
2938 2064 3119 2149 440),
3140 2082 3258 2145 per

631 2184 794 2248 quos
825 2165 967 2247 ipsa
997 2165 1330 2229 hominum
1363 2165 1594 2229 animis
1626 2164 1987 2229 inlunditur
2022 2166 2261 2249 quique
2295 2184 2732 2230 sacramen
2752 2173 2830 2230 ta
2862 2165 2991 2230 dici
3021 2169 3254 2235 solent.

633 2270 713 2335 Ut
754 2291 908 2337 vero
955 2291 1182 2337 eorum
1226 2280 1628 2337 momentum
1658 2280 1738 2359 ⁸et
1785 2272 2064 2354 dignitas
2116 2273 2333 2338 statim
2383 2292 2424 2337 a
2473 2272 2931 2355 disputationis
2976 2276 3249 2341 exordio

631 2380 1011 2455 innotescat,
1045 2379 1561 2462 quintuplici
1591 2381 1785 2443 modo
1820 2399 1899 2444 ea
1935 2380 2453 2444 consideremus:

810 2490 866 2555 Ι.
901 2486 1161 2569 quidem
1193 2496 1489 2569 respectu
1521 2485 1790 2550 humani
1833 2488 2088 2569 generis
2121 2495 2529 2552 sacramenta
2561 2488 2632 2552 N.
2666 2488 3064 2553 Testamenti
3096 2497 3255 2552 sunt

624 2614 689 2663 a.
739 2612 887 2658 can
909 2595 1083 2659 ales
1115 2594 1383 2675 gratiae,
1414 2612 1531 2675 per
1564 2612 1728 2676 quos
1761 2593 1841 2657 de
1876 2593 2159 2658 fontibus
2193 2592 2547 2659 Salvatoris
2590 2594 2654 2657 in
2685 2611 2876 2659 cruce
2907 2594 3253 2676 pendentis

624 2703 709 2767 ad
740 2703 1036 2766 homines
1068 2702 1355 2767 omnium
1387 2708 1679 2767 aetatum
1712 2709 1777 2766 et
1807 2702 2096 2784 gentium
2128 2702 2342 2784 gratia
2374 2702 2690 2778 decurrit;
2739 2710 2890 2768 sunt
2920 2705 2990 2772 b.
3040 2722 3248 2769 vasa

623 2810 981 2874 medicinae
1013 2811 1294 2890 primum
1327 2816 1558 2872 contra
1591 2809 1800 2890 ipsam
1818 2815 2093 2874 mortem
2115 2808 2516 2890 spiritualem
2538 2810 2814 2885 animae,
2845 2809 2994 2875 dein
3013 2818 3251 2875 contra

623 2917 951 2998 multiplex
984 2917 1234 2997 peccati
1267 2916 1532 2991 vulnus;
1567 2934 1766 2998 quare
1798 2916 1919 2979 illis
1952 2922 2124 2980 recte
2158 2916 2465 2997 applicari
2512 2925 2783 2998 possunt
2815 2915 2995 2979 Eccli.
3029 2915 3138 2994 38,
3176 2925 3249 2994 73

637 3020 1100 3107 Unquentarius
1131 3021 1327 3104 faciet
1354 3025 1672 3107 piqmenta
1705 3026 2040 3087 suavitatis
2076 3030 2130 3085 et
2163 3025 2481 3087 unctiones
2512 3025 2784 3103 conficiet
2816 3026 3249 3114 sanctitatis-¹).

623 3129 785 3195 Sunt
816 3131 1089 3212 denique
1112 3149 1173 3197 c.
1206 3129 1283 3193 su
1300 3150 1343 3193 n
1360 3129 1399 3192 d
1418 3148 1457 3192 a
1475 3149 1538 3192 m
1554 3148 1590 3194 e
1607 3150 1648 3193 n
1664 3135 1692 3193 t
1709 3149 1749 3193 a
1782 3138 1848 3194 et
1878 3130 2178 3194 cardines
2199 3131 2369 3194 vitae
2402 3131 2809 3207 christianae,
2832 3129 3064 3213 quibus
3084 3133 3251 3195 varii

621 3243 827 3301 status
860 3245 924 3302 et
955 3237 1165 3301 stadia
1195 3237 1383 3319 hujus
1404 3238 1577 3302 vitae
1611 3237 1694 3301 ad
1726 3238 2020 3303 altiorem
2055 3238 2389 3302 elevantur
2422 3236 2708 3303 ordinem
2746 3239 3081 3321 gratiaque
3126 3239 3250 3302 im-

621 3343 903 3407 buuntur
934 3349 1128 3424 atque
1160 3343 1654 3408 sanctificantur.

798 3451 860 3518 2.
893 3451 1093 3515 relate
1139 3450 1222 3514 ad
1251 3450 1602 3514 Ecclesiam
1649 3456 1801 3514 sunt
1832 3457 2239 3515 sacramenta
2283 3470 2348 3518 a.
2398 3449 2695 3527 fonteS,
2741 3452 2848 3534 qui
2891 3451 3066 3515 illam
3095 3452 3250 3515 irri-

620 3562 788 3636 gant,
821 3575 952 3620 non
985 3576 1173 3620 secus
1206 3575 1284 3620 ac
1316 3558 1417 3621 ille
1450 3555 1696 3634 fluviuS,
1731 3559 1840 3640 qui
1863 3556 2310 3638 egrediebatur
2327 3556 2410 3622 de
2441 3558 2585 3621 loco
2609 3559 2953 3640 voluptatis
2986 3557 3116 3621 ad
3100 3560 3251 3621 1rri-

617 3663 898 3743 gandum
929 3664 1300 3745 paradisum
1323 3663 1503 3750 (Gen.
1529 3671 1589 3738 2,
1612 3666 1741 3746 10),
1776 3671 1847 3727 ut
1880 3665 2088 3772 ipsam
2123 3665 2397 3729 reddant
2428 3684 2649 3729 verum
2681 3664 3051 3746 paradisum
3084 3665 3247 3729 hor-

621 3776 881 3853 tumque
902 3772 1247 3853 voluptatis
1267 3772 1582 3852 virginum
1613 3771 1782 3845 liliis,
1814 3771 1986 3835 rosis
2006 3744 2378 3853 niartyrum,
2412 3770 2854 3836 confessorum
2876 3772 3060 3836 violis
3080 3789 3246 3836 con-

617 3878 845 3952 situm3
892 3885 1041 3942 sunt
1075 3881 1145 3946 b.
1179 3877 1624 3942 columnae
1669 3877 1816 3941 illae
1869 3884 2134 3958 septem,
2181 3877 2413 3960 quibus
2458 3876 2747 3943 innititur
2779 3878 3011 3943 domus
3044 3897 3085 3942 a
3119 3876 3246 3942 Sa-

838 4120 872 4187 ¹)
901 4117 988 4169 Ad
1015 4133 1132 4170 rem
1161 4120 1298 4171 sunt
1322 4122 1496 4171 verba.
1522 4135 1562 4171 s
1591 4118 1635 4170 B
1652 4134 1685 4170 o
1703 4133 1792 4171 na
1809 4133 1889 4171 ve
1907 4135 1944 4170 n
1963 4118 2037 4170 tu
2057 4133 2133 4169 ra
2150 4133 2179 4170 e
2206 4117 2268 4170 in
2296 4115 2633 4172 Prooemio
2618 4134 2678 4169 in
2704 4116 2744 4170 l.
2760 4118 2993 4172 4Sent.:
3027 4115 3251 4185 ..Erant

616 4196 834 4266 quippe
863 4196 921 4250 in
950 4198 1074 4266 lege
1102 4198 1318 4266 figurae
1347 4196 1664 4261 unctiones,
1692 4197 1789 4250 sed
1818 4213 1934 4251 non
1962 4199 2129 4250 erant
2147 4197 2459 4260 sanativae,
2481 4196 2620 4264 quia
2640 4197 2871 4250 morbus
2891 4199 3015 4249 erat
3033 4197 3251 4262 letalis,

615 4280 672 4330 et
699 4277 892 4332 unctio
914 4283 1036 4332 erat
1059 4277 1434 4349 superficialis
1461 4280 1552 4348 (of.
1581 4279 1750 4333 Hebr.
1779 4285 1828 4343 9,
1856 4284 1888 4333 9
1913 4282 2049 4350 5)..
2072 4277 2258 4343 ‚Quia
2285 4294 2419 4348 ergo
2446 4280 2742 4347 ungebant
2766 4294 3012 4342 carnem,
3038 4279 3098 4332 et
3118 4278 3250 4332 vul·

617 4374 724 4410 nus
750 4357 919 4411 letale
946 4359 1109 4412 erat
1093 4377 1154 4412 m
1181 4363 1389 4422 mente,
1414 4359 1544 4413 ideo
1573 4376 1688 4414 non
1730 4362 2002 4428 poterant
2041 4375 2237 4412 curare
2265 4403 2276 4414 .
2306 4406 2316 4416 .
2346 4401 2359 4414 .
2401 4358 2489 4411 Ad
2531 4359 2639 4413 hoc
2673 4374 2807 4428 ergo
2839 4358 2995 4425 quod
3021 4356 3251 4426 aliquia

613 4437 826 4490 faceret
845 4443 1142 4508 unguenta
1163 4439 1444 4504 sanitatis,
1465 4440 1845 4494 neceesarium
1867 4442 2005 4498 erat.
2028 4440 2182 4507 quod
2202 4438 2430 4492 afferret
2449 4437 2776 4493 unctionem
2799 4436 3162 4508 spiritualem
3188 4441 3254 4492 et

614 4516 884 4572 virtutem
901 4518 986 4572 vit
1000 4520 1148 4572 ilem:
1166 4518 1261 4572 hic
1280 4523 1469 4572 autem
1495 4521 1610 4572 fuit
1625 4520 1885 4573 Christus
1910 4519 2201 4576 Dominus,
2219 4518 2364 4572 Dum
2384 4518 2538 4572 enim
2556 4517 2967 4572 mortalitatem
2985 4520 3250 4574 nostram

613 4596 806 4650 univit
835 4596 1001 4660 vitae,
1027 4601 1085 4652 et
1109 4598 1223 4660 ille,
1253 4597 1355 4666 qui
1377 4597 1497 4650 vita
1518 4602 1658 4664 erat,
1676 4601 1937 4653 mortuus
1954 4602 2054 4663 est,
2070 4599 2223 4652 facta
2239 4600 2325 4652 est
2338 4598 2641 4662 confectiO,
2658 4597 2720 4651 in
2738 4614 2853 4665 qua
2867 4599 2927 4650 et
2942 4613 3043 4666 per
3059 4613 3246 4664 quam

612 4680 873 4732 mortuus
896 4676 1274 4742 reviviscitur,
1301 4680 1360 4731 et
1385 4693 1448 4731 ex
1475 4683 1654 4734 morte
1682 4678 1866 4748 ipsius
1893 4681 2242 4733 sacramenta
2268 4679 2484 4734 habent
2509 4676 2842 4733 vivificandi
2868 4677 3246 4733 efficaciam.··
