3538 5364
567 325 699 392 522
908 277 917 285 ·
1164 320 1346 374 Tract.
1374 321 1465 375 lX.
1489 321 1559 375 de
1588 320 1804 375 ordine.
1833 320 2032 376 'rhesis
2060 321 2262 376 CCLV.
2290 322 2592 377 Ordinatio

565 509 658 564 tos
690 506 903 564 fratres
935 509 996 564 et
1027 524 1255 566 sorores
1270 503 1337 588 1),
1371 525 1497 565 esse
1518 507 1698 566 etiam
1721 525 1907 583 reges,
1941 506 2108 566 Sicut
2127 526 2267 584 ergo
2286 507 2489 567 fideles
2510 508 2709 568 latiori
2726 513 2970 568 tantum
3004 528 3177 569 sensu

567 598 712 654 sunt
755 595 968 654 fratres
1015 599 1076 655 et
1117 614 1305 673 regeS,
1353 596 1439 654 ita
1484 600 1544 654 et
1588 596 1938 655 sacerdotes.
2000 597 2272 655 Ceterum
2321 593 2391 660 d.
2441 616 2577 656 eum
2610 599 2705 656 vel
2739 602 2875 674 post
2905 616 3077 658 suam
3109 600 3182 657 ad

565 684 956 743 montanistas
988 684 1378 744 defectionem
1409 685 1724 763 agnovisse
1755 685 2072 744 discrimen
2115 686 2274 744 inter
2316 686 2499 745 laicos
2544 688 2605 745 et
2652 687 3025 763 presbyteros
3056 707 3182 747 esse

556 773 716 848 juris
747 771 958 842 divini,
990 775 1296 851 colligitur
1324 793 1396 832 ex
1427 774 1466 836 l.
1499 774 1570 833 de
1600 774 1826 833 exhort.
1858 775 2055 836 castit.
2090 793 2136 833 c.
2175 786 2241 837 7:
2290 775 2552 844 ,Omnes
2600 794 2709 834 nos
2739 777 2897 835 Deus
2930 777 3017 835 ita
3047 778 3183 835 vult

565 861 885 938 dispositos
933 881 1076 931 esse,
1129 867 1200 921 ut
1246 863 1472 939 ubique
1519 864 1903 922 sacramentis
1950 864 2077 939 ejus
2122 863 2413 923 obeundis
2447 865 2572 940 apti
2603 865 2792 923 simus
2825 912 2837 923 .
2871 908 2886 923 .
2919 910 2933 923 .
2985 866 3185 942 Usque

564 950 708 1009 adeo
739 951 858 1009 nisi
891 956 951 1009 et
985 952 1116 1010 laici
1148 972 1217 1010 ea
1247 953 1581 1024 observent,
1614 971 1722 1029 per
1740 971 1892 1028 quae
1912 951 2249 1029 presbyteri
2270 953 2653 1030 adleguntur,
2687 954 2981 1029 quomodo
3002 960 3185 1014 erunt

563 1040 915 1116 presbyteri,
965 1040 1072 1116 qui
1120 1041 1192 1099 de
1241 1041 1408 1100 laicis
1461 1041 1863 1119 adleguntur?
1923 1041 2078 1119 Ergo
2123 1060 2390 1119 pugnare
2431 1042 2730 1111 debemuS‚
2778 1047 2916 1102 ante
2962 1043 3184 1102 laicum

555 1131 797 1203 jussum
829 1149 864 1187 a
894 1130 1149 1189 secundo
1179 1130 1559 1189 matrimonio
1592 1131 1910 1198 abstinere,
1962 1131 2103 1189 dum
2137 1132 2449 1207 presbyter
2478 1149 2610 1190 esse
2643 1151 2764 1190 non
2796 1133 2949 1191 alius
2983 1138 3187 1209 potest

564 1237 742 1292 quam
776 1218 978 1288 laicuS,
1025 1220 1130 1294 qui
1178 1221 1359 1278 semel
1403 1219 1588 1278 fuerit
1619 1219 1929 1278 maritu8.‘
1997 1219 2152 1296 Ergo
2185 1220 2426 1280 exsistit
2456 1221 2773 1280 discrimen
2806 1222 2966 1280 inter
2996 1222 3181 1279 laicos

564 1311 625 1365 et
654 1307 1050 1383 presbyteros,
1097 1312 1159 1367 et
1204 1308 1443 1384 quidem
1472 1310 1711 1367 volente
1746 1309 1880 1378 Dec,
1925 1308 2031 1383 qui
2062 1310 2264 1384 aliqua
2294 1310 2661 1386 presbyteris
2693 1311 3068 1386 praescribit,
3117 1330 3186 1369 ac

565 1395 807 1470 speciali
838 1396 1011 1454 modo
1032 1403 1532 1456 sacramentorum
1564 1399 1650 1456 eis
1682 1397 1977 1456 commisit
2002 1397 2597 1462 administrationem.
2651 1398 2764 1457 Sed
2796 1400 2976 1474 plane
3007 1419 3186 1459 aurea

564 1488 721 1555 sunt,
755 1503 907 1559 quae
939 1502 1072 1542 mox
1104 1487 1420 1564 subjungit
1438 1486 1845 1545 Tertullianus
1877 1504 1925 1547 c.
1967 1496 2075 1549 12:
2111 1485 2269 1555 ,Sed
2290 1507 2424 1546 cum
2443 1487 2786 1547 extollimur
2816 1493 2877 1548 et
2907 1489 3187 1548 inflamur

566 1573 850 1633 adversus
883 1574 1124 1645 clerum,
1156 1579 1302 1633 tunc
1333 1594 1535 1634 omnes
1568 1575 1896 1634 sacerdotes
1930 1572 2066 1658 (nos
2111 1594 2238 1634 esse
2275 1575 2617 1659 jactamus),
2665 1578 2806 1653 quia
2850 1577 3184 1636 sacerdotes

563 1681 675 1721 nos
710 1663 830 1721 Deo
875 1668 936 1721 et
980 1664 1143 1722 Patri
1188 1683 1296 1723 suo
1328 1664 1469 1723 fecit
1501 1661 1702 1745 (Apoc.
1744 1677 1795 1734 1,
1834 1662 1932 1744 6):
1977 1683 2109 1723 cum
2157 1665 2227 1723 ad
2275 1667 2794 1741 peraequationem
2828 1666 3185 1742 disciplinae

564 1751 941 1810 sacerdotalis
974 1771 1380 1830 provocamur,
1415 1753 1767 1829 deponimus
1800 1753 2022 1812 infulas
2053 1759 2112 1812 et
2142 1754 2397 1829 impares
2431 1764 2703 1820 sumus.‘
2737 1756 2787 1814 si
2820 1755 2945 1814 scil.
2977 1775 3182 1815 mone-

562 1859 697 1899 mur
727 1842 973 1900 eandem
1004 1861 1069 1900 ac
1100 1843 1433 1901 sacerdotes
1453 1862 1625 1920 agere
1646 1843 1848 1912 vitam,
1881 1847 2030 1902 tunc
2047 1844 2491 1918 praetendimus
2512 1864 2620 1919 pro
2640 1845 3022 1904 excusatione
3044 1862 3182 1904 con—

563 1929 805 1987 ditionis
839 1930 1263 2005 disparitatem.
1311 1931 1518 2006 Neque
1550 1932 1721 1990 obest
1752 1945 1815 1993 e.
1850 1932 2009 2007 quod
2043 1932 2208 1991 laicis
2227 1933 2457 1992 tribuat
2476 1933 2761 1993 offerendi
2794 1930 3183 2009 potestatem;

562 2037 695 2077 nam
729 2037 848 2077 non
881 2021 1073 2079 omnis
1105 2021 1326 2080 oblatio
1359 2024 1451 2079 est
1483 2021 1855 2090 sacrificium,
1888 2023 1960 2079 ut
1990 2022 2255 2080 ostendit
2286 2022 2656 2082 Petavius
2690 2022 2762 2081 de
2794 2026 3012 2099 potest.
3045 2041 3187 2083 con-

561 2126 703 2170 secr.
736 2125 783 2169 c.
825 2119 847 2169 1
890 2127 936 2167 s.
998 2110 1078 2168 cf.
1111 2109 1183 2168 de
1214 2110 1360 2169 hier.
1391 2110 1531 2170 eccl.
1563 2109 1668 2180 III,
1705 2118 1759 2171 3.
1822 2109 1975 2167 Vero
2020 2110 2221 2185 aliquo
2266 2128 2451 2170 sensu
2497 2107 2552 2174 f.
2601 2111 2967 2187 dicipotest,
3016 2113 3186 2171 diffe-

560 2195 816 2254 rentiam
845 2198 1003 2256 inter
1034 2199 1275 2257 clericos
1308 2204 1369 2257 et
1398 2198 1629 2274 plebem
1661 2198 2047 2257 constituisse
2078 2199 2371 2259 Ecclesiae
2400 2200 2839 2272 auctoritatem,
2890 2202 3186 2260 incolumi

560 2287 838 2343 manente
883 2288 1012 2362 ejus
1057 2288 1286 2364 origine
1331 2287 1549 2356 divina,
1597 2290 1893 2362 quatenus
1941 2287 2066 2346 scil.
2099 2288 2388 2348 Ecclesiae
2431 2293 2523 2348 est
2554 2291 2927 2349 voluntatem
2960 2291 3189 2349 Christi

561 2375 820 2451 exsequi,
872 2376 1114 2435 clericos
1151 2376 1389 2453 eligere,
1423 2377 1638 2435 electos
1682 2377 2046 2436 constituere
2086 2381 2146 2436 et
2188 2377 2483 2448 ordinare,
2532 2384 2594 2437 et
2641 2383 2946 2438 externam
2998 2380 3188 2454 hujus

562 2463 923 2523 discriminis
954 2466 1208 2541 speciem
1243 2469 1305 2524 et
1335 2465 1539 2524 faciem
1573 2465 1836 2529 definire.

739 2586 886 2652 547.
921 2585 1218 2653 Lemma
1249 2586 1347 2654 Π.
1411 2585 1610 2648 Porro
1661 2583 1950 2649 Christus
1999 2583 2217 2662 voluit,
2270 2592 2341 2649 ut
2383 2593 2559 2651 certo
2607 2588 3008 2670 solemnique
3064 2589 3179 2651 ritu

560 2689 772 2753 clerici
803 2692 1347 2758 constituerentur
1378 2697 1442 2756 et
1472 2698 1960 2757 secernerentur
1992 2712 2031 2756 a
2062 2694 2256 2757 laicis.
2303 2692 2475 2758 Sane
2507 2694 2570 2758 id
2602 2700 2875 2759 testatur
2906 2713 3045 2758 non
3077 2714 3187 2759 so-

561 2796 694 2859 lum
726 2798 944 2878 praxis
977 2797 1298 2862 Ecclesiae
1331 2800 1614 2862 omnium
1648 2800 2011 2863 seculorum
2045 2807 2477 2884 coetuumque
2529 2800 2939 2868 orientalium
2971 2803 3187 2865 schis-

560 2902 963 2979 maticorum,
1008 2905 1123 2968 sed
1167 2905 1360 2969 etiam
1405 2906 1622 2985 praxis
1669 2905 2115 2986 apostolorum
2161 2907 2246 2992 (n.
2281 2908 2457 2995 549),
2503 2908 2693 2991 idque
2745 2909 3006 2989 exigunt
3040 2910 3188 2990 ipsa

560 3008 883 3074 Ecclesiae
914 3009 1245 3075 visibilitas
1278 3019 1342 3075 et
1371 3011 1466 3074 rei
1497 3017 1746 3086 natura,
1780 3029 1927 3075 cum
1960 3013 2172 3078 clerici
2202 3031 2413 3095 neque
2445 3021 2798 3080 nascantur
2828 3033 3043 3097 neque
3083 3016 3188 3078 di-

561 3114 797 3179 vinitus
829 3116 1271 3197 designentur:
1316 3116 1486 3182 idem
1517 3119 1750 3182 suadet
1783 3125 1848 3183 et
1878 3119 2178 3199 analogia
2227 3138 2375 3183 cum
2408 3122 2636 3202 quavis
2668 3122 2997 3196 societate,
3030 3141 3188 3203 spe-

560 3221 777 3284 ciatim
810 3238 957 3285 cum
989 3223 1301 3289 societate
1347 3225 1534 3301 civili,
1583 3243 1750 3308 quae
1798 3245 1950 3289 suos
2002 3226 2331 3291 ministros
2379 3228 2608 3291 visibili
2641 3229 2936 3309 designat
2966 3229 3185 3292 modo,

559 3326 772 3406 Quare
805 3326 1204 3409 Synesius
1258 3330 1339 3394 ab
1375 3331 1632 3395 olbiatis
1663 3333 1729 3395 in
1762 3333 2136 3413 episcopum
2171 3334 2411 3398 electus
2444 3334 2528 3398 ad
2558 3334 2983 3417 Theophilum
3016 3335 3186 3399 alex,

560 3453 655 3515 ep.
692 3440 775 3504 76
808 3435 1059 3499 scribit:
1130 3436 1307 3510 ,Uno
1356 3438 1567 3503 adhuc
1616 3457 1778 3519 opus
1826 3446 1939 3514 est,
1991 3441 2164 3522 quod
2198 3448 2416 3505 tamen
2446 3442 2865 3524 praecipuum
2899 3449 3013 3517 est,
3046 3443 3183 3504 scil.

559 3557 746 3604 sacra
780 3549 890 3604 tua
924 3560 1151 3618 manu3
1203 3562 1282 3607 ea
1313 3546 1570 3626 quidem
1605 3544 1888 3611 olbiatae
1922 3564 2084 3627 opus
2118 3547 2377 3615 habent.
2412 3565 2530 3628 ego
2565 3557 2783 3613 autem
2817 3549 3173 3630 precibus«

556 3648 700 3712 Jam
732 3666 886 3712 vero
918 3648 997 3713 de
1029 3650 1154 3713 hoc
1186 3652 1308 3714 ritu
1341 3650 1571 3715 visibili
1603 3659 1701 3717 est
1731 3654 2171 3717 controversia
2190 3673 2337 3716 cum
2357 3656 2884 3735 protestantihuS,
2918 3674 3073 3719 num
3095 3655 3183 3719 sit

557 3762 1051 3819 sacramentum.

735 3901 881 3967 548.
915 3898 1170 3966 Thesls
1213 3896 1460 3968 CCLV.
1499 3922 1733 3983 Rau-s,
1759 3924 1881 3988 qui
1907 3925 2079 3978 ordo
2104 3925 2211 3977 vel
2237 3926 2594 3979 ordinatio
2629 3886 2771 3980 dccl
2805 3929 3183 3991 consuet-it,

556 4012 622 4061 et
640 4022 774 4075 quo
796 4008 1069 4062 Christo
1088 4015 1374 4063 auctore
1394 4010 1631 4063 clerici
1649 4012 1898 4065 saltem
1923 4015 2234 4076 potiores
2254 4016 2781 4068 constituuntur
2815 4023 2878 4069 ec
2907 4031 2954 4069 a
2973 4017 3182 4070 luicis
3239 4021 3244 4026 '

553 4101 1038 4162 secernuntur,
1075 4113 1321 4152 verum
1351 4103 1870 4166 propriumque
1909 4102 1990 4153 N.
2031 4104 2235 4167 Levis
2269 4107 2368 4161 est
2404 4109 2962 4159 sacramentum.

778 4309 812 4375 ι)
841 4305 921 4358 De
951 4305 1314 4376 monogamia
1340 4324 1386 4360 c.
1414 4312 1463 4363 7.
1515 4307 1835 4361 Abundant
1872 4307 2001 4362 libri
2030 4326 2063 4361 a
2090 4309 2474 4365 Tertullia
2492 4329 2577 4365 uo
2620 4314 2749 4381 post
2776 4329 2950 4369 suani
2977 4312 3051 4364 ab
3081 4312 3187 4366 Ec

555 4356 727 4439 clesia,
772 4384 1149 4440 defectionem
1193 4386 1501 4457 conscripti
1542 4386 2007 4458 sophismatibus.
2060 4389 2138 4442 Ut
2177 4391 2380 4459 probet
2404 4392 2884 4446 montanistarum
2911 4408 3187 4461 errorem,

555 4463 789 4518 illicitas
815 4480 931 4518 esse
977 4465 1254 4521 secundas
1302 4467 1554 4537 nuptias,
1599 4466 1684 4519 ita
1724 4466 2018 4525 disseritl.
2045 4486 2092 4524 c.
2114 4468 2430 4538 Nuptiae
2469 4471 2617 4525 inter
2644 4472 2846 4526 fratres
2873 4476 2933 4526 et
2959 4490 3185 4528 sorores

557 4544 693 4597 sunt
716 4560 947 4614 prorsus
972 4543 1228 4600 illicitae.
1280 4546 1462 4614 Atqui
1488 4546 1791 4601 christiani
1831 4550 1966 4601 sunt
2003 4547 2152 4604 inter
2193 4565 2248 4603 se
2277 4551 2481 4605 fratres
2508 4554 2566 4605 et
2590 4568 2823 4607 sorores.
2875 4552 3026 4623 Ergo
3054 4567 3185 4616 etc„

556 4640 673 4677 non
697 4621 1174 4690 animadverteuS,
1201 4626 1249 4679 si
1277 4626 1367 4680 vel
1395 4628 1594 4682 umbra
1622 4626 1977 4697 probationis
2011 4628 2149 4683 huic
2190 4628 2402 4684 inesset
2439 4634 2793 4702 argumento,
2833 4630 2969 4686 inde
2996 4634 3181 4701 sequi.

557 4722 723 4761 omne
749 4706 1180 4761 matrimonium
1208 4707 1357 4763 inter
1383 4708 1726 4764 christianos
1751 4726 1868 4763 esse
1895 4709 2185 4765 illicitum.
2215 4711 2295 4766 De
2322 4712 2681 4778 difficultate,
2709 4731 2883 4782 quarn
2900 4714 2963 4767 in
2979 4718 3180 4767 annot.

555 4787 627 4840 ad
655 4784 956 4841 Irenaei
983 4787 1059 4840 1v
1065 4829 1077 4852 ‚
1102 4793 1154 4841 8.
1181 4787 1255 4840 al.
1284 4796 1424 4846 2011.
1455 4796 1488 4843 3
1516 4792 1685 4859 urget
1724 4789 2067 4855 Grabius,
2106 4792 2176 4845 cf.
2219 4791 2551 4846 Massuet
2590 4793 2812 4847 dissert.
2853 4801 2886 4849 3
2927 4794 2990 4847 in
3030 4794 3179 4848 Iren.
