3538 5364
582 192 715 258 534
1031 183 1215 240 Tract.
1244 182 1339 236 IX.
1366 185 1435 236 de
1463 182 1679 237 ordine.
1707 181 1788 236 De
1817 181 2278 236 ordinationibus
2304 182 2742 235 haereticorum.

581 365 997 448 presbyteros
1030 383 1110 430 ea
1141 365 1207 428 in
1238 370 1619 445 perpetuum
1649 364 1924 445 privare,
1960 369 2024 428 et
2057 380 2256 444 quare
2288 379 2421 426 non
2440 368 2668 443 posset
2687 363 3029 445 episcopos
3049 364 3208 428 hae-

578 472 834 549 reticoS,
869 470 1316 536 schismaticos
1349 477 1465 536 etc.
1499 488 1579 535 ea
1610 470 1888 551 privare,
1924 469 2090 533 sicut
2122 487 2234 533 eos
2266 469 2474 550 privat
2501 469 2945 551 jurisdictione
2962 473 3027 556 ¹).

760 599 909 666 563.
942 596 1461 666 corollarium.
1526 594 1625 658 De
1655 594 2160 659 ordinationibus
2190 595 2658 662 haereticorum.
2692 632 2779 644 --
2811 593 2975 658 Cum
3007 595 3071 658 vi
3101 614 3206 658 or·

579 703 928 768 dinationis
979 701 1346 767 conseratur
1393 707 1685 783 potestas
1735 700 1995 778 ordiniS,
2062 701 2487 765 ordinationis
2537 708 2755 766 autem
2806 702 3008 777 valor,
3059 721 3207 765 cum

580 827 660 874 ea
688 810 773 873 sit
803 816 1302 885 sacramentum,
1334 828 1465 872 non
1495 808 1776 890 pendeat
1807 826 1849 871 a
1882 808 2226 872 sanctitate
2273 814 2338 872 et
2380 807 2505 873 fide
2536 808 2983 873 ministrorum
3018 810 3204 894 (thes.

579 918 769 1002 212):
817 916 1257 983 ordinationes
1291 916 1500 980 factae
1546 914 1629 980 ab
1677 915 1993 997 episcopis
2038 915 2381 980 haereticis
2428 921 2492 981 et
2537 899 3206 993 schismaticiS,'dum-

579 1024 773 1087 modo
805 1030 1064 1088 servent
1095 1021 1434 1087 materiam
1468 1028 1532 1086 et
1562 1021 1839 1086 formam
1873 1022 2308 1099 essentialem,
2341 1029 2492 1087 sunt
2520 1022 2791 1087 validae.
2837 1021 3020 1102 Quae
3055 1041 3205 1088 sen·

577 1129 780 1193 tentia
810 1149 858 1193 s.
891 1130 1243 1194 Thomae
1274 1147 1446 1193 nunc
1478 1129 1742 1192 omnino
1775 1134 1875 1194 est
1906 1134 2101 1205 certa,
2140 1128 2432 1210 quamvis
2465 1146 2611 1194 earn
2644 1128 2813 1204 olim,
2834 1136 2907 1193 ut
2926 1134 3207 1193 testatur

576 1235 963 1317 Magister
1014 1236 1478 1301 sententiarum
1523 1233 1560 1298 l.
1607 1241 1651 1303 4
1696 1235 1839 1299 dist.
1889 1239 1992 1313 25,
2043 1235 2419 1317 perplexam
2468 1243 2534 1300 et
2581 1253 2745 1317 pene
2796 1234 3203 1300 insolubilem

574 1341 838 1408 fecerint
887 1343 1290 1425 quorundam
1340 1343 1678 1408 doctorum
1727 1342 1949 1407 verba.
2012 1342 2255 1408 Verum
2301 1343 2439 1424 jam
2488 1343 2553 1406 in
2603 1342 2869 1423 antiqua
2915 1341 3205 1406 Ecclesia

574 1449 930 1532 praevaluit
977 1456 1202 1514 nostra
1252 1451 1590 1528 sententia,
1641 1456 1713 1513 ut
1763 1449 2082 1531 colligitur
2127 1468 2205 1514 ex
2255 1449 2698 1513 controversia
2747 1464 2897 1512 cum
2952 1448 3203 1513 dona-

575 1556 824 1633 tistis,
868 1556 934 1619 in
981 1573 1112 1638 qua
1155 1556 1665 1637 Augustinus
1711 1575 1907 1637 saepe
1952 1556 2212 1638 respicit
2257 1557 2452 1621 etiam
2485 1555 2927 1620 ordinationes
2961 1554 3047 1618 ab
3082 1556 3203 1619 im-

573 1661 792 1743 probis
825 1661 924 1727 vel
954 1662 1293 1728 haereticis
1312 1662 1619 1727 ministris
1639 1662 1846 1728 factas
1884 1661 1983 1748 (cf.
2020 1663 2156 1744 ejus
2189 1680 2555 1728 sermonem
2588 1661 2671 1725 ad
2691 1680 2858 1727 caes,
2881 1661 3202 1727 ecclesiae

574 1768 828 1851 plebem
860 1789 921 1834 n.
956 1770 1041 1857 2),
1092 1776 1157 1834 et
1195 1788 1276 1833 ex
1325 1770 1538 1851 praxi:
1587 1788 1742 1833 nam
1793 1767 2078 1834 Ecclesia
2124 1769 2396 1833 subinde
2446 1768 2687 1849 recepit
2734 1767 3067 1831 ministros
3120 1768 3205 1831 ab

572 1876 919 1940 haereticis
949 1875 1279 1940 ordinatos
1315 1876 1380 1940 in
1399 1894 1517 1941 suo
1539 1876 1788 1953 ordine,
1823 1894 2015 1958 quem
2036 1881 2440 1958 acceperant,
2472 1882 2543 1939 ut
2574 1875 2954 1956 praesertim
2988 1875 3195 1940 dona·

572 1982 758 2046 tistas
791 1983 876 2069 (n.
899 1988 1024 2051 291
1051 1983 1153 2070 a.).
1188 1980 1275 2046 Cf.
1310 1999 1449 2045 can.
1486 1988 1524 2050 8
1560 1999 1738 2045 conc.
1778 1982 2045 2045 nicaeni.
2080 1981 2240 2044 Hinc
2273 1980 2356 2045 ad
2390 2000 2650 2047 ornnem
2685 1981 3199 2046 controversiam

572 2087 993 2154 dirimendam
1024 2088 1248 2152 statuit
1291 2085 1729 2151 Paschalis
1775 2087 1841 2150 ΙΙ.
1875 2089 1941 2150 in
1972 2105 2150 2151 conc.
2184 2086 2575 2151 lateranensi
2607 2105 2663 2150 a.
2704 2092 2911 2156 1116:
2982 2087 3198 2167 ,Quo-

570 2195 746 2259 niam
776 2196 1059 2260 Ecclesia
1090 2195 1156 2259 in
1187 2195 1403 2259 multis
1446 2194 1605 2258 locis
1651 2200 1716 2259 et
1746 2195 2028 2258 maxime
2060 2195 2126 2257 in
2162 2193 2500 2258 teutonicis
2550 2194 2842 2274 partibus
2872 2193 3199 2259 laboravit

570 2302 690 2366 sub
710 2304 967 2368 haeresi
999 2310 1062 2369 et
1092 2303 1458 2379 schismate,
1493 2308 1555 2367 et
1588 2302 1641 2365 si
1672 2301 1899 2366 omnia
1930 2300 2055 2378 illa,
2091 2319 2257 2383 quae
2296 2300 2521 2365 abillis
2539 2301 2879 2366 haereticis
2902 2309 2967 2365 et
2988 2302 3193 2365 schis-

568 2409 820 2474 maticis
870 2410 1171 2474 ordinata
1220 2415 1385 2487 sunt,
1438 2409 1754 2473 annullari
1805 2408 2132 2485 deberent,
2184 2409 2504 2491 quaedam
2556 2408 2865 2474 ecclesiae
2929 2410 3197 2473 omnino

567 2516 797 2580 nudari
825 2516 1198 2582 viderentur
1228 2516 1362 2580 suis
1396 2515 1675 2590 clericis;
1723 2533 1847 2579 nos
1879 2521 2225 2597 sequentes
2257 2515 2519 2580 decreta
2550 2533 2630 2578 ss.
2664 2520 2928 2596 patrum
2962 2514 3045 2579 de
3077 2515 3193 2584 his,

568 2623 679 2705 qui
710 2623 829 2688 sub
863 2623 1098 2689 Acacio
1133 2630 1197 2688 et
1227 2623 1485 2688 Bonoso
1519 2630 1584 2688 et
1614 2622 1955 2687 donatistis
1990 2622 2270 2688 ordinati
2301 2629 2467 2699 sunt,
2500 2629 2868 2688 statuentes
2902 2623 3192 2689 decrevi-

566 2749 726 2808 mus,
759 2737 830 2795 ut
862 2733 1160 2815 episcopi,
1212 2732 1320 2812 qui
1369 2730 1487 2795 sub
1539 2730 1662 2794 isto
1715 2732 2061 2795 schismate
2114 2730 2393 2794 ordinati
2442 2738 2611 2805 sunt,
2661 2748 2887 2795 omnes
2939 2732 3008 2795 in
3059 2732 3193 2795 suis

566 2837 918 2901 honoribus
949 2846 1389 2921 permaneant,
1422 2838 1542 2902 nisi
1574 2838 1702 2902 sint
1733 2839 2073 2903 invasores
2105 2844 2219 2903 aut
2249 2836 2593 2901 criminosi.
2642 2836 2734 2902 De
2768 2838 3002 2903 ceteris
3035 2858 3188 2903 vero

566 2943 894 3007 ordinibus
914 2963 1112 3026 penes
1132 2946 1469 3028 episcopos
1504 2950 1793 3026 potestas
1811 2945 1910 3021 sit,
1941 2951 2034 3021 ut,
2055 2963 2330 3025 quorum
2349 2945 2483 3009 vita
2503 2943 2855 3025 probabilis
2877 2944 3188 3019 videatur,

565 3050 628 3112 in
663 3069 780 3114 suo
814 3051 1014 3131 gradu
1047 3051 1455 3115 consistant«

743 3178 939 3237 Etiam
969 3182 1490 3258 Hieronymus
1537 3182 1600 3240 in
1633 3182 1773 3240 dial.
1806 3181 1934 3244 adv.
1968 3182 2128 3246 lucif.
2161 3202 2217 3243 n.
2257 3181 2604 3244 ll-scribit:
2659 3182 2764 3251 ,si
2810 3182 2875 3241 in
2922 3182 3036 3241 fide
3084 3202 3189 3241 sua

565 3266 862 3340 baptizato
895 3269 1198 3344 baptizans
1228 3289 1436 3330 nocere
1468 3290 1589 3329 non
1622 3271 1845 3347 potuit,
1892 3273 1954 3329 et
1997 3271 2062 3329 in
2106 3270 2220 3329 fide
2253 3289 2362 3329 sua
2392 3270 2756 3330 sacerdotem
2789 3272 3182 3331 constitutum

785 3440 822 3508 ¹)
850 3438 932 3492 Cf.
961 3457 1115 3494 conc.
1144 3441 1277 3496 trid.
1305 3457 1434 3498 sess.
1458 3448 1526 3498 23
1545 3458 1669 3511 cap.
1690 3450 1753 3501 4;
1782 3457 1906 3495 can.
1933 3443 1967 3496 7
1994 3443 2070 3513 (n.
2099 3443 2267 3511 558⁸).
2294 3440 2377 3495 Cf.
2404 3440 2447 3494 P
2465 3457 2495 3495 e
2512 3443 2585 3494 ta
2602 3440 2728 3494 viu
2745 3458 2770 3494 s
2798 3442 2868 3495 de
2890 3443 3027 3497 eccl.
3046 3443 3187 3495 hier·

562 3519 759 3573 archia
783 3519 819 3574 1.
849 3525 881 3574 2
906 3536 952 3574 c.
981 3527 1029 3577 9.
1057 3521 1219 3586 Quod
1235 3522 1447 3577 attinet
1462 3521 1937 3576 subdiaconatum
1953 3523 2128 3589 atque
2151 3521 2377 3575 ordines
2399 3521 2661 3585 minores,
2682 3525 2876 3593 potest
2893 3524 3192 3591 presbyter

562 3601 786 3655 eosdem
808 3619 876 3656 ex
897 3601 1118 3656 romani
1139 3602 1428 3673 pontificis
1447 3602 1810 3656 concessione
1832 3603 2103 3656 conferre.
2132 3601 2530 3656 Controversia
2550 3604 2638 3655 est
2653 3603 2722 3657 de
2750 3602 2787 3655 d
2803 3601 2825 3655 i
2841 3618 2874 3655 a
2891 3619 2920 3656 c
2938 3619 2971 3656 o
2989 3620 3027 3654 n
3043 3619 3078 3655 a
3094 3605 3119 3655 t
3135 3620 3186 3665 u,

563 3698 710 3748 quae
737 3682 1022 3751 dirempta
1051 3684 1195 3736 forte
1222 3683 1437 3737 censeri
1463 3685 1656 3753 posset
1680 3683 1841 3736 bulla
1867 3682 2195 3737 Innocentii
2226 3681 2370 3736 Vm.
2399 3699 2448 3735 a.
2481 3688 2635 3746 1489,
2681 3699 2796 3751 qua
2839 3682 3184 3751 quibusdam

561 3760 867 3816 abbatibus
892 3779 934 3815 s.
963 3764 1082 3817 ord.
1110 3762 1246 3817 cist.
1273 3763 1644 3833 privilegium
1672 3761 1937 3816 concedit
1963 3761 2270 3817 ordinandi
2295 3762 2584 3828 diaconos,
2605 3763 2651 3817 si
2670 3778 2736 3816 ea
2754 3765 2900 3817 esset
2914 3763 3186 3833 genuina.

563 3839 992 3895 Genuinitatem
1020 3841 1253 3911 quidem
1280 3844 1486 3911 probat
1511 3842 1603 3896 Pa
1620 3843 1707 3896 nh
1726 3848 1757 3896 ὃ
1777 3842 1797 3895 1
1814 3842 1878 3895 zl
1914 3841 1977 3894 in
2005 3840 2247 3895 Studien
2275 3842 2394 3896 und
2422 3842 2699 3897 Mittheil.
2726 3859 2829 3896 aus
2856 3841 2987 3896 dem
3016 3842 3188 3896 Bene-

546 3920 825 3976 «dictiner-
851 3923 971 3977 und
995 3921 1602 3977 Cistercienser·Orden
1637 3928 1778 3980 1884
1806 3923 1847 3988 1,
1875 3930 1973 3979 441
2005 3941 2076 3979 ss.
2128 3923 2212 3978 Cf.
2253 3923 2428 3977 etiam
2472 3923 2589 3977 We
2608 3942 2643 3977 x
2686 3923 2737 3978 S.
2765 3923 2816 3978 J.
2845 3923 2905 3976 in
2936 3925 3188 3994 epitome

561 4019 761 4059 canon.
788 4024 843 4074 p.
871 4005 937 4060 IL
967 4006 1216 4060 controv,
1245 4010 1294 4058 2.
1346 4002 1478 4057 Non
1505 4003 1714 4057 desunt
1757 4006 1951 4056 tamen
1999 4000 2103 4071 qui
2146 4002 2523 4073 suspicentur,
2563 4003 2921 4073 pontificiam
2964 4020 3187 4057 conces·

562 4082 775 4137 sionem
805 4084 980 4138 fuisse
1008 4084 1416 4154 interpolatam
1444 4083 1597 4151 quod
1624 4082 1840 4137 attinet
1864 4083 1899 4136 d
1917 4082 1985 4136 ia
2003 4101 2032 4136 c
2049 4101 2080 4137 o
2098 4101 2136 4135 n
2152 4086 2280 4137 atu
2297 4101 2322 4137 s
2348 4083 2710 4139 vocabulum.
2751 4082 2870 4137 Alii
2898 4100 3033 4138 vero
3061 4101 3188 4138 con·

561 4179 714 4216 cessa
741 4163 1038 4235 privilegii
1064 4164 1426 4233 genuinitate
1454 4166 1707 4228 tuentur,
1735 4163 2131 4232 quaestionem
2159 4180 2224 4218 eo
2244 4165 2627 4234 peremptorie
2655 4182 2769 4219 non
2796 4180 2916 4218 esse
2941 4163 3189 4236 diremp-

563 4244 697 4306 tam,
722 4242 987 4311 nihilque
1015 4243 1316 4315 prohibere
1343 4245 1653 4313 quominus
1697 4243 1945 4309 dicatur,
1989 4244 2320 4312 pontificem
2366 4245 2428 4297 in
2472 4244 2832 4299 concedendo
2874 4243 3186 4315 privilegio

561 4323 818 4375 secutum
848 4339 964 4377 esse
991 4324 1320 4393 opinionem
1350 4323 1722 4395 probabilem,
1752 4342 1900 4392 quae
1929 4325 2071 4378 falsa
2098 4342 2215 4378 esse
2243 4325 2439 4395 possit.
2487 4327 2569 4378 Ita
2595 4324 2640 4378 B
2656 4324 2726 4378 al
2745 4325 2811 4378 le
2828 4324 2891 4378 ri
2908 4343 2946 4377 n
2963 4324 3018 4377 i·
3038 4324 3080 4377 P
3097 4342 3129 4378 a
3146 4326 3185 4379 l-

563 4399 797 4465 mieri,
825 4402 867 4454 P
885 4418 913 4455 e
932 4404 1053 4456 sch
1082 4403 1203 4457 VII.
1232 4423 1286 4458 n.
1315 4411 1420 4463 667
1446 4423 1514 4458 ss.
1565 4404 1648 4459 Cf.
1677 4404 1812 4457 Pin
1833 4422 1858 4457 s
1900 4420 1933 4457 a
1960 4404 2242 4475 Lingonio
2287 4405 2347 4462 Ο,
2378 4404 2516 4458 Min.
2544 4406 2679 4473 Cap.
2721 4405 2790 4458 de
2833 4404 2994 4458 bulla
3020 4404 3182 4458 Inno-

560 4480 827 4534 centiana
848 4498 945 4534 seu
977 4483 1045 4537 de
1062 4484 1343 4553 potestate
1374 4501 1555 4555 papae
1585 4483 1982 4538 committendi
2014 4484 2266 4554 simplici
2292 4485 2621 4555 presbytero
2657 4483 3107 4539 subdiaconatus
3127 4488 3183 4538 et

561 4560 897 4616 diaconatus
941 4562 1305 4618 collationem
1346 4565 1477 4619 diss.
1519 4564 1653 4618 hist.
1683 4564 1874 4629 theol.,
1901 4563 2110 4618 Romae
2142 4570 2295 4629 1901,
2338 4565 2438 4633 qui
2474 4566 2669 4618 tuetur
2697 4563 2889 4619 bullae
2918 4564 3179 4633 genuini·

561 4644 757 4695 tatem.
