3538 5364
1120 283 1370 351 potestas
1396 282 1745 336 concedendi
1772 281 2176 350 indulgentias.
2823 291 2957 353 5οῖ

336 468 524 526 timor
555 467 789 525 Domini
821 467 1141 543 compellit,
1188 468 1494 526 fortissimi
1524 487 1590 526 ac
1620 467 1947 527 beatissimi
1981 468 2208 536 fratres,
2258 467 2568 526 admonere
2612 486 2715 526 vos
2760 467 2957 526 literis

338 556 582 626 nostriS‚
616 560 687 615 ut
717 577 750 614 a
780 556 1000 632 quibus
1034 563 1153 615 tam
1186 557 1394 615 devote
1425 560 1488 615 et
1516 557 1749 616 fortiter
1768 561 2041 617 servatur
2059 557 2203 615 fides
2228 556 2476 625 Domini,
2510 557 2583 614 ab
2617 557 2824 616 iisdem
2860 557 2955 615 lex

340 664 577 720 quoque
608 649 671 703 et
700 646 1014 721 disciplina
1035 646 1269 704 Domini
1300 650 1654 704 reservetur.
1685 647 1837 704 Nam
1870 664 2003 704 cum
2036 665 2239 705 omnes
2271 646 2492 704 milites
2514 646 2728 703 Christi
2761 653 2955 704 custo-

340 735 465 792 dire
497 739 767 810 oporteat
796 739 1108 810 praecepta
1138 735 1513 810 imperatoris
1561 735 1678 804 sui,
1726 740 1861 794 tum
1909 755 2011 794 vos
2059 735 2245 811 magis
2290 735 2618 811 praeceptis
2666 737 2794 810 ejus
2846 736 2950 793 ob-

337 827 666 898 temperare
698 824 837 898 plus
870 824 1162 890 convenit,
1198 824 1302 898 qui
1323 825 1658 897 exemplum
1678 825 1892 884 ceteris
1913 826 2051 883 sacti
2083 825 2227 883 estis
2261 828 2323 882 et
2354 824 2597 882 virtutis
2630 826 2690 881 et
2721 824 2959 882 timoris

340 912 465 970 Dei.
525 913 602 971 Et
633 912 992 971 credideram
1023 913 1264 988 quidem
1295 913 1674 988 presbyteros
1707 921 1766 973 et
1798 914 2088 985 diaconos
2124 913 2230 989 qui
2262 914 2386 971 illic
2417 916 2758 988 praesentes
2792 919 2952 981 sunt,

340 1019 577 1060 monere
609 1020 710 1060 vos
743 1006 804 1060 et
834 1002 1132 1060 instruere
1152 998 1498 1077 plenissime
1530 1003 1683 1061 circa
1704 1004 2015 1080 Evangelii
2035 1003 2244 1081 legem,
2281 1002 2436 1060 sicut
2468 1003 2529 1059 in
2560 1002 2955 1077 praeteritum

340 1107 573 1166 semper
602 1091 714 1149 sub
746 1092 1219 1152 antecessoribus
1262 1092 1482 1151 factum
1535 1095 1641 1162 est,
1693 1097 1766 1150 ut
1814 1092 2044 1151 diaconi
2097 1093 2167 1150 ad
2219 1110 2512 1150 carcerem
2558 1095 2961 1149 commeantes

337 1183 666 1255 martyrum
700 1179 989 1239 desideria
1018 1180 1285 1239 consiliis
1318 1181 1445 1239 suis
1477 1185 1539 1239 et
1558 1180 1998 1257 scripturarum
2032 1181 2360 1257 praeceptis
2389 1180 2809 1257 gubernarent.
2843 1181 2951 1240 Sed

335 1287 496 1326 nunc
528 1287 658 1327 cum
694 1270 946 1328 maximo
978 1270 1159 1327 animi
1191 1270 1391 1329 dolore
1422 1288 1727 1347 cognosco,
1775 1290 1893 1328 non
1934 1275 2171 1329 tantum
2203 1270 2327 1329 illic
2358 1270 2525 1328 vobis
2558 1288 2675 1327 non
2709 1269 2950 1346 suggeri

336 1357 541 1416 divina
568 1362 898 1433 praecepta,
947 1359 1051 1416 sed
1095 1358 1287 1417 adhuc
1331 1360 1532 1435 potius
1576 1360 1850 1435 impediri
1883 1364 2033 1420 etc.‘
2099 1359 2387 1428 Quocirca
2429 1358 2578 1417 bene
2623 1366 2819 1432 sperat
2864 1376 2959 1434 ep.

347 1456 419 1508 12
456 1465 513 1505 n.
557 1459 576 1509 1
620 1451 682 1504 et
725 1466 815 1521 ep.
859 1458 956 1518 13,
998 1449 1196 1524 lapsos
1243 1449 1641 1516 moribundos
1689 1450 1794 1524 qui
1841 1450 2107 1508 nondum
2153 1449 2446 1525 integram
2493 1448 2953 1523 adimpleverint

336 1536 776 1611 poenitentiam,
809 1537 1029 1595 libellis
1068 1540 1395 1613 martyrum
1432 1537 1631 1613 ,apud
1665 1539 1853 1596 Deum
1888 1539 2155 1614 adjuvari
2186 1557 2355 1614 posse
2389 1583 2402 1596 .
2436 1582 2448 1596 .
2483 1582 2496 1595 .
2542 1542 2613 1595 ut
2642 1556 2820 1595 manu
2866 1537 2953 1594 eis

335 1623 400 1682 in
431 1626 858 1701 poenitentiam
892 1626 1190 1702 imposita,
1225 1627 1470 1685 veniant
1498 1627 1572 1684 ad
1606 1628 1922 1686 Dominum
1956 1647 2089 1685 cum
2121 1647 2280 1702 pace.
2315 1646 2491 1702 quam
2515 1626 2641 1684 dari
2663 1632 2957 1702 martyres

334 1713 524 1773 literis
558 1714 630 1773 ad
662 1733 769 1773 nos
800 1714 970 1773 sactis
1002 1715 1544 1774 desideraverunt.‘
1606 1716 1769 1775 Idem
1812 1717 2118 1793 colligitur
2150 1735 2217 1774 ex
2250 1716 2751 1774 Tertulliano
2784 1734 2953 1772 mon-

333 1803 572 1875 tanista,
620 1804 724 1878 qni
756 1823 882 1862 eam
918 1804 1403 1863 consuetudinem
1438 1805 1848 1880 reprehendit;
1896 1805 2209 1864 manifesto
2242 1806 2400 1863 enim
2433 1805 2720 1880 supponit
2751 1804 2950 1863 catho-

332 1892 479 1951 licos
522 1893 852 1964 credidisse,
903 1893 1342 1970 indulgentiam
1392 1913 1522 1952 esse
1570 1894 1829 1953 validam
1880 1895 1941 1953 in
1990 1896 2122 1970 ipso
2174 1894 2300 1953 foro
2353 1894 2573 1952 divino,
2640 1893 2961 1962 ,Sufficiat

332 1983 601 2058 martyri,
633 1982 721 2040 ita
750 1982 853 2040 ille
886 1982 922 2040 l.
958 2001 1020 2051 c.,
1055 1983 1292 2058 propria
1322 1982 1538 2042 delicta
1567 2002 1876 2061 purgasse.
1924 1984 2152 2060 Ingrati
2186 1984 2278 2042 vel
2311 1984 2554 2059 superbi
2586 1989 2680 2041 est
2711 1984 2773 2040 in
2806 1983 2957 2041 alios

334 2089 572 2147 quoque
604 2090 897 2148 spargere,
944 2073 1102 2146 quod
1153 2090 1257 2146 pro
1306 2091 1519 2148 magno
1565 2073 1748 2131 fuerit
1779 2076 2148 2131 consecutus
2216 2072 2357 2140 Quis
2404 2073 2655 2131 alienam
2701 2075 2957 2130 mortem

339 2179 445 2218 sua
475 2160 658 2219 solvit
687 2160 805 2219 nisi
839 2160 942 2218 Dei
975 2160 1202 2219 Filius?
1236 2205 1249 2219 .
1283 2207 1295 2219 .
1330 2205 1343 2219 .
1389 2162 1642 2220 Proinde
1687 2162 1793 2237 qui
1839 2163 2012 2220 illum
2059 2161 2375 2220 aemularis
2409 2161 2681 2220 donando
2714 2161 2957 2226 delicta,

339 2249 386 2306 si
425 2250 576 2308 nihil
609 2250 733 2325 ipse
764 2249 1093 2324 deliquisti,
1140 2255 1340 2325 patere
1374 2269 1479 2326 pro
1511 2269 1620 2313 me.
1685 2252 1741 2310 Si
1792 2271 1928 2310 vero
1974 2255 2243 2326 peccator
2288 2269 2368 2321 eS,
2415 2250 2706 2325 quomodo
2755 2251 2949 2307 oleum

337 2340 558 2397 faculae
589 2344 730 2398 tuae
763 2339 1029 2398 sufficere
1060 2343 1122 2396 et
1152 2339 1267 2397 tibi
1300 2343 1360 2396 et
1390 2339 1536 2397 mihi
1569 2341 1868 2415 poterit?‘

514 2461 583 2525 g.
619 2441 904 2523 Denique
936 2441 1250 2505 relaxatio
1284 2441 1366 2505 ob
1400 2449 1759 2523 martyrum
1795 2441 2320 2507 intercessionem
2353 2441 2547 2522 lapsis
2581 2441 2823 2504 donata
2853 2442 2956 2502 vi-

330 2550 522 2613 detur
551 2565 864 2613 concessa
894 2567 1023 2612 non
1057 2549 1196 2611 sine
1227 2548 1754 2625 satisfactionum,
1777 2549 2007 2631 quibus
2028 2548 2451 2612 abundabant
2470 2554 2806 2629 martyreS,
2838 2547 2956 2610 de-

330 2656 647 2720 rivatione
679 2655 744 2719 in
776 2673 906 2731 eOS,
939 2655 1046 2738 qui
1077 2653 1197 2719 illis
1228 2655 1617 2737 indigebant,
1651 2662 1723 2721 ut
1743 2663 2096 2738 martyrum
2118 2654 2352 2719 divitiis
2373 2653 2555 2719 ditati
2577 2654 2831 2718 divinae
2841 2654 2946 2735 ju-

331 2764 546 2828 stitiae
577 2769 842 2843 possent
874 2762 1204 2827 exsolvere
1238 2763 1409 2845 quod
1440 2764 1559 2844 ipsi
1592 2761 1919 2827 deberent.

518 2874 641 2933 Hoc
689 2874 939 2932 innuere
989 2875 1271 2932 videntur
1319 2875 1499 2933 verba
1541 2875 2026 2933 Tertulliani
2079 2875 2254 2933 modo
2304 2875 2510 2941 allata:
2562 2876 2728 2949 patet
2776 2873 2957 2930 etiam

336 2983 404 3021 ex
451 2981 537 3033 e0,
586 2962 745 3038 quod
790 2968 1121 3039 martyrum
1165 2964 1510 3023 intercessio
1540 2965 1661 3023 vim
1693 2969 1874 3039 atque
1906 2964 2225 3022 efficaciam
2257 2964 2330 3022 ab
2363 2982 2568 3022 eorum
2600 2966 2787 3020 morte
2820 2981 2951 3020 mu-

335 3052 649 3123 tuabatur3
716 3052 856 3111 hinc
919 3072 963 3115 s,
1016 3053 1451 3129 Cyprianus
1511 3054 1887 3129 presbyteros
1936 3053 2319 3129 reprehendit
2367 3072 2456 3128 ep.
2510 3062 2565 3122 9,
2617 3052 2720 3127 qui
2775 3057 2955 3118 ‚ante

332 3142 533 3216 ipsum
564 3160 747 3216 paene
768 3145 1098 3217 martyrum
1117 3154 1464 3200 excessnm‘
1500 3142 2065 3201 communicaverint
2096 3161 2229 3201 cum
2264 3143 2456 3217 lapsiS,
2488 3159 2637 3217 quos
2670 3140 2762 3198 illi
2793 3158 2952 3199 com-

334 3228 790 3301 mendaverant3
838 3234 899 3290 et
944 3231 1350 3290 Celerinus
1390 3252 1422 3289 a
1454 3231 1890 3290 confessoribus
1923 3231 2478 3308 carthaginensibus
2510 3248 2711 3306 pacem
2745 3235 2955 3304 petens

333 3337 444 3395 pro
476 3320 783 3379 sororibus
815 3320 998 3395 lapsis
1031 3321 1189 3379 inter
1219 3320 1333 3379 alia
1365 3321 1574 3379 scribit
1603 3320 1863 3379 Luciano
1909 3319 1973 3378 in
2018 3340 2107 3396 ep.
2155 3321 2251 3381 cit.
2285 3340 2341 3378 n.
2379 3330 2447 3383 3:
2497 3320 2702 3394 ,Rogo
2747 3319 2955 3393 itaque

336 3409 591 3478 domine,
626 3414 688 3466 et
720 3413 855 3484 peto
887 3428 992 3485 per
1011 3409 1328 3468 Dominum
1349 3410 1420 3470 N,
1439 3409 1496 3472 J.
1517 3410 1832 3481 Christum,
1868 3414 1939 3467 ut
1969 3408 2177 3467 ceteris
2211 3409 2454 3485 collegis
2487 3410 2628 3475 tuis,
2661 3408 2952 3467 fratribus

336 3498 482 3568 tuis,
515 3498 662 3555 meis
681 3498 936 3556 dominis
955 3499 1172 3557 referas
1192 3502 1253 3557 et
1284 3499 1357 3557 ab
1388 3498 1475 3557 eis
1494 3502 1680 3575 petas,
1715 3502 1787 3557 ut
1807 3499 1982 3573 quicu
1992 3518 2147 3573 nque
2167 3498 2330 3574 prior
2348 3502 2614 3557 vestrum
2637 3501 2959 3556 coronatus

333 3588 534 3657 fuerit,
583 3586 716 3644 istis
763 3587 1065 3646 sororibus
1111 3588 1334 3646 nostris
1365 3588 1682 3646 Numeriae
1719 3590 1782 3646 et
1814 3588 2101 3646 Candidae
2134 3589 2253 3646 tale
2284 3590 2590 3663 peccatum
2624 3587 2955 3645 remittat<

337 3711 425 3720 -—
457 3676 847 3735 Lucienus
881 3696 1017 3735 vero
1051 3696 1139 3751 ep.
1177 3687 1248 3739 21
1289 3676 1655 3752 respondens
1689 3676 1761 3736 de
1795 3677 1976 3735 Paulo
2009 3683 2270 3753 martyre
2302 3677 2510 3734 refert:
2561 3676 2747 3743 ,Cum
2779 3675 2955 3732 bene·

339 3766 537 3824 dictus
558 3770 789 3841 martyr
807 3766 1029 3823 Paulus
1049 3767 1241 3824 adhuc
1260 3766 1326 3824 in
1346 3784 1584 3841 corpore
1604 3769 1777 3836 esset,
1810 3766 2045 3824 vocavit
2077 3786 2168 3825 me
2200 3770 2261 3824 et
2290 3765 2444 3823 dixit
2471 3765 2647 3822 mihi:
2684 3764 2959 3832 Luciane,

337 3872 533 3913 coram
566 3853 800 3913 Christo
831 3855 942 3912 tibi
987 3854 1135 3923 dieo,
1185 3858 1255 3912 ut
1300 3855 1350 3913 si
1397 3855 1532 3929 quis
1577 3858 1755 3931 post
1802 3855 2240 3913 arcessitionem
2278 3850 2342 3936 (i.
2376 3873 2424 3912 e.
2459 3849 2732 3935 mortem)
2767 3872 2957 3910 meam

337 3943 442 4001 abs
476 3947 536 4001 te
565 3960 770 4018 pacem
804 3943 1058 4020 petierit,
1093 3944 1195 4002 des
1228 3944 1289 4001 in
1321 3944 1559 4002 nomine
1592 3953 1781 4006 me0.‘
1846 3944 2055 4019 Neque
2087 3945 2337 4003 obscure
2370 3942 2742 4019 significatur
2772 3942 2833 3999 in
2866 3962 2956 4017 ep.

338 4031 474 4092 eccl.
505 4032 1028 4109 lugdunensis
1063 4035 1124 4089 et
1156 4032 1616 4092 viennensis
1648 4032 1807 4109 apud
1842 4033 2162 4091 Eusebium
2186 4033 2257 4090 H.
2280 4032 2343 4091 E.
2366 4031 2432 4103 V,
2471 4041 2504 4093 2
2543 4032 2615 4090 ad
2649 4031 2959 4107 episcopos

339 4121 635 4198 Phrygiae
666 4121 738 4179 de
783 4121 1143 4195 martyribus
1176 4121 1688 4198 lugdunensibus:
1740 4123 1987 4198 ,Neque
2020 4123 2178 4180 enim
2210 4121 2370 4179 fastu
2402 4125 2464 4179 et
2495 4120 2835 4197 arrogantia
2865 4120 2960 4178 in·

340 4213 697 4268 tumuerunt
726 4210 1009 4268 adversus
1042 4210 1251 4285 lapsos,
1288 4212 1390 4269 sed
1422 4230 1490 4269 ea
1521 4211 1741 4287 quibus
1763 4211 2147 4270 abundabant
2178 4210 2331 4269 bona
2362 4210 2775 4287 indigentibus
2809 4209 2961 4267 libe-—

339 4300 545 4376 raliter
585 4299 1138 4369 subministrabant,
1184 4303 1452 4358 materna
1483 4301 1771 4376 quaedam
1805 4300 2032 4358 viscera
2061 4302 2363 4376 gestantes
2397 4317 2789 4375 magnamque
2836 4299 2960 4356 vim

341 4389 734 4464 lacrymarum
779 4407 884 4463 pro
930 4388 1170 4447 illorum
1203 4389 1393 4448 salute
1425 4408 1618 4448 coram
1653 4390 1772 4447 Deo
1806 4390 1979 4447 Patre
2012 4388 2349 4446 fundentes.
2414 4388 2613 4446 Vitam
2659 4389 2960 4463 petierunt

340 4481 402 4536 et
431 4477 685 4554 largitus
718 4482 809 4534 est
839 4478 923 4536 eis
956 4477 1131 4547 Deu3‚
1167 4497 1347 4552 quam
1378 4479 1557 4537 etiam
1591 4478 1681 4536 illi
1714 4478 2001 4552 proximis
2035 4476 2158 4535 suis
2192 4477 2704 4535 communicarunt
2734 4477 2963 4551 ubique

339 4567 595 4625 victores
627 4566 702 4623 ad
734 4565 920 4624 Deum
952 4567 1261 4640 profecti.‘
1329 4566 1408 4629 Cf.
1443 4586 1625 4642 supra
1654 4584 1710 4628 n.
1752 4569 1930 4629 5232.

518 4674 665 4737 527.
699 4668 922 4731 Merito
969 4686 1118 4748 ergo
1165 4668 1446 4749 theologi
1495 4668 1792 4731 catholici
1842 4667 1923 4730 ad
1969 4669 2138 4730 hanc
2185 4674 2542 4749 provocant
2588 4668 2853 4748 praxim,
2888 4675 2959 4732 ut

339 4775 878 4855 indulgentiarum
911 4775 1184 4855 probent
1235 4796 1421 4839 usum
1469 4777 1532 4838 in
1578 4777 1844 4856 antiqua
1890 4776 2026 4857 jam
2060 4775 2343 4840 Ecclesia
2378 4776 2712 4855 vigentem.
2747 4775 2959 4839 Indul-
