3538 5364
592 322 723 389 566
832 315 922 369 Tr.
950 315 1042 371 IX.
1071 315 1141 369 de
1168 313 1553 369 matrimonia
1581 313 1686 366 Th.
1714 312 1998 369 CCLXIII.
2026 311 2272 367 Mati-im.
2300 310 2551 367 excludit
2565 310 2968 382 polygamiam.

590 501 926 578 pontificem
959 500 1030 559 de
1064 500 1171 559 hoc
1188 499 1450 559 consulit
1469 517 1627 558 casu.
1659 498 1740 563 Cf.
1761 499 1812 557 R
1826 518 1860 559 o
1877 517 1904 557 s
1921 499 1957 557 k
1974 516 2007 557 ο
2023 517 2062 557 v
2076 500 2113 557 a
2126 517 2164 556 n
2180 518 2222 575 y
2239 498 2315 568 ΙΙ,
2348 508 2499 568 160;
2539 498 2579 556 C
2595 497 2750 556 olle
2767 500 2795 555 t
2809 541 2823 568 ,
2856 500 3010 557 cont.
3031 496 3219 573 prael.

590 590 897 654 Toumelii
926 592 970 652 t.
1007 599 1042 654 8
1076 608 1124 648 c.
1160 598 1193 652 5
1230 609 1278 648 a.
1315 597 1351 650 2
1387 591 1530 651 sect.
1565 597 1600 651 3
1634 607 1694 649 n.
1738 598 1850 651 131
1880 611 1893 657 ;
1940 587 2264 647 Berardi
2303 586 2369 645 in
2400 606 2490 662 ep.
2523 586 2792 646 Gratiani
2825 603 3079 645 canones
3112 604 3217 663 ge·

589 678 765 739 nuini
795 680 867 738 ab
899 677 1252 755 apocryphis
1285 677 1529 736 discreti
1559 696 1617 753 p.
1652 687 1686 739 2
1722 696 1782 740 n.
1812 687 1926 747 66:
1961 677 2351 735 Binterim
2381 678 2767 735 monumenta
2798 674 2994 751 primi,
3029 674 3220 733 medii

589 771 652 828 et
681 767 987 828 novissimi
1019 768 1149 826 aevi
1179 770 1223 827 t.
1259 777 1294 829 6
1329 786 1385 842 p.
1424 777 1449 830 1
1493 786 1625 842 pag.
1662 774 1807 828 431.

768 911 915 977 602.
962 905 1065 974 11.
1111 904 1255 969 Non
1303 904 1511 968 solum
1544 903 1610 967 in
1639 903 1782 984 lege
1814 903 2207 984 evangelica,
2259 921 2481 967 verum
2516 900 2713 966 etiam
2743 902 2886 987 ipsa
2918 901 3226 984 oriqinali

587 1014 980 1077 matrimonii
1024 1013 1408 1076 institutione
1451 1010 1700 1074 exclusa
1731 1011 1872 1098 fuit
1910 1008 2299 1094 polyqamia.
2360 1008 2498 1072 Hoc
2541 1008 2827 1072 innuitur
2857 1008 3000 1089 ipsa
3030 1025 3229 1071 crea-

589 1120 794 1184 tione:
827 1125 1121 1183 creatum
1154 1116 1471 1198 siquidem
1502 1121 1602 1180 est
1631 1115 1894 1179 unicum
1924 1114 2273 1196 conjugum
2303 1132 2440 1196 par,
2475 1114 2594 1179 etsi
2627 1122 2780 1180 tunc
2811 1131 3068 1177 summa
3102 1112 3231 1177 suit

588 1224 1054 1308 multiplicandi
1085 1224 1335 1304 generis
1366 1222 1630 1287 humani
1663 1223 2052 1297 necessitas;
2091 1219 2406 1302 colligitur
2437 1239 2513 1285 ex
2546 1219 2760 1285 verbis
2792 1219 3026 1285 Adami
3059 1217 3228 1285 Gen.

588 1337 648 1407 2.
683 1337 799 1400 24:
830 1330 1214 1395 Adhaerebit
1246 1329 1392 1417 (vir)
1426 1330 1612 1392 uxori
1641 1348 1816 1411 suae,
1849 1347 1980 1393 non
2011 1327 2336 1405 uxoribuS,
2369 1336 2426 1391 et
2444 1337 2627 1393 erunt
2643 1327 2789 1410 duo,
2820 1345 2953 1391 non
2971 1326 3218 1408 plures,

590 1441 659 1502 in
689 1460 880 1503 carne
910 1458 1062 1521 una,
1108 1454 1277 1519 quae
1308 1435 1596 1500 Christus
1627 1434 1949 1517 approbat
1980 1434 2200 1498 Matth.
2239 1440 2342 1511 19,
2376 1439 2418 1503 3
2448 1453 2530 1497 ss.
2564 1442 2761 1517 atque
2792 1433 3185 1498 subsumens
3205 1454 3228 1495 z

591 1543 773 1622 Quod
803 1564 947 1627 erqo
977 1542 1155 1607 Deus
1187 1541 1527 1624 conjunxit,
1558 1541 1736 1605 homo
1766 1561 1893 1606 non
1924 1548 2192 1625 separet,
2223 1539 2430 1616 infert,
2479 1540 2746 1604 dimissa
2777 1558 2986 1604 uxore
3019 1540 3226 1604 aliam

588 1651 825 1716 ducere
876 1668 1018 1716 esse
1065 1648 1465 1713 adulterium.
1528 1647 1742 1728 Quare
1792 1646 2186 1711 Nicolaus
2236 1646 2276 1711 1.
2324 1646 2407 1711 ad
2458 1646 2873 1727 bulgarorum
2919 1646 3233 1711 consulta

586 1756 984 1839 respondens
1032 1776 1090 1820 n.
1124 1760 1205 1824 51
1258 1755 1515 1820 statuit:
1585 1754 1796 1829 ,Duas
1842 1761 2131 1835 tempore
2176 1773 2307 1819 uno
2339 1754 2580 1819 habere
2612 1772 2847 1819 uxores
2879 1772 3001 1819 nec
3035 1754 3227 1835 origo

588 1864 913 1928 humanae
945 1861 1333 1927 conditionis
1366 1862 1658 1938 admittit,
1691 1878 1812 1926 nec
1842 1861 1946 1926 lex
1978 1861 2330 1925 christiana
2359 1860 2491 1925 ulla
2519 1861 2881 1943 permittit«

766 1973 916 2038 603.
961 1970 1106 2038 111.
1152 1969 1285 2034 Imo
1327 1968 1699 2054 polyyamia
1740 1968 1876 2047 juri
1920 1969 2209 2034 naturali
2239 1969 2449 2033 minus
2478 1975 2890 2033 consentanea
2924 1976 3034 2047 est,
3065 1986 3222 2032 cum

588 2076 649 2146 1.
694 2076 759 2140 in
792 2094 872 2140 ea
902 2094 1036 2141 non
1066 2083 1359 2141 servetur
1390 2074 1751 2159 aequalitas
1784 2077 1949 2141 inter
1982 2066 2289 2158 conjuges
2322 2083 2665 2159 tantopere
2697 2094 2739 2139 a
2770 2073 2975 2139 Paulo
3009 2075 3220 2139 incul-

584 2191 732 2247 cata
764 2182 850 2269 (n.
871 2184 1093 2270 6012);
1126 2183 1275 2247 hinc
1306 2183 1480 2264 apud
1511 2182 1804 2265 popuIOS,
1837 2183 1903 2246 in
1935 2182 2169 2265 quibus
2201 2183 2371 2263 viget
2390 2182 2773 2266 polygamia,
2805 2200 3047 2247 uxores
3066 2189 3227 2245 sunt

586 2307 812 2355 servae
843 2289 1160 2371 nimisque
1192 2287 1512 2353 obnoxiae
1546 2288 1814 2353 arbitrio
1847 2289 1994 2352 viri:
2030 2289 2202 2370 quod
2236 2289 2563 2354 conciliari
2597 2288 2817 2371 nequit
2836 2306 2985 2351 cum
3006 2287 3220 2369 digui-

584 2402 721 2461 tate
752 2396 976 2460 matris
1008 2395 1300 2474 familias
1334 2413 1529 2478 quam
1563 2395 1757 2477 exigit
1789 2394 2033 2460 bonum
2067 2395 2362 2461 familiae.

761 2504 831 2571 2.
863 2503 1114 2568 Bonum
1145 2503 1422 2587 conjugii
1455 2509 1521 2567 et
1552 2501 1828 2567 familiae
1862 2502 2071 2584 exigit,
2104 2510 2177 2568 ut
2209 2503 2515 2585 conjuges
2535 2520 2670 2566 non
2689 2502 2900 2566 solum
2921 2520 3216 2584 corpore,

584 2610 698 2675 sed
731 2615 796 2674 et
827 2609 1056 2673 animis
1081 2610 1447 2692 jungantur,
1495 2628 1694 2694 seque
1741 2615 1916 2675 totos
1947 2609 2072 2673 sibi
2100 2610 2374 2676 invicem
2407 2608 2697 2674 tradant:
2747 2608 2921 2692 quod
2950 2608 3218 2672 minime

584 2724 879 2782 servatur
910 2717 976 2781 in
1007 2718 1392 2800 polygamia,
1427 2737 1505 2782 ex
1538 2737 1668 2800 qua
1696 2719 1913 2800 potius
1945 2726 2302 2802 sequuntur
2332 2717 2542 2782 cordis
2562 2716 2810 2794 divisi0‚
2844 2716 3208 2791 aemulatiO,

586 2824 844 2899 invidia,
876 2824 1212 2908 zelotypia,
1245 2826 1393 2888 hinc
1425 2826 1621 2901 rixae,
1653 2826 1982 2907 injustitia,
2015 2825 2235 2890 odium
2268 2834 2385 2890 etc.
2713 2831 3326 2938 W

765 2954 911 3020 604.
946 2949 1114 3014 Num
1146 2956 1362 3015 autem
1391 2950 1758 3033 polygamia
1790 2950 1886 3014 ab
1904 2970 1935 3014 s
1953 2950 2183 3015 olute
2216 2950 2594 3014 adversetur
2605 2948 2733 3030 juri
2753 2955 3047 3030 natume,
3079 2965 3214 3011 non

587 3057 829 3128 eadem,
860 3062 959 3121 est
1004 3057 1450 3138 theologorum
1494 3058 1833 3122 sententia.
1898 3057 2084 3121 Haud
2114 3056 2303 3138 pauci
2335 3061 2591 3136 negant,
2637 3060 2709 3119 ut
2753 3055 3216 3130 DuranduS,

586 3162 986 3228 Tostatus
1031 3162 1169 3231 fuse
1215 3164 1281 3227 in
1314 3163 1534 3228 Matth.
1568 3181 1618 3226 c.
1660 3168 1757 3240 19,
1805 3164 2335 3228 Maldonatus
2381 3163 2460 3226 de
2507 3162 2919 3226 matrimonio
2961 3182 3019 3244 q.
3061 3169 3092 3231 1
3130 3160 3217 3225 ad

586 3287 714 3349 arg.
738 3268 1226 3347 4,Palaci03,
1257 3270 1765 3335 Mersennius
1787 3277 1931 3345 etc.;
1965 3270 2071 3334 alii
2090 3269 2425 3334 affirmant.
2447 3270 2542 3333 Ita
2561 3268 3030 3335 Benedictus
3049 3267 3213 3331 XIV.

584 3375 663 3440 de
709 3396 846 3458 syn.
880 3377 1157 3441 dioeces.
1190 3376 1343 3453 XIII,
1382 3382 1487 3452 21,
1532 3377 1640 3459 qui
1671 3396 1730 3440 n.
1766 3382 1807 3445 9
1840 3376 2091 3440 scribit:
2162 3376 2450 3451 ,Docent
2480 3375 2738 3458 quidem
2773 3374 3216 3439 Durandus

585 3490 649 3548 et
681 3482 738 3546 A
755 3482 796 3545 b
813 3481 943 3548 ule
958 3503 1001 3546 n
1017 3484 1084 3547 si
1101 3503 1149 3560 S,
1175 3483 1321 3564 jure
1351 3490 1627 3548 naturae
1647 3482 2085 3565 polygamiam
2104 3501 2236 3547 non
2255 3500 2630 3566 repugnare.
2663 3481 2972 3562 Quamvis
2991 3489 3213 3548 autem

582 3589 923 3670 singularis
961 3591 1125 3654 haec
1158 3608 1383 3654 eorum
1415 3590 1633 3672 opinio
1666 3589 1793 3653 dici
1824 3609 1957 3654 non
1986 3589 2196 3670 possit
2226 3608 2268 3653 a
2299 3589 2570 3654 concilio
2602 3589 2980 3655 Tridentino
3011 3588 3211 3653 fuisse

581 3698 945 3779 proscripta
979 3747 991 3760 .
1028 3747 1041 3760 .
1077 3745 1109 3773 .,
1142 3714 1482 3761 censuram
1513 3703 1733 3760 tamen
1765 3714 1901 3760 non
1932 3695 2088 3777 fugit
2117 3696 2452 3761 doctrinae
2481 3695 2924 3778 improbabilis
2959 3702 3025 3760 et
3053 3696 3210 3760 alie-

581 3821 706 3866 nae
753 3820 794 3866 a
837 3803 1163 3867 communi
1209 3802 1531 3867 sententia
1576 3802 1846 3867 aliorum
1893 3800 2341 3883 theologorum
2373 3803 2742 3867 docentium
2773 3802 3210 3884 polygamiam

584 3909 797 3974 divino
845 3927 1049 3991 aeque
1096 3927 1172 3972 ac
1203 3909 1480 3972 naturali
1504 3909 1630 3990 Juri
1663 3927 1807 3976 esse
1837 3910 2287 3974 contrariam<
2328 3907 2746 3974 Communior
2775 3909 2905 3973 scil.
2955 3909 3211 3974 theolo-

585 4034 812 4096 gorum
842 4017 1161 4081 sententia
1190 4022 1423 4092 tuetur,
1455 4016 1889 4098 polygamiam
1923 4016 2023 4080 sin
2053 4017 2266 4080 minus
2297 4017 2605 4098 primario
2637 4022 2912 4082 naturae
2925 4016 3073 4098 juri,
3105 4036 3210 4082 se-

583 4122 890 4186 cundario
935 4124 1163 4186 saltem
1193 4141 1309 4187 seu
1342 4123 1630 4188 derivato
1665 4141 1808 4187 esse
1840 4124 2250 4200 contrariam,
2296 4141 2529 4204 nempe
2560 4122 3088 4188 conclusionibus
3131 4144 3210 4190 ex

583 4228 903 4309 primariis
933 4229 1293 4309 praeceptis
1324 4229 1633 4306 deductiS,
1665 4234 1737 4293 ut
1765 4228 2046 4312 loquitur
2077 4228 2430 4293 Thomas
2450 4277 2465 4306 ,
2498 4229 2606 4311 qui
2637 4228 2842 4313 suppl.
2876 4250 2934 4312 q.
2966 4235 3055 4299 65
3089 4249 3146 4294 a„
3172 4238 3204 4299 1

583 4335 749 4400 inter
781 4335 908 4398 alia
938 4336 1192 4400 statuit:
1232 4334 1609 4410 ,Pluralitas
1640 4354 1921 4400 uxorum
1952 4354 2167 4417 neque
2201 4335 2484 4401 totaliter
2517 4336 2697 4414 tollit,
2729 4356 2939 4421 neque
2959 4338 3210 4420 aliqua-

583 4441 725 4507 liter
756 4443 1020 4525 impedit
1038 4443 1428 4507 matrimonii
1447 4442 1821 4524 primarium
1841 4443 2052 4521 finem,
2087 4460 2235 4507 cum
2258 4463 2424 4508 unus
2443 4441 2713 4508 sufficiat
2734 4444 3024 4526 pluribus
3044 4464 3208 4509 uxo-

583 4547 758 4611 ribus
791 4547 1208 4614 fecundandis
1241 4556 1305 4614 et
1338 4549 1687 4614 educandis
1719 4548 1864 4614 filiis
1895 4569 1975 4615 ex
2007 4551 2107 4614 his
2139 4550 2323 4615 natis,
2371 4548 2499 4615 Sed
2530 4550 2985 4616 secundarium
3015 4550 3207 4617 finem

584 4653 706 4720 etsi
737 4673 868 4719 non
901 4656 1180 4721 totaliter
1209 4656 1408 4734 tollat,
1440 4663 1658 4723 tamen
1689 4655 1963 4721 multum
1995 4656 2275 4739 impedit,
2310 4675 2388 4721 eo
2420 4657 2594 4740 quod
2624 4676 2760 4723 non
2790 4657 2975 4724 facile
2993 4665 3210 4741 potest

583 4781 726 4828 esse
760 4781 885 4845 pax
918 4763 982 4826 in
1016 4761 1268 4840 familia,
1299 4763 1411 4827 ubi
1444 4766 1551 4828 uni
1583 4766 1720 4829 viro
1752 4765 1973 4846 plures
2005 4783 2243 4829 uxores
2272 4764 2641 4846 Junguntur,
2673 4783 2821 4830 cum
2850 4783 2985 4830 non
3002 4766 3208 4848 possit
