3538 5364
581 295 715 358 474
989 288 1174 341 Traot.
1202 287 1294 340 IX.
1323 287 1391 340 de
1418 286 1793 356 poenitentia.
1822 285 2019 340 Thesis
2047 285 2325 344 CCXLIX.
2354 286 2802 358 Exceptiom'bus

579 474 890 550 reperiunt
920 475 1043 532 Jac.
1081 485 1135 542 5,
1180 484 1288 534 16:
1328 474 1688 547 Confitemini
1718 475 2065 532 alterutrum
2090 481 2322 549 peccata
2355 480 2562 533 vestra.
2609 472 2817 548 Neque
2847 473 3178 550 excipiatur,

578 582 648 621 ex
692 564 785 621 his
834 562 1030 622 verbis
1071 563 1259 638 sequi,
1309 562 1559 621 cuilibet
1588 562 1713 620 fieri
1746 581 1919 637 posse
1951 566 2324 637 peccatorum
2357 562 2799 621 confessionem.
2859 563 3180 638 Responde·

578 671 713 711 mus
730 653 882 711 illud
915 654 1264 711 alterutrum
1295 670 1416 709 non
1436 669 1668 727 semper
1689 651 2020 728 significare
2040 652 2495 711 alternationem
2526 654 2865 710 mutuam
2883 697 2896 722 ,
2932 654 3002 710 ut
3031 656 3185 727 patet

578 760 647 799 ex
679 742 825 817 Eph.
863 753 918 812 5,
958 751 1069 812 213
1116 742 1278 803 Rom.
1318 751 1415 810 15,
1453 751 1484 802 7
1524 741 1630 804 col.
1672 753 1737 810 1;
1793 751 1847 803 1.
1897 742 2052 802 Petr.
2086 750 2143 809 4,
2182 752 2237 803 9.
2298 741 2590 818 Egregius
2635 745 2726 799 est
2771 741 2834 799 in
2880 741 2934 800 h.
2967 742 3004 800 l.
3036 760 3183 799 com-

577 831 904 888 mentarius
939 830 1281 889 Werneri
1312 829 1444 889 abb.
1478 824 1539 910 (†
1565 841 1585 891 1
1611 826 1761 911 126)
1797 829 2059 889 deflorat.
2091 848 2166 888 ss.
2198 832 2437 905 patrum
2470 830 2507 890 l.
2537 841 2561 892 1
2602 829 2895 888 dominica
2919 840 2973 893 3.
3004 830 3184 907 (Mig.

587 930 729 989 157,
768 927 890 982 882
928 915 1046 999 ss),
1082 920 1147 977 in
1177 938 1297 994 quo
1328 919 1488 976 inter
1519 918 1633 975 alia
1667 918 1911 980 scribit:
1963 918 2167 988 ,Dicis
2200 919 2496 978 fortassis:
2546 919 2740 987 Quare
2770 937 2890 978 non
2922 919 3187 977 similiter

578 1007 848 1066 Christus
879 1011 1260 1084 praeceptum
1293 1007 1457 1066 dedit
1486 1007 1824 1066 hominibus
1871 1013 2110 1083 peccata
2155 1025 2263 1066 sua
2309 1008 2642 1078 confitendi,
2690 1008 2847 1066 sicut
2891 1008 3186 1083 discipulis

576 1099 930 1170 potestatem
979 1097 1146 1157 dedit
1195 1097 1605 1156 confitentium
1649 1101 1886 1173 peccata
1930 1097 2274 1155 dimittendi
2322 1097 2515 1174 (Joan.
2565 1106 2665 1167 20,
2726 1106 2803 1160 22
2854 1093 2970 1176 s.)?
3039 1096 3187 1155 Audi

579 1205 791 1259 quare:
826 1187 1017 1244 voluit
1037 1187 1326 1255 ChristuS,
1360 1189 1431 1243 ut
1462 1206 1495 1244 a
1524 1186 1839 1260 temetipso
1873 1204 2163 1262 surgeres
2199 1190 2271 1245 ut
2300 1206 2422 1245 non
2443 1187 2609 1262 quasi
2630 1189 2862 1245 extorta
2880 1186 2975 1244 vel
2999 1190 3189 1243 coacta

578 1274 882 1333 videretur
902 1276 1187 1335 confessio
1217 1277 1341 1333 tua.
1388 1274 1616 1334 Idcirco
1651 1274 1812 1350 quod
1844 1275 1916 1333 ad
1950 1294 2009 1334 se
2042 1275 2353 1351 pertinuit,
2389 1274 2646 1334 officium
2682 1294 2861 1334 suum
2890 1274 3188 1348 discipulis
3242 1295 3247 1302 ·

577 1363 702 1421 suis
735 1364 1138 1440 peragendum
1171 1365 1452 1439 injunxit,
1492 1366 1563 1422 ut
1593 1363 1963 1422 medicorum
1995 1382 2157 1423 more
2188 1384 2394 1441 aegros
2426 1365 2498 1422 ad
2534 1384 2595 1423 se
2627 1366 2939 1422 venientes
2972 1363 3189 1439 excipe-

575 1455 712 1510 rent
743 1456 804 1511 et
836 1455 1132 1513 sanarent.
1185 1453 1424 1512 Medicis
1456 1453 1624 1525 dixit,
1658 1456 1730 1511 ut
1761 1456 2069 1522 curarent3
2107 1453 2207 1512 sed
2231 1453 2481 1513 infirmis
2511 1473 2629 1513 non
2664 1454 2832 1523 dixit,
2866 1457 2941 1511 ut
2971 1452 3045 1511 ad
3075 1471 3188 1510 me·

575 1540 738 1599 dicos
772 1542 1018 1600 curandi
1050 1542 1340 1604 venirent.
1405 1543 1531 1600 Hoc
1580 1542 1753 1617 quasi
1799 1545 2027 1600 certum
2078 1561 2207 1601 esse
2254 1543 2467 1612 voluit,
2520 1542 2679 1619 quod
2733 1542 2895 1619 aegri
2942 1542 3191 1601 libenter

577 1632 827 1689 salutem
862 1635 1231 1705 quaererent,
1265 1635 1328 1690 et
1358 1650 1420 1690 se
1453 1632 1744 1689 curandos
1778 1631 2074 1701 offerrent,
2110 1632 2161 1689 si
2194 1632 2450 1691 medicos
2472 1633 2828 1691 invenirent.
2876 1631 3191 1706 Propterea

578 1720 735 1777 solos
768 1720 1024 1778 medicos
1057 1721 1307 1778 monuit.
1369 1720 1678 1778 Infirmum
1711 1720 1869 1778 enim
1904 1739 2048 1778 suus
2081 1721 2322 1779 morbus
2356 1721 2717 1780 sufficienter
2749 1722 3048 1789 admonet,
3094 1738 3187 1778 ne·

578 1827 692 1881 que
725 1827 871 1883 opus
901 1813 1217 1885 praecepto
1250 1810 1375 1879 hoc,
1422 1809 1470 1867 si
1503 1810 1682 1872 dolet.
1746 1810 1967 1867 Tamen
1998 1809 2115 1882 ipsi
2148 1810 2358 1868 medici
2392 1814 2613 1885 postea,
2648 1810 2790 1885 quia
2820 1810 3189 1887 negligentes

575 1897 638 1954 in
685 1898 988 1957 curatione
1022 1917 1130 1957 sua
1161 1916 1368 1975 aegros
1398 1898 1778 1968 invenerunt,
1825 1917 1925 1956 eos
1972 1898 2045 1956 ad
2094 1900 2346 1958 salutem
2379 1900 2778 1974 quaerendam
2823 1903 2885 1957 et
2931 1898 3189 1957 admoni-

574 1986 738 2044 tione
771 2005 880 2044 sua
911 1988 1321 2046 excitaverunt
1352 1990 1412 2045 et
1443 1991 1755 2064 praecepto
1790 1990 2197 2046 attraxerunt:
2248 1988 2626 2065 Confitemini,
2660 1989 2865 2065 inquit
2894 1987 3189 2063 apostolus

574 2074 851 2145 Jacobus,
886 2077 1228 2135 alterutrum
1251 2084 1492 2152 peccata
1527 2077 1713 2135 vestra
1747 2085 1797 2135 et
1828 2083 1986 2134 orate
2007 2094 2126 2150 pro
2160 2079 2414 2154 invicem,
2462 2085 2527 2135 ut
2557 2079 2872 2136 salvemini.
2924 2076 3079 2147 Quid
3109 2083 3191 2134 est

575 2163 973 2222 alterutrum?
1008 2210 1020 2222 .
1056 2211 1067 2223 .
1103 2211 1114 2223 .
1161 2166 1296 2225 Non
1325 2169 1524 2224 tamen
1555 2166 1972 2241 unusquisque
2004 2166 2345 2241 unicuique,
2394 2167 2499 2225 sed
2529 2168 2908 2238 alterutrum,
2958 2167 3069 2224 hoc
3111 2167 3192 2223 est

575 2253 735 2311 inter
764 2272 869 2311 vos
901 2255 1171 2313 homines
1203 2254 1561 2324 hominibus,
1593 2273 1731 2313 oves
1763 2255 2123 2330 pastoribus,
2159 2255 2410 2330 subjecti
2442 2256 2741 2331 praelatis,
2788 2256 2865 2327 hi,
2914 2256 3025 2332 qui
3070 2272 3190 2331 pec-

576 2345 704 2400 cata
733 2342 971 2413 habent,
1006 2344 1120 2416 his,
1165 2344 1270 2420 qui
1303 2347 1541 2414 peccata
1571 2344 1872 2402 dimittere
1903 2347 2257 2418 potestatem
2291 2344 2513 2403 habent
2544 2388 2556 2402 .
2591 2392 2604 2403 .
2640 2391 2652 2403 .
2696 2346 3022 2422 Propterea
3064 2362 3191 2420 ergo

574 2430 934 2490 confitemini
965 2433 1323 2492 alterutrum
1354 2437 1594 2508 peecata
1624 2438 1823 2491 vestra
1853 2435 1914 2491 et
1943 2436 2104 2491 orate
2136 2452 2242 2508 pro
2274 2434 2550 2493 invicem.
2606 2435 2699 2493 Ad
2731 2434 2924 2510 quid?
2987 2434 3057 2491 Ut
3086 2434 3190 2491 sal-

573 2522 816 2579 vemini:
847 2524 1208 2598 confitemini,
1244 2530 1306 2580 ut
1336 2523 1649 2581 salvemini.
1716 2521 1871 2590 Quid
1903 2525 1995 2580 est
2026 2524 2391 2600 confitemini,
2427 2531 2491 2582 ut
2522 2524 2869 2582 salvemini?
2935 2523 3065 2582 Hoc
3096 2525 3188 2590 est,

573 2628 693 2668 non
724 2610 1053 2681 salvamini,
1087 2612 1204 2670 nisi
1237 2611 1654 2670 confiteamini.
1715 2612 1873 2670 Haec
1903 2611 2177 2671 fortassis
2225 2616 2296 2671 tu
2340 2613 2545 2671 audire
2582 2612 2851 2682 noluisti,
2898 2613 3010 2688 qui
3056 2612 3192 2670 late-

574 2700 710 2758 bras
745 2702 981 2775 quaeris
1015 2705 1077 2759 et
1106 2701 1418 2760 abscondis
1440 2702 1659 2760 scelera
1688 2705 1809 2772 tua,
1842 2704 1913 2759 ut
1944 2720 2066 2760 non
2089 2701 2458 2777 justificeris.
2508 2704 2639 2761 Non
2659 2703 2773 2761 tibi
2794 2703 3010 2779 placet,
3046 2700 3194 2777 quod

574 2789 812 2859 dicitur,
845 2790 988 2864 quia
1021 2791 1099 2860 hi,
1134 2789 1239 2867 qui
1258 2790 1473 2848 nolunt
1494 2790 1757 2849 confiteri
1778 2793 2017 2865 peccata
2036 2809 2163 2859 sua,
2199 2791 2418 2849 salvari
2437 2811 2557 2850 non
2576 2795 2847 2866 possunt.
2880 2792 3194 2868 Propterea

574 2877 845 2936 fortassis
879 2881 1106 2939 conaris
1138 2881 1208 2938 ad
1241 2879 1405 2937 aliud
1440 2879 1662 2937 dictum
1697 2880 1953 2954 apostoli
1984 2879 2345 2955 intorquere,
2394 2884 2466 2939 ut
2497 2881 2879 2958 intelligatur
2910 2880 3191 2939 confiten-

572 2966 738 3026 tibus
772 2968 1014 3042 quidem
1059 2968 1399 3043 promisisse
1444 2967 1851 3032 salvationem,
1899 2972 2101 3026 tamen
2147 2987 2267 3027 non
2313 2970 2740 3029 confitentibus
2784 2988 2905 3028 non
2953 2984 3194 3045 negasse

566 3056 1072 3131 justificationem.
1134 3058 1294 3115 Audi
1336 3075 1493 3133 erg0,
1539 3057 2042 3133 Augustinus
2075 3057 2248 3116 dicit:
2296 3059 2449 3128 ‚Non
2481 3062 2683 3135 potest
2715 3059 2851 3134 quis
2875 3055 3194 3135 justificari

573 3166 607 3202 a
636 3149 891 3219 peccat0,
926 3146 1043 3203 nisi
1076 3146 1382 3205 confessus
1414 3146 1597 3205 fuerit
1614 3147 1749 3204 ante
1768 3150 2095 3221 peccatum‘
2131 3148 2268 3212 etc.;
2292 3156 2319 3185 α
2356 3167 2508 3223 quae
2531 3148 2819 3225 leguntur
2839 3148 3025 3206 etiam
3045 3144 3192 3223 apud

573 3234 968 3309 Hugonem
1001 3255 1034 3292 a
1065 3254 1107 3294 S.
1145 3236 1372 3294 Victore
1405 3236 1477 3294 de
1510 3254 1654 3297 sacr.
1685 3236 1723 3293 1.
1763 3244 1796 3296 2
1831 3254 1887 3310 p.
1928 3246 2003 3297 14
2038 3253 2084 3298 c.
2127 3247 2177 3296 1.

756 3368 897 3420 490.
943 3355 1494 3424 Demonstratio
1536 3377 1603 3441 p.
1637 3357 1739 3422 II.
1808 3360 2030 3418 Paulus
2089 3373 2140 3423 1.
2191 3362 2315 3420 Cor.
2374 3374 2471 3432 11,
2528 3371 2606 3426 28
2662 3361 2869 3421 scribit
2917 3360 3190 3437 quidem:

574 3445 776 3503 Probet
807 3454 997 3505 autem
1027 3450 1278 3523 seipsum
1309 3450 1472 3508 homo
1504 3458 1553 3508 et
1583 3452 1666 3508 sic
1697 3451 1766 3507 de
1787 3468 1943 3525 pane
1973 3451 2070 3507 illo
2102 3452 2232 3509 edat
2264 3458 2312 3508 et
2344 3452 2413 3508 de
2444 3453 2617 3509 calice
2651 3452 2840 3510 bibat:
2873 3449 2979 3509 sed
3011 3466 3187 3525 prop-

573 3540 733 3592 terea
762 3554 880 3594 non
912 3540 1092 3612 negat
1121 3539 1534 3597 necessitatem
1566 3537 1974 3608 confessionis,
2022 3538 2070 3596 si
2118 3539 2257 3614 quis
2289 3539 2637 3615 probatione
2668 3540 2996 3616 praemissa
3026 3556 3193 3597 reum

575 3642 637 3681 se
680 3624 878 3699 gravis
926 3626 1185 3685 criminis
1230 3627 1700 3702 deprehenderit,
1748 3627 1907 3686 sicut
1951 3646 2145 3703 neque
2189 3629 2457 3687 excludit
2500 3630 2905 3706 poenitentiae
2936 3627 3188 3701 alicujus

572 3713 1037 3787 praemittendae
1057 3717 1487 3779 necessitatem.
1539 3716 1747 3792 Neque
1780 3716 1937 3774 enirn
1973 3716 2099 3775 sola
2129 3718 2402 3791 probatio
2435 3722 2525 3776 est
2560 3718 2862 3777 sufficiens
2881 3714 3192 3792 dispositio

569 3805 704 3877 post
723 3804 927 3879 gravia
947 3805 1208 3874 crimina,
1240 3807 1311 3863 ut
1328 3806 1553 3880 absque
1584 3806 1700 3864 alio
1732 3806 1935 3863 statim
1966 3805 2187 3882 dignus
2220 3807 2355 3881 quis
2387 3808 2467 3865 sit
2499 3808 2886 3876 eucharistia;
2922 3806 3027 3864 sed
3049 3804 3180 3862 ideo

573 3893 666 3948 est
696 3894 1149 3965 praemittenda,
1184 3896 1252 3951 ut
1285 3895 1520 3970 cognita
1565 3912 1674 3952 sua
1717 3894 2080 3971 indignitate
2114 3898 2391 3969 peccator
2435 3916 2505 3954 ea
2537 3897 2754 3973 seligat
2797 3895 3007 3961 media,
3042 3911 3191 3969 quae

574 3999 709 4038 eum
740 3980 993 4058 dignum
1025 3982 1293 4041 reddant.
1357 3984 1543 4059 Atqui
1587 3983 1746 4042 inter
1790 3984 1933 4042 haec
1964 3986 2056 4041 est
2088 3985 2476 4059 poenitentia,
2529 3986 2764 4061 qualem
2798 3985 3070 4044 Christus
3103 3983 3190 4040 in·

574 4068 793 4140 stituit,
827 4073 897 4128 ut
919 4071 1044 4145 jam
1077 4074 1364 4130 noverant
1397 4072 1706 4130 corinthii:
1741 4073 1992 4148 proinde
2015 4073 2087 4131 de
2108 4074 2219 4131 hoc
2238 4065 2521 4133 monendi
2540 4093 2659 4133 non
2680 4078 2865 4133 erant.
2895 4075 2974 4132 Et
2990 4089 3193 4130 revera

573 4157 683 4215 hoc
713 4159 975 4218 medium
1007 4178 1135 4220 esse
1167 4161 1612 4236 poenitentiam,
1648 4165 1815 4236 patet
1846 4180 1915 4219 ex
1947 4161 2118 4236 praxi
2148 4162 2430 4238 antiquae
2461 4164 2775 4235 Ecclesiae,
2809 4180 2960 4239 quae
2991 4178 3190 4237 pecca-

574 4250 747 4316 tores,
782 4248 900 4305 nisi
932 4249 1104 4323 prius
1138 4250 1404 4326 egissent
1437 4251 1882 4326 poenitentiam,
1931 4251 2129 4324 qualis
2177 4252 2242 4309 in
2288 4253 2418 4327 ipsa
2448 4253 2544 4329 agi
2577 4253 2822 4322 solebat,
2870 4269 3020 4327 quae
3050 4266 3190 4325 ergo

574 4336 1061 4409 complecteretur
1111 4340 1545 4408 confessionem,
1598 4340 1672 4398 ad
1723 4358 1949 4397 sacram
2002 4358 2267 4398 mensam
2312 4360 2431 4400 non
2475 4342 2845 4401 admittebat.
2906 4338 3192 4414 Graphiee

573 4502 887 4556 nachorum
915 4522 961 4557 c.
993 4513 1056 4561 16
1085 4506 1268 4576 (Mig.
1302 4513 1418 4571 10⁴2,
1440 4512 1561 4580 613)
1583 4530 1592 4567 ;
1622 4509 1766 4562 The
1786 4510 2044 4564 odolfu
2063 4510 2175 4562 sin
2196 4511 2503 4581 capitulari
2526 4511 2622 4581 (ib.
2650 4519 2765 4576 105,
2789 4515 2937 4581 217);
2962 4510 2989 4563 J
3013 4527 3044 4564 0
3064 4526 3190 4562 nas

573 4582 849 4636 aurelian.
878 4584 946 4636 de
974 4585 1153 4640 instit.
1183 4586 1375 4642 laicali
1399 4589 1436 4644 1.
1472 4597 1493 4644 l
1524 4605 1569 4641 c.
1603 4598 1695 4649 15;
1725 4589 1994 4643 Rabanus
2023 4590 2077 4641 M
2096 4607 2129 4642 a
2147 4608 2185 4643 u
2204 4608 2283 4642 ru
2301 4609 2325 4643 s
2353 4590 2502 4646 hom.
2524 4609 2579 4660 p.
2603 4598 2634 4645 2
2654 4592 2807 4645 hom.
2829 4598 2895 4647 4⁴2
2924 4590 3189 4662 (Migne

580 4671 694 4726 110,
724 4664 1183 4733 323);Hayn10
1212 4666 1554 4723 halberstad.
1582 4669 2463 4741 hom.19(Migne118,141);
2506 4671 3006 4725 Hildebertus
3032 4685 3188 4723 ceno-

573 4760 721 4798 man.
751 4760 911 4797 serm.
940 4750 1007 4799 40
1035 4744 1132 4815 (ib.
1165 4752 1280 4809 171,
1308 4752 1463 4819 485);
1496 4748 1536 4800 B
1554 4766 1582 4801 e
1601 4768 1681 4802 rn
1701 4766 1778 4803 ar
1796 4750 1832 4802 d
1852 4768 1888 4802 ιι
1907 4768 1931 4803 s
1960 4750 2296 4805 Carthusiae
2324 4751 2480 4821 prior
2508 4769 2592 4822 ep.
2622 4757 2655 4807 3
2682 4750 2778 4822 (ib.
2815 4758 2927 4814 153.
2955 4753 3095 4819 900).
