3538 5364
546 254 637 321 90
1070 246 1255 300 Tract.
1282 245 1432 301 VIII.
1458 247 1530 301 de
1554 247 1964 319 gratia.Thesis
1979 247 2171 302 CXCI.
2199 243 2533 301 Voluntatis
2558 248 2648 300 eat

540 428 779 512 jective
811 435 876 493 et
906 428 1168 510 physice
1198 434 1588 510 praeparata
1617 447 1736 510 par
1767 436 1938 494 esset
1968 427 2053 492 ad
2084 433 2591 510 supernatur
2612 426 2861 491 aliter
2892 443 3172 507 operan-

550 535 719 599 dum.
783 533 965 614 Quae
1013 536 1284 600 assertio
1334 535 1497 600 sicut
1546 535 1868 600 corollarii
1897 536 2100 600 instar
2131 554 2210 601 ex
2243 535 2427 599 dictis
2457 534 2612 610 fluit,
2662 535 2754 598 ita
2783 533 3171 598 testimoniis

549 642 862 706 hactenus
897 641 1104 705 allatis
1135 641 1567 706 confirmatur.

730 753 1054 829 Utramque
1086 754 1236 813 hanc
1254 755 1764 830 praeparationem
1789 754 1934 813 satis
1966 753 2118 813 clare
2149 753 2350 812 innuit
2381 754 2879 830 Augustinus
2914 752 2985 811 de
3015 752 3175 811 bono

549 842 762 902 viduit.
799 861 856 907 n.
893 851 962 904 21
993 862 1006 900 ε
1056 843 1387 912 ‚Nostrum
1435 844 1595 902 enim
1640 848 1734 903 est
1779 843 1951 915 velle,
1998 843 2100 902 sed
2147 842 2428 902 voluntas
2459 843 2590 918 ipsa
2626 846 2687 900 et
2717 842 3074 901 admonetur
3104 846 3179 899 ιιι

550 938 773 1008 surgat,
807 936 869 990 et
899 936 1140 991 sanatur
1170 938 1239 991 ut
1272 934 1485 1002 valeat,
1517 938 1580 992 et
1611 933 1901 991 dilatatur
1931 937 2002 991 ιιι
2033 932 2244 1009 capiat,
2278 936 2341 991 et
2369 932 2658 1008 impletur
2688 935 2761 990 ut
2791 931 3066 992 habeat.‘
3088 964 3178 975 —

548 1021 1027 1097 Fulgentius
1071 1020 1144 1079 ad
1192 1022 1519 1081 Monimum
1553 1023 1591 1079 l.
1637 1034 1654 1084 l
1701 1040 1748 1082 c.
1786 1031 1853 1084 8:
1908 1021 2057 1090 ,Dei
2090 1024 2199 1090 est,
2246 1025 2314 1079 ut
2359 1021 2585 1079 bonum
2616 1025 2807 1079 iacere
2837 1020 3175 1079 velimus

549 1114 612 1168 et
656 1117 725 1168 ut
773 1112 959 1169 tacere
1005 1111 1461 1176 valeamus,‘
1499 1145 1579 1154 --
1616 1109 1968 1187 Cyrillus
2014 1111 2160 1169 alex.
2209 1109 2280 1168 de
2328 1110 2485 1168 ador.
2518 1111 2582 1169 in
2614 1111 2755 1186 spir.
2788 1111 2826 1172 l.
2867 1121 2931 1172 1:
2981 1108 3178 1179 ‚Quia

551 1199 808 1257 hominis
841 1203 1057 1258 natura
1088 1219 1207 1259 non
1239 1203 1332 1259 est
1361 1201 1506 1259 adeo
1540 1200 1725 1268 firma,
1775 1218 1967 1275 neque
2001 1199 2146 1258 satis
2180 1198 2396 1257 virium
2441 1199 2636 1271 habet,
2683 1208 2756 1258 ut
2799 1217 3100 1274 emergere
3144 1217 3176 1257 e

550 1288 717 1346 vitiis
750 1288 956 1363 possit.
1006 1307 1172 1363 opem
1220 1289 1312 1348 illi
1358 1290 1476 1348 fert
1521 1289 1584 1347 in
1617 1308 1686 1348 ea
1717 1308 1783 1346 re
1819 1290 1994 1348 Deus.
2057 1290 2267 1364 Itaque
2300 1288 2593 1364 duplicem
2627 1289 2878 1366 gratiam
2912 1287 3176 1346 tribuere

551 1378 960 1454 cognoscitur:
993 1396 1126 1436 cum
1160 1379 1314 1436 enim
1350 1378 1597 1436 monitis
1630 1376 1860 1442 suadet.
1896 1385 2024 1435 tum
2058 1377 2376 1453 adjuvandi
2398 1379 2659 1437 rationes
2690 1378 2925 1436 invenit
2956 1395 3175 1452 easque

547 1465 852 1542 praesenti
885 1467 1039 1524 malo
1071 1467 1189 1524 vim
1224 1467 1397 1526 nobis
1430 1467 1712 1526 afferente
1744 1467 2098 1526 valentiores
2131 1467 2372 1530 efficit.‘
2394 1501 2482 1511 —
2502 1467 2583 1530 Cf.
2616 1487 2657 1527 s.
2679 1466 2965 1526 Bernardi
2999 1466 3176 1524 verba

550 1574 606 1613 n.
644 1564 723 1618 96
759 1559 820 1614 et
853 1575 1005 1629 quae
1037 1556 1242 1614 scribit
1273 1575 1317 1616 s.
1352 1557 1671 1615 Thomas
1704 1556 1765 1614 in
1802 1556 2032 1632 Ephes,
2081 1556 2213 1618 lect.
2252 1565 2321 1617 2:
2371 1557 2781 1625 ‚Facultatem
2818 1551 2919 1638 (ad
2953 1554 3173 1614 saluta-

549 1662 643 1703 res
674 1640 869 1726 actus)
903 1646 1006 1703 «lat
1040 1645 1195 1703 Deus
1228 1644 1596 1704 infundendo
1629 1646 1915 1703 virtutem
1956 1651 2018 1704 et
2061 1645 2332 1721 gratiam,
2380 1664 2487 1722 per
2532 1664 2680 1721 quas
2713 1646 2888 1704 homo
2920 1644 3178 1703 efficitur

552 1738 761 1809 potens
793 1738 855 1792 et
884 1745 1061 1809 aptus
1093 1734 1168 1792 ad
1199 1736 1580 1809 operandum.
1647 1734 1758 1796 Sed
1805 1735 1996 1809 ipsam
2044 1734 2442 1810 operationem
2476 1735 2721 1805 confert,
2768 1735 2833 1792 in
2879 1736 3175 1810 quantum

550 1823 615 1880 in
648 1822 822 1880 nobis
855 1822 1109 1881 interius
1140 1827 1421 1898 operatur
1452 1826 1740 1883 movendo
1773 1827 1835 1883 et
1880 1823 2222 1900 instigando
2255 1823 2330 1881 ad
2362 1824 2585 1883 bonum
2618 1869 2631 1882 .
2667 1870 2679 1882 .
2714 1869 2727 1882 .
2769 1824 2833 1881 in
2880 1827 3174 1898 quantum

550 1911 747 1970 virtus
779 1912 909 1986 ejus
940 1916 1219 1987 operatur
1250 1912 1312 1970 in
1344 1913 1516 1972 nobis
1547 1914 1701 1972 velle
1734 1917 1799 1973 et
1827 1913 2106 1990 perticere
2140 1932 2245 1989 pro
2277 1912 2432 1971 bona
2464 1914 2828 1975 voluntates

740 2028 879 2080 100.
913 2013 1425 2085 corollarium.
1490 2019 1679 2088 Quare
1725 2021 1777 2079 si
1823 2021 2061 2080 nomine
2106 2020 2680 2096 praemotionis
2712 2019 2991 2096 physicae
3021 2018 3176 2077 nihil

553 2105 718 2164 aliud
750 2106 1133 2183 intelligitur,
1185 2129 1360 2183 quam
1397 2111 1537 2168 haec
1569 2111 1941 2186 praeparatio
1974 2110 2318 2175 voluntatis.
2371 2129 2521 2185 quae
2565 2128 2687 2167 non
2733 2108 2926 2167 solum
2963 2108 3176 2166 morali

553 2200 614 2252 et
656 2194 972 2271 oljectiw,
1020 2197 1121 2256 sed
1167 2202 1229 2257 et
1273 2198 1601 2274 subjectivo
1634 2202 1696 2258 et
1725 2199 1968 2275 physico
2001 2217 2109 2257 seu
2140 2198 2452 2275 dynamico
2485 2200 2547 2257 et
2577 2198 2912 2274 energetico
2945 2197 3179 2255 influxu

552 2285 924 2351 continetur;
958 2286 1121 2344 illam
1154 2306 1275 2345 non
1307 2289 1502 2347 solum
1534 2307 1657 2347 non
1689 2288 2004 2364 rejicimuS,
2039 2288 2140 2346 sed
2173 2290 2333 2347 ultro
2366 2288 2759 2346 admittimus,
2826 2286 2887 2344 Si
2929 2304 3069 2345 vero
3101 2286 3174 2344 ad

551 2392 677 2431 eam
699 2374 1031 2449 requiritur
1057 2378 1238 2434 etiam
1271 2377 2026 2452 praedeterminatio
2060 2376 2304 2452 physica
2334 2377 2407 2435 ab
2442 2378 2766 2435 intrinseco
2800 2374 3022 2445 efficax,
3056 2394 3176 2450 qua

551 2462 750 2537 posita
779 2462 1178 2523 infallibiliter
1211 2466 1267 2522 vi
1301 2466 1723 2542 praemotionis
1756 2470 1922 2524 actus
1954 2469 2256 2542 sequatur,
2305 2486 2430 2524 eam
2464 2466 2779 2525 admittere
2811 2483 2929 2523 non
2962 2483 3173 2540 possu-

551 2570 686 2610 mus
720 2557 965 2628 propter
994 2553 1257 2613 rationes
1290 2554 1442 2612 infra
1461 2555 1804 2613 afferendas
1856 2555 2025 2613 Illam
2061 2556 2319 2631 priorem
2353 2576 2529 2615 unam
2565 2555 2736 2614 novit
2766 2554 2958 2629 quoad
2990 2554 3174 2611 liber-

549 2641 737 2700 tatem
768 2660 812 2704 s,
834 2642 1179 2712 Thomas,
1215 2646 1286 2702 ut
1316 2643 1548 2719 egregie
1580 2642 1848 2702 ostendit
1878 2643 2205 2703 Bastida
2237 2645 2391 2720 apud
2426 2644 2679 2722 Meyer
2710 2644 2850 2706 hist.
2872 2661 3071 2721 congr.
3105 2642 3175 2703 de

551 2750 682 2792 aux.
718 2731 810 2800 VI,
855 2743 948 2795 18.
1013 2732 1093 2793 cf.
1128 2732 1517 2791 Scheeben
1551 2729 1582 2799 ἓ
1621 2742 1780 2803 287;
1813 2733 2137 2809 Mysterien
2169 2734 2272 2793 des
2304 2734 2659 2795 Christenth.
2692 2737 2724 2806 ἓ
2768 2740 2906 2795 102.

734 2858 878 2922 101·
912 2853 1165 2920 ThssSiS
1199 2852 1444 2921 CXCI·
1529 2875 1920 2929 Voluntatis
1955 2880 2193 2930 autem
2229 2878 2593 2940 praedicto
2632 2876 2837 2930 modo
2871 2886 3174 2940 praepa-

550 2967 759 3016 ratae
800 2967 922 3027 est,
957 2965 1235 3027 qratsac
1269 2965 1760 3028 praevenienti
1798 2967 2192 3018 consentire
2217 2979 2437 3030 eaque
2475 2966 2607 3026 uti,
2645 2965 2822 3018 adeo
2860 2967 2940 3015 ut
2976 2966 3176 3015 actus

552 3052 909 3104 salutares
960 3051 1329 3104 deliberati
1380 3065 1505 3105 nec
1555 3053 1685 3105 soli
1736 3055 2036 3118 oratius,
2086 3067 2212 3107 nec
2261 3054 2393 3107 soli
2442 3055 2742 3107 vicissim
2796 3053 3015 3106 libero
3054 3065 3176 3104 ar-

549 3141 763 3194 bitrio
801 3140 1110 3193 adscribi
1132 3142 1427 3206 possint,
1452 3142 1574 3196 sed
1597 3143 2140 3206 proficiscantur
2181 3144 2269 3197 ab
2310 3157 2457 3196 una
2500 3156 2720 3196 causa
2745 3143 3176 3209 adaequata,

550 3243 730 3296 quae
768 3232 867 3282 est
905 3228 1228 3281 voluntas
1269 3236 1484 3285 aucta·
1520 3234 1783 3298 qratia.

730 3332 1279 3399 Demonstratio
1314 3354 1383 3419 p.
1420 3333 1480 3403 Ι.
1541 3333 1908 3399 Voluntatis
1954 3333 2283 3415 praedicto
2326 3333 2519 3397 modo
2553 3341 2980 3416 praeparatae
3029 3351 3173 3399 esse

550 3437 796 3518 gratiae
805 3437 1170 3502 consentire
1180 3439 1365 3520 eique
1377 3440 1729 3520 cooperari,
1749 3440 1940 3506 docet
1957 3457 2136 3504 conc.
2158 3445 2183 3504 t
2199 3440 2264 3503 ri
2281 3440 2322 3503 d
2337 3459 2373 3505 e
2389 3459 2433 3503 n
2450 3440 2510 3504 ti
2526 3460 2568 3503 n
2584 3460 2626 3503 u
2642 3460 2706 3503 m
2735 3459 2889 3505 sess.
2911 3446 2952 3508 6
2974 3457 3112 3522 cap.
3132 3444 3174 3510 5

550 3550 862 3619 statuenS,
905 3544 1196 3611 homines
1237 3565 1388 3628 ,per
1419 3547 1554 3629 ejus
1589 3546 1754 3634 (Dei)
1790 3548 2180 3613 excitantem
2212 3553 2406 3629 atque
2445 3546 2857 3628 adjuvantem
2895 3548 3173 3628 gratiam

552 3649 635 3714 ad
669 3652 1174 3717 convertendum
1207 3671 1278 3717 se
1311 3653 1394 3717 acl
1426 3672 1611 3717 suam
1633 3653 1917 3735 ipsorum
1932 3654 2456 3736 justificationem
2477 3653 2686 3718 eidem
2707 3654 2950 3735 gratiae
2969 3653 3169 3719 libere

550 3761 963 3829 assentiendo
997 3768 1062 3827 et
1094 3763 1506 3844 cooperando
1540 3762 1823 3844 disponi:
1875 3762 1967 3826 ita
1999 3768 2067 3826 ut
2100 3769 2402 3844 tangente
2437 3762 2567 3829 Deo
2603 3780 2716 3826 cor
2746 3761 3025 3824 hominis
3057 3778 3172 3842 per

552 3867 825 3952 Spiritus
856 3870 1063 3934 sancti
1095 3869 1623 3935 illuminationem
1655 3888 1865 3952 neque
1913 3872 2111 3935 homo
2144 3872 2279 3954 ipse
2311 3870 2466 3935 nihil
2500 3871 2761 3935 omnino
2795 3876 2947 3950 agat
2980 3869 3175 3951 inspi-

551 3976 869 4041 rationem
902 3977 1076 4040 illam
1108 3976 1438 4058 recipienS,
1473 3978 1705 4059 quippe
1738 3977 1847 4060 qui
1866 3978 2040 4042 illam
2072 3985 2136 4043 et
2168 3978 2443 4060 abjicere
2465 3984 2696 4060 potest,
2724 3996 2935 4060 neque
2955 3983 3175 4042 tamen

552 4084 690 4149 sine
723 4084 929 4164 gratia
960 4083 1075 4149 Dei
1108 4102 1368 4149 movere
1418 4103 1488 4149 se
1543 4084 1624 4148 ad
1670 4085 1984 4167 justitiam
2037 4104 2256 4149 coram
2302 4086 2408 4149 illo
2458 4085 2661 4150 libera
2692 4103 2811 4149 sua
2841 4084 3173 4148 voluntate

552 4191 810 4271 possit}
851 4189 1037 4270 Quod
1069 4190 1456 4255 confirmant
1490 4191 1995 4268 exhortationeS‚
2029 4192 2258 4274 quibus
2279 4191 2448 4258 Deus
2470 4199 2846 4273 peccatores
2863 4210 2981 4273 per
3000 4189 3172 4254 Scri·

553 4303 809 4379 pturam
842 4303 905 4362 et
939 4297 1289 4363 Ecclesiam
1324 4298 1648 4374 admonet,
1681 4319 1756 4362 ne
1789 4301 1858 4361 in
1888 4319 2152 4362 vacuum
2175 4298 2295 4362 Dei
2309 4302 2592 4382 qratiam
2621 4301 2928 4383 recipiant
2949 4306 3006 4368 2.
3029 4296 3171 4362 Cor.

555 4409 613 4481 6,
652 4409 705 4478 1,
740 4405 853 4469 sed
885 4411 1146 4470 strenue
1167 4405 1376 4471 eidem
1397 4413 1857 4486 cooperentur3
1892 4411 2285 4488 quapropter
2305 4406 2592 4470 solemne
2614 4411 2712 4472 est
2733 4405 2788 4469 A
2804 4427 2845 4470 u
2861 4426 2898 4486 g
2914 4426 2955 4469 u
2972 4426 3002 4468 s
3021 4412 3042 4468 t
3060 4405 3080 4468 i
3097 4405 3175 4468 ni

555 4510 813 4575 axioma
844 4530 1031 4576 serm.
1076 4517 1197 4582 169
1231 4532 1289 4576 n.
1331 4517 1441 4580 13:
1512 4510 1673 4591 ‚Qui
1706 4511 1854 4577 fecit
1886 4518 1948 4577 te
1980 4512 2119 4576 sine
2154 4520 2233 4589 te,
2280 4531 2412 4577 non
2437 4512 2742 4594 justificat
2783 4519 2846 4577 te
2878 4512 3016 4576 sine
3048 4518 3166 4576 te.·

732 4640 863 4698 Huc
895 4642 1215 4717 pertinent,
1250 4659 1403 4717 quae
1436 4641 1589 4700 idem
1622 4660 1666 4701 s.
1712 4641 1916 4700 doctor
1947 4641 2210 4700 inculcat
2241 4642 2313 4700 de
2346 4661 2497 4718 pecc.
2532 4662 2671 4702 mer.
2705 4645 2767 4701 et
2796 4642 3027 4701 remiss.
3059 4642 3096 4704 l.
3136 4650 3171 4704 2

550 4745 601 4787 c.
638 4739 705 4792 5:
753 4729 918 4798 ‚Nec
950 4730 1082 4789 ideo
1116 4730 1259 4789 solis
1292 4730 1363 4788 de
1396 4730 1504 4788 hac
1534 4750 1597 4789 re
1629 4728 1725 4811 (de
1759 4731 2119 4807 acquirenda
2142 4728 2412 4814 justitia)
2446 4732 2600 4791 votis
2634 4733 2930 4810 agendum
2963 4735 3068 4804 est,
3102 4736 3177 4792 ιιι
