3538 5364
520 309 608 373 57
619 309 659 372 2
1125 300 1310 354 Tract.
1336 300 1431 353 IX.
1457 301 1526 353 de
1555 299 1938 355 matrimonio.
1965 300 2046 354 De
2071 300 2269 355 libello
2297 300 2542 370 repudii.

520 487 798 545 absoluta
820 487 1184 546 matrimonii
1205 486 1705 546 indissolubilitas
1737 504 1860 546 non
1891 507 1961 546 ex
1995 489 2162 547 solo
2187 489 2325 563 jure
2357 490 2606 546 naturae
2625 487 2917 561 provenit,
2951 504 3148 561 neque

522 596 594 635 ea
625 576 861 651 probari
893 578 1093 652 potest
1124 595 1232 652 pro
1264 576 1464 635 omni
1495 594 1651 647 casu,
1699 576 1844 635 adeo
1891 580 1963 635 ut
1992 595 2113 635 non
2145 577 2387 652 quidem
2419 594 2528 652 pro
2559 575 2762 634 lubitu
2792 575 3140 633 contrahen-

526 666 681 724 tium
714 665 810 724 vel
841 665 1186 741 principum
1217 670 1390 735 nutu,
1439 665 1539 724 sed
1584 666 1940 742 gravissima
1983 666 2054 724 de
2098 685 2271 725 causa
2303 665 2547 724 dissolvi
2576 664 2785 741 possit,
2833 663 3147 723 accedente

524 756 869 830 praesertim
891 755 1095 812 divina
1112 754 1569 830 dispensatione.
1598 757 1681 812 At
1698 754 1876 832 longe
1895 756 2098 831 plures
2119 754 2506 824 contendunt,
2541 772 2668 813 eam
2702 772 2771 811 ex
2804 753 2932 812 solo
2962 753 3146 812 etiam

511 844 656 919 jure
688 843 1043 902 naturali
1076 843 1222 902 satis
1253 843 1522 920 probari:
1556 844 1708 902 tales
1742 846 1888 903 sunt
1917 843 2135 920 Lyra,
2172 845 2566 913 Tostatus‚
2600 843 2848 912 Sotus,
2883 842 3146 901 03131-

525 932 812 1002 ruvias,
847 931 1225 1005 Corduba,
1258 932 1693 1003 Guttierez,
1728 932 2126 1003 Ledesma,
2159 935 2398 1009 Lopez
2429 932 2668 1008 aliique,
2700 949 2851 1007 quos
2881 930 2956 990 cf.
2986 930 3149 1006 apud

525 1023 770 1098 Liguo
790 1022 855 1079 ri
900 1021 972 1080 de
1016 1023 1188 1083 matr.
1219 1020 1283 1079 in
1312 1021 1492 1081 theol.
1526 1040 1670 1082 mor.
1703 1041 1761 1081 n.
1801 1031 1943 1084 156.
2008 1024 2133 1081 Hae
2164 1023 2516 1093 sententiae,
2549 1019 2935 1097 prosequitur
2965 1021 3149 1079 Per-

523 1130 653 1170 ron
674 1130 705 1169 e
750 1111 789 1172 l.
822 1129 868 1171 3.
901 1129 950 1168 a.
993 1121 1046 1184 1,
1098 1110 1236 1179 ,sin
1280 1111 1482 1169 minus
1528 1110 1602 1169 ad
1648 1111 2019 1171 concordiam
2050 1112 2331 1181 revocari,
2367 1113 2576 1170 saltem
2611 1110 2913 1169 conciliari
2944 1109 3151 1185 aliquo

524 1200 697 1259 modo
717 1204 990 1275 possunt,
1026 1199 1076 1257 si
1109 1202 1376 1258 accurate
1396 1200 1665 1275 primarii
1683 1201 1835 1275 juris
1856 1203 2105 1260 naturae
2125 1204 2437 1277 praecepta
2468 1220 2502 1258 a
2532 1198 2894 1258 secundariis
2924 1197 3148 1257 distin-

520 1292 812 1365 guantur,
847 1288 1346 1362 quemadmodum
1378 1307 1486 1347 nos
1519 1289 1698 1348 etiam
1718 1290 2133 1365 praestitimus
2166 1289 2229 1348 in
2262 1289 2448 1365 priori
2480 1289 2661 1364 hujus
2693 1287 2834 1346 libri
2866 1287 3149 1355 sectione,

476 1438 489 1445 ,
526 1378 669 1437 dum
717 1378 789 1436 de
828 1378 1061 1436 unitate
1094 1376 1457 1436 matrimonii
1489 1377 1931 1437 dissereremus.
1993 1378 2116 1437 Hac
2148 1378 2531 1438 distinctione
2562 1377 2757 1454 posita
2785 1376 2928 1435 haec
2958 1376 3152 1435 statui

525 1485 701 1541 posse
729 1466 1043 1525 videntur:
1081 1460 1142 1528 1.
1175 1467 1364 1542 legem
1383 1467 1943 1527 indissolubilitatis
1963 1487 2081 1527 non
2103 1468 2401 1544 pertinere
2432 1468 2504 1526 ad
2537 1466 2816 1542 primaria
2845 1468 3025 1541 atque
3055 1484 3152 1524 es-

524 1556 800 1614 sentialia
818 1558 1134 1632 praecepta
1151 1559 1417 1627 naturae,
1452 1551 1745 1638 (alioquin
1777 1576 1970 1632 neque
2001 1575 2071 1616 ex
2103 1556 2550 1633 dispensatione
2568 1556 2776 1615 divina
2791 1558 2996 1630 posset
3024 1554 3150 1613 dis-

527 1641 724 1727 solvi),
758 1664 878 1720 qua
908 1644 1285 1703 concessione
1314 1645 1541 1720 aliquid
1575 1645 1785 1704 damus
1817 1646 1907 1713 iis,
1940 1646 2045 1722 qui
2066 1647 2422 1706 sententiam
2444 1647 2757 1722 negantem
2776 1647 3055 1712 tuentur;
3089 1648 3152 1701 et

528 1730 593 1797 2.
643 1734 918 1793 addimus
952 1752 1083 1792 eam
1113 1733 1711 1794 indissolubilitatem
1747 1735 1877 1810 juri
1923 1739 2171 1796 naturae
2216 1754 2345 1794 esse
2390 1735 2629 1794 omnino
2674 1736 3149 1803 consentaneam,

466 1864 491 1913 ,ι
521 1828 708 1898 atque
740 1822 885 1882 adeo
920 1818 982 1887 3.
1015 1842 1083 1881 ex
1109 1824 1248 1898 jure
1280 1823 1629 1882 secundario
1662 1824 2031 1899 provenire,‘
2066 1827 2127 1883 et
2159 1825 2400 1899 quidem
2432 1824 2535 1893 ita,
2582 1826 2655 1881 ut
2699 1822 2859 1881 nullo
2904 1823 2965 1880 in
3011 1841 3151 1880 casu

488 1932 501 1975 ¹.
527 1913 703 1970 liceat
734 1911 1182 1970 matrimonium
1214 1911 1538 1971 dissolvere
1570 1932 1762 1989 neque
1795 1914 2116 1990 conjugum
2151 1932 2440 1972 consensu
2473 1909 2995 1993 (indissolubilitas
3027 1912 3150 1969 in-

488 1990 921 2079 itrinseca),
970 2019 1163 2076 neque
1207 2001 1561 2060 auctoritate
1607 2003 1733 2060 ulla
1779 2021 1939 2061 mere
1986 2002 2244 2061 humana
2276 2001 2802 2080 (indissolubilitas
2841 2000 3149 2059 extrin-

525 2087 741 2171 seca).
801 2090 942 2148 Ideo
986 2092 1189 2149 autem
1233 2091 1579 2150 auctoritati
1611 2091 1906 2150 humanae
1937 2091 2282 2169 deneganda
2311 2092 2549 2151 videtur
2593 2091 2734 2149 11333
2777 2092 3040 2165 potestas
3085 2089 3152 2147 in

490 2198 499 2209 ·
526 2178 734 2238 ordine
765 2197 927 2237 mere
958 2179 1346 2249 naturali,
1396 2179 1554 2255 quod
1601 2180 1781 2239 nimis
1814 2180 1983 2240 facile
2014 2181 2346 2256 irreperent
2384 2181 2449 2239 in
2487 2180 2738 2238 materia
2768 2182 2890 2238 tam
2922 2177 3153 2236 lubrica

496 2269 771 2329 :abusus
832 2268 917 2326 Ea
959 2286 1098 2326 vero
1144 2267 1370 2326 censeri
1402 2268 1623 2328 debent
1644 2270 1784 2344 jure
1816 2273 2064 2329 naturae
2096 2270 2226 2328 abs
2245 2270 2462 2330 olute
2493 2268 2811 2345 prohibita,
2858 2285 3011 2343 quae
3057 2266 3153 2325 vel

529 2358 764 2415 semel
808 2356 1098 2433 permissa
1146 2357 1558 2433 irreparabilia
1588 2362 1834 2434 propter
1869 2359 2127 2417 hominis
2173 2359 2245 2417 ad
2291 2359 2514 2417 malum
2547 2357 2904 2434 pronitatem
2938 2356 3156 2415 damna

526 2446 623 2504 vel
655 2446 1025 2505 incommoda
1057 2463 1256 2504 secum
1287 2445 1528 2506 ferrent.
1592 2448 1735 2506 Cum
1779 2465 1918 2506 vero
1959 2448 2100 2507 haec
2131 2448 2404 2506 absoluta
2435 2446 2801 2506 matrimonii
2829 2444 3155 2504 indissolu-

527 2534 733 2593 bilitas
767 2535 978 2608 quovis
1011 2535 1076 2593 in
1108 2552 1253 2593 casu
1283 2534 1379 2593 vix
1415 2536 1607 2610 possit
1637 2536 1763 2595 solo
1795 2536 2050 2596 rationis
2084 2537 2310 2596 lumine
2328 2539 2488 2596 certo
2509 2535 2764 2611 agnosci,
2799 2538 2859 2593 et
2890 2534 3156 2610 theologi

480 2622 499 2730 ι
530 2624 646 2702 ipsi
680 2624 787 2682 hac
818 2623 891 2682 de
925 2642 989 2682 re
1026 2624 1412 2682 dissentiant:
1447 2624 1656 2701 liquet,
1690 2645 1727 2685 a
1754 2628 1993 2703 peccato
2025 2627 2235 2687 saltem
2269 2626 2537 2686 excusari
2569 2625 2698 2685 illos
2730 2624 3016 2694 infideles,
3052 2623 3158 2701 qui

524 2714 879 2792 gravissima
910 2714 981 2772 de
1014 2732 1209 2786 causa,
1256 2720 1328 2772 ut
1374 2714 1449 2772 ob
1497 2715 1894 2785 sterilitatem,
1935 2720 2291 2793 perpetuum
2322 2716 2615 2786 morbum,
2649 2713 3012 2773 adulterium
3045 2718 3154 2772 etc.

476 2831 481 2842 =
528 2803 975 2861 matrimonium
1007 2803 1396 2861 dissolverint
1427 2803 1712 2879 aliudque
1745 2805 2007 2869 inierint.
2055 2805 2248 2875 Quare
2281 2805 2335 2864 si
2365 2824 2632 2881 quaeras,
2680 2804 2836 2862 unde
2869 2821 3158 2861 summa

528 2892 890 2950 matrimonii
922 2891 1235 2950 christiani
1266 2891 1774 2953 indissolubilitas
1806 2895 1970 2964 fluat,
2005 2894 2484 2971 respondendum
2513 2897 2623 2964 est,
2662 2912 2790 2952 eam
2821 2910 2952 2951 esse
2984 2910 3158 2967 repe·

526 2980 768 3039 tendam
791 2981 918 3056 jam
949 2999 1018 3039 ex
1050 2981 1181 3058 lege
1213 2984 1477 3052 naturae,
1524 2982 1589 3040 in
1633 2983 1843 3058 primis
1874 2986 2074 3042 tamen
2105 3002 2175 3041 ex
2206 2983 2589 3042 institutione
2621 2981 2900 3058 originali
2932 2982 2993 3039 et
3024 2980 3159 3056 lege

529 3069 802 3145 positiva,
836 3072 971 3127 tum
1001 3088 1070 3127 ex
1103 3069 1537 3147 significatione
1570 3073 1896 3148 symbolica
1925 3077 1988 3131 et
2016 3072 2313 3149 dignitate
2335 3071 2761 3131 sacramentali.
2811 3070 2966 3128 Hinc
2997 3073 3157 3128 cate-

524 3158 791 3217 chismus
824 3177 970 3218 rom.
1005 3158 1177 3217 docet
1208 3178 1266 3217 3.
1303 3168 1336 3220 2
1375 3178 1420 3218 3.
1459 3169 1494 3223 8
1531 3179 1587 3219 n.
1632 3171 1741 3224 13:
1792 3161 2119 3231 ,Quamvis
2151 3162 2550 3233 matrimonio,
2595 3162 2894 3236 quatenus
2926 3161 3020 3217 est
3049 3175 3158 3216 na·

462 3271 479 3328 q
530 3253 698 3306 turae
730 3247 1009 3318 officium,
1045 3248 1373 3318 conveniat,
1409 3252 1480 3307 ut
1513 3249 1754 3308 dissolvi
1790 3269 1910 3308 non
1940 3251 2164 3326 possit:
2203 3253 2405 3309 tamen
2438 3250 2498 3308 id
2532 3250 2782 3308 maxime
2814 3247 2899 3317 fit,
2946 3253 3156 3323 quate-

470 3331 487 3352 ⁸
528 3355 643 3394 nus
677 3339 770 3394 est
802 3340 1297 3396 3331·31333111111.“ι
1364 3337 1447 3399 cf.
1498 3336 2116 3414 Roskovany11§
2157 3351 2181 3402 1
2224 3359 2330 3409 ss.;
2382 3339 2567 3397 Bive
2608 3357 2652 3398 c.
2700 3348 2767 3408 63
2818 3337 3157 3396 Perrone

530 3427 569 3482 l.
606 3434 639 3486 3
677 3443 721 3485 3.
760 3434 793 3486 2
830 3443 875 3483 3.
918 3437 967 3486 1.

484 3399 515 3528 ι
713 3523 857 3577 613.
891 3510 1015 3577 IV.
1052 3513 1242 3583 Quare
1274 3515 1324 3573 si
1358 3515 1561 3574 libello
1593 3536 1667 3575 re
1686 3537 1722 3592 p
1741 3516 1910 3575 udii
1936 3517 2171 3593 judaeis
2192 3517 2482 3592 permissa
2513 3516 2629 3575 fuit
2659 3515 3026 3575 matrimonii
3059 3533 3158 3573 so-

530 3604 700 3674 lutio,
756 3603 1071 3662 dicendum
1118 3606 1228 3672 est,
1282 3604 1485 3662 divina
1517 3605 1959 3680 dispensatione
1989 3626 2116 3665 eam
2148 3605 2335 3665 fuisse
2366 3606 2736 3681 permissam,
2783 3623 2902 3678 qua
2947 3604 3155 3663 certis-

526 3693 676 3751 sime
729 3692 1096 3751 matrimonii
1149 3693 1463 3768 dissolutio
1516 3694 1677 3752 licita
1726 3694 1897 3754 reddi
1946 3698 2162 3771 potest.
2225 3695 2498 3754 Ceterum
2548 3694 2620 3753 de
2670 3694 2868 3753 libello
2918 3693 3157 3769 repudii

529 3782 786 3840 multum
818 3781 1131 3857 disputant
1161 3782 1423 3858 theologi
1456 3785 1517 3841 et
1547 3788 1841 3860 exegetae,
1889 3803 2035 3842 num
2079 3803 2147 3843 eo
2192 3784 2278 3842 ita
2322 3785 2686 3860 diremptum
2730 3783 2914 3842 fuerit
2945 3783 3157 3840 matri-

528 3871 793 3929 monium
829 3870 1024 3946 quoad
1059 3871 1478 3942 vinculum,
1513 3876 1585 3930 ut
1615 3872 1823 3932 liceret
1841 3873 2082 3932 mulieri
2103 3872 2380 3932 dimissae
2412 3891 2633 3933 3311113
2664 3872 2817 3931 13113
2852 3871 3157 3930 matrimo-

530 3960 715 4017 nium.
783 3959 938 4018 Sunt
970 3959 1076 4031 qui
1108 3963 1332 4036 negent
1361 3959 1421 4017 id
1453 3961 1709 4025 licuisse.
1777 3961 1869 4020 Ita
1901 3980 1945 4024 3.
1977 3962 2522 4037 Hieronymus,
2570 3963 3156 4032 Bonaventura,

531 4047 918 4123 Lyranus,
973 4049 1034 4106 P.
1082 4048 1593 4120 LombarduS,
1646 4051 1932 4109 Dominic.
1981 4055 2193 4124 Soto,
2246 4051 2546 4120 EstiuS,
2600 4050 2934 4119 Silvius,
2988 4050 3158 4109 Cal-

529 4139 682 4194 met
731 4140 840 4198 etc.
911 4136 1231 4195 Affirmant
1280 4156 1419 4196 1313
1470 4140 1665 4209 multi,
1728 4145 1801 4198 ut
1850 4141 2410 4210 Bellarminus,
2475 4139 2840 4209 Sanchez,
2904 4139 3071 4198 Corn.
3125 4158 3160 4196 a

534 4225 850 4299 Lapide,
902 4226 1404 4285 Maldonatus
1437 4230 1547 4285 etc.
1608 4229 1952 4287 Perrone
2003 4230 2088 4287 ita
2139 4230 2357 4288 statuit
2385 4249 2437 4287 a.
2473 4238 2542 4289 2:
2596 4229 2722 4297 ,Ex
2755 4228 2845 4286 his
2877 4228 3159 4286 omnibus

534 4316 717 4389 patet,
751 4314 1046 4388 ejusmodi
1068 4316 1558 4375 constitutionem
1581 4318 1899 4376 mosaicam
1933 4336 2051 4376 non
2084 4318 2264 4377 fuisse
2294 4318 2752 4394 praeceptivam,
2786 4317 2887 4376 sed
2916 4319 3159 4376 tantum

528 4403 961 4477 permissivam,
996 4421 1061 4461 ac
1092 4423 1199 4480 per
1229 4424 1357 4463 eam
1391 4405 1678 4465 divinitus
1708 4406 2208 4483 dispensationem
2229 4407 2426 4465 datam
2458 4407 2639 4466 fuisse
2672 4407 3006 4483 primaevae
3040 4407 3159 4482 legi

534 4490 1084 4551 indissolubilitatis
1117 4513 1151 4551 a
1181 4495 1304 4552 Deo
1337 4494 1465 4569 ipso
1491 4495 1852 4555 constitutae
1884 4496 1948 4555 in
1979 4497 2325 4572 nuptiarum
2345 4496 2731 4556 institutione
2763 4496 2920 4555 inter
2951 4500 3158 4572 proto-

534 4582 829 4655 parentes
845 4588 871 4617 (
908 4580 1069 4650 Quae
1090 4583 1389 4641 sententia
1410 4583 1648 4643 videtur
1668 4584 2051 4660 praeferenda
2070 4590 2313 4662 propter
2333 4585 2437 4644 has
2460 4585 2753 4644 rationes:
2789 4581 2851 4648 1.
2885 4585 3158 4644 Christus

532 4669 755 4727 diserte
786 4672 1076 4728 testatur:
1124 4672 1215 4728 Ab
1246 4675 1411 4730 initio
1442 4692 1557 4731 non
1584 4674 1702 4746 fuit
1732 4677 1830 4732 sic.
1887 4674 2058 4744 Quod
2089 4693 2228 4751 ergo
2262 4675 2489 4750 Moyses
2522 4674 2814 4751 permisit,
2861 4674 2934 4732 ab
2981 4673 3156 4733 initio

534 4776 654 4815 non
688 4757 806 4816 fuit
836 4759 1224 4834 permissum:
1273 4761 1376 4819 sed
1409 4761 1712 4821 dimittere
1745 4782 1987 4823 uxorem
2018 4766 2294 4822 manente
2325 4764 2584 4835 vincu10,
2631 4764 2801 4841 gravi
2836 4764 3050 4822 saltem
3082 4763 3160 4821 de
