3538 5364
601 261 729 325 384
944 252 1129 305 Tract.
1158 251 1249 304 lx.
1277 249 1346 303 de
1374 248 1650 303 sacrificio
1678 249 1899 302 missae.
1928 248 2104 303 Cuius
2131 249 2206 303 sit
2232 249 2532 304 instituere
2560 251 2855 306 sacrificia.

595 439 795 516 potuit
826 437 1202 514 Augustinus
1232 437 1270 497 l.
1304 456 1350 498 c.
1384 435 1602 494 dicere:
1639 435 1840 504 „Illud
1872 436 2031 511 quod
2062 436 2136 493 ab
2169 436 2445 495 omnibus
2477 439 2817 513 appellatur
2848 439 3214 508 sacrificium,

595 529 833 604 signum
865 532 958 586 est
987 527 1110 585 veri
1143 525 1472 588 sacrificii.‘

774 613 838 680 2.
872 616 1168 674 Sacrificia
1204 615 1665 690 distinguuntur
1709 629 1772 677 a.
1820 614 2046 673 ratione
2091 615 2427 691 originis
2471 615 2535 672 in
2581 616 2868 675 sacrificia
2910 616 3062 693 legis
3108 636 3215 675 na-

595 709 783 776 turae,
818 705 886 763 V.
919 704 1281 763 Testamenti
1311 706 1373 762 et
1403 703 1467 761 in
1498 702 1848 762 sacrificium
1880 704 1951 765 N.
1987 703 2080 774 Τ.;
2126 701 2195 769 b.
2241 704 2470 763 ratione
2507 705 2884 764 materiae
2927 705 2990 764 in
3033 708 3214 765 sacri-

597 794 725 852 ficia
755 794 1100 853 animalium
1134 793 1174 854 i.
1206 812 1253 851 e.
1287 793 1612 862 hostiaS,
1646 791 1953 850 fructuum
1983 796 2178 851 terrae
2211 793 2248 855 i.
2281 812 2328 857 e.
2375 794 2986 865 immolationes,
3034 798 3094 852 et
3140 795 3214 852 li-

600 883 918 958 quidorum
951 882 987 943 i.
1020 902 1067 941 e.
1101 882 1212 939 lib
1232 882 1566 951 ationes;
1615 895 1679 943 c.
1726 881 1955 940 ratione
1986 881 2208 940 formae
2239 883 2302 941 in
2334 882 2697 953 holocausta,
2733 884 2784 941 si
2815 886 2944 941 tota
2975 883 3216 953 victima

595 972 1084 1031 comburebatur:
1131 972 1194 1029 in
1241 970 1519 1029 sacrificia
1564 989 1669 1044 pro
1714 972 1990 1046 peccatis,
2038 971 2102 1029 in
2148 972 2370 1046 quibus
2415 990 2552 1046 pars
2583 991 2704 1030 una
2735 971 3213 1041 comburebatur,

594 1062 781 1120 altera
811 1061 1055 1120 cedebat
1084 1060 1147 1118 in
1177 1079 1354 1119 usum
1389 1060 1790 1128 sacerdotum;
1837 1060 1902 1118 in
1947 1060 2202 1135 pacifica,
2246 1061 2295 1119 si
2325 1061 2504 1119 etiam
2535 1080 2670 1136 pars
2702 1056 2935 1143 (tertia)
2969 1062 3216 1120 cedebat

594 1151 657 1208 in
687 1168 866 1209 usum
898 1150 1302 1220 offerentium;
1355 1145 1424 1212 (l.
1477 1148 1706 1207 ratione
1754 1149 1781 1206 f
1793 1149 1948 1207 inis
1996 1149 2059 1208 in
2109 1150 2442 1220 latreutica,
2489 1150 2891 1224 eucharistica,
2927 1151 3214 1226 propitia-

593 1240 761 1310 toria,
795 1239 1218 1315 impetratoria.
1283 1238 1363 1296 Cf.
1398 1240 1746 1296 Becanus
1781 1238 1853 1296 de
1885 1238 2108 1314 triplici
2140 1238 2328 1300 sacrif.
2358 1238 2463 1310 111,
2505 1251 2602 1302 10.

771 1324 837 1390 3.
872 1328 1159 1387 Convenit
1188 1327 1534 1386 sacrificium
1568 1344 1704 1385 cum
1736 1330 2248 1402 sacramento,
2296 1328 2456 1404 quod
2489 1330 2814 1403 utrumque
2846 1328 3108 1404 pertinet
3140 1328 3214 1385 ad

592 1417 896 1495 signorum
918 1435 1138 1494 genus:
1171 1417 1458 1475 differunt
1476 1420 1675 1474 tamen
1708 1415 1775 1473 in
1805 1416 2098 1492 pluribuS,
2130 1417 2481 1475 nominatim
2514 1418 2575 1474 in
2608 1436 2691 1487 eo,
2726 1416 2905 1492 quod,
2939 1422 3012 1476 ut
3043 1418 3215 1476 docet

593 1506 871 1565 Suarez
917 1508 970 1564 d.
1024 1517 1049 1568 1
1094 1524 1137 1566 e.
1196 1517 1244 1577 l,
1297 1504 1693 1574 ‚sacrificium
1727 1505 2029 1563 contineat
2059 1524 2401 1582 supremum
2435 1506 2666 1563 cultum
2700 1506 2805 1565 Dei
2839 1508 2877 1569 i.
2909 1526 2957 1565 e.
3005 1507 3215 1565 imme-

592 1595 748 1654 diate
779 1595 1071 1654 referatur
1119 1600 1181 1653 et
1231 1595 1635 1653 constituatur
1679 1594 1752 1652 ad
1798 1594 2186 1653 tribuendum
2220 1596 2449 1654 cultum
2481 1596 2602 1653 Deo
2636 1641 2649 1654 .
2683 1640 2696 1653 .
2730 1640 2743 1654 .
2777 1600 3214 1655 sacramentum

590 1703 728 1745 vero
759 1684 1097 1742 immediate
1130 1684 1422 1742 referatur
1466 1684 1537 1741 ad
1587 1684 1741 1757 ipsos
1789 1684 2045 1741 cultores
2080 1684 2201 1755 Dei,
2247 1702 2398 1760 quos
2445 1684 2709 1759 disponit
2750 1704 2856 1744 seu
2887 1684 3214 1744 sanctificat

590 1773 663 1831 ad
697 1773 928 1831 cultum
964 1774 1081 1834 Dei.
1147 1773 1313 1831 Unde
1346 1774 1429 1843 fit,
1464 1775 1534 1830 ut
1566 1772 1918 1831 sacrificium
1951 1773 2232 1831 consistat
2263 1774 2326 1830 in
2357 1773 2587 1832 actione
2621 1774 2820 1849 aliqua
2851 1792 2957 1832 seu
2988 1793 3021 1832 o
3040 1775 3167 1831 bla
3187 1806 3212 1816 ·

589 1863 835 1933 tione,
884 1881 1034 1938 quae
1078 1862 1151 1920 ad
1191 1863 1377 1921 Deum
1424 1861 1708 1921 refertur:
1762 1866 2198 1920 sacramentum
2244 1865 2443 1920 autem
2489 1863 2554 1919 in
2600 1863 3060 1937 receptione
3105 1882 3213 1921 seu

590 1951 762 2027 quasi
796 1952 1082 2026 passione,
1117 1970 1267 2027 quae
1299 1951 1362 2008 in
1398 1951 1499 2009 Dei
1532 1950 1865 2009 cultoribus
1898 1951 2098 2024 aliquo
2130 1952 2301 2009 modo
2336 1950 2713 2026 suscipiatur.
2751 1952 2829 2010 Et
2856 1952 2997 2010 hinc
3030 1951 3210 2010 etiam

588 2039 973 2115 repetendum
1010 2041 1167 2115 quod
1198 2040 1354 2098 idem
1376 2039 1723 2098 sacrificium
1742 2040 1937 2115 possit
1967 2059 2001 2097 a
2031 2040 2239 2098 multis
2270 2040 2468 2099 offerri
2500 2045 2561 2098 et
2593 2041 2870 2099 omnibus
2899 2041 3210 2117 prodesse:

588 2130 745 2188 idem
777 2148 915 2188 vero
948 2133 1379 2188 sacramentum
1425 2147 1533 2188 seu
1563 2148 1708 2188 usus
1742 2130 2096 2187 sacramenti
2127 2132 2362 2188 tantum
2409 2130 2472 2188 in
2517 2148 2637 2188 uno
2677 2130 3002 2206 recipiatur
3034 2130 3211 2206 eique

587 2221 825 2277 tantum
856 2218 1048 2294 prosit
1078 2224 1229 2281 etc.‘
1298 2217 1526 2286 Quibus
1559 2222 1620 2276 et
1650 2218 1904 2275 Billot
1947 2218 2012 2276 in
2044 2218 2442 2294 praeambulis
2474 2217 2546 2276 ad
2584 2228 2639 2282 3.
2673 2239 2728 2295 p.
2761 2239 2815 2295 q.
2853 2227 2953 2282 82.
2989 2227 3067 2283 83
3103 2222 3133 2292 ἓ
3178 2232 3200 2282 1

588 2307 703 2366 alia
734 2307 1022 2382 quaedam
1056 2308 1226 2366 addit
1258 2307 1628 2366 discrimina:
1679 2308 2103 2375 ‚Sacramenta
2145 2326 2252 2365 nec
2299 2311 2442 2366 sunt
2486 2308 2558 2366 de
2597 2309 2736 2383 jure
2781 2312 3048 2378 naturae,
3099 2327 3211 2366 nec

589 2399 838 2473 possunt
868 2415 994 2455 esse
1025 2397 1424 2456 institutionis
1456 2396 1766 2465 humanae,
1814 2413 1921 2454 nec
1962 2397 2286 2454 necessario
2320 2400 2380 2454 et
2412 2416 2640 2471 semper
2671 2416 2706 2455 a
2735 2396 3036 2455 sacerdote
3068 2415 3208 2455 con-

589 2486 889 2555 ficiuntur,
922 2503 1032 2544 nec
1063 2486 1301 2544 demum
1333 2486 1648 2543 efficaciam
1681 2485 1906 2542 habent
1936 2504 2041 2559 per
2070 2486 2312 2543 modum
2343 2485 2797 2560 impetrationis,
2840 2485 2997 2543 sicut
3027 2487 3207 2544 sacri-

589 2575 807 2645 ficium,
842 2575 945 2632 sed
975 2594 1081 2649 per
1111 2575 1353 2633 modum
1387 2574 1799 2633 efficientiae.‘

770 2674 913 2727 402.
948 2663 1265 2733 Quaeritur
1296 2682 1434 2721 num
1466 2662 1695 2739 quilibet
1716 2664 1904 2737 possit
1935 2664 2229 2722 instituere
2258 2664 2625 2736 sacrificium.
2689 2664 2802 2722 Per
2840 2682 2900 2722 se
2945 2662 3207 2739 quidem,

590 2754 641 2812 si
675 2754 744 2811 de
764 2754 973 2812 ordine
994 2753 1255 2811 naturali
1275 2752 1494 2829 agitur,
1529 2751 1755 2827 singuli
1777 2752 2043 2810 homines
2076 2770 2183 2827 pro
2217 2770 2325 2811 suo
2358 2753 2540 2811 libitu
2560 2753 2733 2830 signa
2751 2757 2891 2829 apta
2909 2771 3208 2812 assumere

588 2845 843 2919 possunt
872 2843 944 2900 ad
978 2843 1166 2900 Deum
1205 2841 1535 2909 colendum,
1587 2841 1724 2899 hinc
1775 2844 1837 2899 et
1884 2841 2180 2912 sacrificia,
2213 2845 2355 2900 sunt
2385 2842 2544 2901 enim
2577 2843 2750 2919 signa
2779 2842 2851 2901 ad
2886 2843 3205 2918 placitum:

588 2931 691 2990 sed
739 2933 786 2989 si
836 2933 1068 2990 cultum
1116 2930 1441 2988 sacrificum
1488 2930 1764 2989 historice
1812 2930 2264 3001 consideremus,
2314 2931 2604 3002 itidemne,
2657 2931 2948 2990 sacrificia
2978 2932 3206 3007 ubique

586 3021 857 3097 gentium
903 3023 1128 3095 partem
1176 3019 1361 3077 fuisse
1405 3019 1606 3077 cultus
1650 3019 1906 3094 publici:
1958 3019 2341 3094 quamobrem
2385 3021 2606 3096 passim
2652 3020 2919 3096 theologi
2962 3027 3204 3097 negant,

588 3109 883 3168 hominem
915 3108 1151 3183 privata
1182 3108 1533 3166 auctoritate
1564 3127 1733 3183 posse
1765 3107 2054 3167 sacrificia
2084 3108 2416 3167 instituere.
2479 3109 2556 3166 Et
2602 3127 2740 3167 sane
2772 3124 2839 3171 a.
2875 3109 2928 3167 si
2959 3128 3205 3187 genera-

585 3200 699 3256 tim
732 3216 851 3255 non
883 3197 1148 3255 omnium
1182 3201 1310 3256 erat
1329 3198 1681 3256 sacrificium
1701 3198 1926 3268 offerre,
1960 3198 2065 3255 sed
2095 3198 2334 3257 nonnisi
2366 3216 2587 3268 eorum,
2622 3199 2727 3272 qui
2760 3217 2828 3256 ex
2862 3198 3204 3256 hominibus

586 3285 1046 3344 assumebantur
1076 3291 1137 3344 et
1166 3306 1272 3363 pro
1305 3287 1650 3345 hominibus
1681 3286 2219 3357 constituebantur,
2264 3287 2356 3347 vel
2405 3286 2510 3361 qui
2554 3288 2787 3345 ratione
2826 3289 3203 3345 auctoritatis

586 3375 732 3433 alios
766 3375 1300 3462 repraesentabant,
1334 3377 1524 3434 multo
1557 3376 1756 3435 minus
1788 3378 1915 3435 erat
1946 3374 2264 3451 cujuslibet
2294 3375 2644 3434 sacrificium
2665 3376 2994 3434 instituere.
3028 3377 3202 3434 Prae-

583 3468 745 3522 terea
789 3460 857 3528 b.
904 3464 975 3522 ad
1021 3465 1316 3523 unitatem
1362 3471 1422 3524 et
1469 3465 1835 3524 concordiam
1866 3466 2157 3523 humanae
2189 3463 2551 3539 reipublicae
2583 3465 2835 3539 expedit,
2884 3469 2956 3523 ut
3001 3484 3202 3523 omnes

585 3554 940 3612 conveniant
982 3554 1047 3612 in
1091 3554 1433 3613 solemniori
1465 3554 1640 3613 modo
1674 3554 1901 3613 colendi
1935 3555 2143 3623 Deum,
2193 3553 2297 3627 qui
2342 3553 2621 3612 consistit
2651 3554 2715 3611 in
2747 3554 3044 3612 sacrificio,
3108 3554 3199 3612 Ad

583 3642 741 3701 hunc
770 3662 909 3702 vero
940 3642 1117 3701 finem
1150 3644 1632 3718 consequendum
1685 3661 1923 3702 necesse
1968 3647 2078 3712 est,
2126 3646 2198 3701 ut
2242 3641 2524 3702 sacrificia
2569 3643 2927 3701 auctoritate
2960 3644 3203 3717 publica

582 3733 978 3791 instituantur
1009 3737 1070 3790 et
1101 3733 1590 3807 determinentur,
1626 3751 1820 3808 neque
1852 3732 2028 3790 aliter
2059 3731 2296 3807 possint
2328 3731 2646 3794 introduci.
2698 3731 2865 3800 Quod
2900 3745 2960 3796 e.
2993 3733 3199 3809 Lugo

581 3821 844 3880 illustrat
875 3823 1307 3896 comparatione
1340 3823 1395 3884 d.
1442 3835 1513 3884 19
1550 3841 1594 3880 s,
1638 3834 1657 3884 1
1686 3843 1698 3879 :
1738 3862 1762 3890 s
1781 3821 1946 3878 Sicut
1976 3839 2086 3878 vox
2119 3821 2285 3877 homo
2316 3839 2434 3878 non
2468 3823 2669 3895 potest
2689 3821 2924 3896 privata
2942 3821 3197 3896 alicujus

581 3911 887 3969 voluntate
921 3911 1180 3986 accipere
1213 3910 1334 3969 vim
1368 3910 1738 3987 significandi
1759 3910 2076 3979 hominem,
2101 3909 2202 3967 sed
2220 3909 2554 3967 necessaria
2570 3909 2750 3967 estad
2765 3909 2873 3968 hoc
2893 3910 3198 3968 institutio

582 4000 907 4058 communis
955 4000 1048 4059 vel
1080 3999 1329 4074 alicujus
1362 3999 1634 4057 habentis
1667 3999 1806 4074 plus
1839 4017 2015 4073 quam
2049 3999 2343 4073 privatam
2375 3998 2819 4057 auctoritatem:
2868 3999 2952 4057 sio
2984 3999 3198 4058 occisio

579 4089 707 4146 ovis
759 4108 813 4146 v.
860 4108 947 4165 gr.
988 4107 1107 4147 non
1157 4087 1397 4146 videtur
1446 4106 1613 4163 posse
1681 4087 1808 4144 fieri
1876 4087 2115 4162 signum
2183 4087 2548 4146 sufficienter
2611 4087 2953 4164 significans
3015 4089 3196 4146 talem

580 4177 675 4234 vel
712 4178 891 4235 talem
924 4177 1316 4236 reverentiam
1364 4196 1433 4234 ex
1480 4176 1601 4234 sola
1638 4175 1817 4233 unius
1850 4177 1946 4233 vel
1978 4176 2225 4234 alterius
2257 4176 2491 4252 privata
2521 4177 2889 4235 voluntate.‘
2963 4176 3024 4234 Si
3057 4196 3196 4235 vero

579 4265 780 4340 aliqua
811 4265 1090 4323 sacrificia
1126 4266 1481 4324 auctoritate
1526 4263 1808 4342 legitima,
1856 4265 2208 4323 nominatim
2253 4283 2391 4323 vero
2438 4265 2658 4336 divina,
2704 4268 2847 4324 sunt
2891 4265 3192 4336 instituta,

578 4353 681 4410 alii
714 4360 900 4424 actus,
952 4355 1223 4429 quamvis
1268 4373 1376 4430 per
1420 4373 1480 4413 se
1525 4354 1648 4430 apt-i
1681 4353 1753 4412 ad
1787 4353 2057 4412 sacrificii
2088 4356 2393 4423 rationem,
2426 4359 2739 4430 nequeunt
2771 4355 2995 4413 censeri
3027 4361 3193 4414 actus

578 4442 823 4518 publici,
872 4443 1159 4501 solemnes
1205 4448 1267 4501 et
1310 4443 1566 4519 legitimi
1611 4444 1806 4501 cultus
1854 4443 2059 4513 divini,
2107 4442 2209 4501 sed
2254 4442 2453 4518 potius
2487 4444 2684 4501 cultus
2717 4443 3190 4519 profanationes:

579 4531 736 4589 sicut
765 4537 1076 4606 argentum
1107 4531 1456 4589 auctoritate
1490 4531 1721 4605 privata
1752 4533 2054 4609 signatum
2086 4532 2375 4607 acceptari
2405 4551 2526 4591 non
2560 4533 2713 4592 solet
2756 4533 2819 4591 in
2862 4533 3191 4608 pecuniam.

578 4619 771 4688 Quare
802 4619 910 4677 etsi
950 4619 1013 4677 in
1046 4619 1397 4693 quibusdam
1432 4620 1663 4677 actibus
1695 4623 1924 4679 externi
1957 4623 2155 4680 cultus
2189 4621 2497 4680 christiani
2526 4622 2912 4698 reperiuntur
2942 4622 3192 4681 materia

576 4716 637 4767 et
668 4711 853 4767 forma
882 4708 1197 4766 oblationis
1230 4728 1333 4783 per
1364 4727 1424 4766 se
1455 4708 1755 4767 sufficiens
1788 4709 1859 4767 ad
1893 4711 2178 4768 rationem
2217 4711 2502 4782 sacrificii,
2550 4712 2591 4769 ii
2636 4729 2836 4770 tamen
2882 4731 3003 4770 non
3049 4719 3190 4769 sunt
