3538 5364
562 222 698 285 460
1111 210 1298 263 Tract.
1325 211 1419 263 IX.
1445 210 1514 263 dc
1541 210 1919 280 poenitentia.
1948 209 2100 264 Num
2131 209 2375 265 initialis
2402 209 2632 265 dilectio

570 414 702 459 non
733 399 952 476 posset
984 392 1353 474 permittere
1385 393 1769 456 sententiam
1805 391 2060 455 initialis
2083 392 2321 455 amoris
2341 392 2794 456 necessitatem
2828 397 3191 473 negantem,

567 503 621 564 si
651 521 782 566 non
815 507 1063 566 certum
1094 499 1195 563 vel
1228 499 1454 563 saltem
1487 498 1887 579 probabilius
1920 506 2109 576 esset,
2141 498 2449 564 initialem
2483 517 2773 562 amorem
2803 517 2937 562 non
2953 499 3191 580 requiri

565 610 651 672 ad
683 608 964 672 validam
996 607 1490 681 absolutionem,
1538 624 1619 670 ne
1664 606 2099 687 poeniteutiae
2146 612 2624 670 sacramentum
2658 613 3014 686 exponeret
3044 623 3189 667 cum

565 716 805 779 damno
839 721 936 778 tot
969 715 1333 778 animarum
1364 712 1670 776 nullitatis
1702 713 2020 794 periculo:
2066 732 2219 777 nam
2265 713 2597 776 damnavit
2644 711 3190 775 Innocentius

562 821 666 884 XI.
699 840 877 902 prop.
917 828 986 889 1:
1057 819 1239 895 ,Non
1272 827 1369 884 est
1401 819 1704 894 illicitum,
1738 819 1802 882 in
1835 820 2257 885 sacramentis
2289 817 2693 883 conserendis
2725 817 2909 900 sequi
2943 817 3188 898 opinio·

567 946 718 991 nem
750 926 1152 1009 probabilem
1186 926 1266 990 de
1299 925 1520 990 valore
1555 918 1944 990 sacramenti
1975 926 2199 990 relicta
2251 925 2502 1001 tutiore,
2556 924 2677 987 nisi
2728 924 2792 986 id
2842 930 3022 988 vetet
3072 923 3188 999 lex,

566 1035 912 1098 conventio
945 1041 1060 1098 aut
1090 1034 1443 1115 periculum
1478 1034 1689 1113 gravis
1724 1033 1943 1096 damni
1973 1032 2337 1096 incurrendi
2370 1038 2524 1098 etc.⁴1
2578 1031 2797 1114 quue
2828 1031 3044 1094 minus
3077 1048 3187 1092 vo·

567 1141 777 1205 lumus
811 1141 1054 1221 ingredi
1085 1142 1254 1204 hanc
1286 1140 1818 1215 controversiam,
1851 1140 2022 1221 quod

753 1267 810 1334 1.
842 1266 1212 1346 practice
1263 1283 1341 1329 ea
1391 1284 1525 1328 non
1576 1265 1736 1328 tanti
1788 1265 2040 1330 videtur
2083 1264 2409 1340 momenti,
2462 1269 2605 1327 uta
2638 1262 2851 1326 multis
2883 1261 3186 1333 hebetum

569 1390 778 1453 neque
811 1371 981 1434 enim
1011 1372 1418 1452 poenitentes
1451 1372 1530 1435 de
1563 1372 1687 1435 hac
1718 1372 1943 1435 initiali
1975 1369 2315 1435 dilectione
2349 1371 2537 1434 anxie
2570 1369 3010 1449 interrogandi
3029 1376 3187 1444 sunt,

571 1478 685 1543 sed
716 1480 782 1541 in
813 1477 996 1559 praxi
1030 1478 1392 1541 animarum
1426 1478 1670 1560 pastori
1703 1478 1972 1543 sollicite
2022 1485 2120 1543 est
2173 1478 2614 1558 satagendum,
2666 1485 2738 1542 ut
2786 1477 3189 1558 poenitentes

573 1604 701 1668 quo
735 1584 981 1648 meliori
1013 1584 1149 1649 fieri
1179 1586 1383 1666 possit
1418 1585 1611 1649 modo
1650 1584 1733 1648 ad
1765 1584 2354 1649 reconciliationem
2399 1585 2526 1648 sint
2574 1585 2783 1666 parati
2814 1591 3011 1666 atque
3044 1602 3189 1664 pec·

567 1699 719 1757 cata
751 1693 1164 1758 detestentur.

747 1821 811 1886 2.
845 1814 911 1880 Si
943 1835 1097 1881 vero
1133 1835 1212 1879 ea
1245 1817 1326 1880 th
1347 1835 1382 1880 e
1404 1817 1721 1880 oretice
1774 1823 2121 1896 spectatur,
2154 1823 2251 1880 est
2284 1815 2569 1892 difficilis,
2602 1814 2775 1897 quod
2806 1814 2915 1877 vix
2949 1813 3191 1879 definiri

571 1925 791 2005 possit,
825 1942 990 2007 quae
1023 1924 1276 1989 dilectio
1327 1931 1391 1988 et
1438 1943 1565 2006 quo
1611 1925 1678 1988 in
1713 1925 1915 2005 gradu
1948 1924 2324 2006 requiratur.
2387 1922 2596 2002 Quam
2643 1923 2726 1987 ob
2758 1940 2899 1987 rem
2929 1923 3036 1985 vix
3068 1921 3191 1985 ulla

569 2037 670 2094 est
703 2031 940 2094 amoris
972 2032 1219 2112 species
1252 2030 1550 2113 ullusque
1601 2032 1839 2111 gradus
1889 2032 1955 2094 in
2004 2037 2144 2095 tota
2192 2030 2548 2096 dilectionis
2599 2030 2795 2104 scala,
2840 2047 3012 2112 quae
3043 2047 3191 2092 suos

571 2156 705 2201 non
736 2137 974 2203 habeat
1004 2146 1346 2220 patronos3
1382 2145 1447 2202 et
1482 2139 1656 2221 quod
1688 2144 1787 2202 est
1818 2156 2239 2219 consequenS,
2273 2144 2670 2218 argumenta,
2703 2136 2935 2218 quibus
2969 2134 3192 2216 singuli

576 2262 762 2308 suam
793 2251 1056 2309 tuentur
1089 2243 1496 2322 sententiam,
1531 2245 1911 2328 plerumque
1943 2246 2209 2308 nimium
2241 2243 2342 2309 vel
2374 2245 2527 2308 nihil
2559 2243 2854 2326 probant„

749 2375 1078 2433 Provocant
1109 2377 1266 2434 enim
1297 2376 1371 2433 ad
1398 2375 2117 2459 Qec
2149 2379 2210 2433 et
2241 2377 2495 2452 patrum,
2542 2393 2694 2449 quae
2726 2377 2936 2450 agunt,
2985 2374 3082 2431 vel
3126 2372 3192 2431 de

567 2463 817 2522 caritate
848 2463 1156 2534 habituali,
1193 2465 1287 2523 vel
1317 2465 1537 2523 actuali
1570 2465 1674 2522 sed
1706 2464 1983 2539 perfecta,
2034 2465 2127 2522 vel
2173 2464 2245 2523 de
2290 2464 2636 2523 necessitate
2668 2463 2936 2521 caritatis
2968 2462 3042 2520 ad
3076 2481 3190 2519 me-

571 2553 752 2611 ritum
788 2553 947 2612 vitae
977 2557 1267 2624 aeternae,
1317 2556 1423 2612 aut
1457 2554 1528 2610 ad
1563 2553 1879 2628 perfectam
1910 2553 2353 2612 conversionem
2386 2557 2447 2611 et
2478 2552 2983 2628 perseverantiam
3017 2551 3083 2609 in
3112 2569 3189 2619 ea,

571 2642 668 2701 vel
698 2641 771 2701 de
803 2643 1154 2701 necessitate
1188 2642 1352 2700 illius
1384 2643 1619 2712 amoriS,
1655 2643 1759 2719 qui
1794 2662 1915 2702 non
1935 2642 2335 2719 distinguitur
2365 2662 2399 2701 a
2428 2642 2695 2719 qualibet
2725 2641 2824 2718 pia
2854 2645 2917 2699 et
2948 2641 3186 2699 salutari

571 2732 900 2791 voluntatis
932 2732 1213 2795 motione,
1279 2732 1487 2806 Neque
1527 2733 1662 2807 plus
1693 2732 1904 2808 probat
1935 2733 2210 2808 princeps
2243 2751 2448 2790 eorum
2480 2734 2901 2809 argumentum
2935 2750 3007 2788 ex
3041 2748 3188 2788 conc.

571 2821 711 2884 trid.
743 2838 881 2878 sess.
908 2832 941 2882 6
978 2839 1023 2880 c.
1062 2830 1117 2889 6,
1152 2819 1259 2877 ubi
1291 2820 1606 2878 concilium
1641 2821 1714 2878 ad
1739 2821 2231 2897 justificationem
2251 2821 2547 2896 baptismo
2568 2819 3045 2895 consequendam
3076 2819 3187 2877 exi-

570 2910 678 2986 git,
713 2914 785 2967 ut
815 2913 1149 2984 peccatores
1175 2909 1466 2983 incipiant
1485 2909 1731 2986 diligere
1751 2912 1961 2981 Deum,
1995 2913 2067 2968 ut
2090 2910 2367 2985 justitiae
2386 2909 2640 2968 fontem:
2675 2928 2744 2967 ex
2765 2927 2884 2984 quo
2906 2909 3183 2975 inferunt,

572 2998 623 3056 si
661 3000 786 3073 jam
831 2998 904 3055 ad
942 2998 1424 3072 justificationem
1467 2999 1761 3074 baptismo
1795 2999 2177 3058 obtinendam
2208 2999 2459 3057 initialis
2491 2999 2825 3072 requiritur
2854 2997 3111 3068 dilectio,
3155 3016 3185 3052 a

571 3086 892 3145 fortiori
925 3106 991 3145 ea
1021 3086 1349 3161 requiritur
1379 3088 1450 3144 ad
1477 3088 1965 3163 justificationem
1997 3088 2398 3164 poenitentiae
2431 3091 2794 3147 sacramento
2826 3104 3183 3162 consequen-

573 3175 724 3232 dam.
792 3175 1009 3232 Verum
1043 3175 1416 3250 probandum
1447 3180 1622 3246 esset,
1671 3177 1990 3236 concilium
2021 3195 2325 3236 recensere
2370 3177 2455 3235 ibi
2500 3179 2669 3235 actus
2703 3194 2927 3247 omnes,
2977 3176 3081 3250 qui
3121 3174 3185 3231 ad

562 3263 1053 3337 justificationem
1085 3264 1356 3323 absolute
1401 3266 1838 3324 necessarii
1885 3268 2057 3324 sunt:
2104 3266 2263 3341 quod
2309 3264 2547 3341 probari
2580 3266 2809 3341 nequit,
2855 3266 3186 3324 recensetur

575 3351 734 3409 enim
782 3359 842 3409 et
885 3358 1052 3411 actus
1096 3354 1341 3412 timoris.
1405 3354 1785 3413 Probandum
1830 3355 2042 3414 deinde
2088 3356 2258 3426 foret,
2308 3354 2623 3413 concilium
2668 3354 2833 3429 loqui
2880 3354 2953 3411 de
2998 3353 3185 3428 dispo·

575 3440 792 3499 sitione
824 3442 896 3499 ad
923 3442 1408 3517 justificationem
1444 3463 1552 3518 per
1583 3444 1947 3519 baptismum
1980 3448 2158 3502 actu
2191 3448 2536 3522 susceptum
2555 3443 3050 3519 consequendam.
3086 3444 3184 3499 At·

574 3530 680 3605 qui
715 3530 1028 3589 concilium
1063 3532 1334 3607 loquitur
1364 3533 1436 3590 de
1467 3552 1535 3591 ea
1567 3533 1974 3608 dispositione,
2021 3553 2169 3608 quae
2215 3533 2286 3591 ad
2324 3532 2816 3609 justificationem
2849 3532 3035 3590 etiam
3063 3548 3187 3589 cum

575 3620 698 3677 solo
728 3624 908 3678 voto
941 3620 1227 3695 baptismi
1259 3620 1478 3680 sufficit
1492 3616 1559 3701 1),
1600 3626 1668 3680 ut
1703 3622 1898 3697 liquet
1928 3641 1996 3680 ex
2028 3623 2338 3681 collatione
2372 3641 2507 3681 cum
2539 3641 2586 3682 c.
2620 3632 2678 3684 4.
2714 3632 2769 3684 6.
2809 3631 2876 3691 7;
2925 3621 3001 3678 ad
3048 3621 3186 3678 hanc

570 3711 772 3766 autem
807 3727 946 3767 sane
977 3710 1308 3785 requiritur
1339 3710 1445 3768 Dei
1478 3711 1734 3770 dilectio·
1804 3711 1994 3780 Quare
2025 3714 2445 3788 argumentum
2476 3712 2587 3769 hoc
2617 3709 2875 3769 vacillat.

791 3965 828 4031 ¹)
858 3960 974 4015 Hoc
1005 3960 1366 4031 argumentis
1393 3960 1638 4014 externis
1665 3960 2023 4029 internisque
2052 3963 2259 4032 probat
2285 3962 2328 4014 B
2345 3978 2373 4014 e
2390 3960 2655 4031 naglia
2682 3960 2743 4013 in
2770 3977 2861 4030 op.
2889 3958 3111 4013 erudito
3136 3956 3188 4009 et

570 4041 738 4095 docto
761 4042 1198 4097 dell'attrizione
1223 4046 1261 4095 t.
1281 4049 1313 4097 2
1337 4060 1382 4096 c.
1405 4048 1436 4096 2
1459 4060 1529 4095 88.
1557 4042 1712 4107 Quae
1734 4041 2135 4112 interpretatio
2156 4059 2286 4096 cum
2303 4042 2634 4096 adversetur
2655 4039 3028 4112 explicationi
3042 4035 3188 4110 apud

572 4124 830 4175 auctores
860 4122 1080 4186 obviae,
1110 4122 1212 4190 qui
1238 4124 1411 4176 verba
1440 4138 1568 4175 sess.
1599 4129 1631 4179 6
1652 4139 1777 4192 cap.
1807 4129 1839 4179 6
1866 4139 1982 4176 non
2009 4122 2078 4175 de
2106 4122 2342 4176 caritate
2370 4122 2639 4193 perfecta,
2667 4121 2763 4175 sed
2790 4122 2860 4175 de
2887 4116 3188 4174 initiali

571 4199 877 4253 dilectione
909 4202 1268 4272 intelligunt,
1289 4202 1510 4272 juverit
1542 4203 1745 4255 saltem
1775 4203 2024 4273 potiores
2050 4204 2173 4271 ejus
2201 4202 2388 4256 theses
2414 4201 2508 4255 hic
2534 4218 2853 4272 apponere:

787 4284 841 4339 1.
875 4280 1180 4343 „Doctrina
1208 4282 1277 4337 de
1305 4282 1654 4337 contritione
1686 4285 1849 4352 parte
1870 4281 2159 4336 essentiali
2196 4281 2534 4337 sacramenti
2567 4281 2958 4352 poenitentiae
2997 4294 3189 4351 propo·

575 4359 684 4413 sita
708 4377 742 4412 a
769 4361 1011 4415 concilio
1040 4361 1355 4416 tridentino
1384 4363 1668 4416 exclusive
1695 4362 1920 4416 hauriri
1946 4362 2117 4415 debet
2140 4378 2206 4415 ex
2234 4378 2365 4426 sess,
2399 4369 2508 4418 14³⁶
2554 4361 2676 4426 Qua
2703 4362 2854 4415 thesi
2880 4360 2964 4416 nil
2992 4360 3188 4419 veriuS,

572 4457 704 4493 cum
731 4440 1039 4494 concilium
1067 4444 1309 4496 testetur
1336 4442 1398 4495 in
1425 4442 1713 4513 prooemio
1754 4441 1913 4497 illius
1956 4442 2236 4508 sessioniS,
2279 4459 2336 4496 se
2382 4442 2526 4497 velle
2555 4442 2776 4495 tradere
2803 4440 3187 4495 definitionem

577 4524 830 4574 exactam
857 4522 916 4573 et
941 4520 1172 4589 plenam
1201 4521 1270 4574 de
1299 4525 1651 4577 sacramento
1680 4521 2087 4592 poenitentiae.

786 4601 842 4657 2.
876 4599 1120 4671 „Opinio
1148 4600 1216 4653 de
1245 4601 1579 4655 necessitate
1606 4602 1855 4671 alicujus
1890 4602 2099 4655 amoris
2128 4602 2200 4655 ad
2242 4601 2670 4671 suscipiendum
2715 4600 2985 4670 baptismi
3021 4613 3186 4652 saera·

579 4684 836 4735 mentum
867 4681 1068 4750 ignota
1097 4681 1212 4734 fuit
1239 4681 1501 4751 patribus
1530 4682 1811 4736 concilii.“
1867 4682 2029 4747 Quod
2057 4681 2281 4753 colligit
2307 4698 2373 4736 ex
2401 4682 2540 4737 actis
2567 4698 2697 4738 sess.
2731 4690 2809 4737 14.
2837 4680 3018 4736 Nemo
3044 4678 3187 4735 enim
