3538 5364
1221 278 1526 332 character
1554 280 1720 346 quale
1749 277 1825 330 sit
1852 277 2100 347 signum.
2842 288 2971 350 239

345 466 560 527 Christi
592 485 885 544 organum
919 470 980 523 et
1009 466 1474 525 instrumentum
1495 465 1936 524 constituimur.
1986 464 2109 523 Sub
2142 465 2332 524 altero
2362 468 2638 542 respectu
2657 464 2973 524 sacerdotii

343 555 569 615 Christi
614 557 684 614 in
726 555 937 631 primis
981 558 1042 614 et
1085 555 1333 613 maxime
1376 554 1692 630 participes
1740 558 1900 623 sunt,
1954 554 2173 629 quibus
2225 554 2526 613 character
2557 554 2970 613 ministrorum

346 646 564 706 Christi
609 646 938 721 impressus
983 647 1093 714 est,
1141 661 1207 702 ac
1252 649 1516 719 potestas
1551 643 1899 702 sacrificium
1935 644 2154 702 Christi
2187 643 2536 703 conficiendi
2582 649 2644 702 et
2688 643 2973 703 offerendi

347 737 499 795 facta
529 740 654 793 est:
687 739 822 793 tum
853 734 1038 792 altero
1071 733 1495 809 propemodum
1527 732 1657 793 loco
1677 733 1854 792 ceteri
1876 752 2118 809 quoque
2137 752 2359 803 omnes,
2394 737 2466 791 ut
2496 732 2718 807 quibus
2739 735 2973 791 charac-

347 832 473 884 tere
522 825 930 883 membrorum
962 823 1177 882 Christi
1221 822 1426 881 datum
1476 827 1569 881 est
1612 822 1768 881 idem
1819 822 2171 881 sacrificium
2217 842 2336 881 non
2383 821 2625 898 quidem
2671 822 2978 894 conficere,

349 920 614 973 attamen
660 917 734 972 ut
776 931 912 971 vere
958 912 1105 989 ipsis
1152 912 1463 988 proprium
1510 912 1737 970 offerre.
1806 913 1918 970 Per
1964 915 2289 987 utrumque
2336 917 2534 970 autem
2582 911 2976 971 characterem

349 1003 671 1062 destinatio
704 1003 917 1077 oritur,
966 1008 1035 1060 ut
1079 1001 1187 1076 qui
1233 1001 1506 1077 insigniti
1552 1002 1676 1076 ipso
1724 1007 1884 1070 sunt,
1936 1001 2283 1077 semetipsos
2316 1001 2435 1059 Deo
2469 1001 2532 1058 in
2565 1000 2976 1060 holocaustum

348 1093 659 1152 offerant«
709 1091 862 1150 Huic
892 1091 1184 1167 principio
1216 1090 1610 1150 characterem
1642 1093 1859 1149 natura
1891 1108 2001 1148 sua
2031 1109 2158 1148 esse
2189 1090 2427 1167 signum
2464 1089 2778 1165 potestatis
2811 1108 2976 1149 sacra

349 1183 446 1241 vel
475 1181 693 1258 agendi
744 1180 837 1239 vel
879 1180 1217 1256 recipiendi,
1265 1182 1446 1254 atque
1491 1180 1809 1255 aliqualem
1843 1179 2160 1239 sacerdotii
2192 1179 2410 1238 Christi
2442 1179 2973 1254 participationem,

352 1272 640 1329 innititur
653 1270 972 1329 scientifica
1003 1269 1353 1328 characteris
1385 1268 1701 1327 declaratio
1733 1270 1890 1344 apud
1924 1288 1969 1327 s.
2002 1268 2346 1327 Thomam
2384 1277 2438 1331 3.
2473 1288 2526 1343 p.
2562 1288 2617 1343 q.
2652 1277 2753 1336 63,
2789 1269 2895 1343 qui
2925 1289 2976 1330 a.

355 1369 410 1423 3.
445 1361 680 1429 statuit,
730 1359 1224 1428 ,sacramentales
1258 1358 1619 1417 characteres
1651 1358 1805 1416 nihil
1835 1358 2000 1417 aliud
2031 1376 2161 1416 esse
2202 1377 2381 1433 quam
2414 1357 2698 1432 quasdam
2733 1358 2977 1434 partiei-

351 1450 622 1525 pationes
655 1447 969 1506 sacerdotii
1000 1447 1213 1506 Christi
1261 1447 1336 1505 ab
1381 1447 1513 1522 ipso
1561 1448 1791 1507 Christo
1826 1446 2041 1523 (gradu
2075 1449 2274 1505 tamen
2306 1441 2569 1527 diverso)
2605 1447 2974 1517 ‹lerivatas;‘

350 1538 604 1613 ideoque
634 1536 875 1596 nonnisi
907 1537 971 1595 in
1004 1536 1077 1596 iis
1109 1537 1492 1595 sacramentis
1527 1537 1896 1612 imprimitur
1928 1536 2245 1606 character,
2287 1554 2437 1610 quae
2470 1537 2734 1611 aliquam
2764 1554 2977 1595 novam

351 1627 668 1686 conferunt
698 1626 1162 1702 deputationem,
1210 1627 1539 1702 potentiam
1586 1644 1694 1685 seu
1742 1626 2128 1685 idoneitatem
2167 1625 2537 1700 spiritualem
2573 1625 2695 1684 sive
2726 1625 2977 1684 activam

352 1717 478 1774 sive
520 1716 837 1792 passivam,
885 1720 954 1773 ut
998 1716 1135 1791 quis
1179 1715 1373 1773 valide
1419 1716 1514 1791 vel
1562 1716 1771 1774 saltem
1805 1734 1874 1773 ex
1907 1714 2099 1773 officio
2132 1712 2428 1773 excercere
2462 1714 2655 1790 possit
2686 1715 2976 1773 actionem

354 1824 599 1869 sacram.
665 1805 818 1863 Hinc
849 1805 1028 1863 etiam
1059 1804 1123 1862 in
1156 1803 1388 1863 Christo
1421 1823 1541 1863 non
1572 1808 1663 1863 est
1693 1806 2010 1873 character,
2059 1803 2201 1879 quia
2247 1804 2308 1862 in
2357 1803 2487 1880 ipso
2534 1807 2628 1862 est
2665 1804 2978 1863 sacerdotii

354 1894 688 1971 plenitud0,
721 1912 841 1952 non
871 1893 1244 1969 participatio
1274 1896 1512 1952 tantum
1544 1894 1762 1969 aliqua.

537 2045 680 2100 277.
729 2035 796 2099 5.
845 2036 1215 2113 Quapropter
1245 2037 1547 2094 character
1579 2035 1821 2113 signum
1853 2035 2093 2111 quidem
2140 2037 2233 2093 est
2278 2049 2344 2098 a.
2390 2034 2945 2094 distinctivum
2967 2081 2979 2105 ,

354 2145 473 2184 non
520 2132 642 2185 tam
689 2125 965 2202 logicum,
1018 2125 1422 2193 arbitrarium,
1476 2143 1544 2183 ex
1595 2124 1797 2183 divina
1843 2124 2227 2182 institutione
2260 2126 2513 2194 tantum,
2564 2144 2741 2200 quam
2775 2125 2977 2201 potius

356 2211 428 2277 b.
463 2216 983 2274 entitativum
1029 2218 1091 2272 et
1133 2234 1204 2273 ex
1249 2232 1357 2272 sua
1386 2218 1617 2282 natura,
1666 2214 1810 2289 quia
1841 2233 1908 2272 ex
1941 2213 2118 2271 dictis
2153 2227 2217 2276 (5.
2252 2213 2485 2271 Christo
2519 2213 2978 2291 configura-

356 2305 637 2373 tivum,
686 2324 805 2378 qua
849 2305 1077 2363 ratione
1125 2303 1458 2362 similitudo
1503 2302 1613 2361 filii
1651 2304 1891 2379 signum
1924 2307 2016 2360 est
2047 2302 2295 2378 originis
2328 2320 2472 2361 suae
2517 2323 2551 2361 a
2596 2305 2795 2377 patre;
2843 2303 2979 2361 hinc

358 2390 427 2456 d.
458 2397 554 2451 est
585 2394 824 2470 signum
857 2392 1481 2451 constitutivum
1527 2396 1587 2449 et
1631 2391 2117 2468 dignificativum,
2166 2395 2331 2456 ete.
2377 2391 2975 2467 dispositivum,

357 2502 479 2558 qua
501 2483 739 2542 ratione
771 2483 903 2558 ipsa
933 2481 1330 2541 membrorum
1366 2481 1755 2557 configuratio
1802 2500 1872 2540 ea
1915 2484 2053 2556 apta
2097 2480 2295 2539 reddit
2338 2480 2413 2539 ad
2445 2481 2733 2539 influxum
2766 2482 2978 2557 capitis

359 2590 465 2630 seu
495 2572 729 2630 animae
760 2571 1169 2648 recipiendum
1201 2571 1450 2646 ejusque
1482 2570 1769 2629 virtutem
1803 2571 2215 2629 exserendam:
2263 2589 2455 2645 neque
2487 2569 2646 2628 enim
2679 2571 2981 2645 quaelibet

356 2661 610 2721 membri
643 2661 1031 2738 configuratio
1062 2660 1299 2731 sufficit,
1335 2663 1404 2718 ut
1433 2660 1507 2718 ab
1536 2661 1736 2719 anima
1765 2660 2122 2720 informetur
2153 2659 2249 2718 vel
2280 2660 2545 2735 ejusdem
2580 2659 2661 2718 sit
2694 2678 2979 2737 organum

355 2752 432 2810 ad
463 2770 605 2810 suas
638 2751 973 2810 functiones
1006 2751 1387 2819 exercendas;
1435 2753 1527 2808 est
1570 2750 1813 2826 signum
1860 2746 1912 2814 f.
1958 2750 2486 2826 obligativum
2533 2768 2637 2807 seu
2676 2767 2980 2808 consecra-

356 2843 553 2898 tivum
584 2845 1035 2917 repraesentans
1071 2841 1364 2898 hominem
1411 2840 1524 2897 sub
1569 2839 1963 2898 determinato
1996 2839 2197 2915 aliquo
2231 2845 2507 2914 respectu
2538 2839 2769 2897 Christo
2802 2841 2978 2897 devo·

355 2935 506 3001 tum,
540 2935 971 3002 consecratum,
1004 2929 1330 3006 obligatum
1361 2933 1424 2987 et
1455 2929 1528 2987 ad
1561 2948 1693 2987 eum
1728 2928 1970 3005 speciali
2007 2929 2186 2987 titulo
2218 2932 2600 3004 spectantem.
2667 2928 2799 2986 Huc
2829 2928 2981 2986 forte

356 3018 566 3077 referri
612 3024 870 3095 possunt
914 3018 1107 3088 verba,
1154 3038 1305 3094 quae
1352 3018 1854 3095 Augustinus
1900 3037 1991 3094 ep.
2042 3028 2121 3080 34
2168 3037 2225 3075 n.
2263 3028 2297 3081 3
2339 3017 2560 3075 tribuit
2590 3016 2877 3075 catholico
2908 3017 2981 3076 ad

358 3108 687 3167 donatistas
720 3108 1046 3167 deficienti:
1098 3107 1361 3176 ,Vadam
1405 3107 1552 3165 mihi
1599 3107 1672 3165 ad
1717 3126 1835 3176 eos,
1883 3108 1988 3184 qui
2034 3109 2332 3165 noverunt
2364 3106 2673 3165 exsufflare
2705 3107 2980 3184 gratiam,

357 3197 421 3254 in
453 3216 572 3272 qua
605 3197 693 3254 illi
742 3193 1078 3278 (Ecclesiae)
1111 3200 1292 3255 natus
1325 3215 1487 3264 sum3
1535 3196 1840 3254 destruere
1873 3197 2141 3266 formam,
2188 3215 2369 3270 quam
2415 3196 2477 3253 in
2522 3200 2692 3254 utero
2725 3197 2854 3272 ejus
2887 3215 2981 3254 ac-

357 3285 545 3361 cepi.‘
615 3286 695 3343 Et
739 3286 880 3361 quia
924 3287 1223 3345 character
1255 3289 1348 3343 est
1379 3286 1617 3362 signum
1651 3286 2061 3361 obligativum,
2108 3304 2228 3360 quo
2262 3284 2495 3342 Christo
2528 3285 2863 3363 obligamur
2894 3291 2985 3344 est

358 3389 430 3453 g.
461 3375 578 3433 alio
599 3394 780 3434 sensu
810 3375 1333 3451 obligativum
1352 3419 1365 3445 ‚
1401 3393 1518 3449 quo
1550 3374 1905 3450 obligamur,
1927 3381 1999 3432 ut
2020 3374 2206 3431 vitam
2226 3377 2394 3432 tanto
2428 3374 2639 3447 capite,
2674 3373 2842 3447 duce,
2877 3374 2982 3432 do·

357 3465 519 3523 mino
552 3463 796 3541 dignam
830 3463 1130 3533 ducamus,
1165 3463 1659 3539 quemadmodum
1694 3463 1881 3522 vestis
1914 3463 2218 3522 famularis
2252 3458 2511 3545 (Livree)
2544 3468 2637 3521 est
2658 3465 2827 3540 jugis
2859 3483 2981 3523 mo-

358 3553 510 3612 nitio
543 3573 652 3629 pro
685 3554 925 3624 famule,
960 3555 1032 3611 ut
1061 3553 1298 3611 nullum
1330 3552 1546 3611 inferat
1577 3552 1816 3610 domino
1849 3552 2119 3611 dedecus,
2185 3553 2329 3612 Cum
2362 3571 2502 3628 ergo
2535 3552 2833 3611 character
2862 3557 2983 3612 tam

360 3643 687 3718 multiplici
720 3662 898 3702 sensu
931 3643 1011 3700 sit
1043 3643 1109 3700 si
1127 3661 1384 3719 gnum,
1417 3641 1589 3699 facile
1622 3642 1876 3699 solvitur
1908 3642 2189 3713 exceptio,
2224 3642 2617 3699 characterem
2650 3660 2779 3699 esse
2811 3643 2985 3717 plane

359 3732 751 3807 superfluum,
785 3750 918 3790 cum
952 3750 1142 3807 neque
1176 3749 1282 3806 pro
1316 3730 1653 3789 hominibus
1686 3729 1901 3788 habeat
1920 3730 2076 3807 signi
2099 3731 2389 3788 rationem
2414 3734 2622 3805 utpote
2643 3730 2982 3800 invisibilia,

358 3839 555 3896 neque
585 3840 696 3896 pro
729 3821 849 3879 Deo
880 3822 976 3879 vel
1006 3820 1253 3898 angelis,
1286 3838 1420 3877 cum
1453 3838 1646 3894 neque
1680 3821 1836 3878 Deus
1867 3838 2062 3896 neque
2106 3819 2303 3896 angeli
2335 3819 2644 3896 indigeant
2676 3819 2865 3895 signo,
2899 3852 2985 3862 -

360 3909 532 3985 Resp.
565 3915 713 3969 tunc
744 3910 896 3968 forte
941 3910 1333 3968 characterem
1367 3908 1490 3968 fore
1522 3909 1910 3984 superfluum,
1956 3909 2029 3967 sit
2076 3915 2230 3968 esset
2264 3909 2503 3985 signum
2536 3913 2771 3967 tantum
2806 3927 2985 3968 con-

365 3999 858 4067 ventionale,
892 3999 1291 4074 arbitrarium,
1342 4017 1408 4055 ex
1442 4016 1604 4056 mera
1634 3998 2019 4056 institutione
2036 3996 2116 4076 ¹):
2164 4016 2283 4057 non
2328 4017 2465 4056 vero
2512 3999 2561 4055 si
2607 4000 2701 4056 est
2745 3998 2986 4074 signum

362 4186 613 4240 efficitur
642 4187 813 4240 homo
827 4186 1151 4256 receptivus
1166 4186 1413 4240 aliorum
1432 4189 1912 4240 sacramentorum
1934 4209 1943 4240 :
1974 4187 2122 4240 unde
2142 4186 2243 4254 qui
2262 4187 2644 4239 characterem
2664 4203 2777 4238 non
2796 4187 2986 4247 habet,

363 4267 590 4321 nullum
618 4268 863 4322 alterum
884 4271 1303 4321 sacramentum
1331 4267 1614 4336 suscipere
1642 4268 1878 4337 potest.⁶·

584 4350 620 4419 ¹)
649 4346 813 4411 Quod
840 4346 888 4399 si
915 4346 1060 4400 ratio
1089 4347 1370 4400 habeatur
1396 4347 1645 4402 muneris
1665 4350 1889 4401 tautum
1920 4347 2333 4417 distinguendi,
2361 4347 2444 4399 ita.
2469 4347 2541 4400 ad
2569 4348 2717 4400 hanc
2742 4346 2987 4400 difficul-

360 4431 538 4480 tatem
580 4427 892 4495 respondet
935 4446 976 4480 s.
1004 4427 1152 4482 'I'ho
1171 4445 1318 4481 mas
1345 4429 1405 4480 in
1432 4436 1483 4482 4.
1510 4429 1564 4480 d.
1593 4438 1626 4484 4
1650 4445 1700 4480 a.
1730 4437 1762 4484 ‘2
1790 4446 1842 4496 q.
1871 4434 1903 4480 2
1931 4427 2001 4480 ad
2033 4435 2095 4482 2:
2150 4427 2269 4488 „Ad
2312 4426 2624 4481 secundum
2663 4426 2987 4486 dicendum,

359 4509 515 4575 quod
546 4507 700 4561 istud
729 4506 1117 4563 distinctionis
1143 4508 1370 4576 signum
1413 4513 1497 4563 est
1533 4512 1591 4563 et
1617 4513 1850 4579 propter
1878 4509 2067 4577 ipsum
2110 4508 2415 4569 hominem,
2459 4506 2559 4575 qui
2601 4507 2859 4577 suscipit,
2888 4506 2990 4575 qui

361 4604 431 4641 eo
456 4587 672 4658 accipit
696 4588 1034 4641 distinctum
1061 4605 1228 4660 posse
1256 4591 1328 4643 ab
1354 4589 1512 4647 aliisi
1542 4592 1600 4642 et
1625 4592 1859 4659 propter
1885 4587 2030 4641 alios
2057 4588 2335 4650 homine3‚
2376 4585 2478 4654 qui
2519 4605 2649 4640 eum
2676 4586 2992 4643 admittunt

360 4667 438 4721 ad
465 4667 801 4738 spirituales
827 4668 1081 4722 actiones
1121 4685 1186 4722 ex
1227 4669 1659 4740 consignatione
1701 4668 2041 4722 sacramenti
2083 4666 2348 4720 exteriori
2393 4666 2723 4719 interiorem
2754 4682 2989 4736 perpen-

362 4749 599 4804 dentes:
626 4751 686 4801 et
711 4749 902 4816 quoad
930 4748 1129 4814 Deum,
1157 4749 1260 4818 qui
1286 4751 1336 4819 ej
1348 4768 1410 4803 us
1437 4748 1762 4804 actionibus
1791 4746 2191 4818 spiritualibus
2220 4745 2529 4800 efficaciam
2560 4747 2843 4816 piaebet.“
