3538 5364
1374 314 1379 319 ·
1457 304 1625 347 verus
1649 295 1737 353 est
1759 292 1948 363 ignia„
2003 346 2007 353 ,
2517 352 2522 357 ,
2641 356 2644 359 .
2858 302 2992 369 609.

360 479 457 544 *ut
473 454 756 552 supplicii
789 475 1081 553 quidem
1064 477 1239 555 ignis
1252 477 1571 539 obscurus
1585 479 1682 549 sit,
1726 480 1839 543 dux
1883 498 2025 542 vero
2069 480 2390 557 requietis
2400 480 2480 547 vi
2509 484 2714 548 careat
2747 482 2991 542 combu-

365 565 602 625 rendist
650 564 691 623 J
692 584 785 623 am
819 584 958 625 vero
989 566 1111 626 fere
1142 567 1385 645 puerile·
1409 567 1571 626 foret
1591 568 1736 649 adeo
1768 568 2002 647 mirari,
2026 570 2366 644 quomodo
2349 570 2511 647 ignis
2541 570 2645 631 ille
2675 576 2813 654 urat
2831 572 2994 673 qpin

368 644 583 725 luceat,
631 655 681 714 si
727 647 799 713 de
843 640 982 737 igne
1013 638 1414 735 metaphorice
1446 644 1606 735 esset
1637 675 1850 721 sermo.
1881 692 1971 704 -—
2004 657 2173 727 Quod
2204 659 2256 718 si
2286 678 2551 753 quaene,
2583 679 2767 736 quare
2797 661 2863 720 in
2892 661 2988 719 in-

369 744 580 802 ferno
566 742 722 820 ignis
751 738 873 802 ιιοιι
904 745 1059 803 clare
1091 745 1302 816 luceat,
1334 744 1655 822 respondet
1685 766 1728 806 s.
1759 747 2077 808 Thomas
2111 749 2402 849 supplem.
2426 768 2480 824 q.
2504 738 2582 812 9¹7
2619 769 2669 811 a.
2679 754 2730 815 4
2763 752 2991 809 statuta

361 834 480 891 mac
508 834 746 909 regula:
796 832 1159 909 ,Dispositio
1188 834 1404 894 inferni
1441 836 1558 893 erit
1601 835 1757 906 talis,
1805 830 1966 912 quod
1994 837 2269 897 maxime
2278 833 2562 898 miseriae
2577 838 2992 898 damnatorum

360 925 684 1023 competat..
730 920 901 980 Unde
920 912 1248 982 secundum
1269 924 1381 983 hoc
1397 930 1543 983 sunt
1572 912 1659 982 ibi
1691 925 1796 984 lux
1824 928 1892 983 et
1920 926 2218 998 tenebrae,
2250 929 2432 1003 prout
2448 927 2701 988 maxime
2721 932 2996 1004 spectant

357 1010 461 1073 ad
478 1010 779 1070 miseriam
808 1012 1282 1078 damnatorum!
1349 1013 1514 1072 Hinc
1540 1013 1742 1085 infert,
1790 1015 2023 1093 aliquid
2054 1015 2269 1076 saltem
2300 1015 2451 1075 lucis
2482 1034 2612 1076 esse
2642 1017 2708 1076 in
2737 1016 2991 1090 inferno,

371 1104 444 1158 ut
495 1086 647 1169 ,sub
694 1100 947 1175 quadam
992 1101 1383 1161 umbrositate
1429 1101 1747 1185 videantur
1791 1122 1875 1173 ea,
1928 1123 2084 1201 quae
2110 1104 2495 1178 afflictionem
2526 1105 2737 1165 cordi
2719 1125 2992 1184 ingerere

369 1192 688 1275 possunt!
755 1188 834 1249 of.
867 1189 1140 1259 Quodlib.
1175 1201 1210 1255 8
1246 1211 1296 1249 a.
1334 1199 1433 1255 18.

460 1299 464 1303 ’
554 1288 925 1358 Conserunt
923 1294 1006 1361 1).
1038 1292 1313 1358 inferni
1297 1281 1509 1382 ignem
1541 1312 1692 1358 cum
1731 1280 1960 1360 nostr'o
1993 1301 2056 1359 et
2074 1294 2401 1378 multiplex
2421 1294 2753 1378 assignant
2770 1297 2992 1362 discri-

362 1381 541 1474 nmen,
573 1416 905 1480 nunquam
936 1418 1091 1464 vero
1123 1398 1294 1477 illud,
1328 1399 1546 1482 quod
1530 1400 1695 1482 lgnis
1742 1406 2039 1467 terrenus
2085 1403 2168 1527 sit
2196 1407 2407 1482 verus,
2420 1403 2729 1468 infernus
2751 1404 2993 1527 impro-

357 1504 549 1584 prius
581 1510 774 1587 atque
806 1507 1289 1588 metaphoricus
1322 1514 1591 1576 tantum.

548 1633 790 1694 Potiora
820 1634 1181 1695 discriminis
1212 1638 1410 1713 capita
1441 1641 1586 1696 sunt
1630 1638 1804 1698 haec:
1853 1614 2198 1701 Differunt
2195 1662 2253 1704 α.
2299 1618 2768 1701 duratione.
2803 1643 2992 1712 ,Cum

360 1723 573 1800 ³ignem
606 1724 779 1784 audie
813 1720 1105 1807 (inferni),
1156 1726 1361 1801 inquit
1411 1727 1840 1805 Gregorius
1893 1746 2055 1804 nyss.
2103 1747 2184 1792 or.
2230 1730 2450 1795 catech.
2496 1749 2542 1789 c.
2578 1740 2680 1802 4ο,
2730 1730 2994 1793 didicisti

354 1813 634 1888 zaliquem
663 1813 738 1872 ab
770 1813 874 1873 illo
907 1810 1163 1896 (nostro)
1197 1813 1502 1875 diversum
1532 1817 1871 1894 intelligere
1915 1836 1985 1876 ex
2028 1834 2115 1887 eo,
2162 1818 2323 1895 quod
2353 1820 2443 1878 illi
2487 1819 2616 1897 igni
2648 1820 2879 1896 aliquid
2911 1821 2992 1880 sit

371 1901 661 1973 additum,
693 1902 855 1979 quod
885 1921 1006 1962 non
1038 1907 1133 1963 est
1161 1903 1227 1962 in
1259 1904 1397 1976 hoc;
1431 1924 1568 1964 nam
1601 1905 1705 1965 ille
1736 1905 1980 1981 quidem
2010 1926 2131 1966 non
2156 1908 2579 1985 exstinguitur,
2614 1909 2775 1969 hunc
2793 1913 2993 1968 autem

361 1991 566 2050 multa
596 1998 741 2051 sunt
770 1992 1031 2063 inventa,
1065 2012 1215 2068 quae
1233 1993 1636 2071 exstinguant.
1684 1996 1900 2072 Magna
1928 1999 2129 2055 autem
2160 1999 2253 2055 est
2283 1997 2617 2057 differentia
2647 1998 2804 2058 inter
2833 1998 2989 2068 eum,

376 2081 478 2155 qui
524 2081 947 2159 exstinguitur,
978 2083 1056 2141 et
1098 2101 1253 2154 eum,
1301 2082 1407 2159 qui
1451 2084 1682 2142 nullam
1727 2084 1997 2143 admittit
2027 2085 2499 2145 exstinctionem.
2514 2094 2542 2124 ‘
2575 2121 2664 2131 —
2696 2087 2994 2147 Differunt

359 2169 428 2249 ζβ.
461 2188 789 2238 munere,
821 2170 979 2248 ignis
1011 2171 1167 2230 enim
1189 2174 1463 2231 terrenus
1493 2171 1667 2232 nobis
1699 2173 1905 2244 servit,
1939 2174 2160 2233 donum
2181 2177 2276 2234 est
2293 2175 2530 2235 divinae
2547 2176 2992 2252 providentia03

375 2258 642 2318 infernus
686 2278 824 2319 vero
868 2259 1047 2335 punit
1090 2263 1269 2336 atque
1315 2260 1781 2321 instrumentum
1825 2265 1918 2321 est
1962 2261 2198 2323 divinae
2234 2264 2528 2339 justitiae.
2571 2298 2662 2309 —
2695 2264 2993 2324 Differnnt

355 2369 428 2427 Ἴ.
460 2348 787 2418 effectu,
820 2366 953 2407 cum
984 2349 1145 2427 ignis
1174 2351 1450 2408 terrenus
1482 2353 1619 2409 urat
1650 2354 1833 2427 atque
1864 2352 2204 2424 comburat3
2230 2353 2343 2412 ille
2373 2372 2514 2413 vero
2545 2356 2699 2422 urat,
2733 2355 2838 2412 sed
2870 2362 2994 2413 non

357 2436 699 2498 «comburat.
730 2438 824 2496 Ita
854 2438 1021 2496 Min.
1052 2438 1270 2497 Felix
1302 2438 1366 2497 in
1399 2439 1641 2499 Octavio
1672 2458 1735 2498 n.
1756 2449 1871 2504 35:
1910 2441 2071 2510 ,Nec
2101 2443 2416 2501 tormentis
2446 2444 2553 2502 aut
2581 2442 2794 2502 modus
2825 2443 2991 2503 ullus

357 2530 480 2585 -aut
508 2527 821 2586 terminus.
868 2527 1003 2586 Illic
1023 2527 1259 2603 sapiens
1291 2527 1450 2607 ignis
1468 2528 1750 2587 ¹membra
1781 2529 1908 2588 urit
1938 2532 2001 2589 et
2029 2530 2234 2601 reficit,
2268 2530 2461 2607 carpit
2490 2534 2550 2590 et
2578 2532 2791 2593 nutrit.
2825 2532 2993 2592 Sicut

359 2616 543 2694 ignes
576 2615 893 2675 fulminum
925 2634 1174 2692 corpora
1202 2620 1465 2695 tangunt
1496 2636 1602 2676 nec
1631 2617 1986 2691 absumunt3
2021 2620 2179 2679 sicut
2207 2620 2378 2697 ignes
2396 2621 2624 2680 Aetnae
2654 2624 2717 2681 et
2745 2620 2992 2680 Vesuvii

356 2708 435 2764 -et
464 2705 804 2765 ardentium
835 2707 1059 2782 ubique
1088 2708 1382 2765 terrarum
1413 2707 1670 2784 flagrant
1700 2727 1809 2767 nec
1841 2712 2181 2785 erogantur,
2211 2711 2299 2768 ita
2326 2712 2576 2786 poenale
2604 2711 2759 2770 illud
2789 2711 2992 2770 incen-

359 2794 539 2866 7dium
583 2813 707 2853 non
750 2795 981 2855 damnis
1028 2796 1362 2854 ardentium
1394 2798 1673 2871 pascitur,
1720 2797 1827 2856 sed
1873 2797 2112 2857 inexesa
2153 2817 2463 2875 corporum
2492 2800 2848 2859 laceratione
2878 2819 2992 2859 nu-

377 2884 626 2946 tritur.‘
690 2882 1155 2943 Lactantius
1202 2884 1331 2943 Div.
1378 2884 1520 2946 inst.
1567 2885 1695 2956 VII,
1746 2895 1860 2950 21:
1911 2887 2115 2958 ,Idem
2160 2889 2352 2966 igitur
2394 2888 2637 2948 divinus
2681 2889 2841 2966 ignis
2872 2907 2995 2948 una

364 2972 698 3048 -eademque
742 2973 802 3033 vi
834 2975 1027 3049 atque
1071 2974 1338 3049 potentia
1382 2977 1444 3033 et
1487 2972 1774 3034 cremabit
1804 2975 2018 3053 impios
2051 2979 2112 3034 et
2154 2976 2462 3048 recreabit,
2515 2981 2577 3037 et
2620 2979 2920 3055 quantum‘
2961 2997 2994 3036 e

378 3062 720 3137 corporibus
754 3063 1040 3130 absumet,
1082 3065 1319 3121 tantum
1352 3067 1615 3139 reponet,
1666 3065 1733 3123 ac
1766 3064 1884 3122 sibi
1910 3067 2222 3143 *aeternum
2253 3061 2542 3143 pabulum
2576 3066 2996 3126 subministra-

366 3150 484 3208 ‘bit.
498 3158 526 3188 ‘
560 3183 649 3194 -—
680 3151 973 3211 Differunt
1006 3152 1056 3215 δ.
1090 3154 1373 3210 natura
1402 3157 1466 3211 et
1494 3153 1714 3211 indole.
1782 3154 1950 3230 Ignis
1982 3155 2326 3230 sempiterni
2360 3159 2614 3226 ‚natura
2646 3156 2876 3215 diversa
2904 3157 2999 3215 est

368 3238 456 3297 >ab
486 3239 595 3299 hoe
624 3242 845 3311 nostro,
878 3241 1080 3317 inquit
1110 3241 1688 3302 l.c.1‚actantiu
1706 3261 1765 3312 s,
1804 3260 1924 3318 quo
1956 3243 2032 3302 ad
2062 3244 2221 3303 vitae
2252 3246 2583 3306 necessaria
2610 3245 2857 3316 utimur,
2889 3263 2997 3320 qm

367 3328 496 3386 nisi
527 3329 781 3405 alicujus
813 3331 1093 3389 materiae
1123 3330 1332 3389 fomite
1353 3332 1567 3402 alatur,
1601 3331 2021 3409 exstinguitur.
2055 3333 2136 3390 At
2164 3333 2267 3391 ille
2297 3334 2539 3394 divinus
2570 3354 2676 3412 per
2705 3353 2769 3393 se
2797 3335 2996 3418 ipsum

360 3433 607 3494 semper
638 3418 788 3477 vivit
831 3437 899 3478 ac
942 3420 1109 3495 viget
1151 3419 1279 3477 sine
1324 3421 1469 3479 ullis
1504 3421 1823 3491 alimentis,
1871 3439 1980 3481 neo
2026 3421 2356 3482 admixtum
2386 3424 2568 3483 habet
2596 3423 2846 3494 fumum,
2894 3407 2996 3483 sed

359 3508 468 3565 -est
499 3525 687 3582 purus
720 3526 785 3566 ac
817 3508 1084 3584 liquidus
1131 3511 1193 3567 et
1235 3508 1299 3566 ιιι
1338 3528 1525 3608 aquae
1555 3509 1803 3568 modum
1833 3509 2117 3569 fluidus!
2183 3511 2342 3581 Quae
2375 3513 2572 3571 omnia
2602 3513 2806 3588 paucis
2836 3519 2994 3571 com-

362 3595 660 3671 plectitur
691 3616 736 3656 s.
769 3597 1192 3674 Ephraem
1175 3617 1239 3656 ιιι
1271 3616 1442 3660 serm.
1478 3617 1639 3675 exeg.
1674 3617 1766 3674 op.
1802 3598 1893 3659 ed.
1933 3597 2050 3675 syr.
2069 3591 2170 3657 lat.
2190 3597 2265 3673 H,
2303 3598 2458 3664 354:
2496 3601 2756 3669 ,Omnes
2776 3602 2996 3660 debent

362 3684 549 3743 fateri
579 3688 642 3743 et
672 3687 922 3758 credere,
954 3688 1138 3746 seculi
1172 3687 1451 3747 videlicet
1479 3687 1693 3746 illius
1676 3708 1898 3765 ignem
1893 3689 2015 3746 hoo
2044 3691 2248 3748 nostro
2280 3691 2457 3768 longe
2481 3708 2611 3749 esse
2630 3690 2995 3753 atrociorem.

367 3770 529 3832 Nam
560 3777 633 3833 ut
662 3775 778 3834 iste
808 3773 1062 3836 maxime
1094 3776 1297 3835 efficax
1330 3777 1423 3846 sit,
1456 3777 1614 3835 nitet
1644 3777 1854 3836 tamen
1882 3777 2274 3852 etsplendet:
2326 3778 2431 3838 ille
2462 3797 2620 3850 vero,
2651 3797 2787 3838 cum
2811 3779 2993 3842 vehe-

363 3862 752 3924 mentissime
782 3865 1005 3925 ferveat
1049 3869 1111 3925 et
1155 3869 1436 3924 acerrime
1482 3868 1636 3936 urat,
1687 3865 2005 3926 horrendis
2036 3869 2238 3944 tamen
2266 3868 2600 3928 involvitur
2628 3867 2894 3949 tenebris
2935 3871 2999 3927 et

378 3955 613 4011 noctem
656 3953 829 4013 affert
872 3954 1255 4014 teterrimam.
1320 3953 1443 4013 Iste
1493 3954 1739 4014 obvium
1792 3939 2232 4015 nutrimentum
2278 3975 2471 4032 usque
2520 3975 2587 4016 eo
2625 3957 2998 4058 depascitur,

361 4040 566 4100 ‘donec
600 4042 1027 4120 absumpserit.
1077 4045 1128 4103 si
1176 4043 1322 4119 quid
1368 4047 1567 4102 autem
1616 4044 1982 4103 contrarium
2029 4042 2307 4104 inciderit
2342 4046 2763 4122 exstinguitur,
2810 4039 3001 4105 cessat

366 4131 440 4187 -et
486 4132 800 4194 evanescit.
866 4133 1080 4192 Contra
1128 4133 1232 4191 ille
1275 4132 1435 4209 ignis
1481 4151 1796 4208 nunquam
1841 4134 2317 4210 restinguendus
2354 4154 2475 4195 non
2519 4136 2796 4204 absumit,
2849 4154 2999 4210 quos

366 4220 638 4294 torquet,
671 4215 936 4292 miseros,
970 4240 1079 4280 nec
1109 4222 1272 4281 enim
1286 4222 1640 4281 absumere'
1614 4240 1828 4298 Jussns
1860 4226 1969 4294 eat,
2003 4225 2104 4282 sed
2135 4226 2373 4286 tantum
2403 4229 2577 4285 urere
2606 4242 2675 4282 ac
2704 4229 3000 4299 torquere.

379 4306 546 4384 Ignis
577 4309 692 4368 iste
723 4310 928 4385 coquit
958 4310 1119 4372 cibos
1150 4314 1217 4378 et
1232 4310 1393 4382 esui
1406 4315 1577 4385 aptos
1609 4310 1836 4384 reddit
1840 4314 1903 4385 et
1933 4312 2195 4390 algorem
2226 4313 2489 4390 expellit.
2532 4312 2644 4372 Ille
2675 4312 2802 4386 suis
2832 4313 2999 4394 flam·

379 4395 494 4454 mis
530 4402 765 4472 praeter
792 4399 1070 4458 tenebras
1104 4400 1281 4458 etiam
1314 4399 1587 4458 dentium
1620 4399 1943 4460 stridorem
1987 4401 2209 4472 miscet,
2257 4405 2456 4461 sontes
2497 4389 2866 4462 tenebrosus
2896 4379 3001 4460 de-

370 4486 663 4560 pascitur,
697 4488 1114 4564 depopulatur,
1150 4489 1379 4547 desolat
1408 4507 1473 4547 ac
1504 4490 1767 4578 torquet,
1804 4493 1876 4547 ut
1906 4508 2110 4590 expers
2144 4490 2294 4550 lucis
2326 4491 2413 4551 sic
2444 4491 2624 4551 etiam
2658 4491 2810 4554 finis.
2842 4490 2998 4550 Sori-

380 4576 554 4648 ptum
584 4579 678 4635 est
707 4577 866 4650 enim
891 4577 1097 4654 ignem
1127 4576 1264 4637 fore
1280 4549 1781 4654 sempiternum‘
1807 4571 2083 4662 Ratione
2113 4562 2327 4660 horum
2348 4579 2767 4664 discriminum
2799 4585 3003 4657 patres

360 4662 615 4739 Jaliqni
599 4681 799 4742 ignem
831 4666 1037 4732 hunc'
1022 4666 1593 4742 incorporalem
1642 4670 1917 4740 ποηοειιβ,
1913 4653 2050 4727 non
2092 4647 2166 4728 ut
2197 4673 2442 4746 ⁴negent
2461 4670 2631 4783 ignis
2661 4670 3000 4742 veritatem,

361 4751 485 4812 sed
516 4754 931 4813 omnimodam
943 4755 1318 4816 identitatem
1350 4774 1486 4822 oum
1516 4759 1745 4826 nostro
1795 4791 1818 4820 ε.
1969 4776 1978 4788 ·
2191 4793 2195 4798 ·

592 4862 869 4924 Hurter,
908 4863 1159 4923 Compend.
1197 4865 1459 4921 theologiae
1495 4865 1583 4925 111,
1630 4866 1713 4912 11.
1749 4865 1827 4913 ed.
2610 4863 2680 4915 39
