3538 5364
554 324 685 389 356
982 314 1164 368 Tract.
1191 314 1283 367 IX.
1310 313 1378 367 de
1407 311 1765 367 eucharistia.
1796 310 1875 365 De
1902 310 2296 365 accidentibus
2321 307 2730 363 eucharisticis,

548 498 825 561 maxime
875 498 941 559 in
989 496 1114 559 hoc
1164 501 1568 559 sacramento
1622 492 2029 568 admiranda=
2077 508 2242 573 quae
2291 489 2449 554 fides
2489 488 2808 552 catholica
2852 488 2991 552 sine
3037 488 3171 551 ulla

549 604 945 668 dubitatione
980 601 1181 667 credit
1213 608 1278 667 et
1308 600 1656 682 profitetur,
1691 600 1878 663 tertio
1911 599 2055 663 loco
2088 598 2298 679 ponit:
2368 595 2793 670 ,Accidentia,
2842 612 3009 677 quae
3055 601 3173 659 aut

550 711 752 774 oculis
783 715 1132 775 cernuntur
1164 715 1276 771 aut
1308 707 1448 770 aliis
1479 706 1777 771 sensibus
1808 704 2262 786 percipiuntur,
2298 704 2434 767 sine
2455 702 2585 766 ulla
2603 720 2673 767 re
2693 701 2987 784 subjecta
3005 720 3167 777 esse,

548 818 711 881 mira
743 817 1027 898 quadam
1060 822 1255 897 atque
1287 813 1714 895 inexplicabili
1745 813 2017 877 ratione.
2081 811 2176 874 Ac
2219 811 2405 892 panis
2451 809 2709 891 quidem
2741 816 2807 873 et
2836 809 2964 873 vini
2998 808 3167 872 acci-

549 922 766 986 dentia
800 922 1016 986 omnia
1048 920 1197 986 licet
1227 921 1460 997 videre,
1493 938 1659 1002 quae
1691 926 1911 983 tamen
1944 919 2098 982 nulli
2130 916 2528 981 substantiae
2544 916 2897 992 inhaerent,
2919 915 3033 979 sed
3053 933 3171 996 per

550 1048 619 1093 se
651 1029 793 1109 ipsa
823 1034 1178 1093 constant<¹
1249 1027 1428 1107 Quae
1474 1026 1833 1092 realitatem
1879 1025 2306 1093 accidentium
2353 1023 2737 1104 obJectivam
2769 1028 3171 1104 supponunt:

548 1136 602 1199 si
635 1136 805 1199 enim
835 1134 1084 1216 species
1104 1117 1255 1198 sunt
1273 1134 1730 1215 impressiones
1752 1131 1818 1196 in
1838 1151 2069 1198 sensus
2089 1138 2365 1207 nostrOS,
2385 1129 2670 1209 indigent
2690 1129 2948 1211 quidem
2969 1145 3173 1192 causa

549 1260 591 1305 a
621 1249 804 1323 parte
835 1241 948 1315 rei,
981 1260 1113 1305 non
1144 1259 1300 1305 vero
1333 1240 1641 1322 subjecto,

726 1349 789 1417 4.
825 1347 1103 1413 Dedecet
1134 1347 1407 1430 denique
1438 1347 1603 1411 haee
1615 1347 1785 1427 jugis
1808 1364 2118 1410 sensuum
2136 1344 2482 1408 ludificatio
2503 1348 2983 1407 sacramentum
3002 1341 3171 1405 veri-

549 1457 715 1533 tatis,
747 1455 803 1519 si
833 1473 1139 1520 sensuum
1172 1453 1466 1518 relationi
1498 1452 1655 1516 nihil
1686 1452 2108 1533 responderet
2138 1469 2179 1514 a
2209 1457 2392 1531 parte
2423 1451 2533 1514 rei.
2568 1448 2656 1516 Cf.
2687 1449 2944 1512 Billot
2972 1449 3060 1512 th.
3083 1453 3173 1516 40

549 1563 687 1626 coll.
723 1567 805 1631 47
843 1567 878 1647 ἓ
912 1568 971 1638 2,
1004 1561 1113 1626 ubi
1146 1562 1554 1643 exceptiones
1586 1560 1752 1625 bene
1787 1560 1991 1623 solvit.

727 1692 874 1756 375.
908 1671 1255 1768 Supposita
1303 1686 1733 1751 accidentium
1798 1685 2222 1767 objectiva
2282 1683 2596 1758 realitate,
2649 1699 2872 1745 eorum
2926 1679 3171 1760 absque

548 1794 839 1876 subjecto
873 1794 1432 1860 conservationem
1462 1812 1610 1857 cum
1641 1792 1818 1856 card.
1851 1791 2293 1855 Franzelin
2325 1790 2411 1855 th.
2439 1794 2520 1858 16
2541 1790 2632 1852 ita
2650 1787 2967 1869 explicare
2986 1786 3170 1850 licet:

548 1901 937 1965 Resistentia
969 1901 1220 1981 concipi
1240 1899 1432 1966 debet
1462 1906 1535 1964 ut
1566 1899 1861 1964 actuatio
1882 1918 1999 1964 seu
2022 1905 2205 1962 actus
2226 1896 2481 1961 virtutis
2501 1894 2859 1968 resistendi,
2879 1892 2989 1975 qui
3009 1891 3170 1955 alius

550 2014 745 2090 atque
777 2007 942 2070 alius
976 2026 1119 2072 esse
1150 2012 1363 2088 potest
1393 2025 1509 2088 pro
1542 2007 1914 2071 diversitate
1948 2006 2220 2081 virtutis,
2250 2005 2525 2086 ideoque
2558 2002 2754 2067 etiam
2775 1999 2859 2064 ab
2880 2017 2959 2065 ea
2980 2016 3170 2080 sepa-

548 2113 798 2177 rabilis:
848 2132 1000 2177 nam
1033 2133 1127 2179 ex.
1163 2134 1248 2194 gr.
1282 2114 1476 2178 homo
1509 2131 1580 2178 se
1611 2112 1964 2195 impellenti
2010 2131 2141 2176 non
2185 2129 2439 2192 semper
2481 2109 2737 2183 resistit,
2788 2107 2889 2171 vel
2935 2104 3168 2169 saltem

548 2239 683 2285 non
712 2239 966 2302 semper
998 2220 1226 2286 eodem
1257 2226 1510 2284 conatu.
1574 2219 1789 2299 Quare
1836 2219 2106 2283 actualis
2150 2216 2514 2283 resistentia
2558 2212 2812 2295 concipi
2854 2217 3068 2294 potest
3100 2216 3177 2273 ut

551 2327 814 2392 realitas
838 2327 1075 2409 jugiter
1108 2327 1448 2391 dimanans
1468 2326 1570 2392 vel
1588 2328 1908 2391 resultans
1931 2344 2010 2390 ex
2030 2323 2431 2389 substantiae
2450 2323 2703 2397 virtute,
2724 2337 2890 2403 quae
2911 2318 3171 2401 quidem

551 2431 927 2497 naturaliter
956 2434 1246 2515 postulat
1261 2433 1486 2515 ¹inesse
1519 2432 1945 2507 substantiae,
1966 2441 2032 2496 et
2050 2432 2197 2495 ideo
2219 2436 2491 2494 vocatur
2509 2427 2827 2502 accidenS,
2849 2445 2964 2490 ens
2985 2424 3171 2490 entis,

550 2539 744 2622 Atqui
782 2540 1006 2617 ,DeuS,
1036 2540 1246 2622 inquit
1278 2560 1326 2603 s.
1360 2539 1642 2603 Thomas
1675 2544 1735 2607 3.
1773 2560 1833 2621 p.
1868 2558 1925 2620 q.
1963 2545 2041 2607 77
2079 2557 2135 2602 a.
2171 2544 2228 2615 1,
2275 2536 2383 2619 qui
2416 2542 2515 2599 est
2543 2535 2750 2616 prima
2781 2549 2984 2596 causa
3014 2530 3172 2595 sub-

550 2645 829 2711 stantiae
861 2652 928 2711 et
956 2645 1324 2723 accidentiS,
1371 2664 1485 2728 per
1516 2663 1702 2711 suam
1733 2645 2049 2710 infinitam
2081 2645 2389 2710 virtutem
2439 2658 2824 2708 conservare
2854 2643 3070 2721 potest
3100 2637 3170 2701 in

550 2771 692 2818 esse
726 2753 1023 2817 accidens
1053 2752 1390 2816 subtracta
1418 2752 1797 2830 substantia,
1828 2771 1942 2833 per
1973 2770 2173 2834 quam
2204 2749 2712 2816 conservabatur
2743 2748 2808 2810 in
2843 2764 2986 2810 esse
3006 2745 3172 2808 sicut

551 2877 667 2940 per
699 2859 1024 2940 propriam
1057 2877 1353 2922 causam:
1386 2859 1553 2923 sicut
1585 2860 1782 2923 etiam
1812 2860 1972 2923 alios
1994 2860 2258 2924 effectus
2278 2858 2672 2922 naturalium
2689 2872 3032 2919 causarum
3051 2870 3172 2934 po-

556 2973 679 3030 test
707 2966 1063 3047 producere
1095 2964 1232 3029 sine
1261 2964 1661 3029 naturalibus
1694 2966 1965 3029 causis«
2038 2965 2226 3045 Quod
2257 2966 2311 3028 si
2343 2964 2513 3028 Deus
2547 2961 2978 3027 resistentiam
3009 2976 3170 3023 con-

551 3078 783 3147 servat,
812 3077 991 3153 patet
1020 3071 1488 3153 phaenomena,
1537 3091 1814 3154 quorum
1845 3072 2031 3135 radix
2063 3072 2358 3153 proxima
2389 3077 2487 3135 est
2516 3068 2897 3143 resistentia,
2931 3066 3159 3132 eodem

551 3197 818 3243 manere
850 3177 1044 3242 modo
1079 3195 1156 3241 ac
1187 3178 1242 3241 si
1271 3178 1633 3242 substantia
1653 3180 1840 3260 panis
1862 3179 2137 3243 adesset.
2170 3178 2387 3243 Manet
2405 3177 2535 3241 scil.
2552 3174 2923 3241 extensioin
2939 3172 3173 3254 spatio,

549 3284 810 3349 reflexio
841 3284 1000 3347 lucis
1033 3291 1097 3350 et
1129 3286 1287 3360 soni,
1321 3286 1467 3349 hinc
1502 3285 1832 3368 quantitas
1864 3285 2133 3350 visibilis
2169 3291 2234 3351 et
2253 3285 2470 3365 figura,
2490 3285 2728 3348 raritas
2748 3282 2847 3346 vel
2867 3281 3171 3355 densitaS,

550 3391 824 3455 titillatio
855 3390 1160 3455 fibrarum
1191 3392 1256 3456 in
1290 3412 1485 3458 sensu
1504 3399 1748 3474 gustuS,
1772 3392 2077 3473 gravitaS,
2099 3392 2490 3456 mutationes
2511 3389 2729 3472 quoad
2748 3389 3033 3452 calorem
3053 3395 3173 3451 etc.

551 3497 841 3579 Corpora
869 3516 1024 3562 vero
1056 3499 1544 3564 circumstantia
1587 3519 1717 3564 non
1761 3500 1972 3564 solum
2020 3499 2245 3564 eodem
2284 3483 2486 3562 'modo
2534 3496 2887 3560 afficientur
2935 3494 3020 3558 ab
3051 3494 3173 3558 illis

553 3604 987 3669 accidentibus
1018 3605 1183 3669 sicut
1211 3607 1404 3687 priuS,
1438 3607 1550 3671 sed
1584 3607 1780 3671 etiam
1812 3606 2046 3670 eodem
2078 3605 2272 3669 modo
2305 3606 2370 3668 in
2401 3604 2507 3668 illa
2539 3608 2731 3683 agent
2764 3620 2841 3665 ac
2874 3603 2929 3666 si
2960 3601 3173 3665 adhuc

552 3711 794 3776 eisdem
824 3711 1120 3777 subesset
1150 3713 1513 3777 substantia
1544 3713 1730 3794 panis
1763 3719 1829 3777 et
1857 3712 2020 3789 vini;
2054 3718 2354 3793 poterunt
2384 3710 2652 3792 proinde
2678 3709 2789 3772 illa
2812 3709 2977 3772 sicut
2996 3709 3173 3789 prius

553 3817 938 3895 modificare,
971 3819 1329 3896 immutare,
1376 3821 1506 3884 imo
1563 3826 1629 3884 et
1661 3838 2091 3901 corrumpere,
2136 3827 2209 3883 ut
2250 3837 2384 3883 non
2415 3817 2688 3898 amplius
2734 3817 2863 3880 sint
2891 3816 3077 3896 panis
3110 3821 3174 3878 et

551 3925 681 3988 vini
712 3924 990 4006 species:
1024 3945 1150 4008 quo
1183 3926 1392 4006 posito
1425 3925 1722 3991 desinent
1755 3944 1897 3991 esse
1929 3925 2177 4007 species
2210 3923 2729 3999 sacramentaleS,
2763 3921 3172 4004 cessabitque

550 4031 917 4114 praesentia
947 4034 1236 4114 corporis
1268 4040 1333 4097 et
1362 4033 1690 4113 sanguinis
1722 4032 1846 4096 sub
1884 4033 2031 4108 illis3
2063 4040 2136 4096 ut
2165 4050 2317 4097 vero
2351 4031 2710 4112 specierum
2730 4029 3007 4093 naturali
3027 4028 3166 4093 exi-

554 4139 805 4218 gentiae
835 4138 1208 4203 inhaerendi
1241 4139 1642 4204 substantiae
1675 4140 1796 4202 sibi
1816 4157 2142 4219 congruae
2176 4137 2463 4213 satisfiat,
2481 4136 2797 4219 ejusmodi
2813 4135 3179 4200 substantia

554 4245 673 4309 sub
704 4245 825 4308 illis
856 4251 1125 4309 creatur.
1161 4244 1341 4311 Unde
1371 4247 1589 4328 liquet,
1623 4264 1752 4328 qua
1784 4247 2035 4310 ratione
2069 4245 2316 4326 species
2335 4244 2657 4308 nutriant:
2691 4243 2983 4307 nutriunt
3002 4243 3173 4307 enim

553 4352 618 4415 vi
648 4351 834 4432 hujus
866 4350 1284 4430 substantiae,
1318 4372 1512 4436 quam
1546 4354 1811 4432 exigunt
1843 4370 2140 4434 quaeque
2187 4351 2309 4415 sub
2356 4351 2491 4414 illis.
2524 4357 2798 4426 creatur,
2829 4355 3175 4430 postquam

557 4458 640 4522 ob
674 4457 1153 4538 corruptionem
1185 4459 1538 4524 cessaverit
1581 4478 1722 4523 esse
1769 4458 1889 4522 sub
1940 4458 2016 4522 iis
2048 4476 2281 4540 corpus
2314 4456 2564 4522 Christi.
2628 4457 2786 4519 Huic
2832 4455 3176 4538 hypothesi

555 4569 728 4632 favet
758 4562 1054 4629 Scotus
1085 4567 1151 4629 in
1182 4571 1240 4634 4.
1274 4567 1331 4630 d.
1372 4572 1453 4634 12
1488 4586 1543 4648 q.
1578 4572 1640 4635 6.

733 4696 890 4754 Haec
921 4696 1383 4754 conservationis
1413 4695 1806 4754 accidentium
1851 4695 1979 4754 sine
2025 4694 2291 4770 subjecto
2335 4693 2648 4769 explicatio
2693 4693 2767 4750 ut
2815 4690 2949 4749 aliis
2994 4691 3173 4766 longe

555 4785 879 4862 simplicior
921 4784 1164 4844 videtur
1207 4784 1604 4859 praeferenda.
1663 4785 1745 4842 Ea
1789 4803 1909 4842 non
1941 4784 2200 4842 multum
2247 4782 2463 4842 distare
2510 4782 2746 4840 videtur
2791 4801 2824 4838 a
2872 4779 3171 4838 sententia
