3538 5364
1361 326 1431 381 de
1458 325 1792 399 purgatorio
1817 325 2081 380 tenenda.
2904 334 3032 401 631

594 512 664 578 8.
690 513 808 572 Per
824 532 886 573 se
907 516 1071 590 patet
1091 529 1409 591 poenarum
1430 512 1786 590 gravitatem
1809 512 2297 589 durationemque
2317 512 2440 571 fore
2460 513 2790 572 secundum
2819 533 2880 572 m
2898 533 2930 573 e
2946 532 2987 573 n
3001 546 3028 560 -

413 622 667 662 suram
698 606 1075 679 peccatorum
1107 603 1170 660 et
1199 601 1388 661 debiti
1417 620 1640 677 poenae
1659 600 2020 677 temporalis,
2052 602 2213 678 quod
2232 601 2441 661 mortis
2460 603 2725 679 tempore
2745 602 3032 662 luendum

415 692 731 768 supererit.
798 691 989 761 Quare
1033 690 1467 750 Eucherius
1512 690 1676 767 lugd.
1716 691 1871 750 hom.
1908 699 1942 752 2
1979 689 2052 749 de
2081 690 2325 767 Epiph.:
2376 690 2651 760 ,Quanta
2682 691 2868 751 suerit
2897 711 3030 768 pec·

415 782 534 841 cati
563 780 828 852 materia,
859 783 1030 840 tanta
1057 780 1174 840 erit
1204 779 1662 857 pertranseundi
1693 798 1887 849 mora;
1919 783 2214 855 quantum
2231 779 2550 839 accreverit
2568 780 2763 855 culpa,
2793 784 3033 840 tautum

415 870 535 930 sibi
563 888 632 929 ex
667 869 907 928 homine
937 869 1268 929 vindicabit
1297 869 1564 927 flammae
1595 868 1972 928 rationabilis
2005 868 2349 944 disciplina3
2398 871 2459 927 et
2504 873 2798 945 quantum
2844 870 3033 930 stulta

412 958 703 1034 iniquitas
734 959 938 1037 gessit,
973 960 1212 1017 tantum
1242 958 1476 1034 sapiens
1509 976 1698 1033 poena
1728 957 2051 1020 desaevit.‘

593 1044 661 1111 9.
694 1047 1011 1107 suetorum
1049 1048 1280 1106 animae
1323 1065 1459 1107 mox
1504 1050 1682 1122 atque
1726 1066 1761 1105 a
1806 1064 2047 1122 corpore
2093 1049 2460 1122 separantur,
2507 1048 3028 1108 vehementissimo

414 1137 693 1197 feruntur
722 1156 918 1196 amore
948 1136 1013 1196 iu
1045 1137 1252 1208 Deum,
1296 1136 1549 1212 ideoque
1579 1136 1773 1196 omnis
1805 1135 2180 1194 inordinatus
2209 1137 2474 1209 affectus,
2522 1137 2574 1195 si
2617 1137 2755 1213 quis
2801 1137 2864 1196 iu
2910 1138 3031 1197 illis

416 1226 617 1297 fuerit,
656 1225 1081 1303 exstinguitur.
1149 1225 1340 1295 Quare
1371 1242 1544 1284 omne
1575 1228 1881 1301 peccatum
1912 1225 2145 1284 veniale
2176 1225 2300 1284 illis
2332 1225 2539 1284 statim
2569 1226 2915 1286 remittetur
2944 1228 3032 1286 ita

417 1320 634 1388 tamen,
681 1319 754 1374 ut
783 1334 890 1391 pro
921 1334 990 1375 eo
1022 1314 1215 1375 adhuc
1244 1315 1410 1375 luere
1441 1332 1663 1390 poenas
1694 1314 1963 1374 debeant.
2026 1314 2088 1372 Si
2131 1314 2292 1374 enim
2324 1315 2482 1374 Deus
2514 1316 2753 1391 peccata
2781 1316 3034 1375 venialia

414 1406 717 1464 remittere
760 1406 961 1480 potest
1005 1404 1133 1463 sine
1176 1403 1304 1464 ullo
1347 1403 1604 1463 hominis
1648 1406 1804 1475 actu,
1851 1405 2078 1479 quanto
2111 1404 2301 1481 magis
2333 1403 2578 1475 animae,
2630 1423 2782 1480 quae
2831 1405 2918 1464 ita
2964 1406 3029 1465 in

415 1494 613 1570 ipsum
644 1493 848 1557 fertur.
916 1492 1225 1564 ,Venialia
1253 1493 1646 1551 remittuntur
1688 1492 1764 1551 iis
1810 1495 1948 1568 post
1994 1492 2144 1551 hauc
2191 1493 2375 1552 vitam
2420 1492 2601 1552 etiam
2630 1496 2924 1569 quantum
2955 1495 3030 1553 ad

413 1582 647 1658 culpam
679 1601 747 1642 eo
779 1582 972 1655 modo,
1005 1599 1124 1658 quo
1154 1582 1549 1641 remittuntur
1577 1582 1642 1640 in
1673 1581 1781 1642 hac
1811 1581 1951 1653 vita,
1986 1581 2112 1640 scil.
2133 1587 2455 1657 peractum
2476 1582 2740 1642 caritatis
2757 1584 2822 1641 in
2842 1583 3032 1643 Deum

410 1673 842 1749 repugnantem
873 1671 1204 1731 venialibus
1247 1670 1313 1729 in
1358 1671 1467 1729 hac
1508 1670 1635 1729 vita
1665 1669 2017 1733 commissis,
2082 1670 2235 1740 Quia
2264 1675 2463 1730 tamen
2494 1675 2632 1747 post
2660 1671 2812 1732 banc
2840 1672 3028 1731 vitam

412 1779 534 1820 non
563 1763 658 1819 est
687 1763 882 1819 status
912 1760 1197 1831 merendi,
1230 1760 1326 1820 ille
1358 1759 1692 1819 dilectionis
1723 1763 1925 1819 motus
1957 1759 2022 1818 in
2052 1759 2142 1818 eis
2172 1760 2337 1819 tollit
2365 1760 2608 1835 quidem
2637 1760 3027 1836 impedimen-

412 1854 545 1908 tum
575 1850 824 1909 venialis
855 1850 1082 1926 culpae,
1127 1868 1249 1909 non
1279 1851 1479 1908 tamen
1509 1853 1776 1908 meretur
1805 1848 2241 1909 absolutionem
2273 1849 2367 1909 vel
2396 1849 2854 1909 diminutionem
2885 1867 3028 1926 poe-

413 1957 524 1998 nae
556 1939 715 2000 sicut
742 1939 805 1997 in
837 1939 946 2000 hac
979 1939 1163 1999 vita.⁸
1229 1938 1286 1997 S.
1318 1939 1633 1998 Thomas
1677 1938 1751 1998 de
1785 1937 1938 1998 malo
1969 1956 2027 2012 q.
2064 1948 2096 2000 7
2133 1958 2183 1997 a.
2225 1949 2320 2002 11.
2384 1938 2464 1998 Cf.
2498 1940 2782 1999 Suarez
2811 1942 2855 2003 t.
2894 1949 2929 2002 4
2962 1940 3027 1998 in

417 2038 453 2092 8
487 2047 544 2103 p.
574 2027 728 2104 disp.
769 2040 836 2090 ll
877 2047 920 2088 s.
955 2037 1012 2093 4.

594 2112 701 2180 10.
751 2117 917 2187 Quod
962 2118 1155 2177 locum
1202 2116 1433 2187 attinet,
1479 2116 1763 2192 duplex
1808 2115 2105 2194 distingui
2136 2116 2526 2192 probabiliter
2554 2118 2756 2193 potest
2799 2135 2934 2176 cum
2982 2136 3027 2181 s.

413 2206 687 2265 Thoma
718 2206 780 2265 in
813 2217 870 2269 4.
901 2206 959 2265 d.
995 2216 1066 2269 21
1112 2225 1167 2282 q.
1206 2217 1231 2269 1
1272 2225 1320 2269 a.
1363 2217 1384 2268 l
1426 2204 1539 2282 qcl.
1576 2214 1643 2267 2:
1692 2206 1931 2275 ,Unum
1964 2205 2292 2265 secundum
2322 2206 2516 2283 legem
2548 2224 2935 2278 communem,
2968 2210 3031 2266 et

413 2296 498 2355 sic
528 2295 690 2355 locus
719 2296 1055 2374 purgatorii
1086 2298 1180 2355 est
1208 2296 1375 2355 locus
1405 2294 1648 2354 inferior
1678 2290 1819 2376 (sub
1848 2298 2007 2354 terra
2039 2294 2108 2354 cf.
2127 2314 2189 2354 n.
2216 2290 2369 2377 656)
2403 2294 2632 2354 inferno
2653 2296 3026 2372 conjunctus,

412 2384 499 2444 ita
528 2384 687 2460 quod
717 2384 874 2444 idem
904 2385 1063 2462 ignis
1097 2385 1196 2455 sit,
1229 2384 1335 2461 qui
1367 2384 1673 2443 damnatos
1703 2383 1930 2443 cruciat
1958 2384 2021 2442 in
2053 2384 2302 2455 inferno,
2335 2387 2397 2442 et
2427 2384 2532 2460 qui
2557 2384 2758 2460 justos
2788 2384 2851 2443 in
2883 2403 3026 2460 pur·

411 2474 641 2551 gaterio
686 2478 906 2552 purgat
937 2520 951 2535 .
982 2519 998 2533 .
1029 2520 1043 2535 .
1090 2474 1265 2533 Alius
1311 2475 1407 2531 est
1450 2473 1616 2532 locus
1663 2473 1995 2550 purgatorii
2027 2472 2351 2534 secundum
2385 2472 2920 2549 dispensationem3
2969 2477 3030 2533 et

412 2563 498 2622 sic
541 2562 898 2639 quandoque
943 2563 1005 2622 in
1050 2563 1299 2622 diversis
1342 2562 1489 2622 locis
1534 2561 1719 2637 aliqui
1762 2561 1968 2638 puniti
2011 2562 2300 2640 leguntur
2346 2562 2442 2621 vel
2491 2561 2565 2621 ad
2613 2562 2886 2621 vivorum
2935 2561 3030 2621 in·

412 2651 816 2726 structionem,
850 2652 946 2713 vel
977 2652 1053 2712 ad
1081 2654 1454 2712 mortuorum
1485 2650 1961 2718 subventionem,
2006 2653 2079 2711 ut
2107 2650 2449 2711 viventibus
2479 2670 2682 2712 eorum
2713 2669 2904 2729 poena
2933 2652 3027 2713 in-

411 2744 722 2801 notescens
754 2762 860 2818 per
891 2742 1173 2820 suffragia
1203 2741 1499 2801 Ecclesiae
1532 2740 1971 2819 mitigaretur.¹

593 2826 701 2894 ll.
735 2831 1005 2908 Denique
1050 2833 1216 2908 patet
1258 2849 1329 2890 ex
1374 2830 1550 2889 dictis
1598 2826 1683 2912 (n.
1720 2841 1863 2895 536.
1901 2826 2073 2914 669),
2121 2830 2323 2890 fideles
2372 2848 2542 2906 posse
2573 2827 2790 2890 oblatis
2823 2831 3026 2890 indul-

410 2920 632 2998 gentiis
664 2923 725 2979 et
754 2920 929 2979 bonis
960 2920 1262 2997 operibus,
1295 2919 1358 2977 in
1390 2919 1600 2995 primis
1632 2919 1916 2980 sacrificio
1949 2920 2177 2991 missae,
2202 2920 2417 2995 juvare
2448 2919 2675 2979 animas
2707 2919 2770 2979 in
2802 2939 3022 2998 purga·

410 3009 564 3068 torio
596 3009 867 3068 detentas
898 3028 1021 3070 non
1052 3010 1246 3069 solum
1278 3007 1626 3079 universim,
1672 3007 1776 3068 sed
1822 3011 1883 3067 et
1927 3008 2361 3084 speciatim.
2426 3008 2649 3068 Verum
2689 3008 2872 3085 hujus
2913 3009 3025 3068 im-

328 3102 339 3110 ’
411 3098 757 3175 petrationis
788 3102 850 3158 et
880 3097 1301 3158 satisfactionis
1333 3096 1566 3156 fructus
1597 3115 1715 3156 uon
1746 3099 1841 3156 est
1870 3097 2240 3160 infallibilis:
2284 3097 2507 3174 pendet
2537 3099 2695 3157 enim
2727 3118 2761 3157 a
2791 3097 3027 3157 miseri-

410 3187 571 3246 cordi
602 3188 1003 3264 acceptatione
1047 3188 1278 3247 divina:
1329 3205 1511 3263 quam
1561 3185 1636 3245 ob
1683 3204 1810 3245 rem
1861 3185 2146 3246 dicuntur
2197 3187 2492 3246 orationes
2540 3190 2604 3247 et
2650 3187 2806 3247 bona
2850 3205 3028 3264 opera

410 3276 716 3336 animabus
745 3277 1028 3353 prodesse
1062 3295 1168 3353 per
1198 3276 1439 3336 modum
1472 3274 1755 3352 suffragii.
1823 3275 1899 3334 Ut
1935 3295 2075 3336 vero
2106 3276 2357 3352 prosint,
2391 3276 2611 3335 debent
2638 3275 2862 3349 fideles,
2908 3277 3029 3336 nisi

409 3368 590 3443 agant
621 3369 691 3425 ut
720 3366 1015 3426 Ecclesiae
1045 3365 1309 3425 ministri
1341 3360 1464 3447 (vel
1495 3364 1799 3441 applicent
1817 3364 2221 3442 indulgentias
2239 3365 2565 3425 secundum
2597 3366 2830 3442 aliquos
2861 3366 3028 3426 theo-

407 3451 624 3534 logos),
656 3473 788 3515 esse
818 3456 883 3515 in
912 3457 1075 3515 statu
1104 3455 1359 3532 gratiae3
1392 3473 1462 3513 ex
1482 3458 1651 3529 parte
1672 3471 1811 3512 vero
1830 3453 2077 3524 animae,
2109 3473 2215 3530 pro
2234 3473 2354 3529 qua
2372 3455 2705 3513 offeruntur
2726 3455 3026 3533 suffragia,

408 3543 648 3603 videtur
690 3545 886 3604 valere
930 3544 1139 3622 regula
1167 3542 1606 3621 Augustini
1637 3542 1874 3601 Enchir.
1906 3562 1964 3606 n.
2007 3554 2159 3606 110:
2215 3542 2360 3613 ,Eis
2410 3542 2553 3603 haec
2600 3547 2870 3620 prosunt,
2922 3544 3028 3620 qui

408 3651 545 3692 cum
574 3633 861 3704 viverent,
907 3637 979 3692 ut
1017 3634 1157 3692 haec
1188 3632 1306 3692 sibi
1333 3627 1542 3708 postea
1569 3634 1814 3709 possent
1843 3631 2138 3708 prodesse,
2168 3634 2593 3700 merueruut3‘
2640 3633 2891 3691 maxime
2924 3651 3029 3692 va-

409 3721 557 3780 lebit
585 3725 647 3781 et
676 3722 798 3793 illa,
831 3741 1009 3798 quam
1041 3721 1385 3781 enunciavit
1414 3720 1717 3781 Christus:
1763 3720 1936 3778 Beati
1973 3722 2385 3797 misericordes,
2437 3723 2711 3798 quoniam
2755 3723 2873 3796 ipsi
2914 3723 3025 3779 mi-

405 3812 788 3872 scricordiam
818 3819 1226 3890 consequentur
1256 3809 1464 3871 Matth.
1489 3819 1545 3880 5,
1583 3820 1637 3872 7.
1686 3809 1768 3868 Of.
1803 3827 1846 3872 s.
1880 3809 2199 3868 Thomas
2232 3809 2430 3886 quodl.
2467 3819 2501 3873 8
2537 3829 2588 3867 a.
2624 3820 2679 3872 9.
2706 3810 3031 3869 'Praeclara

409 3899 482 3959 de
531 3902 879 3978 purgatorio
924 3901 1104 3960 habet
1148 3919 1193 3963 s.
1239 3898 1665 3960 catharina
1706 3897 2028 3976 genuensis
2073 3899 2137 3957 in
2181 3899 2221 3957 1.
2267 3898 2341 3957 de
2386 3898 2495 3957 hoc
2539 3901 2893 3976 argumento
2932 3893 3028 3981 (cf.

409 3989 650 4049 Pesch
680 3989 779 4061 IX,
818 3984 988 4071 609).

1535 4197 1792 4283 caput
1842 4197 1908 4265 v.

958 4321 1064 4386 De
1111 4329 1456 4386 aeterna
1501 4327 1976 4386 sanctorum
2025 4319 2460 4385 felicitate.

586 4469 733 4534 673.
765 4463 1196 4529 Beatitudinis
1224 4465 1409 4528 notio.
1428 4501 1517 4512 —
1536 4462 1876 4529 Beatitudo
1906 4469 2257 4546 praeeunte
2292 4461 2343 4525 B
2359 4480 2399 4527 o
2417 4464 2452 4526 ὃ
2471 4461 2644 4526 thio
2677 4461 2758 4528 de
2784 4463 3025 4527 consol.

407 4570 553 4653 phil.
586 4571 623 4635 l.
656 4575 699 4641 3
729 4590 821 4653 pr.
856 4576 890 4640 l
928 4570 1178 4637 definiri
1209 4570 1406 4637 solet:
1437 4567 1661 4634 Status
1693 4569 1982 4634 omnium
2015 4569 2335 4634 bonorum
2358 4568 2860 4651 congregatione
2875 4587 3024 4651 per-

408 4675 629 4742 fectus.
691 4676 1001 4760 Distingui
1050 4685 1269 4744 autem
1317 4676 1483 4742 solet
1530 4675 1594 4745 1.
1641 4677 1708 4740 in
1752 4674 2220 4742 beatitudinem
2272 4676 2405 4758 obj
2424 4676 2797 4753 ectivam,
2859 4693 3025 4759 quae

406 4790 509 4848 est
537 4784 747 4866 ipsum
779 4783 1103 4866 objectum
1134 4804 1248 4850 seu
1278 4803 1403 4861 res,
1433 4784 1614 4867 cujus
1632 4784 2044 4867 possessione
2061 4783 2388 4849 reddimur
2406 4783 2618 4849 beati:
2650 4791 2716 4850 et
2745 4784 2812 4848 in
2845 4782 3025 4848 sub-
