3538 5364
1363 283 1810 354 Exceptionibus
1836 284 2058 339 satisfit,
2877 292 3008 356 39?

393 492 530 532 cum
562 470 859 530 sacrificiis
891 470 958 534 V.
991 470 1054 529 Τ.
1086 488 1259 545 saepe
1301 471 1592 547 repetitis,
1639 470 1861 547 quibus
1905 489 2025 529 non
2069 472 2345 530 obstante
2375 488 2579 529 eorum
2611 469 3006 530 multitudine

395 580 501 638 per
531 579 592 620 se
622 560 791 619 nulla
820 560 1015 618 inerat
1044 560 1319 635 expiandi
1351 561 1460 631 vis,
1495 560 1598 618 sed
1618 561 1813 618 solum
1835 560 2132 636 expressio
2167 559 2529 637 indigentiae
2561 564 2623 618 et
2653 573 3011 618 commemo-

393 650 546 709 ratio
578 652 951 725 peccatorum
972 649 1033 707 et
1050 652 1232 725 typus
1253 649 1489 708 futurae
1520 668 1626 725 per
1655 669 1846 709 unum
1867 649 2019 707 illud
2041 648 2388 708 sacrificium
2409 647 2783 725 expiationis,
2816 649 3007 723 Atqui

394 737 786 798 eucharistiae
818 735 1170 796 sacrificium
1204 756 1399 813 neque
1430 738 1678 796 offertur
1708 738 1784 796 ad
1816 738 2227 814 perficiendam
2262 737 2504 796 humani
2529 737 2762 814 generis
2782 737 3008 796 redem-

394 828 679 904 ptionem,
710 844 903 902 neque
935 827 1009 885 ad
1039 826 1368 903 augendam
1401 827 1863 886 satisfactionem
1882 828 2282 902 meritumque
2302 827 2541 897 Christi,
2574 826 2678 885 sed
2710 826 2781 884 ad
2815 826 3006 902 appli-

394 917 650 976 candum
683 915 934 992 singulis
964 915 1393 991 redemptionis
1408 915 1686 975 meritum
1720 920 1782 975 et
1813 916 2092 987 fructum,
2126 915 2624 991 quemadmodum
2655 915 2752 973 hic
2781 915 3016 973 fructus

393 1007 526 1075 fide,
561 1005 940 1064 sacramentis
970 1004 1222 1080 aliisque
1253 1005 1463 1065 salutis
1497 1005 1708 1064 mediis
1727 1006 2080 1082 applicatur.
2112 1004 2305 1074 Quare
2335 1022 2472 1063 cnm
2503 1004 2607 1063 ille
2639 1004 2821 1062 fuerit
2853 1023 3010 1063 com-

396 1094 722 1171 parationis
754 1111 987 1169 scopus,
1034 1094 1176 1152 haec
1220 1113 1357 1154 vero
1402 1095 1485 1153 sit
1527 1094 1796 1153 sacrificii
1829 1094 2202 1154 eucharistici
2234 1093 2404 1165 ratio,
2449 1094 2841 1153 necessarium
2889 1112 3010 1151 non

396 1184 532 1255 fnit,
563 1188 633 1242 ut
665 1183 969 1259 apostolus
1002 1183 1337 1259 disputaret
1367 1182 1439 1242 de
1469 1184 1750 1242 sacrificio
1783 1183 2361 1260 applicationis
2379 1227 2393 1254 ,
2427 1183 2582 1243 sicut
2611 1201 2734 1242 non
2764 1182 3008 1242 disserit

396 1273 469 1331 de
500 1272 798 1348 baptismo
830 1271 1084 1347 aliisque
1116 1272 1324 1331 salutis
1356 1273 1599 1343 mediis;
1645 1292 1711 1332 eo
1755 1273 1888 1350 ipso
1921 1273 2098 1344 enim,
2145 1273 2306 1349 quod
2337 1272 2653 1348 applicatio
2685 1289 2794 1331 nec
2826 1271 3010 1330 semel

396 1381 504 1421 nec
533 1361 710 1420 simul
744 1361 828 1431 fit,
862 1360 1130 1436 quotidie
1161 1362 1494 1421 adhibenda
1526 1365 1670 1421 sunt
1699 1362 2117 1438 applicationis
2137 1362 2348 1432 media,
2381 1367 2443 1420 et
2473 1363 2526 1420 si
2558 1361 2717 1420 inter
2748 1361 2888 1419 haec
2919 1368 3009 1418 est

396 1449 744 1509 sacrificium
791 1449 1033 1523 aliquod
1078 1469 1112 1507 a
1157 1450 1387 1510 Christo
1432 1450 1801 1524 institutum,
1854 1451 2120 1527 quotidie
2151 1451 2302 1509 illud
2333 1450 2451 1509 erit
2481 1451 2600 1509 Deo
2633 1448 3010 1509 offerendum,

396 1538 736 1599 Docti-inam
768 1538 1119 1597 catholicam
1152 1540 1394 1616 limpide
1425 1541 1671 1616 exponit
1704 1558 1864 1599 conc,
1910 1540 2441 1598 tridentinum
2485 1556 2630 1598 sess,
2667 1547 2745 1600 22
2780 1556 2903 1614 cap,
2948 1548 3010 1599 1:

400 1628 602 1696 ,Deus
622 1632 682 1685 et
700 1626 986 1687 Dominus
1005 1631 1224 1699 noster,
1257 1631 1372 1688 etsi
1404 1629 1587 1688 semel
1617 1629 1882 1705 seipsum
1913 1630 1978 1687 in
2007 1648 2107 1688 ara
2136 1629 2345 1699 crucis,
2375 1632 2565 1686 morte
2584 1627 3012 1695 intercedente,

397 1717 519 1776 Deo
549 1716 713 1775 Patri
745 1716 1057 1776 oblaturus
1103 1720 1245 1785 erat,
1298 1723 1369 1777 ut
1416 1722 1715 1777 aeternam
1760 1718 1886 1777 illic
1929 1718 2397 1793 redemptionem
2441 1720 2814 1793 operaretur:
2868 1716 3010 1791 quia

396 1810 597 1864 tamen
625 1824 731 1881 per
761 1808 1012 1863 mortem
1045 1805 1433 1865 sacerdotium
1467 1807 1596 1882 ejus
1625 1806 2125 1884 exstinguendum
2157 1825 2278 1865 non
2309 1811 2456 1876 erat,
2499 1806 2565 1865 in
2595 1824 2779 1865 coena
2809 1805 3012 1864 novis·

398 1895 562 1964 sima,
614 1914 733 1970 qua
763 1897 933 1953 nocte
965 1894 1330 1966 tradebatur,
1377 1900 1449 1954 ut
1491 1895 1740 1954 dilectae
1773 1914 2022 1972 sponsae
2054 1915 2195 1955 suae
2226 1895 2519 1954 Ecclesiae
2548 1895 2806 1970 visibile,
2855 1894 3010 1953 sicut

397 1983 704 2042 hominum
737 1987 953 2041 natura
985 1983 1188 2060 exigit,
1229 1984 1592 2059 relinqueret
1624 1984 1995 2057 sacrificium,
2041 2003 2160 2061 quo
2205 1986 2520 2044 cruentum
2551 1983 2704 2042 illud
2737 1983 2917 2043 semel
2950 1984 3016 2042 in

397 2090 569 2131 cruce
601 2072 1000 2149 peragendum
1032 2076 1595 2148 repraesentaretur,
1642 2074 1892 2149 ejusque
1936 2074 2218 2133 memoria
2260 2074 2325 2132 in
2368 2072 2546 2132 finem
2590 2091 2784 2148 usque
2825 2073 3014 2131 seculi

397 2165 785 2237 permaneret,
820 2165 1001 2236 atque
1033 2161 1199 2220 illius
1233 2162 1512 2221 salutaris
1545 2162 1739 2221 virt-us
1774 2163 1838 2221 in
1867 2162 2274 2221 remissionem
2308 2180 2530 2231 eorum,
2578 2180 2729 2237 quae
2773 2182 2808 2220 a
2839 2160 3016 2220 nobis

398 2250 669 2327 quotidie
700 2250 1178 2322 committuntur,
1212 2254 1585 2326 peccatorum
1616 2251 2040 2327 applicaretur:
2090 2251 2457 2310 sacerdotem
2490 2250 2818 2309 secundum
2851 2251 3010 2309 ordi·

396 2358 533 2399 nem
565 2339 993 2399 Melchisedech
1038 2358 1102 2398 se
1146 2340 1211 2398 in
1255 2344 1562 2400 aeternum
1610 2340 2008 2399 constitutum
2040 2340 2360 2412 declarans,
2407 2358 2619 2415 corpus
2665 2344 2727 2397 et
2770 2339 3009 2417 sangui-

399 2447 537 2488 nem
570 2446 747 2487 suum
779 2429 892 2487 sub
924 2428 1236 2505 speciebus
1283 2430 1454 2506 panis
1500 2433 1560 2488 et
1603 2429 1727 2488 vini
1762 2431 1881 2488 Deo
1914 2430 2076 2488 Patri
2108 2430 2478 2513 obtulit3‘ac
2528 2429 2642 2487 sub
2691 2428 3011 2486 earundem

396 2537 597 2577 rerum
630 2517 916 2593 symbolis
949 2518 1252 2594 apostolis,
1299 2537 1447 2595 quos
1490 2521 1635 2577 tunc
1667 2518 1739 2582 N,
1772 2518 1834 2577 T.
1868 2518 2197 2578 sacerdotes
2230 2517 2651 2588 constituebat,
2699 2520 2770 2575 ut
2814 2535 3012 2574 sume-

396 2609 551 2676 rent,
585 2603 864 2677 tradidit3
910 2610 973 2665 et
1017 2608 1240 2667 eisdem
1284 2627 1609 2682 eorumque
1641 2607 1703 2665 in
1735 2608 2060 2667 sacerdotio
2094 2607 2556 2677 successoribus,
2603 2608 2676 2664 ut
2719 2606 3016 2675 offerrent,

397 2697 698 2773 praecepit
728 2715 833 2772 per
861 2697 1006 2755 haec
1036 2697 1242 2757 verba:
1277 2697 1402 2756 Hoc
1426 2700 1603 2772 facite
1634 2700 1694 2756 in
1725 2717 1911 2756 meam
1941 2700 2529 2757 commemorationem
2564 2691 2731 2779 (Luc.
2755 2704 2855 2764 22,
2886 2691 3016 2774 19),

398 2788 492 2844 uti
524 2804 754 2861 semper
783 2786 1069 2845 catholica
1098 2787 1358 2846 Ecclesia
1388 2787 1684 2846 intellexit
1715 2792 1776 2846 et.
1807 2787 2072 2845 docuit«
2140 2788 2412 2846 Ceterum
2443 2784 2764 2844 adversarii
2791 2784 2858 2844 in
2889 2784 3020 2842 suis

401 2875 853 2950 exceptionibus
886 2880 1234 2952 supponunt
1278 2876 1352 2934 de
1394 2877 1627 2936 ratione
1672 2876 1948 2935 sacrificii
1993 2895 2123 2935 esse
2164 2876 2337 2935 unice
2369 2875 2463 2935 vel
2492 2875 2807 2951 praecipue
2840 2873 3015 2932 satis-

400 2963 734 3023 factionem.
794 2965 982 3039 Atqui
1014 2964 1154 3023 haec
1184 2964 1408 3024 accedit
1438 2964 1739 3037 sacrificiu,
1773 2966 1868 3026 cui
1900 2966 1962 3024 in
1994 2966 2203 3042 primis
2235 2964 2519 3041 competit
2548 2964 2696 3022 ratio
2728 2962 3017 3022 cultus,

578 3049 642 3118 2.
675 3053 999 3129 Opponunt
1028 3053 1208 3112 verba
1227 3054 1398 3112 Pauli
1418 3053 1596 3113 Hebr.
1634 3064 1686 3127 7,
1724 3065 1805 3118 23
1841 3074 1903 3125 s.‚
1938 3055 2158 3131 quibus
2191 3056 2385 3131 negat,
2420 3052 2720 3112 Christum
2753 3071 2822 3111 eo
2853 3051 3014 3128 quod

401 3144 636 3200 maneat
664 3142 727 3199 in
759 3149 1082 3212 aeternum,
1132 3143 1349 3202 habere
1381 3144 1441 3201 in
1490 3144 1937 3202 sacerdotio
1977 3161 2355 3205 successores,
2419 3141 2607 3217 Atqui
2654 3141 3019 3200 subsumunt

400 3230 739 3298 adversarii,
787 3231 836 3289 si
881 3234 1194 3307 postquam
1241 3232 1466 3291 obtulit
1509 3232 1571 3290 in
1604 3251 1779 3291 cruce
1810 3232 2180 3303 sacrificium,
2227 3250 2407 3291 cursu
2439 3231 2777 3289 seculorum
2808 3248 3017 3289 verum

400 3320 647 3378 offertur
675 3321 737 3377 in
767 3320 1125 3379 eucharistia
1146 3321 1514 3392 sacrificium,
1547 3321 1726 3380 habet
1752 3321 1818 3380 in
1837 3321 2162 3381 sacerdotio
2183 3338 2565 3382 successores,
2587 3353 2668 3364 —-
2691 3319 3024 3395 Responsio

402 3407 577 3468 obvia
606 3412 727 3467 est:
761 3409 1029 3468 Christus
1058 3409 1145 3468 ita
1174 3409 1398 3469 dicitur
1429 3411 1698 3470 sacerdos
1731 3411 1943 3469 unicus
1976 3414 2038 3469 et
2066 3413 2362 3481 aeternus,
2396 3409 2893 3486 quemadmodum
2926 3415 3019 3466 est

404 3497 569 3556 solus
601 3501 805 3556 noster
834 3499 1136 3575 magister,
1184 3499 1487 3571 mediator,
1535 3500 1812 3570 salvator,
1860 3499 2361 3574 quemadmodum
2393 3497 2575 3557 etiam
2606 3498 2766 3557 Deus
2798 3498 3021 3557 dicitur

402 3586 561 3644 solus
591 3589 820 3662 potens,
854 3587 1226 3659 immortalis,
1268 3607 1426 3647 unns
1459 3592 1626 3664 pater
1655 3592 1857 3647 noster
1888 3582 2119 3671 (Matth,
2157 3597 2256 3659 23,
2297 3599 2332 3651 9
2368 3583 2480 3671 s,):
2529 3586 2654 3647 scil,
2700 3586 2774 3644 ad
2819 3587 3017 3645 exclu-

404 3675 628 3734 sionem
662 3675 1051 3746 sacerdotum,
1100 3677 1202 3752 qui
1249 3678 1367 3735 sint
1414 3678 1625 3753 paris
1656 3678 2029 3736 auctoritatis
2060 3678 2295 3753 ipsique
2327 3676 2730 3752 aequales,
2778 3694 2896 3734 non
2945 3675 3018 3733 ad

403 3764 800 3823 exclusionem
821 3765 1249 3835 ministrorum,
1283 3766 1389 3841 qui
1421 3767 1551 3841 ejus
1583 3767 1740 3825 vices
1773 3771 2007 3843 gerant,
2041 3784 2150 3842 pro
2182 3768 2313 3843 ipso
2344 3765 2639 3843 legatione
2670 3765 3020 3841 fungantur,

401 3856 704 3929 potestate
734 3853 808 3911 ab
839 3853 973 3928 ipso
1004 3854 1271 3913 derivata
1299 3856 1546 3931 ejusque
1565 3856 1805 3914 nomine
1823 3856 2182 3915 sacrificent:
2218 3856 2374 3915 sicut
2394 3854 2584 3931 ipsius
2603 3854 3020 3929 magisterium

403 3960 524 4001 non
553 3941 819 4001 excludit
847 3942 1166 4019 magistros
1198 3945 1326 4020 ejus
1360 3945 1504 4015 vice,
1537 3945 1797 4017 nomine,
1830 3946 2184 4005 auctoritate
2215 3945 2512 4005 docentes,

581 4026 648 4095 3.
679 4029 1003 4106 Excipiunt
1033 4032 1189 4092 idem
1221 4051 1348 4092 esse
1378 4053 1499 4092 non
1526 4052 1702 4110 posse
1747 4034 1927 4092 simul
1974 4037 2544 4093 sacramentum
2588 4034 2650 4091 et
2694 4030 3025 4090 sacrifi·

404 4120 632 4191 cium,
677 4119 783 4179 illo
815 4120 972 4178 enim
1004 4121 1232 4196 aliquid
1265 4122 1491 4181 homini
1523 4123 2025 4192 communicatur;
2072 4142 2177 4199 per
2208 4123 2316 4182 hoc
2347 4123 2467 4182 Deo
2499 4120 2726 4196 aliquid
2759 4121 3025 4179 offertur,

404 4241 491 4252 -—
522 4209 692 4284 Resp,
725 4209 937 4285 nequit
967 4209 1125 4268 idem
1158 4228 1283 4269 esse
1315 4215 1745 4270 sacramentum
1798 4213 1976 4271 simul
2017 4216 2078 4271 et
2123 4212 2477 4271 sacrificium
2522 4209 2634 4269 sub
2680 4210 2881 4268 eodem
2927 4227 3020 4266 re-

405 4300 629 4373 spectu,
660 4300 954 4368 transeat3
989 4299 1102 4358 sub
1135 4299 1368 4358 diverso
1400 4304 1689 4375 respectu,
1726 4319 1911 4377 nego:
1957 4320 2151 4376 neque
2182 4301 2336 4359 enim
2370 4303 2686 4377 repugnat,
2715 4303 2790 4358 ut
2832 4316 3026 4356 unum

405 4385 682 4462 idemque
712 4391 775 4446 et
804 4388 975 4446 cedat
1004 4388 1069 4447 in
1100 4388 1207 4447 Dei
1238 4388 1521 4447 honorem
1553 4392 1614 4448 et
1654 4389 1834 4447 simul
1878 4389 1944 4448 in
1988 4394 2253 4449 nostram
2286 4390 2613 4448 utilitatem
2645 4392 2706 4448 et
2735 4388 3026 4453 salutem·,

404 4477 522 4534 imo
551 4475 705 4534 nihil
735 4477 811 4534 ab
841 4476 1078 4536 homine
1108 4478 1179 4536 fit
1208 4477 1271 4535 in
1293 4477 1400 4536 Dei
1419 4477 1793 4554 obsequium,
1826 4478 1976 4554 quin
2009 4479 2189 4537 simul
2222 4478 2518 4538 redundet
2549 4479 2612 4536 in
2642 4478 2834 4554 ipsius
2865 4494 3019 4536 com·

404 4564 663 4623 modum.
710 4565 865 4625 Hinc
895 4569 955 4624 et
978 4566 1183 4642 judaei
1217 4566 1289 4625 de
1321 4567 1694 4642 quorundam
1730 4567 2147 4627 sacrificiorum
2178 4567 2437 4627 victimis
2469 4567 2823 4645 participare
2854 4569 3021 4642 pote·

404 4655 555 4723 rant,
588 4657 649 4712 et
680 4673 870 4730 agnus
902 4655 1196 4730 paschalis
1228 4655 1580 4715 sacrificium
1600 4656 1780 4715 simul
1815 4659 1943 4715 erat
1973 4659 2034 4715 et
2066 4660 2518 4721 sacramentum.
2566 4656 2645 4720 Cf.
2676 4657 2976 4713 Becanu
2996 4672 3028 4711 s

406 4740 479 4800 de
510 4743 672 4818 tripl.
708 4744 898 4802 sacrif.
929 4744 1031 4815 ΙΙΙ,
1072 4754 1126 4807 ’7.
