3538 5364
557 275 643 338 20
1014 265 1197 319 Tract.
1227 265 1373 319 Vm.
1399 265 1468 318 de
1495 263 1698 335 gratia.
1728 264 1811 319 De
1838 265 2027 335 gratia
2054 263 2272 318 efficaci
2298 268 2357 316 et
2382 263 2716 318 sufficiente.

555 447 932 529 praesertim
965 465 1180 512 rerum
1212 446 1454 521 ordine,
1480 444 1816 509 vhominem
1836 444 2397 526 concupiscentiae
2416 445 2793 509 naturaliter
2823 445 3176 509 obnoxium

556 553 638 616 ad
671 553 1055 617 servandam
1086 558 1357 617 naturae
1387 552 1595 632 legem
1618 551 1846 632 juvare
1892 556 2113 632 posset
2157 550 2392 613 auxilio
2439 568 2577 627 suc,
2630 551 2801 633 quod
2833 570 2966 615 non
2998 550 3172 615 suffi-

555 667 734 725 ceret
765 660 848 723 ad
881 665 1100 723 actum
1130 658 1720 739 supernaturalem;
1754 675 1885 740 qua
1915 658 1981 720 in
2011 656 2534 739 hypothesihaec
2554 658 2758 739 gratia
2777 658 3176 723 medicinalis

554 785 688 831 non
719 773 890 832 esset
921 765 1175 847 proprie
1208 765 1727 846 supernaturalis
1760 764 1873 830 sed
1895 763 2463 846 praeternaturalis
2483 764 2584 828 vel
2605 764 2845 828 ordinis
2864 765 3176 829 naturalis

556 879 823 937 tantum.
887 872 1098 952 Quare
1133 892 1197 940 e.
1232 873 1438 952 gratia
1469 872 1732 937 elevans
1767 879 1834 937 et
1864 870 2257 936 medicinalis
2308 869 2608 935 differunt
2637 898 2692 937 α.
2725 872 2981 936 ratione
3013 878 3172 936 ter-

555 980 786 1045 mini:
832 980 1141 1045 terminus
1187 979 1431 1060 gratiae
1475 979 1786 1043 elevantis
1830 984 1979 1043 sunt
2024 984 2210 1043 actus
2256 977 2590 1054 salutareS,
2621 979 3178 1059 supernaturales;

555 1087 799 1168 gratiae
832 1086 1227 1151 medicinalis
1260 1085 1570 1150 terminus
1604 1104 1747 1150 esse
1778 1090 2057 1167 possunt
2089 1090 2273 1148 actus
2305 1084 2500 1148 etiam
2522 1085 2728 1150 ethice
2749 1091 2999 1149 tantum
3020 1084 3178 1148 boni

556 1195 642 1281 (n.
676 1194 820 1281 26);
855 1200 907 1280 β.
941 1193 1192 1258 ratione
1224 1192 1806 1258 necessitatis:
1857 1191 1962 1255 illa
2013 1191 2184 1256 enim
2214 1190 2280 1253 in
2311 1191 2652 1272 hypothesi
2684 1191 3057 1256 elevationis
3092 1190 3178 1254 ad

443 1283 453 1293 ⁶
555 1300 749 1365 finem
781 1300 1336 1383 supernaturalem
1382 1305 1481 1364 est
1512 1299 1806 1363 absolute
1839 1298 2235 1375 necessaria;
2280 1297 2444 1361 haec
2480 1297 2546 1360 in
2578 1298 2918 1380 hypothesi
2949 1299 3175 1379 vigen-

556 1408 635 1471 tis
686 1407 1242 1489 concupiscentiae
1292 1406 1619 1470 moraliter
1667 1412 1938 1481 tantum,
1973 1403 2247 1487 ideoque
2297 1422 2429 1467 non
2485 1423 2739 1485 semper
2801 1410 2899 1470 est
2947 1422 3177 1468 neces-

556 1515 761 1590 saria;
810 1541 862 1598 γ.
908 1514 1159 1578 ratione
1212 1511 1599 1578 effectus:
1646 1512 1811 1576 illius
1861 1517 1962 1576 est
2008 1509 2258 1576 auferre
2308 1510 2756 1592 impotentiam
2804 1511 3180 1593 physicam;

555 1620 744 1702 hujus
776 1621 1065 1685 minuere
1097 1618 1550 1696 difficultatem,
1582 1619 2029 1701 impotentiam
2060 1617 2405 1693 moralem3
2456 1621 2506 1683 δ.
2538 1617 2790 1683 ratione
2821 1635 2860 1681 o
2878 1617 3176 1681 rdinis:

555 1727 664 1791 illa
693 1734 944 1791 tantum
976 1728 1165 1791 datur
1195 1727 1261 1789 in
1293 1726 1516 1791 ordine
1548 1725 2036 1807 supernaturali,
2090 1729 2315 1807 estque
2363 1742 2479 1806 per
2521 1743 2592 1789 se
2637 1723 3174 1806 supernaturalis;

554 1833 718 1898 haec
750 1852 904 1899 vero
939 1852 1079 1899 esse
1110 1840 1325 1916 potest
1353 1835 1420 1898 in
1440 1832 1682 1909 ordine,
1716 1832 1825 1916 qui
1845 1830 2320 1914 supernaturali
2349 1835 2449 1895 est
2464 1829 2740 1908 inferior,
2773 1848 2982 1912 neque
3004 1830 3168 1894 enim

555 1941 856 2022 supponit
887 1940 1177 2005 ordinem
1209 1939 1780 2022 supernaturalem,
1812 1956 2022 2021 neque
2056 1936 2264 2018 exigit,
2312 1943 2384 2001 ut
2429 1937 2511 2000 sit
2540 1956 2655 2018 per
2686 1956 2756 2001 se
2788 1941 3174 2018 supernatu-

554 2047 723 2124 raIiS,
757 2048 1049 2128 quamvis
1081 2048 1277 2129 gratis
1311 2066 1353 2111 a
1382 2047 1516 2113 Deo
1551 2046 1937 2113 conferatur.

734 2172 796 2241 ὅ.
828 2171 1136 2235 Dividitur
1179 2172 1383 2253 gratia
1415 2171 1682 2235 actualis
1714 2172 1781 2234 in
1813 2171 2086 2251 gratiam
2130 2170 2686 2252 supernaturalem
2749 2170 2965 2251 quoad
3027 2169 3176 2234 sub-

555 2281 855 2342 stantiam
876 2286 941 2343 et
960 2279 1174 2361 quoad
1194 2280 1457 2347 modum.
1480 2278 1593 2342 Illa
1624 2285 1721 2343 est
1740 2277 1807 2341 in
1825 2296 1918 2354 se,
1951 2278 2332 2341 intrinsecus
2366 2282 2558 2358 atque
2579 2274 2910 2342 entitative
2930 2276 3174 2340 ordinis

556 2385 1095 2466 supernaturalis;
1143 2387 1360 2467 quoad
1406 2386 1670 2450 modum
1717 2392 1936 2449 autem
1968 2383 2470 2466 supernaturalis
2503 2400 2583 2447 ea
2614 2382 2859 2459 dicitur,
2911 2401 3078 2466 quae
3108 2383 3175 2446 in

555 2510 644 2567 se,
659 2490 1039 2557 intrinsecus
1064 2498 1259 2573 atque
1277 2491 1606 2558 entitative
1635 2489 1944 2554 naturalis
1979 2488 2219 2553 ordinis
2251 2495 2349 2554 est
2376 2494 2440 2554 et
2467 2489 2675 2553 solum
2712 2489 2962 2555 ratione
2982 2490 3177 2566 modi,

558 2615 685 2680 quo
719 2596 1041 2664 confertur
1072 2618 1167 2663 ex.
1203 2619 1288 2680 gr.
1320 2606 1581 2680 propter
1600 2597 1832 2661 Christi
1863 2597 2109 2671 merita,
2141 2601 2414 2661 naturae
2447 2596 2738 2661 ordinem
2770 2604 2963 2678 atque
2995 2596 3177 2662 debi-

558 2711 693 2770 tum
723 2707 1277 2788 praetergreditur.
1343 2706 1430 2770 Cf.
1465 2703 1771 2770 Suarez
1801 2705 2037 2786 proleg.
2074 2709 2115 2772 3
2148 2705 2227 2769 de
2260 2723 2345 2784 gr.
2380 2722 2431 2767 c.
2466 2708 2507 2771 6
2539 2722 2598 2766 n.
2640 2709 2736 2773 16.

735 2833 803 2898 6.
836 2830 929 2894 Ea
960 2830 1362 2912 distinguitur
1403 2832 1470 2895 in
1515 2829 1828 2913 efficacem
1875 2836 1939 2893 et
1982 2828 2409 2912 sufficientem,
2459 2845 2624 2910 quae
2659 2827 2943 2891 omnium
2974 2828 3177 2909 parti-

556 2937 805 3001 tionum
837 2944 936 3003 est
966 2936 1399 3002 celeberrima.
1430 2935 1671 3001 Verum
1703 2942 1978 3011 notetur,
2012 2956 2077 3005 a.
2113 2954 2259 3001 earn
2290 2934 2417 2998 alio
2450 2953 2644 3000 sensu
2676 2934 2880 3016 accipi
2912 2953 2953 2998 a
2985 2936 3172 3001 theo-

554 3043 715 3123 logis
747 3049 896 3109 ante
929 3043 1400 3107 controversias
1432 3043 1512 3107 de
1544 3042 1795 3107 auxiliis
1828 3043 2072 3123 gratiae
2107 3049 2301 3124 atque
2322 3041 2715 3123 atheologiS,
2737 3043 2845 3124 qui
2865 3049 3013 3124 post
3031 3042 3172 3106 illas

556 3148 922 3214 floruerunt.
956 3149 1364 3231 Antiquiores
1398 3151 1569 3215 enim
1599 3149 1882 3231 theologi
1914 3149 2174 3213 nomine
2209 3149 2453 3230 gratiae
2473 3147 2842 3214 sufficientis
2861 3148 3176 3230 intellige-

556 3256 716 3320 bant
745 3258 1017 3336 gratiam
1048 3258 1257 3322 minus
1288 3257 1585 3335 validam,
1618 3263 1879 3322 tenuem
1912 3257 2013 3322 vel
2044 3264 2291 3323 remote
2313 3257 2395 3320 ad
2409 3255 2935 3338 justificationem
2956 3256 3174 3338 dispo-

556 3363 844 3439 nentem3
895 3364 1154 3429 nomine
1202 3383 1356 3429 vero
1406 3365 1650 3446 gratiae
1684 3363 1960 3430 efficacis
1993 3365 2265 3445 gratiam
2298 3363 2576 3428 validam
2623 3362 2722 3428 vel
2770 3363 3059 3444 proxime
3092 3363 3177 3427 ad

551 3468 1071 3549 justificationem
1105 3471 1567 3552 disponentem.
1633 3470 1721 3534 Cf.
1754 3469 1800 3535 S
1817 3490 1853 3535 c
1867 3472 1910 3534 h
1925 3491 1970 3535 n
1989 3491 2024 3536 e
2043 3489 2078 3536 e
2094 3490 2158 3534 m
2176 3489 2216 3534 a
2233 3490 2274 3533 n
2291 3490 2332 3533 n
2382 3469 2665 3535 Weitere
2697 3468 3178 3550 Entwickelung

557 3576 672 3641 der
715 3577 1449 3642 thomistisch-molinist.
1497 3577 1944 3654 Controverse,
1996 3578 2301 3656 Freiburg
2338 3581 2510 3646 1880
2560 3577 2594 3660 ἕ
2649 3580 2685 3644 7
2737 3593 2879 3656 pag.
2937 3581 3060 3644 124
3091 3595 3174 3639 ss,

557 3680 741 3746 Nunc
771 3702 925 3748 vero
957 3685 1264 3766 temporis
1295 3685 1554 3750 nomine
1575 3685 1818 3766 gratiae
1840 3684 2117 3749 efficacis
2137 3683 2398 3764 intelligi
2417 3683 2583 3748 solet
2599 3682 2810 3763 gratia
2831 3701 2978 3745 cum
2999 3682 3174 3746 bono

560 3807 754 3870 opere
787 3808 1112 3867 connexa;
1145 3790 1405 3855 nomine
1438 3808 1592 3854 vero
1626 3790 1869 3870 gratiae
1889 3789 2256 3854 sufficientis
2278 3788 2497 3869 gratia,
2532 3806 2698 3870 quae
2724 3787 2952 3853 effectu
2973 3795 3168 3853 caret.

559 3898 627 3967 b.
658 3896 796 3960 Hoc
814 3914 1009 3961 sensu
1030 3916 1174 3962 eam
1197 3897 1445 3961 admitti
1465 3916 1692 3978 posse:
1722 3896 2045 3960 unanimis
2068 3895 2237 3960 enim
2257 3894 2721 3958 catholicorum
2743 3902 2839 3960 est
2860 3896 3173 3972 doctrina,

559 4021 639 4067 ex
669 4003 886 4084 gratiis
918 4003 1219 4067 divinitus
1253 4004 1528 4085 erogatis
1559 4003 1773 4084 plures
1806 4002 2063 4085 quidem
2097 4000 2390 4066 effectum
2411 4000 2667 4078 habere,
2701 4007 2964 4083 propter
2983 4020 3174 4083 quem

557 4109 938 4188 tribuuntur,
970 4129 1103 4174 non
1132 4128 1376 4192 paucas
1408 4117 1627 4175 tamen
1659 4109 1892 4175 effectu
1924 4127 2162 4172 carere.
2197 4105 2265 4170 Si
2298 4107 2379 4170 ad
2411 4107 2534 4170 hoc
2555 4107 2794 4171 factum
2814 4107 2992 4172 brevi
3012 4126 3175 4190 qua-

560 4216 710 4279 dam
743 4215 1014 4280 formula
1045 4217 1528 4298 significandum
1575 4234 1655 4282 ea
1698 4216 1907 4297 gratia
1939 4216 2188 4279 dicatur
2219 4213 2462 4290 efficax,
2508 4232 2674 4297 quae
2708 4213 3001 4279 effectum
3032 4232 3174 4277 sor-

558 4322 711 4387 titur
741 4342 960 4399 suum3
1012 4322 1330 4388 sufficiens
1361 4341 1515 4388 vero
1550 4323 1673 4400 illa,
1707 4340 1874 4404 quae
1924 4321 2088 4396 licet,
2140 4327 2451 4403 quantum
2502 4327 2600 4384 est
2632 4338 2712 4384 ex
2747 4340 2831 4396 se,
2884 4320 3173 4396 sufficiat,

560 4432 767 4496 fructu
798 4439 1016 4497 tamen
1048 4450 1128 4496 ex
1158 4430 1408 4495 defectu
1441 4430 1917 4513 cooperationis
1938 4429 2309 4493 frustratur:
2342 4428 2494 4491 nihil
2525 4427 2737 4492 verius
2756 4428 2881 4492 hac
2912 4429 3173 4492 distinc-

559 4539 753 4615 tione,
785 4539 931 4604 licet
963 4557 1043 4603 ea
1071 4537 1373 4620 loquendi
1422 4538 1588 4601 ratio
1640 4537 1851 4600 minus
1903 4536 1985 4600 sit
2034 4543 2203 4617 apta.
2266 4534 2452 4600 Nullo
2505 4535 2674 4600 enim
2718 4534 3021 4617 loquendi
3049 4553 3172 4598 usu

561 4648 813 4713 ostendi
842 4647 1093 4729 poterit,
1127 4646 1421 4728 apposito
1456 4645 1825 4711 sufficientis
1859 4644 2179 4725 designari
2225 4642 2528 4707 virtutem
2560 4649 2889 4707 carentem
2921 4660 3176 4722 semper
