3538 5364
522 272 562 335 2
1341 262 1526 316 Tract.
1554 262 1702 315 VIII.
1730 260 1811 315 De
1839 262 2045 332 gratia.
2074 262 2306 316 Summa

519 444 639 507 bus
671 450 737 508 et
766 442 1022 518 viribuS,
1075 460 1241 524 quae
1291 460 1479 523 pares
1529 443 1657 506 sint
1705 443 1789 505 ad
1822 443 2347 524 consequendum
2379 442 2574 508 finem
2605 443 3002 509 naturalem:
3054 445 3145 508 ita

519 569 666 614 cum
698 550 868 615 Deus
900 548 1254 614 decreverit
1284 553 1585 612 naturam
1630 547 2015 612 rationalem
2060 548 2383 614 destinare
2416 550 2481 612 in
2530 548 2725 614 finem
2758 550 3140 630 exigentiam

520 658 656 740 ejus
689 660 982 739 viresque
1017 657 1453 732 excedentem,
1489 674 1756 722 necesse
1803 656 1935 733 fuit,
1986 663 2056 722 ut
2101 664 2374 721 naturae
2406 658 2596 740 hujus
2629 656 3143 722 insufficientiam

519 764 843 845 suppleret
872 762 1369 826 subministratis
1402 762 1660 825 auxiliis
1692 761 2127 826 habitualibus
2162 770 2223 828 et
2257 763 2635 840 actualibus
2671 763 2901 845 quibus
2935 782 3014 829 ea
3045 765 3142 827 in-

518 876 763 935 structa
794 889 911 952 par
940 870 1316 935 redderetur
1360 868 1442 932 ad
1491 853 1741 932 tantum
1775 870 2302 951 consequendum
2334 868 2525 935 finem
2574 869 2674 956 (cf.
2709 890 2756 933 s,
2790 870 3143 934 Thomas

518 996 569 1042 c.
605 976 676 1042 G.
709 978 801 1054 III,
840 980 1011 1065 147).
1074 976 1400 1058 Ejusmodi
1431 974 1723 1038 subsidia
1753 977 2107 1056 generatim
2154 978 2478 1057 gratiae
2527 978 2788 1043 nomine
2820 977 3144 1058 designari

516 1092 804 1166 possunt,
855 1101 1060 1165 eaque
1110 1081 1511 1145 constituunt
1558 1082 1917 1161 praesentis
1968 1082 2417 1164 disputationis
2469 1090 2934 1164 argumentum,
2970 1085 3143 1167 quod

516 1200 736 1256 tamen
766 1210 919 1255 mox
951 1189 1318 1254 accuratius
1350 1187 1742 1253 definiemus.
1809 1188 1986 1253 Haec
2030 1190 2285 1254 interim
2331 1188 2504 1253 dicta
2534 1190 2679 1265 sint,
2727 1196 2798 1253 ut
2829 1196 3143 1255 tractatus

516 1317 718 1363 nexus
750 1314 899 1360 cum
934 1295 1467 1379 praecedentibus
1498 1294 1942 1376 perspiciatur.

698 1410 756 1472 2.
795 1403 1057 1467 Gratiae
1076 1403 1503 1486 praestantia.
1522 1438 1613 1448 -—
1632 1398 1818 1480 Quod
1858 1402 2108 1483 gratiae.
2133 1402 2619 1483 praestantiam,
2651 1402 2925 1485 ideoque
2956 1403 3144 1485 hujus

519 1509 969 1593 disputationis
1003 1488 1401 1573 momentum
1435 1508 1683 1585 attinet,
1734 1526 1867 1571 non
1900 1514 2016 1584 est,
2049 1525 2164 1572 cur
2193 1525 2365 1573 nunc
2396 1509 2600 1573 multa
2631 1509 2936 1574 dicamus.
3000 1508 3143 1574 Suf-

518 1617 689 1681 ficiat
723 1619 785 1685 l.
820 1617 1188 1681 meminisse
1219 1616 1492 1697 gratiam
1542 1633 1684 1679 esse
1717 1614 1995 1689 fructum
2041 1617 2369 1697 sanguinis
2403 1615 2666 1681 Christi:
2713 1623 2895 1681 tanto
2930 1623 3146 1682 autem

517 1724 723 1806 pretio
756 1728 1002 1806 quanta
1032 1721 1450 1803 respondebit
1480 1725 1774 1787 merces?

695 1830 762 1898 2.
799 1828 1059 1894 Gratiae
1092 1835 1206 1906 est,
1240 1835 1542 1902 naturam
1573 1828 1968 1893 rationalem
1998 1828 2323 1911 perficere,
2358 1848 2554 1912 supra
2585 1850 2655 1896 se
2676 1831 2928 1897 elevare
2950 1837 3145 1914 atque

518 1943 886 2001 consortem
936 1936 1205 2000 reddere
1237 1942 1507 1999 naturae
1540 1935 1798 2000 divinae
1832 1935 1900 2021 (2
1932 1935 2098 2000 Petr.
2139 1943 2193 2013 1,
2226 1938 2312 2024 4).
2365 1934 2433 2001 Si
2479 1956 2634 2002 vero
2661 1939 2798 2020 jam
2834 1945 3017 2003 tanta
3049 1946 3148 2004 est

516 2048 789 2107 naturae
820 2042 1152 2106 rationalis
1203 2042 1478 2123 dignitas
1529 2049 1722 2124 atque
1775 2045 2189 2124 praestantia,
2241 2050 2484 2126 quanta
2532 2041 2651 2110 erit
2681 2046 2944 2126 gratiae,
2979 2063 3144 2127 quae

518 2150 692 2214 illam
726 2150 890 2215 adeo
923 2148 1169 2231 perficit
1199 2155 1393 2231 atque
1425 2148 1509 2213 ad
1541 2155 1676 2213 tam
1709 2149 2049 2215 sublimem
2081 2151 2515 2216 conditionem
2546 2152 2823 2216 attollit?

696 2258 761 2324 3.
798 2256 1073 2320 Ratione
1106 2256 1350 2336 gratiae
1380 2257 1576 2320 homo
1629 2274 1709 2320 ea
1740 2257 2069 2338 praeditus
2117 2257 2347 2322 dicitur
2393 2277 2608 2322 nova
2654 2266 2950 2324 creatura
2965 2260 3030 2345 ¹),
3064 2277 3143 2322 ex

515 2370 722 2428 morte
756 2363 838 2426 ad
889 2381 1128 2427 novam
1175 2369 1519 2427 revocatus
1569 2364 1855 2439 vitam3
1908 2382 2078 2427 novo
2129 2373 2356 2428 auctus
2406 2365 2934 2451 intellectu2),
2986 2368 3146 2429 venit

737 2560 773 2629 ¹)
802 2564 834 2612 2
861 2555 986 2611 Cor.
1015 2566 1063 2621 5,
1100 2558 1161 2613 17
1180 2577 1193 2616 ς
1220 2555 1345 2611 Gal.
1372 2562 1421 2619 6,
1454 2561 1550 2615 15;
1577 2555 1723 2626 Eph.
1752 2560 1803 2622 2,
1833 2562 1917 2611 10.
1955 2555 2186 2611 Gratiae
2215 2557 2506 2628 opificium
2534 2556 2597 2612 in
2623 2558 2873 2622 homine,
2903 2573 3146 2629 praeser-

515 2637 622 2691 tim
638 2638 951 2709 peccatore,
967 2636 1125 2691 haud
1145 2634 1430 2691 immerito
1452 2636 1744 2692 confertur
1762 2654 1894 2693 cum
1916 2654 1948 2693 o
1965 2655 2003 2708 p
2020 2636 2041 2692 i
2057 2636 2198 2692 fici
2215 2654 2247 2692 o
2274 2654 2369 2692 sex
2390 2636 2612 2693 dierum
2634 2638 2771 2693 Gen.
2793 2645 2819 2694 1
2845 2637 3148 2709 descripto·

516 2715 678 2772 Sicut
704 2718 857 2771 enim
885 2716 1053 2770 initio
1081 2718 1232 2770 terra
1258 2717 1383 2770 erat
1406 2715 1597 2770 inanis
1636 2719 1695 2770 et
1730 2733 1931 2783 vacua,
1971 2717 2034 2772 in
2061 2720 2215 2773 statu
2242 2719 2502 2774 chaotico
2535 2728 2580 2782 l,
2607 2724 2672 2773 2:
2712 2718 2795 2772 ita
2820 2717 3147 2773 tristissima

516 2801 602 2851 est
625 2797 878 2852 hominis
903 2794 1157 2851 conditio
1197 2797 1331 2848 ante
1374 2795 1624 2866 gratiam
1665 2799 1723 2850 et
1760 2797 1977 2865 absque
2004 2798 2193 2869 gratia
2219 2798 2380 2853 Rom.
2411 2806 2457 2863 1,
2488 2806 2552 2855 21
2582 2816 2683 2859 εις
2733 2806 2750 2852 l
2788 2797 2910 2853 Cor.
2938 2803 2988 2862 6,
3016 2804 3049 2854 9
3075 2814 3146 2850 ss.

517 2877 600 2932 Cf.
628 2876 945 2949 generatim
973 2880 1108 2932 tom.
1138 2876 1174 2934 1.
1204 2875 1346 2929 thes.
1374 2875 1469 2931 IV.
1525 2877 1738 2931 Verum
1780 2877 1932 2931 sicut
1956 2877 2204 2949 Spiritus
2231 2877 2336 2932 Dei
2378 2895 2493 2933 non
2520 2878 2775 2932 deseruit
2798 2877 3144 2948 indigestam
3190 2914 3199 2923 ·

515 2958 677 3012 illam
702 2961 906 3013 molem
935 2957 1069 3013 Gen.
1104 2965 1149 3020 l,
1176 2961 1227 3021 2,
1254 2956 1351 3009 scd
1379 2956 1528 3010 fovit
1552 2959 1730 3025 atque
1758 2958 2113 3012 fecunditate
2143 2958 2412 3014 donavit:
2439 2959 2522 3013 ita
2549 2976 2735 3027 neque
2763 2957 3012 3029 Spiritus
3040 2955 3146 3010 Dei

516 3038 769 3092 deseruit
794 3052 976 3108 genus
1001 3036 1336 3100 humanum,
1363 3037 1433 3089 ut
1455 3036 1602 3090 mira
1644 3054 1745 3107 per
1774 3036 2068 3092 Christum
2110 3038 2352 3093 inducta
2377 3038 2622 3093 humani
2646 3036 2873 3109 generis
2901 3036 3145 3091 mutatio

516 3118 851 3188 comprobat
889 3117 1044 3188 (tom.
1073 3118 1114 3169 Ι.
1142 3134 1197 3168 n.
1224 3117 1332 3188 87).
1357 3149 1427 3159 -
1453 3115 1618 3170 Sicut
1657 3116 1810 3171 Deus
1850 3117 2100 3188 primum
2142 3118 2318 3174 dixit:
2367 3121 2486 3173 Fiat
2525 3123 2640 3183 lux,
2690 3129 2737 3173 et
2779 3123 2926 3186 facta
2953 3129 3025 3171 est
3051 3120 3148 3172 lux

517 3196 654 3254 Gen.
684 3205 732 3260 1,
760 3203 825 3253 3:
851 3195 933 3249 ita
959 3196 1147 3266 prima
1173 3195 1395 3267 gratiae
1423 3196 1680 3266 operatio
1708 3200 1796 3251 est
1819 3198 2154 3254 illustratio,
2205 3204 2470 3267 Quoniam
2499 3203 2659 3265 Deus,
2702 3204 2797 3268 qui
2821 3201 2961 3251 dixit
2986 3201 3050 3250 de
3076 3206 3146 3250 te-

513 3280 689 3331 nebris
714 3280 880 3331 lucem
905 3279 1273 3345 splendescere,
1312 3280 1422 3345 ipse
1446 3280 1629 3331 illuxit
1672 3282 1729 3332 in
1767 3282 2016 3333 cordibus
2054 3284 2271 3344 nostrie,
2310 3283 2384 3334 ad
2422 3282 2862 3334 illuminationem
2899 3281 3147 3331 scientiae

514 3361 776 3412 claritatis
802 3359 907 3411 Dei
928 3361 985 3410 in
1008 3360 1149 3425 facie
1176 3359 1381 3411 Christi
1392 3359 1525 3411 Jesu
1547 3364 1579 3413 2
1600 3358 1724 3412 Cor.
1747 3366 1796 3421 4,
1821 3364 1871 3414 6.
1898 3390 1967 3399 ——
1993 3357 2202 3412 Lucem
2230 3358 2598 3413 subsecutum
2617 3361 2704 3411 est
2723 3358 3145 3410 firmamentum

517 3436 654 3492 Gen.
688 3445 733 3501 1,
761 3443 823 3496 6;
852 3435 937 3490 ita
962 3438 1286 3508 peccatores
1329 3436 1519 3506 gratia
1564 3436 1698 3492 fidei
1743 3436 2036 3501 illustrati,
2064 3437 2370 3508 eriguntur
2395 3436 2455 3490 in
2483 3453 2642 3507 spem
2670 3437 2762 3507 (cf.
2790 3451 2945 3490 conc.
2975 3432 3074 3487 tri
3091 3434 3144 3488 d.

516 3532 645 3574 sess.
675 3523 708 3573 6
733 3533 858 3587 cap.
886 3519 957 3588 6).
984 3550 1050 3557 —
1077 3515 1238 3571 Sicut
1262 3515 1434 3570 tertia
1461 3516 1554 3570 die
1582 3520 1732 3570 terra
1752 3516 2018 3572 cohibuit
2042 3517 2213 3571 maris
2235 3516 2420 3570 undas
2441 3518 2618 3584 atque
2640 3516 2915 3570 virescere
2938 3513 3144 3583 coepit:

516 3596 598 3649 ita
624 3596 813 3666 gratia
836 3599 1047 3667 agente
1074 3596 1463 3667 cupiditatum
1490 3597 1840 3667 franguntur
1883 3595 2165 3667 impetus;
2207 3616 2335 3651 nam
2383 3601 2478 3666 qui
2519 3605 2643 3650 sunt
2670 3598 2889 3659 Christi,
2930 3613 3142 3649 carnem

514 3696 669 3731 suam
696 3681 1086 3744 crucifixerunt
1128 3697 1248 3731 cum
1274 3682 1416 3731 vitiis
1455 3687 1502 3732 et
1541 3682 1974 3746 concupiscentiis
2015 3676 2140 3732 Gal.
2170 3687 2218 3741 5,
2247 3683 2331 3742 24,
2351 3677 2590 3745 jamque
2630 3674 2839 3746 incipit
2880 3677 3146 3744 peccator

516 3757 817 3829 poenitens
846 3757 1120 3812 virescere
1148 3759 1323 3827 atque
1351 3758 1640 3814 florescere
1667 3758 1836 3812 bonis
1864 3757 2133 3828 operibus
2154 3757 2551 3825 virtutumque
2571 3755 2858 3810 exercitio.
2886 3787 2954 3796 --
2985 3755 3148 3809 Sicut

516 3841 723 3907 quarta
748 3838 841 3892 die
868 3837 1179 3892 luminaria
1204 3838 1520 3893 constituta
1546 3840 1699 3903 sunt,
1728 3855 1878 3907 quae
1906 3841 2236 3908 praeessent
2277 3837 2394 3891 diei
2439 3837 2743 3905 noctique;
2788 3837 2872 3889 ita
2915 3851 3144 3905 praeva-

515 3918 670 3972 lente
696 3919 885 3989 gratia
911 3919 1226 3973 secundum
1254 3919 1387 3972 fidei
1412 3919 1606 3973 lumen
1633 3919 1903 3973 universa
1928 3917 2257 3989 disponitur
2282 3916 2531 3972 hominis
2558 3916 2693 3981 vita,
2708 3920 2892 3983 justus
2916 3920 3052 3969 enim
3079 3935 3145 3970 ex

510 4001 614 4067 fide
636 4005 766 4052 vivit
793 3998 952 4055 Rom.
985 4005 1029 4062 l,
1061 4002 1143 4055 17.
1170 4032 1237 4042 —
1265 3998 1429 4053 Sicut
1455 3999 1661 4067 quinta
1688 4001 1963 4066 sextaque
1983 3998 2076 4051 die
2096 3997 2361 4051 universa
2381 4000 2532 4051 terra
2551 3996 2807 4050 animata
2828 3994 2943 4049 fuit
2963 3994 3145 4051 omnis

515 4078 741 4150 generis
769 4079 1181 4144 animantibus,
1208 4079 1477 4151 piscibus,
1506 4079 1996 4150 quadrupedibuS,
2024 4077 2392 4133 volatilibus:
2431 4077 2516 4131 ita
2559 4077 2682 4131 vita
2707 4077 2928 4148 gratiae
2954 4077 3144 4133 omnia

508 4159 818 4227 justificati
845 4176 1017 4230 opera
1043 4160 1195 4213 bona
1221 4159 1494 4224 vivificat,
1521 4158 1814 4214 meritoria
1855 4158 2048 4213 reddit
2085 4157 2238 4212 vitae
2263 4160 2546 4221 aeternae,
2588 4158 2890 4228 ipsumque
2917 4156 3000 4211 ita
3024 4156 3145 4212 ani-

515 4243 650 4304 mat,
693 4242 761 4293 ut
795 4239 1037 4294 idoneus
1061 4240 1352 4303 reddatur,
1381 4239 1483 4308 qui
1508 4238 1655 4292 alios
1681 4239 1906 4293 Christo
1948 4239 2202 4292 lucretur
2241 4241 2416 4306 atque
2456 4238 2679 4308 gignat.
2709 4270 2773 4278 —
2802 4237 2966 4291 Sicut
2990 4236 3144 4291 deni·

515 4335 627 4387 que
656 4319 925 4374 ultimum
953 4319 1057 4372 Dei
1085 4338 1228 4391 opus
1254 4320 1369 4373 fuit
1391 4321 1581 4382 homo,
1623 4319 1728 4388 qui
1753 4322 1899 4372 esset
1922 4319 1996 4372 ad
2025 4317 2204 4389 ipsius
2248 4318 2558 4389 imaginem
2587 4321 2646 4371 et
2669 4317 3143 4372 similitudinem:

515 4400 598 4453 ita
622 4401 812 4471 gratia
837 4401 985 4455 hanc
1011 4404 1295 4454 restaurat
1317 4399 1625 4470 imaginem
1652 4399 1902 4470 peccatis
1927 4399 2213 4453 foedatam
2254 4401 2428 4467 atque
2469 4399 2542 4452 ad
2569 4399 2880 4470 perfectam
2906 4398 3146 4453 adducit

517 4480 975 4537 similitudinem.
1030 4481 1112 4536 Cf.
1157 4482 1360 4535 Petrus
1404 4480 1452 4533 D
1470 4497 1505 4533 a
1522 4479 1665 4532 mia
1680 4498 1721 4532 n
1742 4498 1780 4534 u
1796 4497 1822 4532 s
1865 4480 1989 4534 fuse
2034 4480 2183 4535 hanc
2209 4479 2694 4550 comparationem
2717 4479 3029 4533 instituens
3055 4495 3140 4549 ep.

514 4562 557 4618 l.
582 4567 614 4615 2
642 4579 733 4632 ep.
766 4571 795 4618 5
823 4565 882 4615 et
908 4563 1120 4631 Hugo
1147 4579 1181 4614 a
1209 4580 1250 4617 s.
1278 4561 1510 4615 Victore
1538 4561 1608 4614 de
1635 4576 1774 4615 sacr.
1803 4561 1839 4616 l.
1871 4568 1895 4616 1
1928 4580 1980 4631 p.
2011 4567 2037 4615 l
2068 4577 2115 4614 c.
2147 4568 2229 4615 12.

732 4647 774 4713 ²)
803 4641 885 4696 Cf.
932 4644 1297 4696 Irenaeus
1336 4645 1372 4696 l.
1414 4651 1445 4698 5
1485 4659 1609 4712 cap.
1638 4648 1845 4703 6-1ος
1899 4640 2362 4711 Fulgentius
2405 4657 2493 4712 ep.
2525 4646 2590 4698 17
2635 4640 2904 4709 synodica
2945 4659 3001 4696 n.
3041 4643 3143 4696 47:

520 4722 765 4784 „Verum
793 4727 984 4779 tamen
1011 4721 1070 4774 in
1099 4721 1291 4777 anima
1318 4724 1512 4777 nostra
1546 4722 1606 4775 et
1637 4737 1805 4774 carne
1843 4738 1956 4774 non
1977 4736 2219 4791 parvum
2240 4720 2405 4775 nobis
2425 4720 2645 4791 gratiae
2666 4718 2772 4773 Dei
2791 4722 3146 4774 monstratur
