3538 5364
597 288 728 352 452
1060 276 1243 331 'Pi-act.
1271 276 1365 330 IX.
1392 275 1463 330 de
1489 273 1863 346 poenitentia.
1891 273 1972 328 De
2001 253 2366 329 contritionis
2392 273 2733 329 intensione.

594 466 786 524 riatur
817 467 1127 539 peccatum
1159 463 1406 533 veniale,
1440 462 1579 538 quia
1609 480 1728 520 non
1757 460 1924 519 tollit
1957 461 2236 519 habitum
2267 460 2553 530 caritatiS,
2603 479 2736 519 cum
2768 478 2886 518 non
2918 460 3133 519 tendat
3164 461 3229 518 in

596 554 935 630 oppositum
968 553 1282 628 objectum,
1317 552 1418 610 sed
1449 551 1642 609 solum
1674 549 1925 625 impedit
1955 550 2222 608 caritatis
2254 558 2492 609 usum<
2559 550 2638 609 Cf.
2671 569 2720 609 a.
2759 559 2826 620 5;
2867 569 2923 624 q.
2962 558 3042 611 24
3078 569 3130 607 a.
3169 558 3221 612 8.

595 678 683 686 —
714 644 791 700 Et
822 661 867 704 s.
898 643 1447 701 Bonaventura
1477 640 1544 698 in
1580 649 1634 702 3.
1667 639 1722 700 d.
1758 647 1834 700 27
1861 659 1911 697 a.
1937 648 1971 700 2
1995 658 2050 714 q.
2073 638 2212 702 ult.:
2252 640 2364 708 ,In
2382 641 2696 715 praecepto
2717 638 3005 717 diligendi
3030 639 3217 696 Deum

595 753 665 791 ex
709 735 836 790 toto
883 731 1057 790 corde
1102 731 1384 806 duplex
1429 728 1699 787 totalitas
1731 728 1925 786 cordis
1958 728 2289 786 indicatur:
2346 748 2465 787 una
2510 747 2663 803 quae
2708 728 2973 786 excludit
3018 746 3221 785 omnes

594 821 839 880 affectus
884 818 1332 878 contrarios
1378 817 1563 877 amori
1609 817 1734 887 Dei,
1786 817 1870 875 ita
1919 819 1990 875 ut
2038 817 2192 874 nihil
2243 817 2531 894 diligatur
2563 835 2750 892 supra
2781 817 2988 886 Deum,
3043 821 3107 875 et
3150 817 3218 874 ad

597 911 755 968 hunc
786 910 1029 967 modum
1060 908 1348 985 diligendi
1379 909 1567 965 Deum
1601 910 1877 965 tenemur
1908 907 1973 965 in
2006 907 2101 964 via
2134 907 2192 966 vi
2225 907 2405 965 istius
2436 906 2797 983 praecepti.‘
2864 906 2943 965 cf.
2976 906 3044 964 in
3079 917 3135 967 4.
3168 906 3221 966 d.

604 1009 677 1062 16
727 1019 782 1074 p.
841 1011 862 1060 1
917 1018 967 1061 a.
1004 1009 1036 1060 2
1080 1018 1133 1073 q.
1179 1009 1226 1060 1.
1270 1032 1339 1041 —
1376 995 1511 1055 Jam
1561 995 2104 1054 Theodoretus
2152 998 2533 1072 praeceptum
2582 995 2921 1054 dilectionis
2968 1014 3025 1070 q.
3078 1005 3111 1057 3
3160 996 3221 1052 in

597 1089 835 1149 Deuter.
856 1087 1156 1163 explicans
1178 1086 1415 1144 scribit:
1457 1084 1805 1153 ,Manifesta
1837 1102 1944 1143 nos
1975 1084 2180 1142 docuit
2200 1085 2508 1154 Dominus,
2544 1084 2839 1142 neminem
2871 1102 3042 1160 posse
3075 1084 3216 1143 duo-

595 1178 708 1235 bus
741 1177 997 1235 dominis
1032 1175 1268 1234 servire.
1316 1175 1394 1232 Et
1424 1176 1533 1233 hoe
1564 1174 1752 1248 igitur
1783 1174 1911 1231 loco
1931 1173 2224 1245 docemur,
2259 1173 2639 1233 dilectionem
2670 1190 2790 1232 non
2823 1172 3032 1249 partiri
3066 1174 3220 1232 inter

595 1267 783 1324 Deum
816 1268 877 1323 et
907 1284 1141 1339 aurum,
1179 1265 1364 1322 Deum
1397 1265 1460 1321 et
1490 1281 1749 1332 uxorem,
1786 1261 1945 1321 inter
1977 1263 2164 1320 Deum
2197 1267 2258 1321 et
2286 1263 2523 1335 liberm,
2564 1263 2726 1321 inter
2757 1263 2945 1321 Deum
2979 1266 3042 1320 et
3072 1262 3216 1321 ami-

596 1373 727 1414 cos:
761 1354 861 1413 sed
893 1357 1080 1412 totam
1114 1353 1450 1411 dilectionis
1482 1352 1605 1411 vim
1639 1352 1758 1410 Deo
1791 1351 2045 1410 creatori
2075 1370 2434 1424 consecrare,
2486 1352 2702 1410 deinde
2734 1354 2870 1427 post
2899 1355 3218 1410 creatorem

595 1462 750 1519 quae
781 1443 1103 1518 unicuique
1135 1441 1491 1500 conveniant
1521 1441 1804 1511 tribuere,
1852 1444 1914 1499 et
1954 1440 2306 1517 parentibus
2352 1445 2414 1501 et
2458 1441 2630 1500 uxori
2678 1443 2741 1499 et
2771 1441 2978 1500 liberis
3011 1445 3075 1500 et
3107 1442 3219 1500 fra·

595 1533 790 1591 tribus
823 1535 884 1590 et
914 1532 1135 1592 amicis..
1202 1529 1508 1606 Siquidem
1540 1530 1807 1605 pertinet
1850 1530 1923 1587 ad
1965 1530 2343 1589 dilectionem
2377 1531 2483 1589 Dei
2515 1531 2657 1588 haec
2688 1529 2872 1588 etiam
2903 1533 3215 1605 praestare.

605 1623 718 1694 Qui
754 1624 905 1680 enim
949 1622 1135 1696 diliqit
1179 1639 1285 1695 me,
1334 1619 1536 1694 inquit
1568 1615 1764 1699 (Joan.
1810 1629 1904 1688 14,
1945 1613 2068 1701 15),
2118 1621 2400 1678 mandata
2445 1639 2571 1678 meo
2616 1620 2878 1679 servabit.
2944 1620 3219 1678 Mandata

597 1729 735 1769 vero
770 1711 874 1769 Dei
907 1710 1022 1769 ista
1052 1708 1487 1785 praecipiunt.‘
1554 1707 1633 1768 Cf.
1666 1708 1845 1766 etiam
1878 1708 1939 1766 in
1972 1708 2106 1767 Joel
2141 1717 2196 1779 2,
2237 1719 2348 1779 12;
2403 1709 2761 1767 Basilius
2797 1708 2862 1766 in
2895 1709 2990 1771 Ps.
3024 1719 3126 1778 44,
3164 1718 3214 1770 2.

596 1833 684 1843 —-
716 1800 846 1874 Ipse
878 1799 1142 1857 Christus
1176 1797 1390 1874 passim
1423 1816 1622 1856 veram
1646 1798 1750 1855 Dei
1776 1796 2156 1856 dilectionem
2189 1798 2254 1855 in
2286 1817 2353 1857 eo
2386 1799 2711 1857 consistere
2742 1798 2931 1869 docet,
2966 1802 3036 1856 ut
3067 1799 3213 1856 nihil

598 1889 653 1945 ei
684 1888 1050 1964 praeferatur
1067 1887 1277 1945 Matth.
1308 1897 1400 1956 10,
1426 1894 1502 1948 37
1525 1907 1540 1956 ;
1573 1886 1710 1949 Luc.
1741 1895 1836 1955 14,
1875 1895 1954 1948 26
1979 1890 2107 1957 etc„
2141 1890 2203 1945 et
2234 1888 2299 1945 in
2330 1890 2783 1963 praeceptorum
2804 1887 3213 1946 observatione

597 1977 765 2035 Joan.
807 1988 901 2047 14,
941 1986 1053 2046 21;
1100 1986 1190 2046 15,
1233 1987 1343 2046 10;
1377 1975 1463 2033 ita
1493 1978 1555 2034 et
1586 1975 1846 2033 Joannes
1892 1987 1910 2036 1
1951 1994 2041 2051 ep.
2079 1985 2135 2046 2,
2175 1985 2477 2047 533,14.
2515 1986 2630 2047 24;
2668 1986 2724 2047 5,
2762 1985 2819 2037 3.

775 2119 922 2183 467.
954 2114 1021 2180 2.
1057 2112 1423 2194 Colligimus
1460 2131 1538 2176 ex
1569 2111 1796 2175 iisdem
1842 2111 2140 2189 fontibus
2174 2131 2306 2176 non
2339 2113 2593 2196 requiri,
2639 2119 2711 2176 ut
2742 2114 3041 2177 contritio
3075 2133 3211 2196 per-

597 2219 765 2285 fecta
796 2225 979 2283 extra
1011 2226 1489 2285 sacramentum
1513 2217 1835 2301 justificet,
1871 2226 2101 2283 certam
2139 2222 2461 2304 quandam
2492 2222 2787 2304 temporis
2807 2220 3212 2284 durationem.

597 2325 809 2404 Quare
842 2345 889 2388 s.
923 2325 1272 2390 Thomas
1307 2332 1347 2395 3
1380 2346 1436 2408 p.
1471 2346 1528 2408 q.
1563 2331 1649 2396 84
1681 2344 1739 2389 a.
1777 2331 1816 2395 8
1850 2326 1932 2389 ad
1972 2333 2003 2394 1
2040 2326 2263 2391 docet:
2337 2326 2582 2400 ‚Homo
2614 2326 2681 2389 in
2712 2327 2920 2408 primo
2954 2327 3212 2392 instanti

596 2450 788 2497 verae
819 2433 1255 2514 poenitentiae
1286 2433 1732 2498 remissionem
1764 2432 2182 2515 consequitur
2200 2433 2751 2514 praeteritorum«
2792 2433 2980 2512 Quod
3000 2442 3209 2515 patres

595 2540 838 2622 passim
869 2538 1194 2603 inculcant
1227 2541 1567 2605 occasione
1601 2558 1845 2615 eorum,
1880 2557 2046 2622 quae
2077 2539 2346 2619 legimus
2378 2544 2437 2607 2.
2459 2539 2610 2618 Reg.
2639 2544 2738 2617 12,
2764 2544 2863 2608 13.
2897 2540 3021 2605 Vix
3049 2542 3211 2606 enim

597 2646 800 2711 David
832 2653 980 2729 post
1010 2653 1337 2729 patratum
1369 2646 1753 2712 adulterium
1788 2653 1852 2711 et
1882 2646 2297 2711 homicidium
2330 2646 2553 2711 audita
2584 2647 2938 2735 prophetae
2959 2647 3210 2712 Nathan

597 2754 1002 2835 correptione
1035 2753 1223 2819 dixit:
1257 2755 1508 2817 Peccavi
1530 2755 1823 2838 Domino,
1857 2755 2101 2820 audivit
2132 2774 2212 2819 ex
2244 2754 2531 2837 ejusdem
2552 2774 2694 2820 ore:
2728 2754 3045 2818 Dominus
3068 2776 3208 2840 quo·

597 2882 709 2945 que
753 2862 1080 2924 transt-ulit
1117 2866 1443 2943 peecatum
1477 2868 1671 2923 tuum.
1736 2861 2014 2942 Ideoque
2077 2862 2166 2924 ait
2214 2861 2311 2925 Ps.
2362 2866 2464 2939 31,
2513 2865 2585 2930 5:
2652 2862 2848 2926 Dixi:
2893 2863 3211 2944 confitebor

598 2967 926 3031 adversum
974 2986 1070 3028 me
1119 2967 1496 3049 injustitiam
1541 2987 1761 3044 meam,
1807 2975 1864 3031 et
1910 2975 1978 3032 tu
2024 2970 2319 3032 remisisti
2370 2971 2746 3052 impietatem
2786 2971 3033 3052 peccati
3080 2971 3213 3033 mei.

597 3072 802 3152 Quem
833 3074 899 3136 in
930 3074 967 3136 l.
1003 3072 1454 3153 Gregorius
1486 3073 1563 3137 M.
1618 3075 1744 3161 (vel
1777 3075 1938 3139 alius
1972 3076 2255 3161 auctor):
2326 3075 2658 3151 „Attenda
2707 3082 2950 3158 quanta
2996 3078 3078 3141 sit
3120 3077 3208 3139 in·

597 3179 960 3258 dulgentiae
1005 3178 1214 3243 vitalis
1261 3179 1586 3256 velocitas
1638 3188 1884 3262 quanta
1929 3182 2405 3247 misericordiae
2451 3181 2567 3245 Dei
2617 3182 3114 3258 commendam,
3145 3188 3209 3244 ut

596 3285 956 3350 confitentis
989 3285 1373 3350 desiderium
1404 3288 1750 3352 comitetur
1785 3290 1989 3366 venia,
2025 3296 2375 3372 antequam
2395 3290 2478 3353 ad
2500 3290 2853 3355 cruciatum
2885 3289 3211 3371 perveniat

596 3392 1022 3473 poenitentia:
1073 3399 1224 3457 ante
1272 3395 1562 3458 remissio
1616 3395 1699 3458 ad
1749 3413 1863 3459 cor
1908 3397 2261 3476 perveniat,
2313 3415 2509 3478 quam
2543 3397 2861 3461 confessio
2895 3398 2961 3459 in
2992 3414 3206 3460 vocem

597 3504 945 3579 erumpat‘
983 3498 1084 3561 Ez.
1118 3504 1222 3575 33,
1261 3504 1372 3566 12:
1437 3501 1703 3564 Just-itia
1730 3501 1896 3582 justi
1941 3522 2066 3565 non
2111 3501 2399 3565 liberabit
2450 3522 2587 3565 eum
2619 3504 2687 3564 in
2719 3522 3087 3588 quacunque
3116 3503 3206 3564 die

587 3606 973 3689 peccaverit:
1006 3612 1062 3668 et
1095 3607 1380 3689 impietas
1411 3608 1593 3691 impii
1624 3626 1749 3671 non
1782 3610 2015 3671 nocebit
2047 3611 2101 3672 ei
2131 3610 2199 3671 in
2231 3630 2594 3693 quacunque
2613 3610 2713 3672 die
2732 3629 3058 3673 conversus
3073 3620 3202 3691 sue-

594 3713 681 3774 rit
712 3712 792 3775 ab
823 3714 1140 3795 impietate
1171 3733 1309 3779 sua.
1376 3711 1555 3778 Sicut
1600 3732 1750 3794 ergo
1798 3721 2126 3780 momento
2174 3721 2478 3796 peccator
2511 3733 2551 3778 a
2581 3715 2715 3780 Deo
2749 3716 2956 3780 averti
2988 3721 3209 3797 potest.

595 3819 687 3882 ita
738 3826 1065 3883 momento
1121 3838 1378 3901 quoque
1431 3822 1851 3887 conversione
1902 3822 2187 3904 perfecta
2236 3822 2445 3888 eidem
2506 3822 2745 3904 poterit
2802 3822 3210 3886 reconciliari.

597 3924 684 3988 Cf.
717 3945 764 3987 s.
797 3923 1261 3988 Coelestini
1294 3923 1494 3987 verba
1527 3945 1585 3987 n.
1620 3930 1796 3995 457⁰.
1861 3927 2121 3990 Falsum
2175 3946 2327 4007 ergo
2361 3934 2460 3993 est
2491 3928 2664 4010 quod
2696 3928 2917 3992 scribit
2944 3928 2979 3993 J
2996 3928 3209 3992 ueni·

596 4051 744 4095 nus
777 4033 839 4095 in
873 4037 1216 4096 comment.
1250 4031 1553 4095 historico
1588 4032 1797 4112 dogm.
1832 4034 1977 4097 diss.
2013 4040 2053 4103 6
2087 4054 2142 4116 q.
2166 4038 2207 4101 9
2228 4052 2280 4097 c.
2301 4041 2374 4101 4:
2415 4035 2595 4110 ,Toti
2627 4035 2993 4117 antiquitati
3025 4035 3215 4099 fuisse

597 4155 994 4218 persuasum,
1028 4136 1483 4201 contritionem
1528 4156 1659 4200 non
1706 4157 1850 4203 esse
1896 4140 2084 4202 unius
2118 4139 2244 4205 diei
2277 4159 2458 4221 opuS‚
2511 4141 2624 4205 sed
2655 4141 3006 4206 multorum
3038 4160 3212 4207 meu·

598 4244 781 4319 sium,
814 4245 941 4306 imo
976 4252 1039 4308 et
1069 4262 1536 4325 nonnunquam
1568 4260 1939 4308 annorum«
2013 4245 2100 4309 Cf.
2137 4246 2313 4310 Coll
2335 4253 2412 4311 et
2444 4268 2500 4329 p.
2536 4253 2576 4314 2
2609 4266 2660 4311 e.
2694 4253 2736 4315 4
2769 4266 2825 4311 a.
2870 4255 2918 4315 l.

776 4390 924 4454 468.
958 4388 1023 4455 3.
1059 4384 1403 4464 Quaeritur
1434 4409 1742 4472 quaenam
1792 4393 2030 4452 caritas
2063 4391 2150 4453 ad
2182 4392 2609 4455 contritionem
2636 4390 2984 4474 perfectam
3018 4394 3210 4477 requi-

598 4497 800 4555 ratur.
848 4491 1264 4572 Respondent
1295 4494 1593 4575 theologi,
1625 4497 1864 4577 requiri
1910 4514 2199 4560 amorem
2247 4498 2566 4563 amicitiae
2617 4504 2680 4563 et
2712 4497 3209 4570 benevolentiae,

600 4600 771 4679 quod
804 4600 1204 4662 verissimum
1241 4607 1353 4668 est.
1417 4599 1482 4664 Si
1533 4603 1803 4666 ulterius
1855 4605 2132 4686 quaeriS,
2186 4605 2514 4685 quodnam
2566 4607 2647 4670 sit
2692 4606 2882 4688 huJus
2928 4606 3207 4669 caritatis

599 4708 985 4771 motivum
1019 4706 1303 4784 formale,
1336 4727 1466 4771 non
1499 4709 1727 4774 eadem
1761 4716 1860 4774 est
1892 4728 2116 4775 eorum
2149 4712 2497 4792 responsio.
2552 4713 2773 4776 Plures
2805 4712 3217 4794 respondent,
