3538 5364
571 288 701 353 260
1038 280 1223 334 Tract.
1257 281 1351 335 IX.
1378 280 1447 333 de
1477 280 1863 336 sacramentis.
1891 280 2087 335 Thesis
2116 280 2349 335 CCXIV.
2378 282 2446 335 de
2473 297 2709 335 numero

747 467 930 542 Saepe
961 466 1339 524 declararunt
1368 466 1562 543 graeci
1594 466 1878 525 adversus
1909 466 2062 537 illos,
2112 470 2340 542 septem
2386 486 2448 526 se
2488 467 2722 526 credere
2756 472 3121 527 sacramenta
3152 491 3185 527 a

572 556 804 615 Christo
836 554 1089 613 Domino
1121 555 1424 613 instituta.
1485 555 1577 612 Ita
1606 574 1693 614 ex.
1725 574 1813 632 gr.
1845 555 1885 613 J
1900 575 1976 615 er
1995 557 2232 614 emias
2263 556 2597 631 patriarcha
2627 552 2687 637 (†
2728 554 2923 636 1594)
2955 558 3018 616 in
3051 576 3179 616 cen·

568 664 709 704 sura
736 644 1033 703 Ecclesiae
1063 644 1390 714 orientaliS,
1437 644 1502 701 in
1548 662 1667 718 qua
1709 645 1989 719 reprobat
2033 645 2455 704 confessionem
2502 648 2933 722 augustanam:
2983 647 3176 715 ,Diei-

567 752 703 792 mus
734 732 1029 809 praeclare
1059 733 1231 791 nobis
1264 751 1339 795 se.
1372 737 1571 808 patres
1592 732 1927 804 tradidisse,
1961 752 2144 793 unam
2167 738 2448 804 sanctam,
2483 734 2828 793 catholicam
2860 738 2923 793 et
2952 741 3183 812 aposto·

567 823 738 881 licam
758 822 1076 881 Ecclesiam
1110 840 1239 880 esse
1272 867 1284 879 .
1320 866 1332 879 .
1368 865 1380 878 .
1412 822 1476 881 in
1509 840 1577 880 ea
1605 822 1748 880 item
1771 823 1901 897 ipsa
1919 823 2210 882 catholica
2238 827 2300 881 et
2330 824 2658 882 orthodoxa
2678 824 2941 883 Ecclesia
2958 828 3182 901 septem

566 912 772 971 divina
801 914 1168 970 sacramenta
1198 929 1345 983 esse,
1392 911 1755 986 baptismum
1804 912 1930 970 scil.
1977 915 2086 974 etc.
2150 913 2303 972 Nam
2348 930 2481 971 cum
2514 912 2671 971 dona
2701 913 2962 989 Spiritus
2998 915 3185 973 sancti

570 1004 721 1060 teste
752 1000 909 1059 Isaia
940 1002 1164 1075 septem
1197 1001 1336 1070 sint,
1372 1003 1601 1075 septem
1633 1000 1782 1058 item
1803 1005 2181 1071 sacramenta,
2216 1020 2371 1077 quae
2402 1002 2474 1059 ab
2505 1001 2709 1060 eodem
2731 1002 2961 1078 Spiritu
2982 1006 3181 1061 sancto

565 1091 688 1149 vim
709 1088 1000 1148 efficiendi
1019 1089 1256 1159 habent,
1291 1089 1416 1148 sint
1446 1092 1713 1164 oportet;
1747 1108 1869 1148 non
1887 1091 2064 1164 plura
2082 1093 2282 1149 autem
2313 1109 2423 1148 nec
2452 1091 2730 1166 pauciora
2761 1110 2893 1151 esse
2926 1092 3020 1150 vel
3054 1093 3190 1168 ipsa

564 1180 744 1255 plena
787 1178 874 1237 rei
919 1178 1163 1253 partitio
1209 1178 1577 1237 demonstrat
1606 1222 1621 1235 .
1656 1223 1669 1237 .
1702 1222 1716 1236 .
1761 1178 1840 1236 Et
1886 1178 2025 1238 haec
2073 1179 2310 1255 quidem
2346 1180 2548 1238 omnia
2578 1180 2791 1239 salutis
2823 1185 3061 1240 nostrae
3092 1201 3182 1240 re·

565 1268 761 1328 media
803 1268 931 1342 ipse
976 1267 1030 1328 J.
1078 1266 1347 1326 Christus
1395 1267 1553 1326 Deus
1599 1270 1660 1325 et
1704 1268 1771 1325 D.
1820 1267 1891 1329 N.
1937 1268 2111 1327 nobis
2155 1268 2408 1327 tradidit
2455 1273 2516 1327 et
2564 1287 2640 1330 ss,
2688 1270 2818 1345 ejus
2864 1271 3180 1345 apostoli.G

564 1357 786 1416 Verum
817 1355 1058 1432 quidem
1090 1359 1180 1414 est
1211 1355 1498 1432 cyrillum
1530 1356 1904 1426 Lucarim,
1938 1357 2336 1433 patriarcham
2365 1359 2664 1433 quondam
2696 1360 3182 1436 constantinopo-

563 1446 836 1516 litanum,
884 1445 990 1521 qui
1032 1444 1195 1502 tristi
1237 1444 1359 1502 fato
1403 1438 1843 1527 (strangulatus
1874 1446 2169 1521 siquidem
2200 1442 2404 1528 periit)
2451 1447 2632 1505 vitam
2676 1447 2875 1507 finivit
2903 1468 2955 1507 a.
2998 1458 3186 1517 1638,

565 1534 980 1610 professionem
1012 1533 1148 1591 fidei
1170 1533 1440 1603 edidisse,
1475 1552 1626 1609 quae
1645 1534 1870 1593 faveret
1892 1536 2396 1611 protestantibus;
2430 1555 2635 1595 verum
2667 1555 2798 1594 eam
2830 1556 2952 1596 non
2982 1538 3185 1596 hausit

564 1643 631 1683 ex
663 1623 960 1681 Ecclesiae
992 1622 1298 1680 orientalis
1332 1621 1670 1694 traditione,
1705 1626 2107 1683 monumentis
2139 1625 2496 1684 authenticis
2529 1628 2590 1684 et
2621 1627 2805 1700 praxi,
2855 1627 2962 1685 sed
3002 1647 3037 1684 a
3067 1629 3183 1685 eal·

563 1712 818 1770 vinianis
851 1712 1139 1780 Genevae,
1182 1710 1288 1769 ubi
1321 1711 1540 1770 studiis
1572 1730 1811 1787 operam
1844 1712 2102 1785 dederat,
2137 1714 2360 1777 didicit.
2424 1715 2556 1772 Mox
2590 1714 2750 1773 enim
2781 1716 3187 1775 reclamarunt

563 1801 758 1878 graeci
778 1803 958 1876 atque
977 1800 1219 1876 synodis
1237 1800 1459 1859 habitis
1479 1803 1552 1858 ut
1571 1800 2082 1878 Constantinopoli
2119 1822 2172 1860 a.
2201 1816 2225 1865 1
2241 1813 2357 1866 641
2388 1807 2448 1862 et
2468 1803 2901 1880 Hierosolymis
2935 1825 2985 1869 a,
3016 1815 3090 1868 16
3103 1815 3180 1867 72

564 1909 691 1949 eam
724 1889 1102 1958 damnarunt,
1147 1888 1440 1965 fidemque
1485 1907 1657 1949 suam
1690 1890 1911 1949 diserte
1942 1892 2190 1967 professi
2226 1896 2386 1951 sunt.
2449 1893 2722 1951 Ceterum
2768 1893 2841 1951 de
2887 1912 3189 1953 consensu

562 1997 910 2059 graecorum
942 1995 1078 2036 cum
1108 1977 1367 2036 Ecclesia
1397 1979 1583 2038 latina
1614 1981 1845 2038 constat
1875 1981 2051 2039 etiam
2098 2000 2168 2039 ex
2212 2000 2415 2040 eorum
2448 1981 2620 2040 libris
2651 1982 2949 2059 liturgicis
2994 1987 3057 2041 et
3101 1984 3182 2041 ri-

562 2068 849 2139 tualibus,
896 2067 959 2124 in
1006 2066 1229 2142 quibus
1275 2085 1479 2125 omnes
1513 2068 1603 2126 illi
1635 2068 1808 2137 rituS,
1858 2087 2007 2144 quos
2040 2070 2302 2129 Ecclesia
2331 2070 2620 2129 catholica
2651 2076 3021 2131 sacramenta
3049 2090 3183 2131 esse

563 2157 747 2227 docet,
782 2156 1062 2232 descripti
1094 2159 1239 2214 sunt
1269 2174 1404 2214 cum
1433 2157 1510 2214 iis
1543 2157 1912 2217 orationibus
1944 2161 2004 2216 et
2034 2160 2432 2230 caeremoniiS,
2467 2178 2618 2235 quae
2648 2161 2874 2236 gratiae
2907 2161 3179 2220 collatio-

561 2266 700 2306 nem
731 2245 1087 2323 significant.
1152 2245 1231 2304 cf.
1270 2246 1500 2304 Pesch
1536 2246 1610 2304 VI
1643 2265 1699 2306 n.
1739 2256 1815 2309 77
1854 2265 1930 2306 ss.

742 2367 808 2433 3.
842 2364 976 2429 Imo
1009 2371 1293 2429 sectae
1326 2361 1603 2431 Orientis
1637 2366 1719 2429 ab
1753 2366 2037 2432 Ecclesia
2068 2385 2193 2432 566.
2227 2367 2299 2432 V.
2334 2368 2622 2433 divulsae
2656 2368 2928 2434 eandem
2960 2369 3039 2434 de
3060 2388 3185 2431 nu-

563 2491 743 2537 mero
775 2478 1332 2536 sacramentorum
1362 2472 1554 2537 fidem
1586 2472 2002 2554 profitentur:
2037 2475 2329 2556 quamvis
2362 2476 2580 2556 negari
2613 2493 2746 2538 non
2778 2476 3003 2556 possit,
3036 2475 3183 2557 plu-

564 2599 671 2644 res
705 2579 877 2660 apud
907 2580 1080 2661 ipsas
1112 2579 1353 2643 abusus
1399 2578 1698 2644 barbarie
1744 2582 2127 2662 praesertim
2173 2583 2458 2660 gentium
2504 2582 2625 2645 sub
2673 2588 3002 2646 turcarum
3027 2583 3190 2663 jugo

563 2688 953 2768 gementium
983 2686 1261 2767 clerique
1294 2685 1539 2749 incuria
1570 2687 1635 2748 in
1668 2705 1895 2750 eorum
1928 2688 2259 2769 irrepsisse
2292 2688 3004 2776 administrationem1).

741 2816 887 2881 298.
909 2810 1105 2892 Atqui
1137 2829 1216 2874 ex
1237 2828 1559 2874 consensu
1581 2810 1815 2875 talibus
1837 2812 2131 2892 praedito
2155 2813 2413 2877 dotibus
2436 2820 2613 2879 certo
2637 2814 2969 2895 colligitur,
2988 2813 3185 2879 fidem

562 2921 641 2982 de
674 2936 946 2982 numero
979 2922 1535 2980 sacramentorum
1567 2919 1937 3000 septenario
1973 2919 2371 3000 apostolicae
2404 2938 2547 2985 esse
2580 2920 2878 3000 originis3

747 3027 806 3091 l.
834 3025 1021 3104 juxta
1051 3022 1437 3104 principium
1470 3023 1619 3087 alibi
1653 3025 2147 3106 comprobatum
2186 3026 2253 3111 (t.
2289 3026 2327 3089 Ι.
2362 3046 2421 3089 n.
2460 3031 2650 3101 12143
2691 3026 2860 3111 134),
2907 3043 3191 3090 consen-

561 3132 810 3194 sionem
841 3136 1115 3211 patrum,
1150 3148 1315 3212 quae
1337 3131 1757 3210 praeverterit
1778 3133 2290 3196 controversiam
2321 3132 2606 3214 aliquam
2645 3132 2725 3197 de
2756 3131 2898 3209 fide,
2930 3150 3188 3214 semper

560 3238 850 3302 habitam
883 3236 1079 3302 fuisse
1110 3255 1228 3318 pro
1262 3237 1578 3301 tutissima
1610 3256 1859 3315 norma,
1894 3240 2249 3303 secundum
2298 3257 2493 3321 quam
2544 3240 2624 3304 de
2656 3239 2986 3303 doctrinae
3010 3239 3189 3320 judi-

561 3351 818 3408 caretur
849 3343 1233 3407 orthodoxia
1263 3344 1365 3407 vel
1396 3344 1840 3409 heterodoxia.

740 3452 803 3519 2.
839 3449 1022 3513 Patet
1054 3470 1134 3515 ex
1167 3468 1245 3515 eo
1279 3450 1456 3533 quod
1487 3451 1674 3531 hujus
1705 3450 1853 3515 fidei
1875 3451 2151 3531 origines
2170 3459 2387 3517 aetate
2409 3453 2770 3533 apostolica
2790 3454 3185 3518 recentiores

564 3558 875 3638 assignari
907 3563 1249 3638 nequeant.
1285 3556 1505 3639 Neque
1537 3557 1708 3620 enim
1742 3557 1868 3621 dici
1900 3564 2129 3638 potest,
2163 3556 2335 3622 illam
2367 3560 2644 3640 primum
2676 3559 3004 3623 inductam
3037 3579 3184 3626 esse

562 3683 685 3729 sec.
719 3664 862 3740 X11.‚
913 3672 984 3727 ut
1013 3670 1451 3745 protestantes
1484 3671 1845 3740 autumant,
1882 3683 2028 3727 cum
2063 3666 2424 3746 reperiatur
2455 3667 2651 3731 etiam
2685 3667 2857 3748 apud
2891 3686 3181 3746 graecos,

564 3774 672 3854 qui
703 3772 1054 3837 certissime
1088 3770 1256 3834 hanc
1287 3770 1478 3834 fidem
1510 3789 1640 3834 non
1675 3771 2038 3835 hauserunt
2082 3779 2230 3852 post
2273 3789 2458 3835 suam
2503 3774 2982 3855 separationem
3013 3793 3054 3837 a
3084 3775 3187 3837 la-

564 3880 728 3953 finis,
761 3896 924 3959 quos
958 3895 1211 3957 semper
1262 3877 1542 3942 aversati
1593 3883 1760 3940 sunt.
1824 3876 1986 3958 Ergo
2033 3878 2212 3942 latini
2261 3885 2325 3942 et
2370 3880 2580 3958 graeci
2631 3897 2777 3944 eam
2826 3882 3190 3946 hauserunt

564 4004 645 4049 ex
677 3985 848 4050 sonte
881 4003 1248 4049 commun
1269 3985 1305 4058 i,
1354 3984 1464 4066 qui
1496 3986 1846 4050 antecessit
1877 4003 2102 4049 eorum
2133 3981 2643 4066 separationem,
2678 3987 2810 4050 scil.
2843 3987 2929 4051 ab
2960 3986 3182 4052 Eccle-

565 4092 663 4154 sia
693 4092 1040 4155 universali
1073 4108 1195 4156 sec.
1231 4091 1330 4154 [X.
1366 4098 1430 4155 et
1462 4089 1630 4166 VIII.,
1666 4109 1707 4154 a
1737 4109 1866 4172 qua
1902 4092 2127 4156 divulsi
2160 4099 2310 4155 sunt
2342 4094 2569 4173 graeci.
2633 4091 2761 4158 Sed
2808 4112 3022 4177 neque
3052 4113 3180 4159 sec.

562 4197 660 4260 IX.
696 4197 794 4261 vel
828 4196 976 4260 Vlll.
1010 4198 1286 4278 primum
1333 4198 1641 4277 originem
1692 4196 1922 4264 habuit
1965 4200 2129 4263 haec
2174 4199 2349 4276 fideS,
2396 4216 2546 4263 cum
2597 4202 2956 4282 reperiatur
3006 4202 3183 4282 apud

563 4304 702 4367 illas
734 4312 961 4379 sectae,
996 4323 1162 4385 quae
1189 4306 1324 4385 J'am
1356 4323 1481 4370 sec,
1515 4304 1587 4369 V.
1620 4304 1943 4370 Ecclesiae
1977 4314 2196 4370 castra
2228 4306 2670 4371 deseruerunt.
2706 4307 2920 4387 Quare
2955 4326 3033 4373 ex
3066 4326 3185 4372 ea-

785 4509 821 4576 ¹)
851 4505 931 4560 Cf.
961 4505 1292 4575 Perpetuite
1319 4507 1387 4561 de
1415 4508 1472 4563 la
1500 4508 1581 4563 foi
1607 4511 1647 4562 t.
1677 4519 1707 4565 5
1733 4508 1771 4563 l.
1805 4518 1862 4569 1;
1893 4508 2323 4580 Denzinger
2346 4509 2494 4564 ritus
2522 4509 2758 4570 orient:
2787 4512 3137 4564 Asseman
3162 4511 3183 4562 i

564 4586 825 4641 biblioth.
853 4586 1053 4643 orient.
1081 4592 1121 4640 t.
1150 4595 1183 4644 3
1209 4587 1341 4642 diss.
1369 4588 1437 4642 de
1455 4590 1793 4659 monophys.
1822 4607 1877 4643 n.
1906 4600 1967 4649 53
1995 4593 2054 4643 et
2079 4608 2133 4659 p.
2164 4596 2195 4643 2
2221 4589 2355 4645 diss.
2383 4589 2452 4643 de
2472 4589 2817 4644 nestorianis
2837 4606 2883 4645 c.
2905 4592 2938 4647 7
2958 4598 2985 4656 5
3003 4594 3054 4654 8,
3076 4590 3189 4657 qui

563 4673 755 4720 tamen
781 4667 931 4720 circa
959 4666 1277 4736 singularia
1302 4669 1500 4737 aliqua
1522 4672 1890 4734 sacramenta,
1914 4673 1981 4723 ut
2000 4669 2068 4723 de
2090 4673 2339 4722 extrema*
2364 4669 2631 4725 unctione
2653 4673 2932 4724 errarunt.
2961 4668 3042 4723 Cf.
3064 4669 3183 4724 KL.

564 4747 682 4810 1X2,
717 4751 832 4803 178.
