<?xml version="1.0" encoding="UTF-8"?>
<!DOCTYPE html PUBLIC "-//W3C//DTD XHTML 1.0 Transitional//EN"
    "http://www.w3.org/TR/xhtml1/DTD/xhtml1-transitional.dtd">
<html xmlns="http://www.w3.org/1999/xhtml" xml:lang="en" lang="en">
 <head>
  <title>
</title>
<meta http-equiv="Content-Type" content="text/html;charset=utf-8" />
  <meta name='ocr-system' content='tesseract 3.04.00' />
  <meta name='ocr-capabilities' content='ocr_page ocr_carea ocr_par ocr_line ocrx_word'/>
</head>
<body>
  <div class='ocr_page' id='page_1' title='image "./theologiaedogma00hurtgoog_0205.png"; bbox 0 0 3538 5364; ppageno 0'>
   <div class='ocr_carea' id='block_1_1' title="bbox 1394 108 2996 185">
    <p class='ocr_par' dir='ltr' id='par_1_1' title="bbox 1394 108 2996 185">
     <span class='ocr_line' id='line_1_1' title="bbox 1394 108 2996 185; baseline 0.001 -22"><span class='ocrx_word' id='word_1_1' title='bbox 1394 126 1461 163; x_wconf 85' lang='lat' dir='ltr'><strong>ex</strong></span> <span class='ocrx_word' id='word_1_2' title='bbox 1489 111 1651 181; x_wconf 82' lang='lat' dir='ltr'><strong>parte</strong></span> <span class='ocrx_word' id='word_1_3' title='bbox 1677 108 1968 178; x_wconf 86' lang='lat' dir='ltr'><strong>operantis</strong></span> <span class='ocrx_word' id='word_1_4' title='bbox 2870 119 2996 185; x_wconf 81' lang='lat'><strong>193</strong></span> 
     </span>
    </p>
   </div>
   <div class='ocr_carea' id='block_1_2' title="bbox 356 295 2993 1537">
    <p class='ocr_par' dir='ltr' id='par_1_2' title="bbox 356 295 2993 1537">
     <span class='ocr_line' id='line_1_2' title="bbox 357 295 2992 374; baseline 0 -19"><span class='ocrx_word' id='word_1_5' title='bbox 357 296 684 356; x_wconf 78' lang='lat' dir='ltr'><strong>clinatione</strong></span> <span class='ocrx_word' id='word_1_6' title='bbox 716 300 984 359; x_wconf 86' lang='lat' dir='ltr'><strong>naturae.</strong></span> <span class='ocrx_word' id='word_1_7' title='bbox 1030 297 1187 374; x_wconf 85' lang='lat' dir='ltr'><strong>Ergo</strong></span> <span class='ocrx_word' id='word_1_8' title='bbox 1219 314 1371 372; x_wconf 86' lang='lat' dir='ltr'><strong>quae</strong></span> <span class='ocrx_word' id='word_1_9' title='bbox 1395 296 1726 371; x_wconf 90' lang='lat' dir='ltr'><strong>procedunt</strong></span> <span class='ocrx_word' id='word_1_10' title='bbox 1757 316 1791 354; x_wconf 91' lang='lat' dir='ltr'><strong>a</strong></span> <span class='ocrx_word' id='word_1_11' title='bbox 1822 295 1944 353; x_wconf 86' lang='lat' dir='ltr'><strong>Deo</strong></span> <span class='ocrx_word' id='word_1_12' title='bbox 1976 298 2047 354; x_wconf 88' lang='lat' dir='ltr'><strong>ut</strong></span> <span class='ocrx_word' id='word_1_13' title='bbox 2077 298 2317 355; x_wconf 88' lang='lat' dir='ltr'><strong>auctore</strong></span> <span class='ocrx_word' id='word_1_14' title='bbox 2348 298 2802 373; x_wconf 87' lang='lat' dir='ltr'><strong>supernaturali,</strong></span> <span class='ocrx_word' id='word_1_15' title='bbox 2834 297 2992 357; x_wconf 91' lang='lat' dir='ltr'><strong>ordi-</strong></span> 
     </span>
     <span class='ocr_line' id='line_1_3' title="bbox 359 384 2990 462; baseline 0.001 -19"><span class='ocrx_word' id='word_1_16' title='bbox 359 393 586 444; x_wconf 89' lang='lat' dir='ltr'><strong>nantur</strong></span> <span class='ocrx_word' id='word_1_17' title='bbox 609 386 692 444; x_wconf 67' lang='lat' dir='ltr'><strong>vad</strong></span> <span class='ocrx_word' id='word_1_18' title='bbox 730 387 932 461; x_wconf 86' lang='lat' dir='ltr'><strong>ipsum</strong></span> <span class='ocrx_word' id='word_1_19' title='bbox 978 389 1050 444; x_wconf 90' lang='lat' dir='ltr'><strong>ut</strong></span> <span class='ocrx_word' id='word_1_20' title='bbox 1094 386 1609 462; x_wconf 77' lang='lat' dir='ltr'><strong>supernaturalem</strong></span> <span class='ocrx_word' id='word_1_21' title='bbox 1644 385 1818 443; x_wconf 88' lang='lat' dir='ltr'><strong>finem</strong></span> <span class='ocrx_word' id='word_1_22' title='bbox 1854 384 2176 444; x_wconf 84' lang='lat' dir='ltr'><strong>intrinseca</strong></span> <span class='ocrx_word' id='word_1_23' title='bbox 2207 388 2268 444; x_wconf 91' lang='lat' dir='ltr'><strong>et</strong></span> <span class='ocrx_word' id='word_1_24' title='bbox 2297 387 2555 444; x_wconf 86' lang='lat' dir='ltr'><strong>naturali</strong></span> <span class='ocrx_word' id='word_1_25' title='bbox 2588 387 2990 457; x_wconf 89' lang='lat' dir='ltr'><strong>ordinatione;</strong></span> 
     </span>
     <span class='ocr_line' id='line_1_4' title="bbox 359 474 2991 551; baseline 0 -18"><span class='ocrx_word' id='word_1_26' title='bbox 359 494 498 533; x_wconf 85' lang='lat' dir='ltr'><strong>nam</strong></span> <span class='ocrx_word' id='word_1_27' title='bbox 531 475 786 534; x_wconf 71' lang='lat' dir='ltr'><strong>ultimus</strong></span> <span class='ocrx_word' id='word_1_28' title='bbox 818 475 953 534; x_wconf 84' lang='lat' dir='ltr'><strong>finis</strong></span> <span class='ocrx_word' id='word_1_29' title='bbox 984 494 1216 551; x_wconf 81' lang='lat' dir='ltr'>semper</span> <span class='ocrx_word' id='word_1_30' title='bbox 1246 474 1732 551; x_wconf 76' lang='lat' dir='ltr'><strong>proportionetur</strong></span> <span class='ocrx_word' id='word_1_31' title='bbox 1761 474 1954 550; x_wconf 87' lang='lat' dir='ltr'><strong>primo</strong></span> <span class='ocrx_word' id='word_1_32' title='bbox 1987 474 2297 551; x_wconf 81' lang='lat' dir='ltr'><strong>principio,</strong></span> <span class='ocrx_word' id='word_1_33' title='bbox 2364 474 2529 534; x_wconf 84' lang='lat' dir='ltr'><strong>Unde</strong></span> <span class='ocrx_word' id='word_1_34' title='bbox 2573 475 2635 533; x_wconf 91' lang='lat' dir='ltr'><strong>in</strong></span> <span class='ocrx_word' id='word_1_35' title='bbox 2671 476 2991 551; x_wconf 89' lang='lat' dir='ltr'><strong>superiori-</strong></span> 
     </span>
     <span class='ocr_line' id='line_1_5' title="bbox 356 554 2990 640; baseline 0 -18"><span class='ocrx_word' id='word_1_36' title='bbox 356 563 476 623; x_wconf 83' lang='lat' dir='ltr'><strong>bus</strong></span> <span class='ocrx_word' id='word_1_37' title='bbox 509 565 872 635; x_wconf 85' lang='lat' dir='ltr'><strong>dicebamus,</strong></span> <span class='ocrx_word' id='word_1_38' title='bbox 920 564 1079 640; x_wconf 88' lang='lat' dir='ltr'><strong>quod</strong></span> <span class='ocrx_word' id='word_1_39' title='bbox 1112 564 1271 623; x_wconf 85' lang='lat' dir='ltr'><strong>sicut</strong></span> <span class='ocrx_word' id='word_1_40' title='bbox 1298 554 1514 623; x_wconf 75' lang='lat' dir='ltr'><strong>natura</strong></span> <span class='ocrx_word' id='word_1_41' title='bbox 1544 563 1973 622; x_wconf 87' lang='lat' dir='ltr'><strong>intellectualis</strong></span> <span class='ocrx_word' id='word_1_42' title='bbox 2007 583 2112 638; x_wconf 89' lang='lat' dir='ltr'><strong>per</strong></span> <span class='ocrx_word' id='word_1_43' title='bbox 2144 582 2206 621; x_wconf 90' lang='lat' dir='ltr'><strong>se</strong></span> <span class='ocrx_word' id='word_1_44' title='bbox 2242 563 2440 622; x_wconf 88' lang='lat' dir='ltr'><strong>tendit</strong></span> <span class='ocrx_word' id='word_1_45' title='bbox 2469 564 2531 621; x_wconf 90' lang='lat' dir='ltr'><strong>in</strong></span> <span class='ocrx_word' id='word_1_46' title='bbox 2567 565 2755 622; x_wconf 90' lang='lat' dir='ltr'><strong>Deum</strong></span> <span class='ocrx_word' id='word_1_47' title='bbox 2785 570 2857 623; x_wconf 89' lang='lat' dir='ltr'><strong>ut</strong></span> <span class='ocrx_word' id='word_1_48' title='bbox 2886 584 2990 623; x_wconf 88' lang='lat' dir='ltr'><strong>na-</strong></span> 
     </span>
     <span class='ocr_line' id='line_1_6' title="bbox 357 652 2991 729; baseline 0 -18"><span class='ocrx_word' id='word_1_49' title='bbox 357 654 618 712; x_wconf 84' lang='lat' dir='ltr'><strong>turalem</strong></span> <span class='ocrx_word' id='word_1_50' title='bbox 651 653 844 724; x_wconf 87' lang='lat' dir='ltr'><strong>finem,</strong></span> <span class='ocrx_word' id='word_1_51' title='bbox 882 654 1022 729; x_wconf 89' lang='lat' dir='ltr'><strong>quia</strong></span> <span class='ocrx_word' id='word_1_52' title='bbox 1051 653 1125 711; x_wconf 85' lang='lat' dir='ltr'><strong>ab</strong></span> <span class='ocrx_word' id='word_1_53' title='bbox 1157 654 1262 712; x_wconf 93' lang='lat' dir='ltr'><strong>illo</strong></span> <span class='ocrx_word' id='word_1_54' title='bbox 1294 657 1365 712; x_wconf 96' lang='grc' dir='ltr'><strong>ιιι</strong></span> <span class='ocrx_word' id='word_1_55' title='bbox 1396 652 1587 728; x_wconf 89' lang='lat' dir='ltr'><strong>prima</strong></span> <span class='ocrx_word' id='word_1_56' title='bbox 1616 671 1792 711; x_wconf 83' lang='lat' dir='ltr'><strong>causa</strong></span> <span class='ocrx_word' id='word_1_57' title='bbox 1812 653 2073 711; x_wconf 86' lang='lat' dir='ltr'><strong>naturali</strong></span> <span class='ocrx_word' id='word_1_58' title='bbox 2095 653 2393 728; x_wconf 79' lang='lat' dir='ltr'><strong>procedit;</strong></span> <span class='ocrx_word' id='word_1_59' title='bbox 2426 654 2512 711; x_wconf 85' lang='lat' dir='ltr'><strong>ita</strong></span> <span class='ocrx_word' id='word_1_60' title='bbox 2544 653 2735 729; x_wconf 89' lang='lat' dir='ltr'><strong>gratia</strong></span> <span class='ocrx_word' id='word_1_61' title='bbox 2768 654 2991 713; x_wconf 86' lang='lat' dir='ltr'><strong>sancti-</strong></span> 
     </span>
     <span class='ocr_line' id='line_1_7' title="bbox 357 741 2991 818; baseline 0.001 -18"><span class='ocrx_word' id='word_1_62' title='bbox 357 741 544 801; x_wconf 86' lang='lat' dir='ltr'><strong>ficans</strong></span> <span class='ocrx_word' id='word_1_63' title='bbox 574 746 790 802; x_wconf 83' lang='lat' dir='ltr'><strong>natura</strong></span> <span class='ocrx_word' id='word_1_64' title='bbox 822 761 935 801; x_wconf 88' lang='lat' dir='ltr'><strong>sua</strong></span> <span class='ocrx_word' id='word_1_65' title='bbox 961 741 1160 801; x_wconf 90' lang='lat' dir='ltr'><strong>tendit</strong></span> <span class='ocrx_word' id='word_1_66' title='bbox 1191 744 1255 802; x_wconf 92' lang='lat' dir='ltr'><strong>in</strong></span> <span class='ocrx_word' id='word_1_67' title='bbox 1285 743 1472 801; x_wconf 90' lang='lat' dir='ltr'><strong>Deum</strong></span> <span class='ocrx_word' id='word_1_68' title='bbox 1505 741 1683 799; x_wconf 89' lang='lat' dir='ltr'><strong>finem</strong></span> <span class='ocrx_word' id='word_1_69' title='bbox 1718 743 2245 818; x_wconf 74' lang='lat' dir='ltr'><strong>supernaturalem,</strong></span> <span class='ocrx_word' id='word_1_70' title='bbox 2264 750 2291 780; x_wconf 79' lang='lat'>‘</span> <span class='ocrx_word' id='word_1_71' title='bbox 2339 742 2505 801; x_wconf 88' lang='lat' dir='ltr'><strong>Unde</strong></span> <span class='ocrx_word' id='word_1_72' title='bbox 2537 743 2718 800; x_wconf 83' lang='lat' dir='ltr'><strong>infert</strong></span> <span class='ocrx_word' id='word_1_73' title='bbox 2751 751 2991 811; x_wconf 84' lang='lat' dir='ltr'><strong>,actum</strong></span> 
     </span>
     <span class='ocr_line' id='line_1_8' title="bbox 357 830 2988 907; baseline 0.001 -19"><span class='ocrx_word' id='word_1_74' title='bbox 357 832 877 907; x_wconf 78' lang='lat' dir='ltr'><strong>supernaturalem</strong></span> <span class='ocrx_word' id='word_1_75' title='bbox 913 850 1018 907; x_wconf 90' lang='lat' dir='ltr'><strong>per</strong></span> <span class='ocrx_word' id='word_1_76' title='bbox 1059 850 1122 891; x_wconf 88' lang='lat' dir='ltr'><strong>se</strong></span> <span class='ocrx_word' id='word_1_77' title='bbox 1169 836 1231 891; x_wconf 92' lang='lat' dir='ltr'><strong>et</strong></span> <span class='ocrx_word' id='word_1_78' title='bbox 1275 835 1489 890; x_wconf 81' lang='lat' dir='ltr'><strong>natura</strong></span> <span class='ocrx_word' id='word_1_79' title='bbox 1519 850 1628 889; x_wconf 86' lang='lat' dir='ltr'><strong>sua</strong></span> <span class='ocrx_word' id='word_1_80' title='bbox 1656 832 1900 890; x_wconf 79' lang='lat' dir='ltr'><strong>tendere</strong></span> <span class='ocrx_word' id='word_1_81' title='bbox 1934 830 1994 889; x_wconf 92' lang='lat' dir='ltr'><strong>in</strong></span> <span class='ocrx_word' id='word_1_82' title='bbox 2029 832 2213 889; x_wconf 91' lang='lat' dir='ltr'><strong>Deum</strong></span> <span class='ocrx_word' id='word_1_83' title='bbox 2248 830 2422 890; x_wconf 88' lang='lat' dir='ltr'><strong>finem</strong></span> <span class='ocrx_word' id='word_1_84' title='bbox 2458 833 2988 907; x_wconf 75' lang='lat' dir='ltr'><strong>supernaturalem,</strong></span> 
     </span>
     <span class='ocr_line' id='line_1_9' title="bbox 357 920 2987 996; baseline 0 -17"><span class='ocrx_word' id='word_1_85' title='bbox 357 921 600 979; x_wconf 82' lang='lat' dir='ltr'><strong>etiamsi</strong></span> <span class='ocrx_word' id='word_1_86' title='bbox 645 920 720 979; x_wconf 85' lang='lat' dir='ltr'><strong>ab</strong></span> <span class='ocrx_word' id='word_1_87' title='bbox 765 925 1047 996; x_wconf 78' lang='lat' dir='ltr'><strong>operante</strong></span> <span class='ocrx_word' id='word_1_88' title='bbox 1092 941 1200 996; x_wconf 89' lang='lat' dir='ltr'><strong>per</strong></span> <span class='ocrx_word' id='word_1_89' title='bbox 1243 921 1425 979; x_wconf 89' lang='lat' dir='ltr'><strong>alium</strong></span> <span class='ocrx_word' id='word_1_90' title='bbox 1472 921 1835 996; x_wconf 83' lang='lat' dir='ltr'><strong>peculiarem</strong></span> <span class='ocrx_word' id='word_1_91' title='bbox 1865 926 2062 978; x_wconf 82' lang='lat' dir='ltr'><strong>actum</strong></span> <span class='ocrx_word' id='word_1_92' title='bbox 2094 938 2216 978; x_wconf 91' lang='lat' dir='ltr'><strong>non</strong></span> <span class='ocrx_word' id='word_1_93' title='bbox 2247 920 2599 983; x_wconf 79' lang='lat' dir='ltr'><strong>referatur.‘</strong></span> <span class='ocrx_word' id='word_1_94' title='bbox 2667 921 2820 980; x_wconf 87' lang='lat' dir='ltr'><strong>Hinc</strong></span> <span class='ocrx_word' id='word_1_95' title='bbox 2851 940 2987 980; x_wconf 90' lang='lat' dir='ltr'><strong>con-</strong></span> 
     </span>
     <span class='ocr_line' id='line_1_10' title="bbox 356 1009 2992 1086; baseline 0 -18"><span class='ocrx_word' id='word_1_96' title='bbox 356 1012 639 1085; x_wconf 74' lang='lat' dir='ltr'><strong>sequitur</strong></span> <span class='ocrx_word' id='word_1_97' title='bbox 659 1011 864 1086; x_wconf 49' lang='lat' dir='ltr'><strong>jux-tos</strong></span> <span class='ocrx_word' id='word_1_98' title='bbox 912 1029 1018 1085; x_wconf 91' lang='lat' dir='ltr'><strong>per</strong></span> <span class='ocrx_word' id='word_1_99' title='bbox 1062 1028 1266 1069; x_wconf 89' lang='lat' dir='ltr'><strong>omnes</strong></span> <span class='ocrx_word' id='word_1_100' title='bbox 1300 1028 1525 1068; x_wconf 88' lang='lat' dir='ltr'><strong>merere</strong></span> <span class='ocrx_word' id='word_1_101' title='bbox 1557 1016 1724 1067; x_wconf 88' lang='lat' dir='ltr'><strong>actus</strong></span> <span class='ocrx_word' id='word_1_102' title='bbox 1758 1009 2066 1067; x_wconf 76' lang='lat' dir='ltr'><strong>salutares.</strong></span> <span class='ocrx_word' id='word_1_103' title='bbox 2134 1009 2306 1067; x_wconf 88' lang='lat' dir='ltr'><strong>Ratio</strong></span> <span class='ocrx_word' id='word_1_104' title='bbox 2339 1009 2551 1068; x_wconf 82' lang='lat' dir='ltr'><strong>asserti</strong></span> <span class='ocrx_word' id='word_1_105' title='bbox 2583 1010 2866 1085; x_wconf 88' lang='lat' dir='ltr'><strong>primaria</strong></span> <span class='ocrx_word' id='word_1_106' title='bbox 2898 1014 2992 1069; x_wconf 88' lang='lat' dir='ltr'><strong>est</strong></span> 
     </span>
     <span class='ocr_line' id='line_1_11' title="bbox 360 1097 2990 1175; baseline 0 -19"><span class='ocrx_word' id='word_1_107' title='bbox 360 1098 639 1157; x_wconf 82' lang='lat' dir='ltr'><strong>doctrina</strong></span> <span class='ocrx_word' id='word_1_108' title='bbox 670 1099 907 1158; x_wconf 84' lang='lat' dir='ltr'><strong>concilii</strong></span> <span class='ocrx_word' id='word_1_109' title='bbox 937 1098 1115 1157; x_wconf 89' lang='lat' dir='ltr'><strong>trid.</strong></span> <span class='ocrx_word' id='word_1_110' title='bbox 1149 1117 1292 1161; x_wconf 90' lang='lat' dir='ltr'><strong>sess.</strong></span> <span class='ocrx_word' id='word_1_111' title='bbox 1328 1109 1363 1161; x_wconf 88' lang='lat'>6</span> <span class='ocrx_word' id='word_1_112' title='bbox 1400 1118 1445 1157; x_wconf 93' lang='lat' dir='ltr'><strong>c.</strong></span> <span class='ocrx_word' id='word_1_113' title='bbox 1487 1109 1583 1169; x_wconf 79' lang='grc'><strong>16,</strong></span> <span class='ocrx_word' id='word_1_114' title='bbox 1635 1100 1792 1173; x_wconf 83' lang='lat' dir='ltr'><strong>quod</strong></span> <span class='ocrx_word' id='word_1_115' title='bbox 1842 1098 2139 1156; x_wconf 87' lang='lat' dir='ltr'><strong>disserens</strong></span> <span class='ocrx_word' id='word_1_116' title='bbox 2172 1097 2313 1156; x_wconf 87' lang='lat' dir='ltr'><strong>data</strong></span> <span class='ocrx_word' id='word_1_117' title='bbox 2341 1116 2520 1175; x_wconf 88' lang='lat' dir='ltr'><strong>opera</strong></span> <span class='ocrx_word' id='word_1_118' title='bbox 2550 1098 2622 1158; x_wconf 91' lang='lat' dir='ltr'><strong>de</strong></span> <span class='ocrx_word' id='word_1_119' title='bbox 2655 1099 2884 1158; x_wconf 79' lang='lat' dir='ltr'><strong>meritis</strong></span> <span class='ocrx_word' id='word_1_120' title='bbox 2917 1100 2990 1158; x_wconf 89' lang='lat' dir='ltr'><strong>ad</strong></span> 
     </span>
     <span class='ocr_line' id='line_1_12' title="bbox 358 1187 2993 1265; baseline 0 -19"><span class='ocrx_word' id='word_1_121' title='bbox 358 1190 649 1246; x_wconf 88' lang='lat' dir='ltr'><strong>meritum</strong></span> <span class='ocrx_word' id='word_1_122' title='bbox 678 1188 864 1264; x_wconf 79' lang='lat' dir='ltr'><strong>exigit</strong></span> <span class='ocrx_word' id='word_1_123' title='bbox 896 1191 1150 1258; x_wconf 86' lang='lat' dir='ltr'><strong>tantum,</strong></span> <span class='ocrx_word' id='word_1_124' title='bbox 1200 1190 1270 1246; x_wconf 87' lang='lat' dir='ltr'><strong>ut</strong></span> <span class='ocrx_word' id='word_1_125' title='bbox 1315 1206 1467 1263; x_wconf 88' lang='lat' dir='ltr'><strong>opus</strong></span> <span class='ocrx_word' id='word_1_126' title='bbox 1502 1188 1584 1246; x_wconf 88' lang='lat' dir='ltr'><strong>sit</strong></span> <span class='ocrx_word' id='word_1_127' title='bbox 1608 1188 1764 1263; x_wconf 79' lang='lat' dir='ltr'><strong>justi</strong></span> <span class='ocrx_word' id='word_1_128' title='bbox 1798 1190 1861 1245; x_wconf 90' lang='lat' dir='ltr'><strong>et</strong></span> <span class='ocrx_word' id='word_1_129' title='bbox 1890 1206 1957 1245; x_wconf 82' lang='lat' dir='ltr'><strong>ex</strong></span> <span class='ocrx_word' id='word_1_130' title='bbox 1993 1188 2110 1245; x_wconf 88' lang='lat' dir='ltr'><strong>Deo</strong></span> <span class='ocrx_word' id='word_1_131' title='bbox 2144 1206 2252 1246; x_wconf 91' lang='lat' dir='ltr'><strong>seu</strong></span> <span class='ocrx_word' id='word_1_132' title='bbox 2283 1188 2346 1245; x_wconf 89' lang='lat' dir='ltr'><strong>in</strong></span> <span class='ocrx_word' id='word_1_133' title='bbox 2378 1187 2575 1264; x_wconf 89' lang='lat' dir='ltr'><strong>gratia</strong></span> <span class='ocrx_word' id='word_1_134' title='bbox 2605 1192 2668 1247; x_wconf 90' lang='lat' dir='ltr'><strong>et</strong></span> <span class='ocrx_word' id='word_1_135' title='bbox 2698 1208 2768 1247; x_wconf 84' lang='lat' dir='ltr'><strong>ex</strong></span> <span class='ocrx_word' id='word_1_136' title='bbox 2799 1189 2993 1265; x_wconf 87' lang='lat' dir='ltr'><strong>gratia</strong></span> 
     </span>
     <span class='ocr_line' id='line_1_13' title="bbox 358 1276 2987 1354; baseline 0.001 -20"><span class='ocrx_word' id='word_1_137' title='bbox 358 1277 717 1352; x_wconf 80' lang='lat' dir='ltr'><strong>profectum.</strong></span> <span class='ocrx_word' id='word_1_138' title='bbox 757 1277 839 1336; x_wconf 89' lang='lat' dir='ltr'><strong>cf.</strong></span> <span class='ocrx_word' id='word_1_139' title='bbox 872 1276 943 1335; x_wconf 90' lang='lat' dir='ltr'><strong>de</strong></span> <span class='ocrx_word' id='word_1_140' title='bbox 975 1277 1082 1335; x_wconf 88' lang='lat' dir='ltr'><strong>hac</strong></span> <span class='ocrx_word' id='word_1_141' title='bbox 1113 1277 1477 1352; x_wconf 79' lang='lat' dir='ltr'><strong>quaestione,</strong></span> <span class='ocrx_word' id='word_1_142' title='bbox 1511 1296 1687 1351; x_wconf 89' lang='lat' dir='ltr'><strong>quam</strong></span> <span class='ocrx_word' id='word_1_143' title='bbox 1709 1277 1913 1352; x_wconf 83' lang='lat' dir='ltr'><strong>plures</strong></span> <span class='ocrx_word' id='word_1_144' title='bbox 1934 1276 2199 1354; x_wconf 79' lang='lat' dir='ltr'><strong>theologi</strong></span> <span class='ocrx_word' id='word_1_145' title='bbox 2230 1277 2542 1352; x_wconf 76' lang='lat' dir='ltr'><strong>implexam</strong></span> <span class='ocrx_word' id='word_1_146' title='bbox 2577 1276 2987 1350; x_wconf 85' lang='lat' dir='ltr'><strong>reddiderunt,</strong></span> 
     </span>
     <span class='ocr_line' id='line_1_14' title="bbox 357 1365 2983 1440; baseline 0 -16"><span class='ocrx_word' id='word_1_147' title='bbox 357 1366 850 1424; x_wconf 73' lang='lat' dir='ltr'><strong>Hiillendorf</strong></span> <span class='ocrx_word' id='word_1_148' title='bbox 877 1366 1157 1427; x_wconf 83' lang='lat' dir='ltr'><strong>Zeitschr.</strong></span> <span class='ocrx_word' id='word_1_149' title='bbox 1188 1366 1286 1424; x_wconf 74' lang='lat' dir='ltr'><strong>fiir</strong></span> <span class='ocrx_word' id='word_1_150' title='bbox 1316 1366 1373 1429; x_wconf 84' lang='lat' dir='ltr'><strong>k.</strong></span> <span class='ocrx_word' id='word_1_151' title='bbox 1405 1365 1794 1428; x_wconf 76' lang='lat' dir='ltr'><strong>Theol.1as.·›</strong></span> <span class='ocrx_word' id='word_1_152' title='bbox 1831 1376 2160 1440; x_wconf 78' lang='lat' dir='ltr'><strong>p-1—46;</strong></span> <span class='ocrx_word' id='word_1_153' title='bbox 2199 1375 2579 1437; x_wconf 79' lang='lat'>209—2403</span> <span class='ocrx_word' id='word_1_154' title='bbox 2616 1375 2983 1431; x_wconf 78' lang='grc'><strong>423-471,</strong></span> 
     </span>
     <span class='ocr_line' id='line_1_15' title="bbox 357 1450 2205 1537; baseline 0.001 -22"><span class='ocrx_word' id='word_1_155' title='bbox 357 1455 670 1516; x_wconf 88' lang='lat' dir='ltr'><strong>Schmid</strong></span> <span class='ocrx_word' id='word_1_156' title='bbox 701 1455 884 1513; x_wconf 87' lang='lat' dir='ltr'><strong>theol.</strong></span> <span class='ocrx_word' id='word_1_157' title='bbox 917 1455 1108 1530; x_wconf 81' lang='lat' dir='ltr'><strong>prakt.</strong></span> <span class='ocrx_word' id='word_1_158' title='bbox 1142 1455 1395 1523; x_wconf 84' lang='lat' dir='ltr'><strong>Qtlschr.</strong></span> <span class='ocrx_word' id='word_1_159' title='bbox 1430 1450 1623 1537; x_wconf 88' lang='lat' dir='ltr'><strong>(Linz)</strong></span> <span class='ocrx_word' id='word_1_160' title='bbox 1669 1465 1831 1519; x_wconf 84' lang='grc'><strong>1898</strong></span> <span class='ocrx_word' id='word_1_161' title='bbox 1866 1474 1924 1529; x_wconf 88' lang='lat' dir='ltr'><strong>p.</strong></span> <span class='ocrx_word' id='word_1_162' title='bbox 1965 1464 2086 1517; x_wconf 77' lang='lat'><strong>772</strong></span> <span class='ocrx_word' id='word_1_163' title='bbox 2124 1473 2205 1517; x_wconf 79' lang='lat' dir='ltr'><strong>ss,</strong></span> 
     </span>
    </p>
   </div>
   <div class='ocr_carea' id='block_1_3' title="bbox 347 1596 2988 4256">
    <p class='ocr_par' dir='ltr' id='par_1_3' title="bbox 347 1596 2988 4256">
     <span class='ocr_line' id='line_1_16' title="bbox 547 1596 2983 1675; baseline 0 -17"><span class='ocrx_word' id='word_1_164' title='bbox 547 1607 692 1658; x_wconf 75' lang='lat'><strong>⁶230.</strong></span> <span class='ocrx_word' id='word_1_165' title='bbox 724 1598 934 1672; x_wconf 81' lang='lat' dir='ltr'><strong>Neque</strong></span> <span class='ocrx_word' id='word_1_166' title='bbox 964 1598 1100 1672; x_wconf 87' lang='lat' dir='ltr'><strong>plus</strong></span> <span class='ocrx_word' id='word_1_167' title='bbox 1133 1596 1417 1656; x_wconf 82' lang='lat' dir='ltr'><strong>videntur</strong></span> <span class='ocrx_word' id='word_1_168' title='bbox 1447 1597 1683 1673; x_wconf 83' lang='lat' dir='ltr'><strong>exigere</strong></span> <span class='ocrx_word' id='word_1_169' title='bbox 1715 1596 1897 1655; x_wconf 86' lang='lat' dir='ltr'><strong>verba</strong></span> <span class='ocrx_word' id='word_1_170' title='bbox 1930 1596 2099 1655; x_wconf 87' lang='lat' dir='ltr'><strong>Pauli</strong></span> <span class='ocrx_word' id='word_1_171' title='bbox 2138 1607 2188 1659; x_wconf 90' lang='lat'><strong>1.</strong></span> <span class='ocrx_word' id='word_1_172' title='bbox 2222 1596 2348 1657; x_wconf 86' lang='lat' dir='ltr'><strong>Cor.</strong></span> <span class='ocrx_word' id='word_1_173' title='bbox 2391 1607 2485 1667; x_wconf 91' lang='grc'><strong>10,</strong></span> <span class='ocrx_word' id='word_1_174' title='bbox 2524 1605 2598 1660; x_wconf 86' lang='grc'><strong>31</strong></span> <span class='ocrx_word' id='word_1_175' title='bbox 2626 1618 2639 1655; x_wconf 77' lang='lat' dir='ltr'><strong>t</strong></span> <span class='ocrx_word' id='word_1_176' title='bbox 2691 1599 2820 1656; x_wconf 75' lang='lat' dir='ltr'><strong>Sive</strong></span> <span class='ocrx_word' id='word_1_177' title='bbox 2850 1618 2983 1675; x_wconf 75' lang='lat' dir='ltr'><strong>erqo</strong></span> 
     </span>
     <span class='ocr_line' id='line_1_17' title="bbox 363 1686 2983 1763; baseline 0.001 -20"><span class='ocrx_word' id='word_1_178' title='bbox 363 1688 738 1745; x_wconf 70' lang='lat' dir='ltr'><strong>manducatis</strong></span> <span class='ocrx_word' id='word_1_179' title='bbox 767 1689 881 1745; x_wconf 71' lang='lat' dir='ltr'><strong>aive</strong></span> <span class='ocrx_word' id='word_1_180' title='bbox 914 1686 1105 1745; x_wconf 67' lang='lat' dir='ltr'><strong>bibitis</strong></span> <span class='ocrx_word' id='word_1_181' title='bbox 1134 1688 1247 1745; x_wconf 71' lang='lat' dir='ltr'><strong>sive</strong></span> <span class='ocrx_word' id='word_1_182' title='bbox 1277 1687 1443 1744; x_wconf 81' lang='lat' dir='ltr'><strong>aliud</strong></span> <span class='ocrx_word' id='word_1_183' title='bbox 1473 1688 1613 1763; x_wconf 80' lang='lat' dir='ltr'><strong>quid</strong></span> <span class='ocrx_word' id='word_1_184' title='bbox 1639 1686 1860 1759; x_wconf 77' lang='lat' dir='ltr'><strong>facitis,</strong></span> <span class='ocrx_word' id='word_1_185' title='bbox 1892 1688 2086 1743; x_wconf 82' lang='lat' dir='ltr'><strong>omnia</strong></span> <span class='ocrx_word' id='word_1_186' title='bbox 2120 1688 2182 1743; x_wconf 81' lang='lat' dir='ltr'><strong>in</strong></span> <span class='ocrx_word' id='word_1_187' title='bbox 2210 1687 2461 1763; x_wconf 74' lang='lat' dir='ltr'><strong>qloriam</strong></span> <span class='ocrx_word' id='word_1_188' title='bbox 2496 1687 2605 1745; x_wconf 70' lang='lat' dir='ltr'><strong>Dea·</strong></span> <span class='ocrx_word' id='word_1_189' title='bbox 2631 1687 2820 1760; x_wconf 80' lang='lat' dir='ltr'><strong>facile.</strong></span> <span class='ocrx_word' id='word_1_190' title='bbox 2872 1689 2983 1746; x_wconf 87' lang='lat' dir='ltr'><strong>De-</strong></span> 
     </span>
     <span class='ocr_line' id='line_1_18' title="bbox 361 1775 2982 1852; baseline 0.001 -19"><span class='ocrx_word' id='word_1_191' title='bbox 361 1776 819 1834; x_wconf 83' lang='lat' dir='ltr'><strong>monstrandum</strong></span> <span class='ocrx_word' id='word_1_192' title='bbox 840 1776 998 1833; x_wconf 88' lang='lat' dir='ltr'><strong>enim</strong></span> <span class='ocrx_word' id='word_1_193' title='bbox 1018 1778 1195 1851; x_wconf 76' lang='lat' dir='ltr'><strong>esset,</strong></span> <span class='ocrx_word' id='word_1_194' title='bbox 1228 1776 1390 1834; x_wconf 88' lang='lat' dir='ltr'><strong>hisce</strong></span> <span class='ocrx_word' id='word_1_195' title='bbox 1409 1776 1606 1833; x_wconf 87' lang='lat' dir='ltr'><strong>verbis</strong></span> <span class='ocrx_word' id='word_1_196' title='bbox 1628 1775 1920 1833; x_wconf 83' lang='lat' dir='ltr'><strong>contineri</strong></span> <span class='ocrx_word' id='word_1_197' title='bbox 1948 1794 1988 1850; x_wconf 91' lang='lat' dir='ltr'><strong>p</strong></span> <span class='ocrx_word' id='word_1_198' title='bbox 2008 1793 2036 1831; x_wconf 87' lang='lat' dir='ltr'><strong>r</strong></span> <span class='ocrx_word' id='word_1_199' title='bbox 2050 1795 2084 1833; x_wconf 88' lang='lat' dir='ltr'><strong>a</strong></span> <span class='ocrx_word' id='word_1_200' title='bbox 2098 1794 2129 1833; x_wconf 93' lang='lat' dir='ltr'><strong>e</strong></span> <span class='ocrx_word' id='word_1_201' title='bbox 2145 1792 2175 1833; x_wconf 92' lang='lat' dir='ltr'><strong>c</strong></span> <span class='ocrx_word' id='word_1_202' title='bbox 2192 1794 2222 1832; x_wconf 91' lang='lat' dir='ltr'><strong>e</strong></span> <span class='ocrx_word' id='word_1_203' title='bbox 2238 1796 2277 1851; x_wconf 93' lang='lat' dir='ltr'><strong>p</strong></span> <span class='ocrx_word' id='word_1_204' title='bbox 2296 1780 2321 1832; x_wconf 90' lang='lat' dir='ltr'><strong>t</strong></span> <span class='ocrx_word' id='word_1_205' title='bbox 2336 1796 2375 1834; x_wconf 99' lang='lat' dir='ltr'><strong>u</strong></span> <span class='ocrx_word' id='word_1_206' title='bbox 2390 1795 2451 1834; x_wconf 91' lang='lat' dir='ltr'><strong>m</strong></span> <span class='ocrx_word' id='word_1_207' title='bbox 2484 1777 2719 1852; x_wconf 89' lang='lat' dir='ltr'><strong>proprie</strong></span> <span class='ocrx_word' id='word_1_208' title='bbox 2739 1777 2982 1848; x_wconf 85' lang='lat' dir='ltr'><strong>dictum,</strong></span> 
     </span>
     <span class='ocr_line' id='line_1_19' title="bbox 359 1862 2984 1945; baseline 0.001 -23"><span class='ocrx_word' id='word_1_209' title='bbox 359 1884 482 1923; x_wconf 88' lang='lat' dir='ltr'><strong>non</strong></span> <span class='ocrx_word' id='word_1_210' title='bbox 505 1865 696 1922; x_wconf 89' lang='lat' dir='ltr'><strong>solum</strong></span> <span class='ocrx_word' id='word_1_211' title='bbox 733 1865 1171 1923; x_wconf 89' lang='lat' dir='ltr'><strong>consilium.</strong></span> <span class='ocrx_word' id='word_1_212' title='bbox 1220 1863 1388 1932; x_wconf 84' lang='lat' dir='ltr'><strong>Quod</strong></span> <span class='ocrx_word' id='word_1_213' title='bbox 1422 1864 1469 1922; x_wconf 88' lang='lat' dir='ltr'><strong>si</strong></span> <span class='ocrx_word' id='word_1_214' title='bbox 1502 1865 1880 1940; x_wconf 86' lang='lat' dir='ltr'><strong>accipiuntur</strong></span> <span class='ocrx_word' id='word_1_215' title='bbox 1912 1865 2438 1939; x_wconf 81' lang='lat' dir='ltr'><strong>praeceptive,</strong></span> <span class='ocrx_word' id='word_1_216' title='bbox 2473 1865 2837 1941; x_wconf 89' lang='lat' dir='ltr'><strong>praecipitur</strong></span> <span class='ocrx_word' id='word_1_217' title='bbox 2857 1862 2984 1945; x_wconf 90' lang='lat' dir='ltr'><strong>(ne-</strong></span> 
     </span>
     <span class='ocr_line' id='line_1_20' title="bbox 362 1950 2988 2033; baseline 0.001 -21"><span class='ocrx_word' id='word_1_218' title='bbox 362 1950 612 2033; x_wconf 82' lang='lat' dir='ltr'><strong>gative),</strong></span> <span class='ocrx_word' id='word_1_219' title='bbox 645 1973 719 2012; x_wconf 89' lang='lat' dir='ltr'><strong>ne</strong></span> <span class='ocrx_word' id='word_1_220' title='bbox 753 1953 899 2028; x_wconf 88' lang='lat' dir='ltr'><strong>quid</strong></span> <span class='ocrx_word' id='word_1_221' title='bbox 931 1973 1195 2029; x_wconf 84' lang='lat' dir='ltr'><strong>unquam</strong></span> <span class='ocrx_word' id='word_1_222' title='bbox 1217 1958 1422 2012; x_wconf 86' lang='lat' dir='ltr'><strong>contra</strong></span> <span class='ocrx_word' id='word_1_223' title='bbox 1443 1954 1694 2031; x_wconf 87' lang='lat' dir='ltr'><strong>gloriam</strong></span> <span class='ocrx_word' id='word_1_224' title='bbox 1720 1952 1825 2011; x_wconf 89' lang='lat' dir='ltr'><strong>Dei</strong></span> <span class='ocrx_word' id='word_1_225' title='bbox 1846 1952 2157 2019; x_wconf 84' lang='lat' dir='ltr'><strong>faciamus;</strong></span> <span class='ocrx_word' id='word_1_226' title='bbox 2192 1954 2544 2012; x_wconf 79' lang='lat' dir='ltr'><strong>affirmative</strong></span> <span class='ocrx_word' id='word_1_227' title='bbox 2576 1973 2731 2026; x_wconf 84' lang='lat' dir='ltr'><strong>vere,</strong></span> <span class='ocrx_word' id='word_1_228' title='bbox 2765 1973 2885 2014; x_wconf 91' lang='lat' dir='ltr'><strong>non</strong></span> <span class='ocrx_word' id='word_1_229' title='bbox 2915 1959 2988 2014; x_wconf 88' lang='lat' dir='ltr'><strong>ut</strong></span> 
     </span>
     <span class='ocr_line' id='line_1_21' title="bbox 360 2042 2980 2119; baseline 0 -16"><span class='ocrx_word' id='word_1_230' title='bbox 360 2043 560 2103; x_wconf 90' lang='lat' dir='ltr'><strong>omnia</strong></span> <span class='ocrx_word' id='word_1_231' title='bbox 592 2047 769 2101; x_wconf 86' lang='lat' dir='ltr'><strong>actu</strong></span> <span class='ocrx_word' id='word_1_232' title='bbox 804 2044 865 2101; x_wconf 87' lang='lat' dir='ltr'><strong>in</strong></span> <span class='ocrx_word' id='word_1_233' title='bbox 899 2044 1086 2101; x_wconf 89' lang='lat' dir='ltr'><strong>Deum</strong></span> <span class='ocrx_word' id='word_1_234' title='bbox 1117 2042 1470 2108; x_wconf 81' lang='lat' dir='ltr'><strong>referantur,</strong></span> <span class='ocrx_word' id='word_1_235' title='bbox 1505 2048 1576 2101; x_wconf 87' lang='lat' dir='ltr'><strong>ut</strong></span> <span class='ocrx_word' id='word_1_236' title='bbox 1606 2042 2001 2100; x_wconf 89' lang='lat' dir='ltr'><strong>communiter</strong></span> <span class='ocrx_word' id='word_1_237' title='bbox 2031 2043 2362 2102; x_wconf 89' lang='lat' dir='ltr'><strong>concedunt</strong></span> <span class='ocrx_word' id='word_1_238' title='bbox 2392 2043 2684 2119; x_wconf 84' lang='lat' dir='ltr'><strong>theologi:</strong></span> <span class='ocrx_word' id='word_1_239' title='bbox 2733 2044 2792 2100; x_wconf 83' lang='lat' dir='ltr'><strong>id</strong></span> <span class='ocrx_word' id='word_1_240' title='bbox 2827 2045 2980 2103; x_wconf 88' lang='lat' dir='ltr'><strong>enim</strong></span> 
     </span>
     <span class='ocr_line' id='line_1_22' title="bbox 357 2131 2982 2209; baseline 0.001 -20"><span class='ocrx_word' id='word_1_241' title='bbox 357 2132 540 2190; x_wconf 76' lang='lat' dir='ltr'><strong>nimis</strong></span> <span class='ocrx_word' id='word_1_242' title='bbox 574 2131 816 2190; x_wconf 79' lang='lat' dir='ltr'><strong>difficile</strong></span> <span class='ocrx_word' id='word_1_243' title='bbox 847 2135 1007 2190; x_wconf 83' lang='lat' dir='ltr'><strong>esset</strong></span> <span class='ocrx_word' id='word_1_244' title='bbox 1036 2132 1253 2190; x_wconf 88' lang='lat' dir='ltr'><strong>misero</strong></span> <span class='ocrx_word' id='word_1_245' title='bbox 1285 2132 1510 2190; x_wconf 90' lang='lat' dir='ltr'><strong>homini</strong></span> <span class='ocrx_word' id='word_1_246' title='bbox 1540 2135 1632 2190; x_wconf 86' lang='lat' dir='ltr'><strong>tot</strong></span> <span class='ocrx_word' id='word_1_247' title='bbox 1663 2131 2148 2190; x_wconf 76' lang='lat' dir='ltr'><strong>distractionibus</strong></span> <span class='ocrx_word' id='word_1_248' title='bbox 2189 2131 2472 2191; x_wconf 82' lang='lat' dir='ltr'><strong>obnoxio:</strong></span> <span class='ocrx_word' id='word_1_249' title='bbox 2519 2132 2621 2190; x_wconf 89' lang='lat' dir='ltr'><strong>sed</strong></span> <span class='ocrx_word' id='word_1_250' title='bbox 2665 2135 2738 2191; x_wconf 86' lang='lat' dir='ltr'><strong>ut</strong></span> <span class='ocrx_word' id='word_1_251' title='bbox 2781 2134 2982 2209; x_wconf 83' lang='lat' dir='ltr'><strong>aliquo</strong></span> 
     </span>
     <span class='ocr_line' id='line_1_23' title="bbox 361 2220 2983 2297; baseline 0.001 -18"><span class='ocrx_word' id='word_1_252' title='bbox 361 2222 574 2279; x_wconf 84' lang='lat' dir='ltr'><strong>saltem</strong></span> <span class='ocrx_word' id='word_1_253' title='bbox 610 2221 783 2279; x_wconf 91' lang='lat' dir='ltr'><strong>modo</strong></span> <span class='ocrx_word' id='word_1_254' title='bbox 805 2221 1142 2297; x_wconf 83' lang='lat' dir='ltr'><strong>dirigantur</strong></span> <span class='ocrx_word' id='word_1_255' title='bbox 1174 2221 1235 2277; x_wconf 91' lang='lat' dir='ltr'><strong>in</strong></span> <span class='ocrx_word' id='word_1_256' title='bbox 1271 2222 1477 2289; x_wconf 88' lang='lat' dir='ltr'><strong>Deum,</strong></span> <span class='ocrx_word' id='word_1_257' title='bbox 1512 2221 1583 2278; x_wconf 90' lang='lat' dir='ltr'><strong>ad</strong></span> <span class='ocrx_word' id='word_1_258' title='bbox 1618 2221 1774 2295; x_wconf 91' lang='lat' dir='ltr'><strong>quod</strong></span> <span class='ocrx_word' id='word_1_259' title='bbox 1807 2220 2061 2279; x_wconf 82' lang='lat' dir='ltr'><strong>sufficiet</strong></span> <span class='ocrx_word' id='word_1_260' title='bbox 2091 2239 2208 2278; x_wconf 91' lang='lat' dir='ltr'><strong>non</strong></span> <span class='ocrx_word' id='word_1_261' title='bbox 2244 2221 2435 2279; x_wconf 91' lang='lat' dir='ltr'><strong>solum</strong></span> <span class='ocrx_word' id='word_1_262' title='bbox 2458 2221 2668 2280; x_wconf 84' lang='lat' dir='ltr'><strong>relatio</strong></span> <span class='ocrx_word' id='word_1_263' title='bbox 2689 2221 2983 2292; x_wconf 78' lang='lat' dir='ltr'><strong>virtualiS,</strong></span> 
     </span>
     <span class='ocr_line' id='line_1_24' title="bbox 362 2309 2987 2389; baseline 0.002 -23"><span class='ocrx_word' id='word_1_264' title='bbox 362 2309 463 2368; x_wconf 86' lang='lat' dir='ltr'><strong>sed</strong></span> <span class='ocrx_word' id='word_1_265' title='bbox 502 2310 682 2367; x_wconf 87' lang='lat' dir='ltr'><strong>etiam</strong></span> <span class='ocrx_word' id='word_1_266' title='bbox 715 2310 1296 2379; x_wconf 78' lang='lat' dir='ltr'><strong>connaturali8‚</strong></span> <span class='ocrx_word' id='word_1_267' title='bbox 1333 2329 1508 2383; x_wconf 88' lang='lat' dir='ltr'><strong>quam</strong></span> <span class='ocrx_word' id='word_1_268' title='bbox 1545 2329 1601 2372; x_wconf 90' lang='lat' dir='ltr'><strong>n.</strong></span> <span class='ocrx_word' id='word_1_269' title='bbox 1638 2318 1762 2371; x_wconf 84' lang='lat'><strong>229</strong></span> <span class='ocrx_word' id='word_1_270' title='bbox 1799 2309 2142 2371; x_wconf 81' lang='lat' dir='ltr'><strong>statuimus,</strong></span> <span class='ocrx_word' id='word_1_271' title='bbox 2206 2310 2295 2367; x_wconf 85' lang='lat' dir='ltr'><strong>En</strong></span> <span class='ocrx_word' id='word_1_272' title='bbox 2335 2329 2509 2384; x_wconf 89' lang='lat' dir='ltr'><strong>quam</strong></span> <span class='ocrx_word' id='word_1_273' title='bbox 2544 2329 2756 2386; x_wconf 91' lang='lat' dir='ltr'><strong>parum</strong></span> <span class='ocrx_word' id='word_1_274' title='bbox 2788 2312 2987 2389; x_wconf 82' lang='lat' dir='ltr'><strong>exigat</strong></span> 
     </span>
     <span class='ocr_line' id='line_1_25' title="bbox 359 2398 2978 2476; baseline 0 -19"><span class='ocrx_word' id='word_1_275' title='bbox 359 2417 404 2457; x_wconf 76' lang='lat' dir='ltr'><strong>s·</strong></span> <span class='ocrx_word' id='word_1_276' title='bbox 436 2399 944 2476; x_wconf 84' lang='lat' dir='ltr'><strong>Augustinus</strong></span> <span class='ocrx_word' id='word_1_277' title='bbox 991 2399 1062 2456; x_wconf 88' lang='lat' dir='ltr'><strong>ad</strong></span> <span class='ocrx_word' id='word_1_278' title='bbox 1110 2398 1402 2457; x_wconf 88' lang='lat' dir='ltr'><strong>monitum</strong></span> <span class='ocrx_word' id='word_1_279' title='bbox 1449 2399 1705 2475; x_wconf 82' lang='lat' dir='ltr'><strong>apostoli</strong></span> <span class='ocrx_word' id='word_1_280' title='bbox 1751 2398 2199 2473; x_wconf 80' lang='lat' dir='ltr'><strong>adimplendum</strong></span> <span class='ocrx_word' id='word_1_281' title='bbox 2244 2399 2329 2456; x_wconf 84' lang='lat' dir='ltr'><strong>ita</strong></span> <span class='ocrx_word' id='word_1_282' title='bbox 2374 2400 2435 2456; x_wconf 90' lang='lat' dir='ltr'><strong>in</strong></span> <span class='ocrx_word' id='word_1_283' title='bbox 2481 2399 2571 2463; x_wconf 79' lang='lat' dir='ltr'><strong>Ps.</strong></span> <span class='ocrx_word' id='word_1_284' title='bbox 2609 2407 2689 2461; x_wconf 82' lang='lat'><strong>34</strong></span> <span class='ocrx_word' id='word_1_285' title='bbox 2735 2419 2908 2462; x_wconf 88' lang='lat' dir='ltr'><strong>serm.</strong></span> <span class='ocrx_word' id='word_1_286' title='bbox 2946 2410 2978 2463; x_wconf 87' lang='lat'>2</span> 
     </span>
     <span class='ocr_line' id='line_1_26' title="bbox 357 2487 2982 2565; baseline 0.001 -19"><span class='ocrx_word' id='word_1_287' title='bbox 357 2507 416 2546; x_wconf 88' lang='lat' dir='ltr'><strong>n.</strong></span> <span class='ocrx_word' id='word_1_288' title='bbox 463 2497 533 2549; x_wconf 87' lang='grc'><strong>16</strong></span> <span class='ocrx_word' id='word_1_289' title='bbox 570 2487 820 2546; x_wconf 88' lang='lat' dir='ltr'><strong>docens:</strong></span> <span class='ocrx_word' id='word_1_290' title='bbox 858 2488 1041 2556; x_wconf 84' lang='lat' dir='ltr'><strong>,Tota</strong></span> <span class='ocrx_word' id='word_1_291' title='bbox 1071 2487 1167 2544; x_wconf 91' lang='lat' dir='ltr'><strong>die</strong></span> <span class='ocrx_word' id='word_1_292' title='bbox 1203 2489 1387 2545; x_wconf 88' lang='lat' dir='ltr'><strong>Deum</strong></span> <span class='ocrx_word' id='word_1_293' title='bbox 1423 2487 1665 2545; x_wconf 88' lang='lat' dir='ltr'><strong>laudare</strong></span> <span class='ocrx_word' id='word_1_294' title='bbox 1699 2487 1835 2563; x_wconf 87' lang='lat' dir='ltr'><strong>quis</strong></span> <span class='ocrx_word' id='word_1_295' title='bbox 1870 2487 2086 2545; x_wconf 76' lang='lat' dir='ltr'><strong>durat?</strong></span> <span class='ocrx_word' id='word_1_296' title='bbox 2144 2488 2409 2565; x_wconf 82' lang='lat' dir='ltr'><strong>Suggero</strong></span> <span class='ocrx_word' id='word_1_297' title='bbox 2441 2488 2788 2556; x_wconf 90' lang='lat' dir='ltr'><strong>remedium,</strong></span> <span class='ocrx_word' id='word_1_298' title='bbox 2823 2490 2982 2548; x_wconf 88' lang='lat' dir='ltr'><strong>unde</strong></span> 
     </span>
     <span class='ocr_line' id='line_1_27' title="bbox 353 2576 2976 2647; baseline 0.001 -12"><span class='ocrx_word' id='word_1_299' title='bbox 353 2580 485 2635; x_wconf 81' lang='lat' dir='ltr'><strong>tota</strong></span> <span class='ocrx_word' id='word_1_300' title='bbox 515 2577 613 2636; x_wconf 88' lang='lat' dir='ltr'><strong>die</strong></span> <span class='ocrx_word' id='word_1_301' title='bbox 645 2577 850 2635; x_wconf 87' lang='lat' dir='ltr'><strong>laudes</strong></span> <span class='ocrx_word' id='word_1_302' title='bbox 881 2578 1086 2647; x_wconf 91' lang='lat' dir='ltr'><strong>Deum,</strong></span> <span class='ocrx_word' id='word_1_303' title='bbox 1120 2576 1169 2634; x_wconf 89' lang='lat' dir='ltr'><strong>si</strong></span> <span class='ocrx_word' id='word_1_304' title='bbox 1201 2577 1291 2634; x_wconf 82' lang='lat' dir='ltr'><strong>vis</strong></span> <span class='ocrx_word' id='word_1_305' title='bbox 1327 2620 1339 2633; x_wconf 91' lang='lat'><strong>.</strong></span> <span class='ocrx_word' id='word_1_306' title='bbox 1373 2622 1385 2635; x_wconf 90' lang='lat'><strong>.</strong></span> <span class='ocrx_word' id='word_1_307' title='bbox 1421 2620 1433 2633; x_wconf 91' lang='lat'><strong>.</strong></span> <span class='ocrx_word' id='word_1_308' title='bbox 1481 2576 1742 2635; x_wconf 68' lang='lat' dir='ltr'><strong>Disvedis</strong></span> <span class='ocrx_word' id='word_1_309' title='bbox 1773 2580 1845 2635; x_wconf 89' lang='lat' dir='ltr'><strong>ut</strong></span> <span class='ocrx_word' id='word_1_310' title='bbox 1875 2576 2200 2634; x_wconf 79' lang='lat' dir='ltr'><strong>reficiaris?</strong></span> <span class='ocrx_word' id='word_1_311' title='bbox 2244 2577 2369 2637; x_wconf 90' lang='lat' dir='ltr'><strong>noli</strong></span> <span class='ocrx_word' id='word_1_312' title='bbox 2392 2576 2692 2646; x_wconf 90' lang='lat' dir='ltr'><strong>inebriari,</strong></span> <span class='ocrx_word' id='word_1_313' title='bbox 2741 2580 2802 2636; x_wconf 88' lang='lat' dir='ltr'><strong>et</strong></span> <span class='ocrx_word' id='word_1_314' title='bbox 2846 2578 2976 2637; x_wconf 90' lang='lat' dir='ltr'><strong>lau-</strong></span> 
     </span>
     <span class='ocr_line' id='line_1_28' title="bbox 355 2665 2976 2744; baseline 0.001 -19"><span class='ocrx_word' id='word_1_315' title='bbox 355 2666 512 2725; x_wconf 78' lang='lat' dir='ltr'><strong>dasti</strong></span> <span class='ocrx_word' id='word_1_316' title='bbox 549 2667 765 2735; x_wconf 87' lang='lat' dir='ltr'><strong>Deum;</strong></span> <span class='ocrx_word' id='word_1_317' title='bbox 797 2665 1056 2725; x_wconf 69' lang='lat' dir='ltr'><strong>discedis</strong></span> <span class='ocrx_word' id='word_1_318' title='bbox 1087 2670 1157 2725; x_wconf 91' lang='lat' dir='ltr'><strong>ut</strong></span> <span class='ocrx_word' id='word_1_319' title='bbox 1188 2666 1487 2726; x_wconf 73' lang='lat' dir='ltr'><strong>dormias?</strong></span> <span class='ocrx_word' id='word_1_320' title='bbox 1519 2666 1644 2725; x_wconf 89' lang='lat' dir='ltr'><strong>noli</strong></span> <span class='ocrx_word' id='word_1_321' title='bbox 1676 2685 1921 2744; x_wconf 86' lang='lat' dir='ltr'><strong>surgere</strong></span> <span class='ocrx_word' id='word_1_322' title='bbox 1951 2666 2025 2725; x_wconf 88' lang='lat' dir='ltr'><strong>ad</strong></span> <span class='ocrx_word' id='word_1_323' title='bbox 2057 2667 2212 2725; x_wconf 89' lang='lat' dir='ltr'><strong>male</strong></span> <span class='ocrx_word' id='word_1_324' title='bbox 2243 2665 2594 2737; x_wconf 84' lang='lat' dir='ltr'><strong>faciendum,</strong></span> <span class='ocrx_word' id='word_1_325' title='bbox 2629 2670 2690 2726; x_wconf 90' lang='lat' dir='ltr'><strong>et</strong></span> <span class='ocrx_word' id='word_1_326' title='bbox 2721 2666 2976 2727; x_wconf 81' lang='lat' dir='ltr'><strong>laudasti</strong></span> 
     </span>
     <span class='ocr_line' id='line_1_29' title="bbox 355 2755 2973 2833; baseline 0 -19"><span class='ocrx_word' id='word_1_327' title='bbox 355 2758 580 2827; x_wconf 86' lang='lat' dir='ltr'><strong>Deum;</strong></span> <span class='ocrx_word' id='word_1_328' title='bbox 626 2757 933 2832; x_wconf 82' lang='lat' dir='ltr'><strong>negotium</strong></span> <span class='ocrx_word' id='word_1_329' title='bbox 967 2757 1137 2833; x_wconf 79' lang='lat' dir='ltr'><strong>agis?</strong></span> <span class='ocrx_word' id='word_1_330' title='bbox 1182 2756 1304 2814; x_wconf 91' lang='lat' dir='ltr'><strong>noli</strong></span> <span class='ocrx_word' id='word_1_331' title='bbox 1338 2755 1606 2814; x_wconf 82' lang='lat' dir='ltr'><strong>fraudem</strong></span> <span class='ocrx_word' id='word_1_332' title='bbox 1638 2756 1847 2826; x_wconf 88' lang='lat' dir='ltr'><strong>facere,</strong></span> <span class='ocrx_word' id='word_1_333' title='bbox 1880 2761 1942 2814; x_wconf 89' lang='lat' dir='ltr'><strong>et</strong></span> <span class='ocrx_word' id='word_1_334' title='bbox 1973 2756 2232 2815; x_wconf 86' lang='lat' dir='ltr'><strong>laudasti</strong></span> <span class='ocrx_word' id='word_1_335' title='bbox 2265 2758 2512 2818; x_wconf 80' lang='lat' dir='ltr'><strong>Deum.‘</strong></span> <span class='ocrx_word' id='word_1_336' title='bbox 2548 2790 2633 2800; x_wconf 94' lang='lat'><strong>--</strong></span> <span class='ocrx_word' id='word_1_337' title='bbox 2666 2757 2973 2815; x_wconf 90' lang='lat' dir='ltr'><strong>Bellar—</strong></span> 
     </span>
     <span class='ocr_line' id='line_1_30' title="bbox 352 2845 2972 2922; baseline 0 -18"><span class='ocrx_word' id='word_1_338' title='bbox 352 2847 504 2904; x_wconf 90' lang='lat' dir='ltr'><strong>min</strong></span> <span class='ocrx_word' id='word_1_339' title='bbox 525 2864 613 2903; x_wconf 87' lang='lat' dir='ltr'><strong>us</strong></span> <span class='ocrx_word' id='word_1_340' title='bbox 647 2864 786 2904; x_wconf 82' lang='lat' dir='ltr'><strong>vero</strong></span> <span class='ocrx_word' id='word_1_341' title='bbox 818 2845 891 2904; x_wconf 89' lang='lat' dir='ltr'><strong>de</strong></span> <span class='ocrx_word' id='word_1_342' title='bbox 923 2849 1114 2922; x_wconf 86' lang='lat' dir='ltr'><strong>grat-a</strong></span> <span class='ocrx_word' id='word_1_343' title='bbox 1143 2849 1204 2904; x_wconf 89' lang='lat' dir='ltr'><strong>et</strong></span> <span class='ocrx_word' id='word_1_344' title='bbox 1235 2845 1337 2903; x_wconf 90' lang='lat' dir='ltr'><strong>lib.</strong></span> <span class='ocrx_word' id='word_1_345' title='bbox 1369 2845 1490 2903; x_wconf 87' lang='lat' dir='ltr'><strong>arb.</strong></span> <span class='ocrx_word' id='word_1_346' title='bbox 1527 2845 1593 2914; x_wconf 80' lang='lat' dir='ltr'><strong>V,</strong></span> <span class='ocrx_word' id='word_1_347' title='bbox 1628 2856 1694 2907; x_wconf 81' lang='lat'><strong>9:</strong></span> <span class='ocrx_word' id='word_1_348' title='bbox 1751 2845 1928 2914; x_wconf 79' lang='lat' dir='ltr'><strong>,Non</strong></span> <span class='ocrx_word' id='word_1_349' title='bbox 1961 2849 2053 2903; x_wconf 83' lang='lat' dir='ltr'><strong>est</strong></span> <span class='ocrx_word' id='word_1_350' title='bbox 2083 2864 2342 2916; x_wconf 87' lang='lat' dir='ltr'><strong>necesse,</strong></span> <span class='ocrx_word' id='word_1_351' title='bbox 2390 2846 2607 2921; x_wconf 90' lang='lat' dir='ltr'><strong>inquit,</strong></span> <span class='ocrx_word' id='word_1_352' title='bbox 2654 2846 2852 2904; x_wconf 89' lang='lat' dir='ltr'><strong>omnia</strong></span> <span class='ocrx_word' id='word_1_353' title='bbox 2882 2866 2972 2905; x_wconf 90' lang='lat' dir='ltr'><strong>re-</strong></span> 
     </span>
     <span class='ocr_line' id='line_1_31' title="bbox 349 2934 2972 3010; baseline 0 -17"><span class='ocrx_word' id='word_1_354' title='bbox 349 2935 504 2993; x_wconf 84' lang='lat' dir='ltr'><strong>ferre</strong></span> <span class='ocrx_word' id='word_1_355' title='bbox 536 2936 599 2992; x_wconf 92' lang='lat' dir='ltr'><strong>in</strong></span> <span class='ocrx_word' id='word_1_356' title='bbox 634 2935 822 2992; x_wconf 89' lang='lat' dir='ltr'><strong>Deum</strong></span> <span class='ocrx_word' id='word_1_357' title='bbox 854 2934 1144 3009; x_wconf 84' lang='lat' dir='ltr'><strong>explicite,</strong></span> <span class='ocrx_word' id='word_1_358' title='bbox 1179 2934 1277 2992; x_wconf 85' lang='lat' dir='ltr'><strong>sed</strong></span> <span class='ocrx_word' id='word_1_359' title='bbox 1312 2934 1454 2992; x_wconf 71' lang='lat' dir='ltr'><strong>sati-3</strong></span> <span class='ocrx_word' id='word_1_360' title='bbox 1486 2938 1593 2998; x_wconf 83' lang='lat' dir='ltr'><strong>est.</strong></span> <span class='ocrx_word' id='word_1_361' title='bbox 1630 2936 1677 2993; x_wconf 92' lang='lat' dir='ltr'><strong>si</strong></span> <span class='ocrx_word' id='word_1_362' title='bbox 1711 2954 1861 3010; x_wconf 87' lang='lat' dir='ltr'><strong>opus</strong></span> <span class='ocrx_word' id='word_1_363' title='bbox 1895 2935 2185 2994; x_wconf 87' lang='lat' dir='ltr'><strong>referatur</strong></span> <span class='ocrx_word' id='word_1_364' title='bbox 2217 2936 2279 2993; x_wconf 92' lang='lat' dir='ltr'><strong>in</strong></span> <span class='ocrx_word' id='word_1_365' title='bbox 2311 2935 2534 2993; x_wconf 89' lang='lat' dir='ltr'><strong>bonum</strong></span> <span class='ocrx_word' id='word_1_366' title='bbox 2566 2934 2737 2993; x_wconf 88' lang='lat' dir='ltr'><strong>finem</strong></span> <span class='ocrx_word' id='word_1_367' title='bbox 2775 2936 2972 3010; x_wconf 84' lang='lat' dir='ltr'><strong>proxi-</strong></span> 
     </span>
     <span class='ocr_line' id='line_1_32' title="bbox 351 3023 2972 3100; baseline 0 -18"><span class='ocrx_word' id='word_1_368' title='bbox 351 3044 549 3082; x_wconf 85' lang='lat' dir='ltr'><strong>mum:</strong></span> <span class='ocrx_word' id='word_1_369' title='bbox 601 3028 745 3082; x_wconf 85' lang='lat' dir='ltr'><strong>tunc</strong></span> <span class='ocrx_word' id='word_1_370' title='bbox 776 3023 936 3082; x_wconf 90' lang='lat' dir='ltr'><strong>enim</strong></span> <span class='ocrx_word' id='word_1_371' title='bbox 967 3043 1074 3099; x_wconf 89' lang='lat' dir='ltr'><strong>per</strong></span> <span class='ocrx_word' id='word_1_372' title='bbox 1105 3042 1167 3081; x_wconf 89' lang='lat' dir='ltr'><strong>se</strong></span> <span class='ocrx_word' id='word_1_373' title='bbox 1198 3023 1493 3100; x_wconf 83' lang='lat' dir='ltr'><strong>dirigetur</strong></span> <span class='ocrx_word' id='word_1_374' title='bbox 1528 3023 1588 3080; x_wconf 90' lang='lat' dir='ltr'><strong>in</strong></span> <span class='ocrx_word' id='word_1_375' title='bbox 1624 3024 1814 3081; x_wconf 88' lang='lat' dir='ltr'><strong>Deum</strong></span> <span class='ocrx_word' id='word_1_376' title='bbox 1846 3027 1916 3081; x_wconf 88' lang='grc' dir='ltr'><strong>ιιι</strong></span> <span class='ocrx_word' id='word_1_377' title='bbox 1947 3024 2009 3081; x_wconf 89' lang='lat' dir='ltr'><strong>in</strong></span> <span class='ocrx_word' id='word_1_378' title='bbox 2043 3025 2323 3083; x_wconf 90' lang='lat' dir='ltr'><strong>ultimum</strong></span> <span class='ocrx_word' id='word_1_379' title='bbox 2358 3023 2551 3083; x_wconf 88' lang='lat' dir='ltr'><strong>finem.</strong></span> <span class='ocrx_word' id='word_1_380' title='bbox 2618 3024 2786 3082; x_wconf 87' lang='lat' dir='ltr'><strong>Sicut</strong></span> <span class='ocrx_word' id='word_1_381' title='bbox 2816 3024 2972 3083; x_wconf 91' lang='lat' dir='ltr'><strong>enim</strong></span> 
     </span>
     <span class='ocr_line' id='line_1_33' title="bbox 352 3111 2973 3190; baseline 0 -18"><span class='ocrx_word' id='word_1_382' title='bbox 352 3131 528 3172; x_wconf 90' lang='lat' dir='ltr'><strong>omne</strong></span> <span class='ocrx_word' id='word_1_383' title='bbox 560 3133 741 3190; x_wconf 84' lang='lat' dir='ltr'><strong>agens</strong></span> <span class='ocrx_word' id='word_1_384' title='bbox 775 3114 1133 3188; x_wconf 84' lang='lat' dir='ltr'><strong>particulare</strong></span> <span class='ocrx_word' id='word_1_385' title='bbox 1165 3113 1286 3190; x_wconf 85' lang='lat' dir='ltr'><strong>agit</strong></span> <span class='ocrx_word' id='word_1_386' title='bbox 1322 3114 1386 3171; x_wconf 91' lang='lat' dir='ltr'><strong>in</strong></span> <span class='ocrx_word' id='word_1_387' title='bbox 1418 3112 1642 3170; x_wconf 82' lang='lat' dir='ltr'><strong>virtute</strong></span> <span class='ocrx_word' id='word_1_388' title='bbox 1665 3111 1843 3188; x_wconf 89' lang='lat' dir='ltr'><strong>primi</strong></span> <span class='ocrx_word' id='word_1_389' title='bbox 1864 3113 2107 3171; x_wconf 84' lang='lat' dir='ltr'><strong>motoris</strong></span> <span class='ocrx_word' id='word_1_390' title='bbox 2139 3113 2179 3176; x_wconf 89' lang='lat' dir='ltr'><strong>i.</strong></span> <span class='ocrx_word' id='word_1_391' title='bbox 2211 3131 2261 3175; x_wconf 87' lang='lat' dir='ltr'><strong>e.</strong></span> <span class='ocrx_word' id='word_1_392' title='bbox 2296 3114 2431 3180; x_wconf 79' lang='lat' dir='ltr'><strong>Dei:</strong></span> <span class='ocrx_word' id='word_1_393' title='bbox 2465 3113 2551 3171; x_wconf 90' lang='lat' dir='ltr'><strong>sic</strong></span> <span class='ocrx_word' id='word_1_394' title='bbox 2568 3113 2747 3172; x_wconf 89' lang='lat' dir='ltr'><strong>etiam</strong></span> <span class='ocrx_word' id='word_1_395' title='bbox 2779 3114 2973 3172; x_wconf 88' lang='lat' dir='ltr'><strong>omnis</strong></span> 
     </span>
     <span class='ocr_line' id='line_1_34' title="bbox 350 3198 2972 3284; baseline 0 -23"><span class='ocrx_word' id='word_1_396' title='bbox 350 3202 546 3261; x_wconf 85' lang='lat' dir='ltr'><strong>bonus</strong></span> <span class='ocrx_word' id='word_1_397' title='bbox 579 3202 713 3260; x_wconf 85' lang='lat' dir='ltr'><strong>finis</strong></span> <span class='ocrx_word' id='word_1_398' title='bbox 743 3207 941 3261; x_wconf 85' lang='lat' dir='ltr'><strong>movet</strong></span> <span class='ocrx_word' id='word_1_399' title='bbox 968 3202 1032 3260; x_wconf 90' lang='lat' dir='ltr'><strong>in</strong></span> <span class='ocrx_word' id='word_1_400' title='bbox 1064 3202 1290 3261; x_wconf 82' lang='lat' dir='ltr'><strong>virtute</strong></span> <span class='ocrx_word' id='word_1_401' title='bbox 1323 3202 1521 3260; x_wconf 89' lang='lat' dir='ltr'><strong>ultimi</strong></span> <span class='ocrx_word' id='word_1_402' title='bbox 1556 3201 1691 3259; x_wconf 74' lang='lat' dir='ltr'><strong>finis</strong></span> <span class='ocrx_word' id='word_1_403' title='bbox 1728 3198 1826 3284; x_wconf 88' lang='lat' dir='ltr'><strong>(ut</strong></span> <span class='ocrx_word' id='word_1_404' title='bbox 1857 3202 2036 3260; x_wconf 87' lang='lat' dir='ltr'><strong>etiam</strong></span> <span class='ocrx_word' id='word_1_405' title='bbox 2069 3202 2239 3260; x_wconf 89' lang='lat' dir='ltr'><strong>docet</strong></span> <span class='ocrx_word' id='word_1_406' title='bbox 2271 3222 2313 3261; x_wconf 91' lang='lat' dir='ltr'><strong>s.</strong></span> <span class='ocrx_word' id='word_1_407' title='bbox 2348 3202 2666 3260; x_wconf 83' lang='lat' dir='ltr'><strong>Thomas</strong></span> <span class='ocrx_word' id='word_1_408' title='bbox 2699 3204 2771 3261; x_wconf 90' lang='lat' dir='ltr'><strong>de</strong></span> <span class='ocrx_word' id='word_1_409' title='bbox 2804 3203 2972 3261; x_wconf 84' lang='lat' dir='ltr'><strong>verit.</strong></span> 
     </span>
     <span class='ocr_line' id='line_1_35' title="bbox 350 3288 2971 3367; baseline 0 -19"><span class='ocrx_word' id='word_1_410' title='bbox 350 3310 405 3366; x_wconf 90' lang='lat' dir='ltr'><strong>q.</strong></span> <span class='ocrx_word' id='word_1_411' title='bbox 441 3301 523 3354; x_wconf 84' lang='lat'><strong>22</strong></span> <span class='ocrx_word' id='word_1_412' title='bbox 561 3311 610 3350; x_wconf 87' lang='lat' dir='ltr'><strong>a.</strong></span> <span class='ocrx_word' id='word_1_413' title='bbox 656 3288 731 3363; x_wconf 90' lang='grc'><strong>1).</strong></span> <span class='ocrx_word' id='word_1_414' title='bbox 775 3292 1019 3364; x_wconf 85' lang='lat' dir='ltr'><strong>Alioqui</strong></span> <span class='ocrx_word' id='word_1_415' title='bbox 1055 3308 1173 3349; x_wconf 87' lang='lat' dir='ltr'><strong>non</strong></span> <span class='ocrx_word' id='word_1_416' title='bbox 1206 3292 1398 3350; x_wconf 86' lang='lat' dir='ltr'><strong>solum</strong></span> <span class='ocrx_word' id='word_1_417' title='bbox 1430 3290 1715 3354; x_wconf 83' lang='lat' dir='ltr'><strong>infideles,</strong></span> <span class='ocrx_word' id='word_1_418' title='bbox 1751 3292 1852 3349; x_wconf 77' lang='lat' dir='ltr'><strong>sed</strong></span> <span class='ocrx_word' id='word_1_419' title='bbox 1886 3290 2088 3349; x_wconf 89' lang='lat' dir='ltr'><strong>fideles</strong></span> <span class='ocrx_word' id='word_1_420' title='bbox 2121 3295 2184 3349; x_wconf 88' lang='lat' dir='ltr'><strong>et</strong></span> <span class='ocrx_word' id='word_1_421' title='bbox 2206 3291 2532 3366; x_wconf 85' lang='lat' dir='ltr'><strong>justissimi</strong></span> <span class='ocrx_word' id='word_1_422' title='bbox 2563 3292 2788 3367; x_wconf 89' lang='lat' dir='ltr'><strong>quique</strong></span> <span class='ocrx_word' id='word_1_423' title='bbox 2819 3311 2971 3351; x_wconf 88' lang='lat' dir='ltr'><strong>sem-</strong></span> 
     </span>
     <span class='ocr_line' id='line_1_36' title="bbox 347 3380 2974 3456; baseline 0 -18"><span class='ocrx_word' id='word_1_424' title='bbox 347 3400 456 3456; x_wconf 91' lang='lat' dir='ltr'><strong>per</strong></span> <span class='ocrx_word' id='word_1_425' title='bbox 485 3383 813 3456; x_wconf 82' lang='lat' dir='ltr'><strong>peccarent,</strong></span> <span class='ocrx_word' id='word_1_426' title='bbox 847 3399 979 3438; x_wconf 89' lang='lat' dir='ltr'><strong>cum</strong></span> <span class='ocrx_word' id='word_1_427' title='bbox 1010 3380 1169 3439; x_wconf 87' lang='lat' dir='ltr'><strong>inter</strong></span> <span class='ocrx_word' id='word_1_428' title='bbox 1185 3381 1548 3455; x_wconf 83' lang='lat' dir='ltr'><strong>operandum</strong></span> <span class='ocrx_word' id='word_1_429' title='bbox 1585 3380 1656 3437; x_wconf 86' lang='lat' dir='ltr'><strong>de</strong></span> <span class='ocrx_word' id='word_1_430' title='bbox 1692 3381 1811 3438; x_wconf 89' lang='lat' dir='ltr'><strong>Deo</strong></span> <span class='ocrx_word' id='word_1_431' title='bbox 1844 3399 1961 3437; x_wconf 89' lang='lat' dir='ltr'><strong>non</strong></span> <span class='ocrx_word' id='word_1_432' title='bbox 1995 3380 2289 3456; x_wconf 83' lang='lat' dir='ltr'><strong>cogitant:</strong></span> <span class='ocrx_word' id='word_1_433' title='bbox 2324 3380 2426 3438; x_wconf 88' lang='lat' dir='ltr'><strong>sed</strong></span> <span class='ocrx_word' id='word_1_434' title='bbox 2458 3386 2799 3456; x_wconf 85' lang='lat' dir='ltr'><strong>operantur,</strong></span> <span class='ocrx_word' id='word_1_435' title='bbox 2832 3381 2974 3456; x_wconf 89' lang='lat' dir='ltr'><strong>quia</strong></span> 
     </span>
     <span class='ocr_line' id='line_1_37' title="bbox 348 3468 2975 3544; baseline 0 -17"><span class='ocrx_word' id='word_1_436' title='bbox 348 3471 498 3527; x_wconf 85' lang='lat' dir='ltr'><strong>ratio</strong></span> <span class='ocrx_word' id='word_1_437' title='bbox 533 3470 722 3527; x_wconf 82' lang='lat' dir='ltr'><strong>dictat</strong></span> <span class='ocrx_word' id='word_1_438' title='bbox 765 3488 894 3527; x_wconf 53' lang='lat' dir='ltr'><strong>esse</strong></span> <span class='ocrx_word' id='word_1_439' title='bbox 939 3468 1161 3527; x_wconf 89' lang='lat' dir='ltr'><strong>bonum</strong></span> <span class='ocrx_word' id='word_1_440' title='bbox 1211 3476 1272 3527; x_wconf 89' lang='lat' dir='ltr'><strong>et</strong></span> <span class='ocrx_word' id='word_1_441' title='bbox 1321 3469 1670 3532; x_wconf 85' lang='lat' dir='ltr'><strong>faciendum.</strong></span> <span class='ocrx_word' id='word_1_442' title='bbox 1738 3470 1946 3544; x_wconf 84' lang='lat' dir='ltr'><strong>Itaque</strong></span> <span class='ocrx_word' id='word_1_443' title='bbox 1992 3470 2109 3527; x_wconf 89' lang='lat' dir='ltr'><strong>nisi</strong></span> <span class='ocrx_word' id='word_1_444' title='bbox 2158 3475 2495 3544; x_wconf 86' lang='lat' dir='ltr'><strong>apponatur</strong></span> <span class='ocrx_word' id='word_1_445' title='bbox 2525 3470 2975 3528; x_wconf 86' lang='lat' dir='ltr'><strong>circumstantia</strong></span> 
     </span>
     <span class='ocr_line' id='line_1_38' title="bbox 347 3557 2973 3634; baseline 0.001 -18"><span class='ocrx_word' id='word_1_446' title='bbox 347 3558 484 3616; x_wconf 87' lang='lat' dir='ltr'><strong>finis</strong></span> <span class='ocrx_word' id='word_1_447' title='bbox 531 3559 689 3628; x_wconf 89' lang='lat' dir='ltr'><strong>mali,</strong></span> <span class='ocrx_word' id='word_1_448' title='bbox 738 3577 910 3617; x_wconf 89' lang='lat' dir='ltr'><strong>omne</strong></span> <span class='ocrx_word' id='word_1_449' title='bbox 942 3576 1092 3634; x_wconf 85' lang='lat' dir='ltr'><strong>opus</strong></span> <span class='ocrx_word' id='word_1_450' title='bbox 1125 3557 1347 3615; x_wconf 91' lang='lat' dir='ltr'><strong>bonum</strong></span> <span class='ocrx_word' id='word_1_451' title='bbox 1382 3559 1597 3616; x_wconf 85' lang='lat' dir='ltr'><strong>morale</strong></span> <span class='ocrx_word' id='word_1_452' title='bbox 1630 3576 1736 3632; x_wconf 86' lang='lat' dir='ltr'><strong>per</strong></span> <span class='ocrx_word' id='word_1_453' title='bbox 1769 3575 1832 3615; x_wconf 86' lang='lat' dir='ltr'><strong>se</strong></span> <span class='ocrx_word' id='word_1_454' title='bbox 1865 3558 2120 3616; x_wconf 88' lang='lat' dir='ltr'><strong>refertur</strong></span> <span class='ocrx_word' id='word_1_455' title='bbox 2150 3559 2214 3616; x_wconf 91' lang='lat' dir='ltr'><strong>in</strong></span> <span class='ocrx_word' id='word_1_456' title='bbox 2248 3559 2454 3628; x_wconf 77' lang='lat' dir='ltr'><strong>Deum,</strong></span> <span class='ocrx_word' id='word_1_457' title='bbox 2501 3559 2735 3618; x_wconf 89' lang='lat' dir='ltr'><strong>etiamsi</strong></span> <span class='ocrx_word' id='word_1_458' title='bbox 2768 3562 2973 3618; x_wconf 88' lang='lat' dir='ltr'><strong>auctor</strong></span> 
     </span>
     <span class='ocr_line' id='line_1_39' title="bbox 349 3647 2966 3723; baseline 0.002 -17"><span class='ocrx_word' id='word_1_459' title='bbox 349 3647 545 3723; x_wconf 87' lang='lat' dir='ltr'><strong>operis</strong></span> <span class='ocrx_word' id='word_1_460' title='bbox 590 3647 652 3704; x_wconf 93' lang='lat' dir='ltr'><strong>id</strong></span> <span class='ocrx_word' id='word_1_461' title='bbox 698 3666 819 3706; x_wconf 87' lang='lat' dir='ltr'><strong>non</strong></span> <span class='ocrx_word' id='word_1_462' title='bbox 855 3647 1078 3722; x_wconf 88' lang='lat' dir='ltr'><strong>cogitet</strong></span> <span class='ocrx_word' id='word_1_463' title='bbox 1108 3647 1202 3705; x_wconf 86' lang='lat' dir='ltr'><strong>vel</strong></span> <span class='ocrx_word' id='word_1_464' title='bbox 1234 3647 1565 3706; x_wconf 63' lang='lat' dir='ltr'><strong>intendat-,³</strong></span> <span class='ocrx_word' id='word_1_465' title='bbox 1637 3647 1803 3711; x_wconf 88' lang='lat' dir='ltr'><strong>Nam,</strong></span> <span class='ocrx_word' id='word_1_466' title='bbox 1853 3656 1924 3705; x_wconf 91' lang='lat' dir='ltr'><strong>ut</strong></span> <span class='ocrx_word' id='word_1_467' title='bbox 1968 3647 2169 3722; x_wconf 81' lang='lat' dir='ltr'><strong>iuquit</strong></span> <span class='ocrx_word' id='word_1_468' title='bbox 2200 3667 2245 3707; x_wconf 89' lang='lat' dir='ltr'><strong>s.</strong></span> <span class='ocrx_word' id='word_1_469' title='bbox 2281 3647 2597 3705; x_wconf 87' lang='lat' dir='ltr'><strong>Thomas</strong></span> <span class='ocrx_word' id='word_1_470' title='bbox 2642 3660 2689 3710; x_wconf 93' lang='grc'><strong>1.</strong></span> <span class='ocrx_word' id='word_1_471' title='bbox 2726 3656 2760 3708; x_wconf 88' lang='grc'><strong>2</strong></span> <span class='ocrx_word' id='word_1_472' title='bbox 2795 3667 2850 3723; x_wconf 90' lang='lat' dir='ltr'><strong>q.</strong></span> <span class='ocrx_word' id='word_1_473' title='bbox 2894 3659 2966 3711; x_wconf 88' lang='lat'><strong>19</strong></span> 
     </span>
     <span class='ocr_line' id='line_1_40' title="bbox 349 3735 2969 3812; baseline 0.001 -19"><span class='ocrx_word' id='word_1_474' title='bbox 349 3755 397 3793; x_wconf 90' lang='lat' dir='ltr'><strong>a.</strong></span> <span class='ocrx_word' id='word_1_475' title='bbox 439 3748 514 3798; x_wconf 79' lang='lat' dir='ltr'><strong>ln</strong></span> <span class='ocrx_word' id='word_1_476' title='bbox 549 3736 624 3793; x_wconf 88' lang='lat' dir='ltr'><strong>ad</strong></span> <span class='ocrx_word' id='word_1_477' title='bbox 670 3747 687 3797; x_wconf 96' lang='grc'><strong>1</strong></span> <span class='ocrx_word' id='word_1_478' title='bbox 716 3757 731 3793; x_wconf 87' lang='lat'>:</span> <span class='ocrx_word' id='word_1_479' title='bbox 779 3736 1174 3811; x_wconf 83' lang='lat' dir='ltr'><strong>,Quicunque</strong></span> <span class='ocrx_word' id='word_1_480' title='bbox 1207 3737 1342 3794; x_wconf 85' lang='lat' dir='ltr'><strong>vult</strong></span> <span class='ocrx_word' id='word_1_481' title='bbox 1373 3736 1600 3810; x_wconf 89' lang='lat' dir='ltr'><strong>aliquid</strong></span> <span class='ocrx_word' id='word_1_482' title='bbox 1634 3735 1747 3794; x_wconf 82' lang='lat' dir='ltr'><strong>sub</strong></span> <span class='ocrx_word' id='word_1_483' title='bbox 1780 3755 2143 3812; x_wconf 85' lang='lat' dir='ltr'><strong>quacunque</strong></span> <span class='ocrx_word' id='word_1_484' title='bbox 2173 3739 2403 3794; x_wconf 87' lang='lat' dir='ltr'><strong>ratione</strong></span> <span class='ocrx_word' id='word_1_485' title='bbox 2434 3736 2597 3807; x_wconf 84' lang='lat' dir='ltr'><strong>boni,</strong></span> <span class='ocrx_word' id='word_1_486' title='bbox 2644 3737 2821 3794; x_wconf 86' lang='lat' dir='ltr'><strong>habet</strong></span> <span class='ocrx_word' id='word_1_487' title='bbox 2866 3756 2969 3795; x_wconf 83' lang='lat' dir='ltr'><strong>vo-</strong></span> 
     </span>
     <span class='ocr_line' id='line_1_41' title="bbox 348 3822 2970 3900; baseline 0 -19"><span class='ocrx_word' id='word_1_488' title='bbox 348 3824 645 3883; x_wconf 83' lang='lat' dir='ltr'><strong>luntatem</strong></span> <span class='ocrx_word' id='word_1_489' title='bbox 679 3828 1034 3883; x_wconf 79' lang='lat' dir='ltr'><strong>conformem</strong></span> <span class='ocrx_word' id='word_1_490' title='bbox 1070 3822 1364 3884; x_wconf 83' lang='lat' dir='ltr'><strong>voluntati</strong></span> <span class='ocrx_word' id='word_1_491' title='bbox 1400 3826 1636 3883; x_wconf 73' lang='lat' dir='ltr'><strong>«livinae</strong></span> <span class='ocrx_word' id='word_1_492' title='bbox 1679 3832 1973 3900; x_wconf 87' lang='lat' dir='ltr'><strong>quantum</strong></span> <span class='ocrx_word' id='word_1_493' title='bbox 2018 3826 2091 3883; x_wconf 89' lang='lat' dir='ltr'><strong>ad</strong></span> <span class='ocrx_word' id='word_1_494' title='bbox 2139 3825 2431 3883; x_wconf 88' lang='lat' dir='ltr'><strong>rationem</strong></span> <span class='ocrx_word' id='word_1_495' title='bbox 2479 3825 2707 3885; x_wconf 81' lang='lat' dir='ltr'><strong>voliti.‘</strong></span> <span class='ocrx_word' id='word_1_496' title='bbox 2777 3826 2970 3894; x_wconf 84' lang='lat' dir='ltr'><strong>Quare</strong></span> 
     </span>
     <span class='ocr_line' id='line_1_42' title="bbox 349 3910 2969 3997; baseline 0.001 -26"><span class='ocrx_word' id='word_1_497' title='bbox 349 3915 639 3989; x_wconf 85' lang='lat' dir='ltr'><strong>quaestio,</strong></span> <span class='ocrx_word' id='word_1_498' title='bbox 691 3922 834 3971; x_wconf 87' lang='lat' dir='ltr'><strong>num</strong></span> <span class='ocrx_word' id='word_1_499' title='bbox 882 3915 1017 3989; x_wconf 86' lang='lat' dir='ltr'><strong>quis</strong></span> <span class='ocrx_word' id='word_1_500' title='bbox 1061 3921 1232 3972; x_wconf 86' lang='lat' dir='ltr'><strong>actus</strong></span> <span class='ocrx_word' id='word_1_501' title='bbox 1279 3915 1360 3972; x_wconf 88' lang='lat' dir='ltr'><strong>sit</strong></span> <span class='ocrx_word' id='word_1_502' title='bbox 1405 3914 1863 3972; x_wconf 85' lang='lat' dir='ltr'><strong>meritorius</strong></span> <span class='ocrx_word' id='word_1_503' title='bbox 1898 3910 1997 3997; x_wconf 82' lang='lat' dir='ltr'><strong>(de</strong></span> <span class='ocrx_word' id='word_1_504' title='bbox 2031 3915 2322 3992; x_wconf 78' lang='lat' dir='ltr'><strong>condigno</strong></span> <span class='ocrx_word' id='word_1_505' title='bbox 2357 3915 2446 3972; x_wconf 82' lang='lat' dir='ltr'><strong>vel</strong></span> <span class='ocrx_word' id='word_1_506' title='bbox 2481 3914 2553 3972; x_wconf 92' lang='lat' dir='ltr'><strong>de</strong></span> <span class='ocrx_word' id='word_1_507' title='bbox 2585 3919 2875 3990; x_wconf 87' lang='lat' dir='ltr'><strong>congruo)</strong></span> <span class='ocrx_word' id='word_1_508' title='bbox 2906 3933 2969 3973; x_wconf 88' lang='lat' dir='ltr'><strong>re</strong></span> 
     </span>
     <span class='ocr_line' id='line_1_43' title="bbox 349 4003 2968 4080; baseline 0 -19"><span class='ocrx_word' id='word_1_509' title='bbox 349 4003 631 4061; x_wconf 80' lang='lat' dir='ltr'><strong>coincidit</strong></span> <span class='ocrx_word' id='word_1_510' title='bbox 671 4021 808 4062; x_wconf 91' lang='lat' dir='ltr'><strong>cum</strong></span> <span class='ocrx_word' id='word_1_511' title='bbox 853 4004 1215 4078; x_wconf 76' lang='lat' dir='ltr'><strong>quaestione,</strong></span> <span class='ocrx_word' id='word_1_512' title='bbox 1263 4003 1419 4062; x_wconf 86' lang='lat' dir='ltr'><strong>sitne</strong></span> <span class='ocrx_word' id='word_1_513' title='bbox 1452 4003 1729 4061; x_wconf 84' lang='lat' dir='ltr'><strong>salutaris</strong></span> <span class='ocrx_word' id='word_1_514' title='bbox 1765 4022 1870 4062; x_wconf 73' lang='lat' dir='ltr'><strong>seu</strong></span> <span class='ocrx_word' id='word_1_515' title='bbox 1904 4004 2439 4080; x_wconf 69' lang='lat' dir='ltr'><strong>supernaturaliter</strong></span> <span class='ocrx_word' id='word_1_516' title='bbox 2469 4003 2730 4066; x_wconf 88' lang='lat' dir='ltr'><strong>bonus.</strong></span> <span class='ocrx_word' id='word_1_517' title='bbox 2797 4004 2875 4064; x_wconf 80' lang='lat' dir='ltr'><strong>cf.</strong></span> <span class='ocrx_word' id='word_1_518' title='bbox 2923 4022 2968 4061; x_wconf 91' lang='lat' dir='ltr'><strong>s.</strong></span> 
     </span>
     <span class='ocr_line' id='line_1_44' title="bbox 348 4091 2966 4168; baseline 0.002 -18"><span class='ocrx_word' id='word_1_519' title='bbox 348 4092 668 4152; x_wconf 83' lang='lat' dir='ltr'><strong>Thomas</strong></span> <span class='ocrx_word' id='word_1_520' title='bbox 715 4091 788 4150; x_wconf 94' lang='lat' dir='ltr'><strong>de</strong></span> <span class='ocrx_word' id='word_1_521' title='bbox 832 4091 996 4150; x_wconf 89' lang='lat' dir='ltr'><strong>carit.</strong></span> <span class='ocrx_word' id='word_1_522' title='bbox 1043 4112 1091 4152; x_wconf 86' lang='lat' dir='ltr'><strong>a.</strong></span> <span class='ocrx_word' id='word_1_523' title='bbox 1150 4104 1214 4155; x_wconf 90' lang='grc'><strong>11</strong></span> <span class='ocrx_word' id='word_1_524' title='bbox 1270 4092 1342 4150; x_wconf 90' lang='lat' dir='ltr'><strong>ad</strong></span> <span class='ocrx_word' id='word_1_525' title='bbox 1386 4100 1419 4153; x_wconf 85' lang='lat'>2</span> <span class='ocrx_word' id='word_1_526' title='bbox 1470 4095 1532 4149; x_wconf 90' lang='lat' dir='ltr'><strong>et</strong></span> <span class='ocrx_word' id='word_1_527' title='bbox 1580 4102 1648 4161; x_wconf 83' lang='lat'><strong>33</strong></span> <span class='ocrx_word' id='word_1_528' title='bbox 1696 4092 2019 4151; x_wconf 89' lang='lat' dir='ltr'><strong>Toletus</strong></span> <span class='ocrx_word' id='word_1_529' title='bbox 2054 4093 2113 4151; x_wconf 91' lang='lat' dir='ltr'><strong>in</strong></span> <span class='ocrx_word' id='word_1_530' title='bbox 2151 4102 2204 4153; x_wconf 84' lang='lat'><strong>2.</strong></span> <span class='ocrx_word' id='word_1_531' title='bbox 2241 4100 2275 4154; x_wconf 87' lang='grc'><strong>2</strong></span> <span class='ocrx_word' id='word_1_532' title='bbox 2312 4113 2365 4168; x_wconf 92' lang='lat' dir='ltr'><strong>q.</strong></span> <span class='ocrx_word' id='word_1_533' title='bbox 2413 4103 2483 4154; x_wconf 89' lang='lat'><strong>10</strong></span> <span class='ocrx_word' id='word_1_534' title='bbox 2519 4112 2568 4150; x_wconf 88' lang='lat' dir='ltr'><strong>a.</strong></span> <span class='ocrx_word' id='word_1_535' title='bbox 2604 4101 2642 4154; x_wconf 82' lang='lat'>4</span> <span class='ocrx_word' id='word_1_536' title='bbox 2676 4094 2858 4154; x_wconf 90' lang='lat' dir='ltr'><strong>concl.</strong></span> <span class='ocrx_word' id='word_1_537' title='bbox 2895 4102 2966 4163; x_wconf 83' lang='lat'><strong>23</strong></span> 
     </span>
     <span class='ocr_line' id='line_1_45' title="bbox 348 4176 1704 4256; baseline 0.004 -17"><span class='ocrx_word' id='word_1_538' title='bbox 348 4182 740 4241; x_wconf 87' lang='lat' dir='ltr'><strong>Scheeben</strong></span> <span class='ocrx_word' id='word_1_539' title='bbox 770 4176 802 4246; x_wconf 64' lang='grc' dir='ltr'><strong><em>ὃ</em></strong></span> <span class='ocrx_word' id='word_1_540' title='bbox 838 4191 995 4251; x_wconf 65' lang='grc' dir='ltr'><strong>2υ6;</strong></span> <span class='ocrx_word' id='word_1_541' title='bbox 1029 4181 1373 4256; x_wconf 84' lang='lat' dir='ltr'><strong>praesertim</strong></span> <span class='ocrx_word' id='word_1_542' title='bbox 1408 4200 1464 4240; x_wconf 89' lang='lat' dir='ltr'><strong>n.</strong></span> <span class='ocrx_word' id='word_1_543' title='bbox 1500 4190 1704 4244; x_wconf 78' lang='lat' dir='ltr'><strong>491s.</strong></span> 
     </span>
    </p>
   </div>
   <div class='ocr_carea' id='block_1_4' title="bbox 343 4333 2968 4739">
    <p class='ocr_par' dir='ltr' id='par_1_4' title="bbox 343 4333 2968 4630">
     <span class='ocr_line' id='line_1_46' title="bbox 523 4333 2966 4419; baseline -0.002 -16"><span class='ocrx_word' id='word_1_544' title='bbox 523 4340 673 4403; x_wconf 78' lang='lat'><strong>231.</strong></span> <span class='ocrx_word' id='word_1_545' title='bbox 712 4334 1106 4398; x_wconf 72' lang='lat' dir='ltr'><strong>Conditiones</strong></span> <span class='ocrx_word' id='word_1_546' title='bbox 1153 4334 1239 4397; x_wconf 84' lang='lat' dir='ltr'><strong>ad</strong></span> <span class='ocrx_word' id='word_1_547' title='bbox 1284 4335 1642 4397; x_wconf 80' lang='lat' dir='ltr'><strong>merendum</strong></span> <span class='ocrx_word' id='word_1_548' title='bbox 1689 4337 1756 4398; x_wconf 80' lang='lat' dir='ltr'><strong>in</strong></span> <span class='ocrx_word' id='word_1_549' title='bbox 1806 4341 2100 4418; x_wconf 82' lang='lat' dir='ltr'><strong>operante</strong></span> <span class='ocrx_word' id='word_1_550' title='bbox 2144 4336 2493 4419; x_wconf 72' lang='lat' dir='ltr'><strong>requisitae.</strong></span> <span class='ocrx_word' id='word_1_551' title='bbox 2529 4373 2604 4384; x_wconf 94' lang='lat'><em>-</em></span> <span class='ocrx_word' id='word_1_552' title='bbox 2644 4333 2734 4396; x_wconf 87' lang='lat' dir='ltr'><strong>Ex</strong></span> <span class='ocrx_word' id='word_1_553' title='bbox 2785 4340 2966 4416; x_wconf 82' lang='lat' dir='ltr'><strong>parte</strong></span> 
     </span>
     <span class='ocr_line' id='line_1_47' title="bbox 343 4441 2965 4523; baseline -0.001 -16"><span class='ocrx_word' id='word_1_554' title='bbox 343 4459 664 4522; x_wconf 84' lang='lat' dir='ltr'><strong>personae</strong></span> <span class='ocrx_word' id='word_1_555' title='bbox 687 4441 991 4505; x_wconf 85' lang='lat' dir='ltr'><strong>merentis</strong></span> <span class='ocrx_word' id='word_1_556' title='bbox 1012 4443 1354 4523; x_wconf 86' lang='lat' dir='ltr'><strong>requiritur</strong></span> <span class='ocrx_word' id='word_1_557' title='bbox 1374 4441 1453 4504; x_wconf 85' lang='lat' dir='ltr'><strong>ad</strong></span> <span class='ocrx_word' id='word_1_558' title='bbox 1477 4441 1775 4505; x_wconf 83' lang='lat' dir='ltr'><strong>meritum</strong></span> <span class='ocrx_word' id='word_1_559' title='bbox 1799 4441 2213 4520; x_wconf 85' lang='lat' dir='ltr'><strong>condignum:</strong></span> <span class='ocrx_word' id='word_1_560' title='bbox 2255 4444 2313 4508; x_wconf 93' lang='lat'><strong>1.</strong></span> <span class='ocrx_word' id='word_1_561' title='bbox 2347 4449 2515 4505; x_wconf 83' lang='lat' dir='ltr'><strong>ntea</strong></span> <span class='ocrx_word' id='word_1_562' title='bbox 2535 4443 2616 4506; x_wconf 83' lang='lat' dir='ltr'><strong>sit</strong></span> <span class='ocrx_word' id='word_1_563' title='bbox 2645 4443 2707 4504; x_wconf 87' lang='lat' dir='ltr'><strong>in</strong></span> <span class='ocrx_word' id='word_1_564' title='bbox 2740 4447 2965 4504; x_wconf 88' lang='lat' dir='ltr'><strong>statu</strong></span> 
     </span>
     <span class='ocr_line' id='line_1_48' title="bbox 345 4531 2968 4630; baseline -0.001 -18"><span class='ocrx_word' id='word_1_565' title='bbox 345 4531 624 4629; x_wconf 81' lang='lat' dir='ltr'><strong>gratiae3</strong></span> <span class='ocrx_word' id='word_1_566' title='bbox 673 4548 846 4630; x_wconf 90' lang='lat' dir='ltr'><strong>quod</strong></span> <span class='ocrx_word' id='word_1_567' title='bbox 879 4549 1190 4630; x_wconf 83' lang='lat' dir='ltr'><strong>probatur</strong></span> <span class='ocrx_word' id='word_1_568' title='bbox 1220 4569 1285 4616; x_wconf 83' lang='lat' dir='ltr'><strong>a.</strong></span> <span class='ocrx_word' id='word_1_569' title='bbox 1323 4567 1398 4612; x_wconf 87' lang='lat' dir='ltr'><strong>ex</strong></span> <span class='ocrx_word' id='word_1_570' title='bbox 1436 4549 1854 4612; x_wconf 83' lang='lat' dir='ltr'><strong>damnatione</strong></span> <span class='ocrx_word' id='word_1_571' title='bbox 1900 4566 2077 4628; x_wconf 84' lang='lat' dir='ltr'><strong>prop.</strong></span> <span class='ocrx_word' id='word_1_572' title='bbox 2128 4548 2229 4610; x_wconf 82' lang='lat' dir='ltr'><strong>Ba</strong></span> <span class='ocrx_word' id='word_1_573' title='bbox 2238 4549 2300 4629; x_wconf 84' lang='lat' dir='ltr'><strong>ji</strong></span> <span class='ocrx_word' id='word_1_574' title='bbox 2335 4554 2373 4617; x_wconf 82' lang='lat'>2</span> <span class='ocrx_word' id='word_1_575' title='bbox 2408 4557 2473 4612; x_wconf 87' lang='lat' dir='ltr'><strong>et</strong></span> <span class='ocrx_word' id='word_1_576' title='bbox 2512 4555 2619 4616; x_wconf 74' lang='lat'><strong>12:</strong></span> <span class='ocrx_word' id='word_1_577' title='bbox 2691 4547 2968 4629; x_wconf 85' lang='lat' dir='ltr'><strong>,Pelagii</strong></span> 
     </span>
    </p>

    <p class='ocr_par' dir='ltr' id='par_1_5' title="bbox 558 4677 2610 4739">
     <span class='ocr_line' id='line_1_49' title="bbox 558 4677 2610 4739; baseline 0.001 -14"><span class='ocrx_word' id='word_1_578' title='bbox 558 4679 599 4725; x_wconf 82' lang='grc' dir='ltr'>Η</span> <span class='ocrx_word' id='word_1_579' title='bbox 618 4694 645 4724; x_wconf 89' lang='grc' dir='ltr'><strong>ιι</strong></span> <span class='ocrx_word' id='word_1_580' title='bbox 665 4683 822 4737; x_wconf 81' lang='lat' dir='ltr'><strong>tter,</strong></span> <span class='ocrx_word' id='word_1_581' title='bbox 849 4679 1096 4739; x_wconf 83' lang='lat' dir='ltr'><strong>Compend.</strong></span> <span class='ocrx_word' id='word_1_582' title='bbox 1125 4681 1388 4737; x_wconf 68' lang='lat' dir='ltr'><strong>theologiae</strong></span> <span class='ocrx_word' id='word_1_583' title='bbox 1418 4682 1498 4728; x_wconf 81' lang='lat'><strong>111.</strong></span> <span class='ocrx_word' id='word_1_584' title='bbox 1536 4683 1614 4727; x_wconf 89' lang='lat'><strong>11.</strong></span> <span class='ocrx_word' id='word_1_585' title='bbox 1639 4680 1712 4725; x_wconf 85' lang='lat' dir='ltr'><strong>ed.</strong></span> <span class='ocrx_word' id='word_1_586' title='bbox 2548 4677 2610 4727; x_wconf 86' lang='lat'><strong>13</strong></span> 
     </span>
    </p>
   </div>
  </div>
 </body>
</html>
