3538 5364
491 256 616 319 194
1130 243 1314 296 Tract.
1341 243 1489 296 VIII.
1517 243 1585 296 de
1612 243 1835 297 merito,
1866 242 2234 296 Conditiones
2262 241 2451 296 meriti
2544 256 2549 261 ·

485 427 804 492 sententia
838 432 951 502 est,
986 443 1148 506 opus
1181 424 1424 488 bonum
1458 425 1621 488 citra
1652 424 1926 503 gratiam
1960 423 2325 504 adoptionis
2357 422 2596 486 sactum
2631 442 2765 486 non
2798 429 2896 487 est
2928 423 3107 502 regni

485 532 782 599 coelestis
815 533 1280 607 meritorium;‘
1327 538 1425 601 13.
1466 537 1580 601 15:
1622 531 1850 606 „Ratio
1885 532 2094 596 meriti
2125 551 2256 595 non
2287 531 2581 594 consistit
2602 532 2663 594 in
2686 550 2783 608 e0,
2805 531 2978 613 quod
2999 531 3108 612 qui
3158 580 3165 583 .

484 642 648 706 bene
683 646 1033 722 operantur
1062 639 1350 703 habeant
1394 639 1664 719 gratiam
1697 645 1760 703 et
1793 638 2259 703 inhabitantem
2306 635 2608 719 Spiritum
2642 657 2709 713 5.,
2757 638 2869 702 sed
2915 639 2980 700 in
3027 656 3107 701 eo

485 747 710 822 solum,
759 746 929 827 quod
978 746 1286 810 obediunt
1318 746 1570 809 divinae
1602 745 1794 825 legi3<
1841 750 1939 813 17.
1980 750 2080 814 18.
2117 749 2220 812 62.
2254 750 2356 813 63.
2420 743 2739 808 Probatur
2772 748 2837 812 b.
2874 763 2954 807 ex
2988 744 3109 807 do-

485 854 692 917 ctrina
723 853 1062 935 perspicua
1092 852 1344 916 concilii
1375 852 1555 915 trid.
1590 870 1743 917 sess.
1780 858 1819 920 6
1855 870 1906 914 c.
1946 857 2026 919 16
2061 858 2125 915 et
2143 869 2281 915 can.
2306 857 2389 920 32
2413 852 2497 937 (n.
2523 852 2713 937 235);
2748 870 2811 919 e.
2847 869 2928 914 ex
2949 868 3109 913 con-

484 979 678 1025 sensu
726 960 1172 1039 theologorum
1222 965 1572 1040 praeeunte
1619 979 1665 1020 5.
1699 957 2004 1021 Thoma
2045 964 2097 1025 1.
2132 964 2171 1027 2
2206 978 2261 1040 q.
2303 963 2427 1025 114
2461 976 2514 1020 a.
2549 964 2622 1034 23
2668 959 2735 1027 d.
2769 977 2848 1022 ex
2880 956 3110 1020 divinis

483 1067 699 1142 literiS,
731 1067 1112 1147 praesertim
1142 1066 1323 1130 Joan.
1363 1071 1462 1142 15,
1497 1070 1540 1132 4
1572 1085 1686 1128 ss:
1752 1068 1923 1130 Sicut
1957 1065 2204 1149 palmes
2246 1085 2367 1129 non
2390 1072 2595 1148 potest
2625 1068 2796 1149 ferre
2825 1068 3108 1147 fructum

486 1196 526 1237 a
558 1175 901 1256 semetipso,
933 1175 1056 1236 nisi
1087 1175 1390 1236 manserit
1422 1174 1490 1234 in
1524 1174 1681 1236 rite:
1726 1174 1815 1236 sic
1847 1193 1956 1234 nec
1987 1193 2112 1253 vOS,
2159 1174 2280 1235 nisi
2312 1174 2379 1234 in
2412 1194 2506 1235 me
2538 1173 2910 1237 manseritis,
2974 1169 3111 1251 qu

483 1300 620 1343 sum
652 1264 814 1363 ὺὶἰὶε,
845 1299 947 1342 vos
971 1279 1283 1363 palmites,
1351 1280 1473 1356 Qui
1517 1287 1724 1342 manet
1773 1281 1837 1342 in
1883 1299 1977 1342 me
2021 1286 2076 1341 et
2126 1300 2232 1361 eqo
2277 1281 2349 1340 in
2393 1300 2482 1361 eo,
2527 1279 2623 1342 Ιιὶο
2672 1281 2796 1362 fert
2825 1279 3109 1359 fruct-um

483 1374 766 1465 multum,
802 1387 951 1469 quia
985 1387 1117 1448 sine
1147 1407 1241 1447 me
1275 1386 1431 1447 nihil
1450 1387 1713 1470 potestis
1742 1387 1968 1469 facere.
2010 1386 2078 1447 Sc·
2108 1386 2246 1469 quis
2282 1388 2351 1447 in
2370 1406 2465 1447 me
2487 1406 2607 1447 non
2629 1386 2951 1468 manserit,
2972 1386 3110 1446 mit-

484 1499 647 1555 tetur
676 1495 857 1576 foras
890 1498 942 1555 et
976 1498 1206 1555 arescet
1216 1514 1243 1570 ;
1288 1501 1342 1554 et
1372 1491 1655 1573 colliqent
1687 1512 1827 1553 eum
1859 1499 1914 1554 et
1948 1494 2014 1553 in
2048 1494 2245 1576 iynem
2281 1494 2543 1574 mittent,
2589 1500 2643 1554 et
2691 1493 2887 1555 ardet.
2952 1489 3111 1569 Qui-

482 1599 603 1663 bus
635 1599 701 1662 in
732 1598 945 1662 verbis
980 1616 1190 1661 sermo
1226 1605 1322 1662 est
1355 1598 1434 1661 de
1467 1597 1775 1661 fructibus
1810 1598 2219 1662 manentibus
2251 1598 2536 1677 invitam
2559 1605 2909 1672 aeternam,
2944 1616 3110 1678 quos

485 1706 766 1786 agricola
797 1706 1093 1771 coelestis
1145 1711 1479 1786 exspectat
1527 1711 1590 1769 et
1637 1706 1783 1769 vitis
1817 1704 2104 1769 Christus
2155 1705 2458 1769 intendit:
2512 1705 2675 1770 haec
2709 1710 2926 1769 autem
2958 1711 3113 1767 sunt

486 1831 684 1895 opera
702 1812 889 1893 plene
911 1832 974 1875 m
992 1831 1027 1876 e
1047 1812 1113 1875 ri
1130 1819 1207 1874 to
1227 1813 1291 1876 ri
1310 1831 1366 1889 a,
1401 1813 1630 1894 quibus
1654 1812 1971 1876 mercedis
1993 1812 2195 1875 instar
2216 1812 2513 1876 tribuitur
2534 1811 2800 1875 coelum.
2825 1811 2922 1874 Ad
2945 1810 3111 1875 haec

485 1926 702 1984 autem
735 1919 1061 1984 evidenter
1095 1919 1367 1998 exigitur
1398 1919 1588 2000 plena
1621 1927 1685 1983 et
1707 1918 2061 1982 habitualis
2095 1937 2241 1982 cum
2265 1917 2515 1981 Christo
2550 1907 2719 1994 uniO,
2757 1935 2924 1999 quae
2945 1936 3108 1981 non-

482 2026 603 2089 nisi
628 2025 1100 2106 justificationis
1134 2027 1340 2105 gratia
1373 2026 1712 2090 obtinetur.
1779 2026 1937 2089 Hinc
1982 2025 2047 2088 in
2096 2025 2427 2090 schemate
2472 2026 2723 2088 constit.
2771 2025 2978 2104 dogm.
3027 2024 3110 2087 de

485 2133 776 2196 doctrina
823 2133 988 2195 cath.
1038 2132 1308 2196 concilio
1354 2132 1539 2195 vatic.
1586 2133 2009 2213 proponendo
2043 2150 2094 2195 c.
2130 2136 2170 2200 5
2220 2132 2477 2212 legitur:
2549 2130 2714 2205 ,Sed
2758 2132 2921 2195 haec
2967 2132 3109 2213 ipsa

485 2257 684 2321 opera
703 2239 894 2314 bona,
917 2257 1083 2320 quae
1104 2239 1310 2319 gratia
1328 2240 1805 2320 praeveniente,
1829 2239 2177 2303 comitante
2199 2245 2262 2302 et
2281 2239 2712 2320 subsequente
2738 2237 2913 2313 fiunt,
2937 2239 3109 2301 vitae

482 2352 786 2411 aeternae
820 2347 1121 2411 meritum
1154 2364 1285 2408 non
1331 2345 1576 2410 habent
1620 2346 1756 2408 sine
1803 2344 1909 2408 illo
1957 2345 2316 2408 sanctitatis
2363 2345 2555 2420 don0,
2604 2363 2730 2426 quo
2759 2345 2912 2425 justi
2958 2364 3105 2408 cum

482 2452 733 2516 Christo
767 2459 1100 2534 tamquam
1133 2452 1425 2515 membra
1458 2469 1606 2513 cum
1640 2451 1851 2532 capite
1885 2451 2229 2532 conjuncti,
2266 2458 2329 2515 et
2362 2456 2697 2532 tamquam
2730 2450 2839 2513 filii
2860 2451 2973 2515 Dei
2994 2471 3109 2533 per

480 2559 753 2640 gratiam
784 2577 932 2622 cum
963 2558 1090 2623 filio
1126 2558 1239 2621 Dei
1285 2558 1564 2622 naturali
1605 2558 1960 2621 consociati
2007 2566 2174 2635 sunt,
2227 2564 2531 2622 monente
2565 2557 2867 2621 Domino:
2932 2560 3107 2623 Sicut

473 2666 715 2750 palmes
748 2673 904 2732 etc<
976 2666 1111 2730 Huc
1162 2664 1383 2730 referri
1433 2671 1704 2746 possunt
1753 2664 1953 2728 verba
2003 2685 2049 2727 5.
2097 2664 2452 2730 Thomae
2508 2669 2559 2732 1.
2594 2671 2633 2732 2
2685 2684 2742 2746 q.
2784 2670 2908 2732 114
2940 2684 2996 2729 a.
3031 2671 3105 2735 3:

489 2774 875 2848 ,Dicendum
909 2774 1081 2854 quod
1115 2789 1277 2852 opus
1311 2770 1708 2835 meritorium
1740 2772 2017 2835 hominis
2065 2772 2517 2853 dupliciter
2564 2772 2954 2836 considerari
2986 2792 3104 2853 po-

478 2888 635 2946 test:
684 2898 834 2944 uno
868 2880 1081 2954 mod0,
1115 2879 1470 2943 secundum
1503 2878 1676 2958 quod
1710 2879 2000 2958 procedit
2033 2898 2114 2943 ex
2146 2879 2350 2943 libero
2386 2879 2683 2953 arbitri03
2732 2879 2857 2942 alio
2891 2880 3104 2955 mod0,

477 2986 831 3050 secundum
864 2984 1038 3065 quod
1071 2984 1360 3065 procedit
1392 3003 1471 3048 ex
1504 2984 1710 3064 gratia
1742 2981 2013 3065 Spiritus
2046 3006 2093 3048 S.
2158 2984 2226 3049 Si
2258 2986 2703 3049 consideratur
2749 2986 3103 3050 secundum

477 3090 907 3154 substantiam
961 3090 1170 3171 operis
1222 3097 1285 3154 et
1317 3091 1672 3153 secundum
1724 3093 1895 3172 quod
1945 3093 2238 3174 procedit
2287 3111 2368 3156 ex
2418 3091 2620 3155 libero
2655 3092 2937 3169 arbitriO,
2972 3112 3105 3157 non

479 3203 691 3277 potest
722 3196 808 3258 ibi
841 3213 983 3258 esse
1015 3195 1416 3275 condignitas
1450 3204 1712 3278 propter
1745 3199 2095 3260 maximam
2134 3199 2758 3280 inaequalitatem...
2794 3197 2860 3261 Si
2882 3207 3105 3265 autem

476 3304 795 3384 loquimur
827 3303 907 3366 de
941 3321 1134 3384 opere
1167 3304 1496 3367 meritorio
1530 3304 1885 3368 secundum
1907 3304 2079 3387 quod
2101 3306 2390 3386 procedit
2420 3325 2497 3370 ex
2519 3306 2723 3384 gratia
2744 3303 3015 3388 Spiritus
3035 3327 3102 3384 s.,

477 3411 570 3472 sic
603 3415 700 3473 est
733 3410 1125 3473 meritorium
1158 3410 1332 3475 vitae
1365 3417 1670 3475 aeternae
1705 3429 1787 3474 ex
1808 3411 2184 3493 condigno«
2224 3413 2416 3476 Juxta
2439 3414 2605 3478 hanc
2627 3412 3104 3479 distinctionem

478 3516 749 3596 explicat
803 3516 1002 3580 verba
1047 3515 1227 3579 Pauli
1272 3517 1456 3580 Rom.
1506 3523 1564 3594 8,
1606 3523 1715 3585 18:
1779 3517 1925 3580 Non
1969 3528 2114 3582 sunt
2161 3520 2504 3603 condiynae
2545 3523 2870 3602 passiones
2918 3522 3104 3603 hujus

478 3627 770 3706 temporis
804 3625 890 3688 ad
919 3626 1210 3708 fut-uram
1237 3628 1550 3707 qloriam:
1583 3633 1767 3691 notat
1799 3627 1930 3690 scil.
1965 3646 2113 3692 eum
2153 3628 2363 3710 ‚loqui
2384 3629 2463 3692 de
2484 3628 2890 3709 passionibus
2912 3647 3102 3691 sanc-

477 3736 688 3794 torum
736 3731 1088 3796 secundum
1124 3750 1347 3794 eorum
1380 3733 1868 3796 substantiam«
1941 3733 2162 3816 Neque
2197 3735 2379 3799 deest
2412 3756 2471 3805 e.
2504 3736 2670 3799 ratio
2721 3736 3102 3816 theologica.

479 3835 648 3902 Sane
682 3856 882 3918 opera
913 3839 1086 3902 bona
1112 3839 1434 3920 justorum
1468 3859 1548 3902 ex
1582 3860 1652 3905 se
1699 3842 1804 3904 vix
1854 3842 2048 3905 ullam
2098 3842 2343 3906 habent
2373 3844 2854 3924 proportionem
2888 3843 2970 3906 ad
3003 3842 3103 3907 fu-

478 3950 688 4006 turam
721 3944 1008 4023 gloriam,
1044 3964 1209 4026 quae
1242 3944 1631 4010 revelabitur
1664 3949 1727 4010 in
1760 3949 1948 4011 nobis
1980 3948 2164 4012 Rom.
2200 3956 2257 4026 8,
2296 3955 2412 4025 183
2448 3956 2502 4016 2.
2527 3948 2668 4014 Cor.
2691 3956 2750 4026 4,
2781 3956 2875 4018 17.
2909 3950 3105 4033 Atqui

478 4051 560 4113 ad
594 4051 893 4114 meritum
927 4052 1314 4132 condignum
1347 4053 1563 4134 aliqua
1584 4055 1929 4136 requiritur
1951 4057 2281 4136 proportio
2304 4074 2449 4120 cum
2469 4058 2758 4138 praemio
2782 4059 2865 4143 (n.
2889 4063 3018 4126 226
3030 4059 3103 4145 ⁰).

476 4156 639 4238 Ergo
673 4158 836 4222 haec
870 4176 951 4221 ex
985 4177 1301 4239 personae
1335 4159 1642 4239 dignitate
1677 4161 1741 4223 in
1777 4179 1938 4241 opus
1974 4162 2248 4225 derivari
2284 4162 2491 4228 debet.
2545 4163 2620 4225 Et
2649 4183 2879 4229 revera
2910 4165 3101 4228 satis-

478 4263 768 4328 factionis
803 4272 866 4329 et
899 4266 1109 4328 meriti
1143 4267 1322 4329 valor
1353 4284 1483 4329 non
1516 4274 1767 4331 tantum
1803 4287 1883 4332 ex
1919 4269 2129 4350 operis
2176 4271 2589 4349 praestantia,
2637 4270 2751 4333 sed
2781 4289 2937 4351 prae
2970 4272 3100 4353 pri-

481 4372 598 4433 mis
632 4391 711 4435 ex
745 4373 1072 4453 operantis
1107 4374 1414 4454 dignitate
1448 4376 1775 4439 aestimari
1809 4375 1990 4438 solet.
2056 4376 2247 4458 Atqui
2294 4378 2469 4440 nulla
2515 4378 2789 4458 dignitas
2837 4379 2900 4442 in
2946 4398 3099 4460 pec-

475 4484 713 4553 catore,
750 4479 877 4542 imo
912 4480 1046 4560 ipse
1081 4487 1178 4544 est
1196 4480 1386 4562 plane
1407 4482 1719 4557 inhabilis,
1744 4481 2053 4564 quamdiu
2078 4490 2175 4546 est
2198 4492 2521 4563 peccator,
2543 4486 2812 4566 praemii
2833 4486 3098 4560 aeterni,

475 4589 696 4664 utpote
720 4584 867 4648 odio
894 4593 957 4650 et
977 4607 1188 4669 poena
1208 4596 1474 4654 aeterna
1504 4591 1762 4671 dignus;
1799 4591 2082 4654 maxima
2104 4598 2319 4655 autem
2344 4593 2408 4656 in
2424 4594 2597 4673 justo
2622 4594 2720 4680 (cf.
2742 4595 2898 4660 thes.
2923 4596 3096 4681 203),

475 4711 642 4773 quae
677 4712 807 4756 una
836 4712 955 4774 par
988 4702 1087 4758 est
1118 4696 1482 4760 reddendae
1534 4697 1789 4774 rationi,
1842 4697 1924 4760 ob
1979 4716 2172 4780 quam
2224 4700 2489 4763 minima
2534 4701 2854 4781 justorum
2901 4719 3098 4782 opera
