3538 5364
588 308 723 375 442
1319 301 1504 355 Tract.
1534 301 1628 355 IX.
1656 301 1725 355 de
1752 299 2128 371 poenitentia.
2156 299 2237 355 De
2265 300 2490 354 unitate

589 493 846 549 tenetur.
913 490 1099 565 Atqui
1131 487 1409 547 omnibus
1441 491 1568 547 erat
1600 506 1951 565 persuasum
1985 510 2040 550 α.
2073 506 2203 546 eam
2235 490 2472 546 tantum
2493 487 2928 564 poenitentiam
2949 487 3073 545 Deo
3093 505 3216 546 esse

590 582 839 656 gratam,
872 581 1169 654 acceptam
1202 581 1264 637 et
1293 578 1679 647 fructuosam,
1712 596 1866 652 quae
1895 577 1960 635 in
1984 576 2245 635 Ecclesia
2262 577 2479 653 agitur,
2517 595 2695 646 ,eum
2717 576 3009 635 Dominus
3030 576 3217 653 legem

500 682 503 685 ·
590 668 821 737 tulerit,
870 672 941 726 ut
986 668 1172 744 ligata
1202 668 1265 726 in
1295 666 1475 724 terris
1507 670 1569 725 et
1599 667 1666 725 in
1698 666 1877 725 coelis
1909 666 2095 744 ligata
2123 670 2342 735 essent,
2377 667 2527 725 solvi
2561 669 2760 724 autem
2795 665 2924 723 illic
2953 670 3216 741 possent,

592 777 744 833 quae
775 757 870 816 hic
902 757 1072 833 prius
1104 756 1170 815 in
1200 756 1465 814 Ecclesia
1494 756 1935 825 solverentur,‘
1966 758 2039 813 ut
2071 754 2282 813 scribit
2311 773 2356 817 s.
2391 755 2539 833 Cyp
2558 755 2730 812 rian
2747 772 2833 812 us
2865 754 2931 812 in
2962 773 3057 830 ep.
3092 773 3216 831 syn.

597 857 676 909 54
724 847 798 904 ad
830 846 1184 905 Cornelium.
1247 846 1605 903 Persuasum
1655 844 1870 903 deinde
1921 845 1976 925 β.
2028 844 2306 902 omnibus
2357 846 2421 902 et
2467 843 2779 903 axiomatis
2828 842 3025 901 instar
3073 848 3217 909 erat,

591 935 889 994 neminem
921 953 1095 1010 posse
1126 933 1558 1010 poenitentiam
1590 952 1780 1009 agere,
1828 933 1948 991 nisi
1995 950 2098 1008 spe
2129 934 2339 992 veniae
2370 931 2821 1008 consequendae
2852 936 3220 992 sustentare-

591 1030 711 1082 tur.
774 1025 862 1082 En
895 1026 1316 1100 argumentum
1348 1023 1659 1093 invictum,
1707 1040 1827 1098 quo
1858 1022 2150 1091 catholici,
2183 1024 2340 1080 teste
2373 1021 2880 1081 Tertulliano
2911 1020 2988 1079 de
3021 1021 3219 1097 pudic.

591 1133 639 1172 c.
694 1122 751 1183 3,
803 1116 1007 1173 contra
1051 1113 1442 1171 montanistas
1474 1112 1817 1173 utebantur.
1885 1111 1990 1181 ,Si
2045 1110 2225 1181 enim,
2274 1111 2561 1186 inquiunt
2609 1105 2961 1192 (catholici),
3015 1110 3221 1186 aliqua

593 1203 964 1278 poenitentia
994 1207 1158 1260 caret
1189 1202 1378 1272 venia,
1417 1203 1541 1277 jam
1588 1219 1697 1258 nec
1736 1200 1801 1258 in
1831 1203 2033 1259 totum
2063 1199 2176 1258 tibi
2208 1200 2436 1277 agenda
2466 1204 2577 1263 est.
2641 1200 2810 1257 Nihil
2840 1199 3004 1258 enim
3036 1218 3218 1275 agen·

591 1292 738 1350 dum
786 1295 879 1350 est
928 1292 1172 1349 frustra.
1250 1292 1430 1350 Porro
1476 1291 1699 1348 frustra
1743 1293 1960 1366 agetur
2004 1288 2394 1364 poenitentia,
2444 1289 2494 1348 si
2545 1291 2708 1348 caret
2756 1289 2945 1348 venia.
3013 1289 3222 1347 Omnis

594 1384 794 1440 autem
825 1380 1193 1456 poenitentia
1222 1380 1452 1455 agenda
1482 1382 1591 1437 est.
1656 1379 1814 1455 Ergo
1863 1378 2056 1437 omnis
2110 1379 2344 1436 veniam
2394 1381 2812 1453 consequatur,
2863 1397 2939 1436 ne
2989 1378 3224 1437 frustra

592 1473 822 1546 agatur,
856 1470 999 1544 quia
1030 1488 1149 1527 non
1181 1469 1297 1527 erit
1327 1468 1572 1546 agenda,
1605 1468 1656 1526 si
1685 1468 1912 1526 frustra
1941 1470 2213 1544 agatur.‘
2261 1467 2341 1526 cf.
2374 1487 2430 1525 n.
2455 1467 2637 1531 4543.
2685 1467 2842 1543 Ergo
2873 1465 2996 1525 nisi
3030 1466 3223 1526 dicere

592 1559 863 1629 velimuS‚
898 1561 1227 1635 peccatores
1258 1558 1323 1615 in
1355 1557 1605 1633 pristina
1635 1560 1876 1634 peccata
1905 1557 2170 1632 relapsos
2202 1576 2231 1614 a
2268 1560 2584 1632 praecepto
2609 1556 2874 1631 agendae
2905 1556 3221 1630 poeniten-

592 1648 710 1705 tiae
758 1648 985 1706 solutos
1030 1647 1232 1716 fuisse,
1285 1647 1385 1705 vel‘
1425 1647 1712 1721 potestati
1758 1645 2014 1704 clavium
2062 1663 2186 1703 non
2216 1646 2476 1722 amplius
2507 1646 2839 1721 subjectos:
2887 1644 3222 1704 tenendum

592 1741 699 1805 est,
734 1737 898 1812 ipsis,
934 1736 983 1794 si
1017 1737 1133 1794 rite
1165 1739 1367 1795 essent
1397 1735 1695 1811 dispositi,
1729 1736 1963 1794 veniam
1994 1753 2301 1809 nunquam
2335 1734 2522 1794 fuisse
2553 1737 2846 1813 negatam.
2910 1734 2987 1791 Et
3017 1753 3224 1793 revera

770 1823 838 1890 d.
870 1826 1024 1883 nihil
1057 1824 1376 1899 disciplina
1406 1824 1701 1883 contraria
1730 1823 2138 1900 perniciosius.
2188 1823 2291 1893 ,Si
2326 1824 2719 1894 clauderetur,
2753 1823 2957 1897 inquit
2990 1824 3064 1882 ad
3097 1843 3221 1882 rem

592 1914 1094 1990 Augustinus
1128 1932 1299 1977 serm.
1337 1923 1460 1977 352
1495 1933 1554 1972 n.
1592 1924 1646 1985 9,
1695 1913 1896 1971 aditus
1931 1913 2352 1986 poenitentiae,
2385 1931 2582 1972 nonne
2612 1913 2717 1971 ille
2746 1916 3022 1988 peccator
3052 1916 3222 1972 tanto

592 2004 783 2080 magis
814 2003 1058 2061 adderet
1088 2006 1326 2078 peccata
1357 2002 1631 2079 peccatis,
1664 2005 1891 2078 quanto
1923 2002 2113 2078 magis
2147 2001 2263 2060 sibi
2295 2001 2639 2077 desperaret
2669 2001 2945 2077 ignosci?
2985 2001 3223 2061 Diceret

592 2092 750 2151 enim
784 2092 928 2150 sibi:
969 2092 1113 2151 Ecce
1147 2093 1402 2168 peccavi,
1436 2109 1567 2152 ecce
1601 2093 1795 2150 scelus
1828 2090 2059 2159 admisi,
2088 2092 2214 2166 jam
2245 2090 2396 2149 mihi
2429 2091 2639 2150 veniae
2670 2091 2876 2149 nullus
2907 2093 3004 2148 est
3035 2091 3218 2159 loona,

593 2180 962 2255 poenitentia
993 2181 1368 2239 infructuosa
1399 2184 1508 2251 est,
1544 2180 1916 2239 damnandus
1949 2198 2113 2238 sum:
2165 2199 2347 2255 quare
2387 2181 2513 2255 jam
2564 2198 2685 2239 non
2735 2180 2872 2238 vivo
2921 2181 2993 2236 ut
3042 2181 3221 2239 volo?

593 2270 745 2338 Quia
777 2270 861 2328 ibi
892 2288 1010 2328 non
1044 2270 1283 2329 invenio
1319 2270 1644 2339 caritatem,
1694 2270 1792 2328 bic
1824 2270 2036 2328 saltem
2071 2286 2302 2346 pascam
2336 2269 2748 2344 cupiditatem.
2819 2267 3015 2337 Quare
3061 2270 3218 2327 enim

593 2378 685 2417 me
730 2358 1101 2417 abstineam?
1166 2360 1259 2418 Ibi
1308 2359 1455 2418 mihi
1500 2360 1666 2417 locus
1712 2359 1904 2417 omnis
1936 2358 2179 2416 clausus
2211 2361 2333 2417 est:
2387 2359 2484 2417 hic
2531 2356 2824 2433 quidquid
2856 2376 2979 2416 non
3011 2357 3218 2426 fecero,

594 2448 792 2523 perd0‚
825 2449 966 2523 quia
994 2448 1136 2518 vita,
1171 2468 1322 2524 quae
1352 2453 1492 2524 post
1520 2449 1672 2506 hanc
1704 2450 1910 2506 futura
1930 2451 2041 2516 est,
2075 2464 2201 2505 non
2221 2447 2367 2506 mihi
2387 2447 2649 2506 dabitur.
2698 2445 2893 2515 Quare
2925 2465 3071 2523 ergo
3105 2464 3222 2505 non

592 2627 750 2699 licet,
798 2627 901 2685 sed
945 2625 1177 2685 libem<
1226 2631 1336 2690 etc.
1401 2626 1790 2702 Disciplinam
1822 2626 2035 2685 talium
2070 2625 2376 2686 fructuum
2409 2625 2768 2685 naturaliter
2799 2624 3054 2684 feracem
3086 2644 3220 2685 san-

593 2717 784 2775 cietne
821 2713 1121 2774 Ecclesia?
1185 2716 1376 2784 Quare

777 2820 840 2868 e.
875 2810 1074 2880 patres
1106 2807 1420 2864 unanimes
1452 2807 1743 2874 statuunt,
1790 2804 2085 2863 neminem
2118 2823 2291 2879 posse
2329 2806 2404 2862 ab
2449 2804 2676 2882 agenda
2707 2804 3080 2879 poenitentia
3111 2804 3219 2862 hu·

584 2896 809 2969 jusque
842 2894 1043 2952 fructu
1074 2894 1112 2953 i.
1146 2897 1601 2971 e..peccatorum
1632 2893 1979 2952 remissione
2010 2893 2262 2952 excludi.
2327 2893 2682 2963 ,Neminem
2715 2895 3022 2969 putamus,
3076 2894 3218 2952 scri-

593 2984 684 3041 bit
716 3001 760 3046 s.
793 2983 886 3058 Cy
905 2983 1185 3058 prianu
1204 3001 1232 3040 s
1264 3001 1355 3058 ep.
1379 2991 1459 3045 52
1482 3002 1540 3040 n.
1565 2992 1665 3052 27,
1699 3003 1734 3041 a
1765 2982 1971 3040 fructu
2003 2981 2424 3041 satisfactionis
2454 2986 2516 3040 et
2548 3001 2651 3058 spe
2684 2982 2846 3057 pacis
2880 2981 3218 3053 arcendum,

593 3091 728 3130 cum
762 3072 1015 3130 sciamus
1038 3074 1213 3146 juxta
1247 3072 1688 3147 Scripturarum
1721 3071 2061 3130 divinarum
2104 3071 2296 3140 fidem,
2345 3075 2587 3130 auctore
2636 3073 2698 3128 et
2741 3071 3046 3130 hortatore
3094 3072 3218 3147 ipso

594 3163 731 3229 Deo,
779 3163 841 3217 et
886 3159 958 3218 ad
1002 3160 1293 3236 agendam
1324 3161 1752 3236 poenitentiam
1785 3164 2122 3235 peccatores
2157 3156 2444 3240 (profecto
2476 3161 2655 3219 etiam
2686 3155 2980 3242 relapsos)
3010 3160 3217 3238 redigi,

592 3253 653 3307 et
684 3249 919 3307 veniam
951 3252 1130 3323 atque
1164 3250 1598 3326 indulgentiam
1617 3250 2069 3327 poenitentibus
2103 3268 2227 3309 non
2259 3250 2596 3327 denegari.‘
2621 3283 2710 3300 -—·
2729 3249 2808 3307 Et
2826 3248 2963 3307 aliis
2982 3250 3218 3308 omissis

595 3357 636 3398 s,
672 3337 1176 3397 coelestinus
1222 3339 1284 3398 in
1328 3358 1416 3414 ep.
1450 3339 1521 3397 ad
1557 3358 1644 3415 ep.
1679 3357 1841 3415 prov.
1876 3339 2032 3397 vien.
2065 3342 2126 3397 et
2156 3339 2323 3397 narb.
2353 3358 2411 3402 n.
2448 3347 2518 3401 3:
2570 3338 2984 3415 ‚Agnovimus
3015 3339 3218 3413 poeni·

592 3427 841 3486 tentiam
873 3427 1269 3486 morientibus
1308 3428 1608 3502 denegari,
1661 3447 1772 3487 nec
1816 3429 2060 3488 illorum
2105 3427 2415 3486 desideriis
2460 3427 2663 3496 annui,
2716 3428 2824 3502 qui
2873 3427 3079 3488 obitus
3128 3427 3216 3486 sui

593 3521 858 3591 tempore
891 3515 999 3574 hoc
1043 3516 1270 3575 animae
1303 3535 1445 3576 suae
1475 3519 1730 3593 cupiunt
1759 3517 2021 3576 remedio
2055 3516 2378 3575 subveniri.
2441 3517 2782 3587 Horremus,
2828 3516 3037 3587 fateor,
3082 3519 3215 3575 tan·

592 3609 686 3663 tae
718 3605 1165 3680 impietatis
1198 3606 1459 3680 aliquem
1490 3607 1758 3681 reperiri,
1794 3609 1867 3665 ut
1896 3607 1969 3665 de
1987 3606 2095 3664 Dei
2115 3605 2340 3681 pietate
2360 3605 2658 3681 desperet:
2692 3605 2864 3680 quasi
2885 3624 3008 3664 non
3029 3606 3218 3680 possit

592 3694 662 3753 ad
700 3713 762 3752 se
794 3695 1007 3769 quovis
1037 3698 1302 3770 tempore
1323 3696 1699 3754 concurrenti
1720 3713 2065 3754 succurrere
2094 3698 2158 3754 et
2187 3694 2626 3770 periclitantem
2660 3695 2773 3752 sub
2806 3713 2986 3754 onere
3017 3713 3217 3770 pecca-

593 3788 790 3842 torum
823 3783 1121 3843 hominem
1154 3784 1432 3859 pondere,
1478 3804 1596 3859 quo
1642 3803 1706 3843 se
1753 3786 1858 3844 ille
1903 3783 2166 3859 expediri
2197 3783 2515 3854 desiderat,
2550 3783 2820 3847 liberare.
2890 3782 3047 3852 Quid
3094 3785 3215 3853 boc,

592 3891 754 3949 rog0‚
799 3872 963 3931 aliud
1010 3876 1116 3942 est,
1163 3892 1342 3948 quam
1374 3874 1649 3932 morienti
1680 3878 1934 3933 mortem
1967 3872 2200 3942 addere,
2248 3873 2500 3948 ejusque
2531 3872 2790 3931 animam
2821 3891 2931 3931 sua
2961 3873 3216 3932 crudeli-

594 3964 732 4031 tate,
765 3981 838 4020 ne
870 3962 1155 4020 absoluta
1176 3980 1305 4020 esse
1338 3963 1545 4037 possit,
1581 3963 1887 4022 occidere?
1934 3981 2068 4020 cum
2100 3961 2259 4021 Deus
2292 3961 2365 4020 ad
2400 3961 2879 4020 subveniendum
2910 3962 3217 4037 paratissi-

593 4069 744 4120 mus,
779 4051 1039 4109 invitans
1074 4051 1148 4110 ad
1180 4053 1626 4127 poenitentiam,
1663 4054 1749 4111 sic
1778 4051 2126 4128 promittat:
2176 4049 2468 4127 Peccator,
2510 4051 2727 4125 iuquit,
2760 4067 3103 4128 quacunque
3129 4051 3217 4109 die

593 4158 896 4198 conversus
928 4143 1122 4214 fecerit,
1167 4148 1413 4215 peccata
1453 4141 1573 4215 ejus
1615 4159 1729 4199 non
1777 4140 2215 4216 imputabuntur
2260 4144 2312 4197 ei
2360 4136 2480 4219 (ΕΖ.
2518 4148 2619 4209 33,
2663 4139 2798 4217 15):
2851 4142 2913 4198 et
2961 4139 3215 4199 iterum:

598 4227 744 4287 Nolo
776 4236 1011 4286 mortem
1037 4227 1377 4305 peccatoris,
1417 4231 1517 4288 sed
1548 4238 1776 4289 tantum
1806 4236 2175 4288 convertatur
2205 4237 2256 4287 et
2286 4231 2437 4288 vivat
2470 4226 2557 4309 (ib
2621 4239 2717 4298 18,
2756 4224 2883 4311 23).
2951 4228 3218 4288 Salutem

595 4335 734 4394 ergo
782 4318 1008 4376 homini
1053 4318 1282 4388 adimit,
1329 4319 1602 4394 quisquis
1648 4320 1857 4377 mortis
1901 4318 2210 4393 praeteriti
2243 4323 2509 4395 tempore
2541 4318 2974 4394 poenitentiam
3007 4313 3218 4401 (fortez

594 4406 806 4464 mortis
837 4408 1102 4482 tempore
1133 4408 1445 4484 praeteriti
1476 4404 1930 4488 poenitentiam)
1964 4407 2291 4484 denegarit.
2357 4408 2433 4466 Et
2465 4407 2799 4483 desperavit
2844 4406 2918 4465 de
2962 4407 3218 4466 clemen-

596 4495 682 4553 tia
716 4496 837 4565 Dei,
885 4496 988 4570 qui
1035 4514 1172 4555 eum
1205 4496 1275 4554 ad
1311 4497 1786 4555 subveniendum
1819 4496 2096 4555 morienti
2132 4497 2403 4556 sufficere
2436 4496 2529 4555 vel
2561 4498 2864 4555 momento
2895 4512 3070 4571 posse
3102 4515 3219 4555 non

594 4583 903 4646 credidit}
972 4584 1348 4661 Quapropter
1393 4585 1485 4644 vel
1527 4586 1757 4644 Natalis
1806 4584 2281 4654 Alexander,
2333 4585 2605 4661 quamvis
2652 4586 2935 4643 statuerit
2980 4588 3219 4659 patrum

597 4673 789 4731 effutis
823 4674 895 4731 de
927 4673 1158 4732 unitate
1189 4674 1592 4749 poenitentiae
1622 4675 1866 4733 innixus
1900 4675 2372 4751 propositionem
2403 4674 2542 4733 diss.
2583 4684 2658 4736 10
2693 4673 2758 4731 in
2791 4692 2902 4733 sec.
2935 4674 3056 4732 111:
3100 4674 3220 4742 ‚Iis

595 4763 699 4837 qui
732 4765 863 4820 acta
892 4763 1130 4838 publice
1161 4763 1531 4839 poenitentia
1561 4765 1626 4822 in
1657 4764 1862 4823 eadem
1895 4765 1990 4823 vel
2023 4782 2176 4822 nova
2207 4763 2460 4822 crimina
2490 4763 2927 4835 relabebantur,
2958 4762 3036 4822 ob
3070 4782 3220 4839 quae
