3538 5364
621 224 752 287 374
955 216 1138 271 Tract.
1167 217 1260 281 IX.
1287 216 1357 270 de
1384 218 1749 278 eucharistia.
1775 220 1976 275 Thesis
2003 220 2290 276 CCXXXI.
2320 220 2400 274 De
2427 218 2805 274 eucharistiae

617 403 742 461 vita
771 420 891 460 non
936 402 1321 461 comederunt
1364 422 1577 480 corpus
1625 409 1686 464 et
1732 407 2088 483 sanguinem
2121 405 2359 476 Christi,
2414 403 2857 463 subministrari
2906 405 3064 463 hunc
3109 422 3238 462 coe·

617 491 826 551 lestem
861 491 1055 550 cibum
1101 491 1162 549 in
1207 492 1413 551 futura
1456 495 1582 552 vita
1631 495 1762 571 ipso
1809 495 2019 555 mortis
2069 495 2350 554 instante.
2409 493 2567 552 Hinc
2611 492 2793 552 etiam
2825 492 3046 551 sanctis
3076 492 3143 556 V.
3175 493 3238 550 Τ.

617 580 817 656 potuit
837 581 1103 640 Christus
1123 581 1482 641 descendens
1513 583 1585 641 ad
1608 584 1842 655 ¹inferos
1875 585 2144 661 seipsum
2175 582 2610 643 communicare
2642 583 2753 641 sub
2787 582 3100 658 speciebus
3132 601 3236 658 pa-

618 669 713 728 nis
746 672 809 727 et
840 669 981 738 vini,
1014 675 1086 728 ut
1118 673 1288 745 aptos
1320 689 1417 729 eos
1452 672 1727 731 redderet
1756 674 1829 731 ad
1862 672 2147 732 visionem
2170 673 2336 735 Dei.‘
2377 672 2536 730 Haec
2555 672 2713 730 enim
2734 670 2879 730 adeo
2913 671 3237 748 singularis

620 758 822 834 opinio
854 758 1139 817 innititur
1170 758 1318 817 falso
1351 762 1663 837 supposito
1695 762 2004 821 absolutae
2037 761 2410 821 necessitatis
2443 760 2851 819 eucharistiae.
2897 760 3105 836 Neque
3138 778 3235 817 ur-

620 850 832 923 geatur
861 847 1297 922 parallelismus
1342 850 1501 908 inter
1544 853 1727 910 verba
1771 851 1989 909 Christi
2019 852 2112 914 Jo.
2148 863 2204 919 6,
2256 860 2337 914 54
2373 851 2453 928 (n.
2490 844 2660 930 391),
2708 849 2930 924 quibus
2977 849 3240 907 inculcat

621 936 1010 995 eucharistiae
1041 937 1457 1012 percipiendae
1489 941 1923 1011 necessitatem,
1956 943 2018 999 et
2047 940 2086 998 J
2089 959 2142 1002 ο.
2165 949 2222 1010 3,
2261 951 2329 1002 5:
2364 939 2501 997 Nisi
2531 941 2661 1014 quis
2691 946 2931 996 renatus
2963 939 3142 1013 fuerit
3172 956 3242 995 ex

621 1044 776 1102 aqua
805 1032 856 1082 et
888 1026 1119 1099 Spiritu
1148 1045 1214 1102 8.,
1250 1046 1364 1085 non
1385 1035 1573 1101 potest
1606 1031 1850 1088 introire
1879 1031 1942 1087 in
1973 1048 2211 1106 reynum
2233 1029 2360 1106 Del,
2397 1028 2616 1105 quibus
2658 1027 3033 1103 significatur
3069 1028 3239 1085 abso-

622 1114 751 1173 luta
780 1114 1099 1173 necessitas
1131 1116 1312 1174 medii
1345 1117 1661 1193 baptismi:
1694 1119 1995 1194 triplex
2026 1119 2186 1177 enim
2218 1118 2376 1177 inter
2406 1121 2732 1190 utrumque
2765 1116 2963 1174 locum
2993 1120 3087 1174 est
3118 1116 3238 1173 ciis·

622 1203 871 1262 crimen:
923 1199 983 1266 l.
1030 1204 1258 1264 ratione
1303 1204 1591 1266 formae
1635 1207 2084 1285 grammaticae:
2132 1208 2302 1267 Joan.
2342 1218 2395 1276 3,
2447 1216 2479 1269 5
2530 1207 2865 1281 subjectum
2898 1205 3241 1263 necessitati

621 1293 939 1351 obnoxium
972 1293 1330 1353 enunciatur
1359 1296 1661 1356 illimitate
1693 1298 1811 1355 nisi
1840 1298 1970 1373 quis
1984 1316 2013 1368 ,·
2043 1296 2212 1358 Joan.
2241 1306 2297 1367 6,
2324 1306 2404 1359 54
2428 1313 2619 1354 sermo
2650 1293 2934 1370 dirigitur
2967 1294 3039 1352 ad
3070 1293 3242 1352 adul-

621 1386 743 1451 tos3
777 1382 913 1440 hinc
944 1383 1001 1441 vi
1034 1384 1351 1442 verborum
1380 1386 1616 1444 nonnisi
1647 1385 1840 1444 adulti
1871 1385 2247 1462 obligantur;
2294 1382 2361 1447 ⁶2.
2403 1384 2634 1443 ratione
2665 1384 2966 1458 subjectae
2997 1386 3194 1442 mate
3215 1414 3241 1426 ·

622 1471 809 1529 riae:
842 1471 934 1534 J0.
970 1481 1027 1541 3,
1064 1483 1096 1535 5
1134 1491 1322 1531 sermo
1354 1477 1443 1532 est
1473 1474 1545 1533 de
1577 1475 2040 1552 regeneratione,
2074 1493 2225 1550 quae
2257 1474 2330 1532 ad
2362 1474 2684 1532 vivendum
2715 1476 2804 1530 est
2837 1473 3107 1531 absolute
3138 1491 3244 1530 ne·

623 1561 895 1631 cessaria3
928 1561 1021 1622 Jo.
1045 1571 1099 1631 6,
1128 1570 1207 1623 54
1242 1562 1314 1620 de
1334 1562 1802 1633 manducatione,
1837 1582 1988 1638 quae
2018 1582 2139 1621 non
2170 1566 2259 1622 est
2289 1564 2559 1621 absolute
2579 1561 2900 1620 necessaria
2930 1561 3003 1619 ad
3035 1562 3241 1620 viven-

624 1649 765 1707 dum
799 1668 886 1712 eX.
916 1669 1002 1727 gr.
1034 1669 1140 1725 per
1172 1651 1402 1723 horam:
1436 1648 1503 1715 3.
1535 1654 1767 1713 ratione
1800 1653 2500 1728 interpretationis
2531 1651 2904 1710 authenticae
2934 1650 3244 1710 Ecclesiae.

805 1790 951 1856 393.
986 1788 1531 1857 Demonstrati«)
1565 1811 1632 1876 p.
1664 1789 1767 1857 11.
1832 1787 2305 1852 Eucharistiam
2353 1788 2786 1853 necessariam
2836 1806 2981 1851 esse
3013 1804 3243 1850 neces-

625 1894 814 1957 sitate
846 1896 1283 1976 praecepti
1314 1903 1379 1961 et
1411 1897 1607 1960 divini
1639 1903 1705 1961 et
1737 1895 2154 1961 ecclesiastici
2187 1894 2451 1959 dubium
2484 1914 2626 1960 esse
2658 1894 2910 1975 nequit:
2946 1895 3074 1956 imo
3098 1910 3244 1956 eam

626 1999 1060 2064 necessariam
1097 2019 1353 2083 quoque
1386 2018 1723 2067 censemus
1756 2001 1840 2065 ad
1872 2001 2146 2065 salutem
2167 2001 2557 2065 necessitate
2591 2000 2841 2064 medii
2874 2000 3093 2081 utique
3113 2018 3245 2062 non

627 2105 943 2183 absoluta,
976 2106 1089 2171 sed
1122 2108 1349 2171 morali
1383 2109 1467 2194 (n.
1507 2111 1677 2195 140),
1724 2114 1949 2189 utpote
1997 2108 2285 2173 medium
2337 2107 2688 2171 admodum
2721 2106 2946 2201 efficax
2980 2105 3063 2169 ad
3094 2124 3247 2187 per-

627 2213 1051 2278 severandum
1085 2222 1149 2280 et
1179 2215 1352 2279 hunc
1401 2217 1467 2278 in
1518 2215 1708 2280 finem
1759 2216 2063 2279 divinitus
2116 2214 2495 2279 institutum.
2557 2213 2635 2277 Et
2665 2231 2824 2278 sane
2870 2213 2993 2276 nisi
3024 2212 3245 2277 defen-

628 2320 817 2384 datur
846 2320 1007 2384 haec
1039 2322 1409 2398 necessitas,
1441 2341 1633 2387 sensu
1668 2329 1892 2387 carent
1923 2322 2136 2385 minae
2171 2319 2433 2385 Christi:
2483 2322 2707 2403 Amen,
2739 2340 2945 2401 amen,
2977 2320 3112 2383 dico
3144 2342 3247 2381 ro-

629 2428 754 2490 bis:
800 2427 945 2491 Nisi
976 2430 1500 2493 manducaveritis
1530 2449 1781 2493 carnem
1814 2427 1966 2492 Filii
1995 2428 2261 2492 hominis
2293 2437 2348 2492 et
2379 2428 2650 2491 biberitis
2692 2429 2825 2508 ejus
2854 2428 3248 2511 sanquinem,

630 2554 751 2596 non
782 2534 1080 2597 habebitis
1110 2538 1298 2599 vitam
1332 2538 1399 2598 in
1432 2536 1598 2599 vobis
1631 2535 1751 2621 (Jo.
1787 2541 1844 2612 6,
1879 2536 2024 2621 54);
2060 2543 2123 2599 et
2155 2535 2495 2616 promissio
2528 2534 2782 2616 adjecta
2815 2553 2871 2597 v.
2905 2538 3023 2602 58:
3075 2532 3246 2596 Sicut

627 2642 793 2705 mis-it
825 2661 920 2706 me
950 2643 1153 2706 vivens
1186 2642 1376 2706 Pater
1407 2648 1461 2705 et
1494 2661 1598 2725 eqo
1642 2642 1777 2705 vivo
1803 2648 2066 2725 propter
2097 2641 2390 2706 Patrem:
2440 2648 2494 2705 et
2540 2642 2646 2725 qui
2691 2640 3034 2704 manducat
3065 2658 3160 2702 me
3191 2646 3247 2701 et

629 2751 755 2830 ipse
786 2749 941 2811 vivet
963 2756 1227 2832 propter
1257 2769 1368 2812 me.
1430 2747 1603 2813 Haec
1654 2749 1824 2812 enim
1878 2749 2112 2825 omnia,
2160 2749 2326 2814 sicut
2369 2750 2509 2830 ipsa
2543 2747 2821 2812 exterior
2852 2747 3244 2815 sacramenti

627 2854 850 2931 forma,
883 2873 1012 2937 qua
1042 2854 1402 2919 institutum
1434 2862 1532 2918 est
1563 2854 1682 2919 sub
1716 2855 1880 2918 cibi
1911 2855 2222 2937 symbolo,
2257 2855 2428 2919 clare
2463 2855 2780 2928 evincunt,
2801 2854 2889 2917 ita
2910 2851 3242 2933 analogice

626 2980 696 3025 se
728 2961 969 3026 habere
1000 2943 1169 3024 hunc
1201 2979 1433 3042 panem
1486 2962 1568 3025 ad
1603 2962 2168 3026 conservationem
2214 2962 2406 3032 vitaer
2431 2960 2794 3043 spiritualiS,
2844 2967 2915 3024 ut
2945 2978 3015 3024 se
3049 2959 3242 3022 habet

625 3067 805 3131 cibus
837 3066 1189 3147 corporalis
1221 3067 1305 3130 ad
1339 3068 1901 3133 conservationem
1921 3069 2092 3134 vitae
2112 3068 2443 3134 naturalis,
2479 3068 2648 3133 Fieri
2670 3085 2821 3147 ergo
2844 3084 2974 3130 non
2990 3066 3241 3147 poterit.

626 3179 696 3237 ut
727 3174 833 3255 qui
864 3172 1221 3239 voluntarie
1252 3173 1378 3237 hoc
1410 3175 1689 3240 medium
1722 3175 1983 3256 spernit,
2016 3177 2300 3257 seposita
2321 3177 2514 3240 etiam
2533 3174 2864 3256 praecepti
2886 3180 3240 3251 transgres-

624 3280 823 3357 sione,
856 3283 1372 3360 perseverantiae
1407 3283 1665 3360 donum,
1699 3283 1931 3347 saltem
1964 3284 2307 3360 ordinarie,
2340 3291 2740 3365 assequatur.

806 3436 948 3489 394.
982 3420 1351 3493 Scholion.
1384 3430 1724 3505 Exceptioni
1753 3432 1978 3505 satisfit.
2002 3464 2089 3474 —-
2111 3431 2358 3489 Censent
2379 3430 2674 3500 nonnulli,
2697 3431 2747 3487 A
2764 3449 2806 3488 ιι
2820 3449 2859 3506 g
2875 3449 2916 3487 ιι
2932 3429 3238 3496 atinum,

623 3517 1169 3576 Innocentium
1201 3519 1244 3581 1.
1282 3522 1344 3577 et
1376 3519 1765 3578 Gelasium
1801 3520 2071 3577 statuisse
2104 3520 2434 3578 absolutam
2466 3519 2851 3577 eucharistiae
2883 3517 2958 3576 ad
2990 3518 3239 3576 salutem

622 3606 1044 3667 necessitatem.
1110 3607 1345 3666 Certum
1398 3611 1597 3666 tamen
1647 3612 1753 3674 est,
1807 3608 2334 3684 Augustinum
2383 3609 2599 3683 passim
2644 3608 2867 3676 docere,
2916 3607 3239 3665 infantibus

621 3695 694 3753 ad
727 3695 977 3753 salutem
1011 3695 1278 3755 sufficere
1310 3695 1619 3773 baptisma.
1683 3697 1763 3756 Cf.
1798 3697 1871 3754 de
1903 3714 2058 3772 pecc.
2089 3697 2313 3755 meritis
2347 3700 2409 3754 et
2439 3697 2658 3754 remiss.
2694 3697 2731 3754 l.
2772 3710 2791 3759 1
2838 3715 2884 3754 c.
2929 3706 3001 3759 19
3036 3716 3093 3756 ιι.
3129 3705 3238 3760 25;

622 3802 667 3847 c.
706 3793 783 3846 20
819 3803 876 3842 n.
916 3794 1024 3853 28:
1074 3803 1119 3843 c.
1173 3795 1249 3848 25
1297 3805 1355 3844 n.
1406 3794 1523 3853 36:
1571 3803 1616 3843 c.
1654 3794 1732 3846 26
1784 3804 1841 3842 n.
1878 3795 1991 3853 39:
2040 3803 2085 3848 c.
2123 3796 2201 3848 32
2238 3805 2293 3842 n.
2331 3795 2405 3847 61
2447 3803 2523 3854 S.;
2575 3785 2920 3860 praesertim
2954 3786 2992 3842 l.
3032 3795 3065 3848 3
3102 3803 3148 3845 c,
3187 3795 3240 3847 5.

621 3873 772 3931 Hinc
803 3875 1001 3949 patres
1032 3893 1341 3949 nunquam
1387 3875 1459 3932 de
1504 3874 1838 3932 infantibus
1869 3874 2200 3949 baptizatis,
2235 3878 2551 3948 antequam
2586 3874 3006 3932 eucharistiam
3038 3891 3238 3950 perce-

620 3962 836 4037 perint,
870 3962 1080 4021 dicunt
1109 3981 1206 4021 eos
1238 3981 1432 4020 carere
1465 3962 1674 4039 gratia,
1721 3964 1816 4021 vel
1864 3982 1982 4022 non
2029 3981 2154 4021 esse
2196 3963 2348 4021 filios
2385 3963 2505 4033 Dei,
2553 3981 2651 4021 eos
2699 3981 2827 4021 esse
2873 3962 3242 4021 damnationi

620 4051 917 4119 obnoxios,
966 4055 1159 4110 actum
1194 4052 1288 4110 vel
1319 4051 1529 4109 saltem
1564 4051 1962 4109 dubitandum
1995 4069 2124 4110 esse
2157 4052 2228 4109 de
2260 4070 2463 4110 eorum
2497 4052 2709 4122 salute,
2758 4055 2830 4110 ut
2861 4069 3034 4127 saepe
3067 4051 3125 4110 id
3158 4050 3244 4110 af-

619 4138 860 4197 firmant
899 4139 971 4197 de
1014 4141 1281 4198 nondum
1312 4139 1645 4216 baptizatis,
1712 4138 2045 4198 Difficultas
2078 4159 2218 4217 ergo
2253 4141 2393 4200 haec
2425 4140 2834 4218 exegetica
2864 4143 3102 4199 tantum
3135 4152 3243 4208 est,

619 4247 797 4328 quam
829 4227 933 4286 alii
964 4229 1138 4287 aliter
1169 4230 1428 4288 solvunt.
1493 4229 1829 4288 Secundum
1875 4230 2077 4305 plnres
2124 4230 2184 4287 hi
2230 4235 2428 4306 patres
2474 4230 2810 4306 loquuntur
2855 4248 2976 4288 non
3013 4232 3138 4288 tam
3170 4229 3243 4288 de

611 4316 746 4393 ipso
779 4321 1143 4376 sacramento
1177 4337 1357 4393 quam
1402 4318 1475 4376 de
1524 4337 1587 4376 re
1632 4319 1981 4377 sacramenti
2015 4337 2123 4377 seu
2153 4319 2226 4378 de
2270 4320 2398 4394 ejus
2437 4319 2765 4389 effectu,
2815 4318 2920 4395 qui
2966 4322 3060 4377 est
3105 4337 3244 4377 con-

611 4405 844 4480 junctio
865 4423 996 4465 cum
1019 4406 1252 4466 Christo
1283 4412 1344 4465 et
1376 4407 1788 4507 incorporatio,
1822 4426 2001 4483 quem
2020 4404 2326 4469 infantes
2302 4428 2425 4483 Jam
2458 4408 2521 4466 in
2554 4408 2846 4484 baptismo
2868 4407 3240 4483 percipiunt:

618 4513 801 4570 qnare
833 4494 1266 4570 quadamtenus
1295 4496 1415 4554 dici
1446 4496 1746 4572 possunt'
1732 4515 1795 4553 ιιι
1828 4496 2120 4572 baptismo
2153 4497 2510 4556 manducare
2542 4514 2755 4571 corpus
2789 4499 2852 4555 et
2877 4496 3241 4573 sangninem

617 4582 854 4654 Christi,
889 4602 1007 4644 non
1038 4585 1279 4660 quidem
1313 4585 1544 4644 ratione
1574 4586 1939 4655 sacramenti,
1975 4585 2079 4644 sed
2111 4586 2338 4645 ratione
2369 4586 2840 4660 effectu8,‘1nem
2861 4603 3240 4661 consequun-

616 4675 733 4742 tur,
780 4677 841 4731 et
884 4673 988 4747 qui
1034 4692 1173 4732 sane
1217 4674 1411 4750 ipsius
1458 4673 1847 4732 eucharistiae
1879 4675 2275 4751 susceptione,
2306 4694 2486 4751 quam
2517 4674 2825 4734 infantes
2799 4693 2924 4750 Jam
2956 4674 3240 4750 baptizati
