3538 5364
492 284 627 348 476
892 274 1077 327 Tract.
1105 274 1201 327 IX.
1227 274 1296 326 de
1325 273 1700 344 poenitentia.
1728 271 1928 325 'rhesis
1955 271 2235 326 CCXLIX.
2264 270 2711 341 Exceptionibus

494 453 771 520 Oriente.
807 454 1136 519 Confessio
1171 472 1326 518 vero
1360 460 1611 519 secreta
1642 470 1973 534 nunquam
2005 453 2297 517 cessavit.
2316 492 2404 501 —
2425 450 2590 531 Quid
2611 470 2763 533 ergo
2784 451 2899 515 fuit
2918 450 3111 515 abro-

497 565 762 644 gatum?
796 560 940 625 Non
973 578 1102 624 una
1135 567 1234 624 est
1267 559 1716 640 theologorum
1750 559 2086 634 sententia,
2108 558 2462 624 secundum
2484 577 2646 641 quos
2669 558 2985 639 abrogata
3003 556 3117 620 fuit

495 670 598 734 vel
630 667 1027 751 poenitentia
1058 665 1314 749 publica
1345 685 1462 748 pro
1495 666 1779 746 peccatis
1830 665 2113 740 occultis,
2160 665 2260 729 vel
2290 666 2507 746 praxis
2540 663 2885 729 confitendi
2918 681 3116 746 quae·

497 777 648 840 dam
680 782 948 857 peccata
979 773 1232 855 publice
1264 773 1618 837 secundum
1667 779 1894 836 nutum
1929 771 2302 836 confessarii
2348 772 2432 857 (n.
2467 771 2677 858 48:3¹⁰),
2722 772 2823 835 vel
2868 771 3116 853 species

493 881 836 964 cujusdam
867 879 1201 943 tribunalis
1232 878 1722 960 poenitentialia
1757 877 1841 941 ad
1879 878 2050 960 quod
2072 876 2524 942 deferebantur
2544 875 2810 941 fratrum
2832 876 3117 944 crimina.

494 989 678 1070 cujus
712 994 851 1051 erat
881 987 948 1050 in
978 985 1423 1067 delinquentes
1455 985 1798 1066 inquirere,
1832 984 2293 1066 poenitentiam
2328 983 2652 1064 publicam
2673 983 3017 1059 moderari,
3038 981 3120 1045 ad

498 1096 667 1159 hanc
699 1094 893 1158 etiam
926 1092 1201 1173 adigere,
1233 1090 1707 1172 poenitentibus
1740 1090 2065 1171 invigilare
2098 1097 2248 1156 etc.:
2295 1107 2464 1173 quae
2513 1091 2837 1154 sententia
2866 1090 3121 1154 videtur

497 1200 933 1283 praeferenda.
995 1198 1152 1262 Illud
1187 1199 1356 1263 enim
1390 1197 1505 1261 fuit
1536 1197 1939 1277 abrogatum,
1973 1198 2143 1280 quod
2175 1204 2324 1279 post
2354 1196 2725 1262 Nectarium
2758 1197 2825 1261 in
2858 1193 3120 1262 Oriente

494 1307 792 1384 cessavit,
827 1306 999 1389 quod
1031 1305 1384 1370 secundum
1406 1303 1744 1369 Socratem
1765 1304 2095 1368 inductum
2115 1303 2321 1369 fuerat
2344 1311 2634 1386 tempore
2653 1303 3121 1386 persecutionis

499 1414 827 1489 decianae,
862 1413 1035 1495 quod
1058 1410 1455 1476 Sozomenus
1489 1419 1820 1493 tamquam
1852 1411 2098 1475 Romae
2118 1410 2340 1491 vigens
2360 1411 2596 1475 ibidem
2629 1411 2966 1476 describit:
3000 1410 3122 1474 hoc

496 1529 717 1585 autem
750 1526 848 1584 est
877 1519 1158 1583 tribunal
1190 1526 1255 1582 et
1285 1519 1646 1583 institutum
1695 1518 1849 1582 illud
1898 1516 2353 1599 poenitentiale
2385 1537 2533 1582 cum
2564 1519 2697 1582 suis
2728 1518 3122 1593 muneribuS,

503 1625 1019 1692 solemnitatibus
1065 1632 1130 1692 et
1175 1624 1579 1690 stationibus.
1642 1624 1729 1688 Cf.
1762 1624 2153 1689 Palmieri
2184 1626 2271 1689 th.
2306 1631 2421 1700 343
2482 1625 2944 1706 Jungmann
2977 1623 3121 1688 diss.

498 1733 712 1798 select.
747 1734 811 1796 in
843 1733 913 1795 H.
949 1732 1011 1795 E.
1046 1739 1086 1795 t.
1121 1737 1162 1798 2
1195 1732 1252 1794 d.
1287 1733 1346 1799 8.

678 1881 826 1944 492.
860 1876 1408 1943 Demonstrati«)
1442 1896 1509 1960 p.
1542 1875 1666 1942 lv.
1703 1874 1847 1939 Non
1880 1893 2207 1955 negamuS,
2241 1881 2459 1957 patres
2492 1876 2570 1940 de
2590 1875 2993 1957 poenitentia
3012 1874 3122 1938 de-

497 2001 626 2065 que
657 1987 1069 2064 peccatorum
1103 1981 1510 2047 confessione
1558 1982 1945 2046 disserentes
1993 1981 2141 2045 hinc
2186 1983 2333 2048 inde
2378 1983 2630 2059 docere,
2675 1988 2953 2063 peccata
2984 1997 3122 2045 esse

498 2087 866 2152 confitenda
899 2087 1048 2164 Deo,
1083 2087 1213 2150 imo
1247 2088 1367 2150 soli
1401 2087 1535 2151 Deo
1569 2087 1746 2151 nulla
1780 2085 1951 2151 facta
1982 2088 2308 2152 mentione
2340 2088 2724 2164 sacerdotis;
2759 2089 2995 2154 exinde
3026 2093 3122 2150 ta-

502 2215 651 2261 men
682 2197 941 2260 minime
974 2195 1278 2277 sequitur,
1313 2214 1427 2258 eos
1461 2193 1883 2259 confessionis
1916 2196 2387 2272 necessitatem,
2424 2214 2618 2277 quam
2640 2196 2966 2259 catholica
2985 2201 3123 2258 tue-

503 2314 606 2368 tur
636 2303 939 2378 Ecclesia,
972 2303 1302 2384 ignorasse
1335 2301 1434 2367 vel
1469 2302 1665 2367 etiam
1697 2302 2014 2383 rejecisse.
2076 2301 2231 2381 Quis
2264 2304 2433 2368 enim

684 2431 745 2496 1.
783 2430 1048 2509 ignoret,
1080 2445 1274 2510 saepe
1308 2433 1372 2491 et
1401 2444 1710 2508 persaepe
1758 2426 1995 2508 aliquid
2042 2427 2121 2492 de
2153 2428 2286 2492 Deo
2339 2428 2545 2510 deque
2578 2427 2711 2492 Deo
2762 2427 2903 2491 solo
2955 2426 3124 2490 affir-

500 2536 682 2613 mari,
717 2536 869 2618 quin
901 2542 1242 2617 propterea
1262 2535 1658 2598 interventus
1680 2551 2024 2597 causarum
2042 2535 2470 2599 secundarum
2490 2535 2591 2598 vel
2613 2553 2856 2610 eorum,
2877 2535 2991 2616 qui
3010 2551 3125 2616 pro

499 2643 633 2709 Deo
668 2644 987 2724 legatione
1021 2641 1385 2723 funguntur,
1422 2641 1840 2705 excludatur?

681 2775 955 2849 Legimus
987 2774 1176 2831 Deum
1210 2772 1534 2847 producere
1567 2773 1629 2829 in
1663 2771 1969 2830 montibus
2002 2772 2239 2830 foenum
2271 2776 2333 2830 et
2364 2772 2623 2843 herbam,
2673 2773 2811 2830 dare
2834 2771 3125 2847 jumentis

499 2882 695 2921 escam
741 2874 802 2921 et
848 2863 1028 2937 pullis
1076 2880 1380 2920 corvorum
1435 2860 1851 2919 invocantibus
1884 2880 2019 2919 eum
2052 2862 2143 2919 Ps.
2183 2871 2325 2930 146,
2363 2870 2398 2923 8
2433 2882 2511 2931 S.;
2560 2861 2768 2920 Matth.
2804 2871 2859 2931 6,
2899 2871 2980 2924 26
3018 2878 3123 2919 sa:

501 2971 648 3010 num
681 2957 993 3027 propterea
1025 2950 1366 3007 immediate
1388 2950 1529 3008 haec
1548 2954 1808 3024 praestat
1831 2951 2060 3009 seclusa
2076 2954 2480 3009 creaturarum
2494 2950 2950 3027 cooperatione?
2986 2951 3124 3008 Pro·

503 3044 744 3099 fitemur
776 3040 966 3098 solius
999 3039 1108 3097 Dei
1151 3056 1280 3096 esse
1324 3039 1630 3097 remittere
1676 3044 1929 3113 peccata,
1977 3058 2123 3097 num
2168 3043 2483 3114 propterea
2526 3059 2647 3098 non
2690 3058 2759 3097 ea
2789 3038 2950 3097 delet
2981 3039 3125 3114 bap·

504 3131 700 3199 tiemo,
736 3130 830 3185 vel
863 3147 982 3185 non
1015 3128 1271 3185 remittit
1301 3146 1409 3202 per
1439 3146 1556 3197 eos,
1593 3127 1810 3203 quibus
1842 3128 2019 3186 dixit:
2092 3130 2348 3200 Quorum
2381 3130 2719 3186 remiseritis
2739 3135 3001 3201 peccata,
3036 3145 3123 3186 re-

506 3221 817 3275 mittuntur
838 3220 964 3274 eis?
996 3217 1273 3275 Testatur
1291 3218 1501 3275 Petrus
1523 3218 1789 3275 Ananiae
1822 3212 1977 3298 (Act.
2015 3228 2069 3286 5,
2106 3212 2205 3293 4):
2243 3218 2376 3275 Non
2394 3225 2475 3275 est
2496 3220 2763 3276 mentitus
2780 3218 3123 3287 hominibusi,

504 3308 602 3364 sed
637 3306 754 3363 Deo
770 3328 790 3362 .·
824 3323 944 3363 non
978 3308 1069 3362 est
1100 3324 1240 3380 ergo
1273 3306 1533 3363 Ananias
1565 3306 1857 3364 mentitus
1888 3307 2104 3363 Petro?
2139 3306 2262 3365 Soli
2280 3306 2403 3364 Deo
2437 3306 2801 3365 offerendum
2836 3308 2927 3364 est
2946 3304 3123 3364 sacri·

506 3396 735 3464 ficium3
767 3413 912 3451 num
930 3394 1145 3452 idcirco
1163 3394 1235 3450 ab
1257 3395 1532 3453 omnibus
1551 3396 1888 3470 promiscue
1907 3394 2104 3452 offerri
2117 3395 2337 3469 poterit
2352 3395 2497 3453 citra
2511 3395 2677 3453 illius
2702 3394 3122 3461 ministerium,

506 3485 610 3559 qui
636 3501 753 3556 pro
785 3485 1047 3541 omnibus
1078 3485 1518 3545 constituitur..
1544 3530 1555 3540 .
1592 3492 1655 3541 ut
1689 3484 1904 3555 offerat
1935 3484 2088 3541 dona
2122 3491 2172 3540 et
2204 3484 2494 3557 sacrificia
2517 3485 2901 3560 propeccatis
2919 3479 3125 3565 (Hebr.

511 3585 565 3639 5,
614 3568 712 3654 l)?
777 3573 834 3630 Si
871 3591 1011 3649 ergo
1044 3576 1242 3648 patres
1273 3573 1393 3630 Deo
1429 3574 1664 3647 solique
1696 3573 1817 3631 Deo
1870 3572 2201 3631 confitenda
2233 3590 2361 3631 esse
2394 3577 2631 3648 peccata
2661 3573 2975 3642 affirment,
3007 3590 3125 3631 non

504 3663 835 3721 excludunt
866 3661 1268 3720 ministerium
1300 3661 1686 3733 sacerdotum,
1733 3680 1842 3737 per
1885 3679 2035 3736 quos
2082 3661 2370 3720 confessio
2418 3663 2479 3721 in
2510 3664 2697 3721 Deum
2746 3661 3029 3738 dirigitur
3068 3665 3126 3719 et

507 3753 645 3819 Deo,
681 3756 754 3809 ut
784 3771 910 3809 eam
943 3753 1224 3826 acceptet,
1261 3750 1525 3809 offertur.

685 3871 748 3940 2.
782 3869 996 3948 Quare
1028 3870 1149 3933 nisi
1182 3870 1280 3933 vel
1313 3868 1605 3949 subjecta
1653 3871 1947 3947 materia,
1996 3872 2096 3935 vel
2129 3871 2436 3935 orationis
2469 3871 2792 3952 adiuncta,
2840 3869 2941 3935 vel
2973 3870 3124 3933 doc-

510 3978 676 4041 trina
729 3977 983 4041 aliunde
1034 3983 1216 4042 certa
1267 3975 1596 4041 evidenter
1644 3977 2056 4041 sacerdotum
2101 3977 2533 4043 interventum
2579 3995 2657 4041 ac
2706 3978 3123 4042 ministerium

511 4085 871 4160 excludant,
906 4103 985 4148 ex
1019 4084 1333 4164 eiusmodi
1377 4090 1633 4164 patrum
1681 4083 1865 4147 dictis
1912 4084 2065 4148 nihil
2109 4083 2388 4164 legitime
2435 4091 2659 4149 contra
2710 4082 3124 4148 confessionis

509 4192 960 4254 necessitatem
994 4190 1201 4271 excipi
1233 4190 1482 4271 poterit.
1547 4187 1674 4254 Sed
1719 4196 1972 4253 tantum
2017 4190 2223 4266 abest,
2268 4191 2548 4273 majores
2581 4198 2839 4263 nostros
2886 4208 2926 4254 a
2970 4206 3124 4252 con-

512 4296 785 4361 fessione
819 4297 951 4360 Deo
985 4296 1277 4359 facienda
1311 4295 1632 4375 relegasse
1665 4296 2054 4373 sacerdoteS,
2087 4296 2243 4379 quin
2274 4297 2487 4378 potius
2520 4297 2849 4378 multiplici
2878 4295 3125 4360 ratione

511 4411 922 4484 peccatorum
956 4402 1427 4467 consessionem
1460 4421 1576 4483 per
1608 4402 1982 4467 sacerdotes
2034 4410 2097 4467 et
2143 4404 2468 4468 ministros
2500 4403 2737 4467 Christi
2769 4403 3127 4467 docuerunt

509 4528 653 4573 esse
686 4509 819 4573 Deo
855 4507 1233 4583 faciendam,
1266 4516 1335 4572 ut
1369 4528 1561 4590 supra
1593 4509 1883 4573 vidimus.
1918 4507 2091 4574 Sane
2122 4517 2339 4595 patres
2372 4511 2716 4592 loquuntur
2751 4510 2829 4573 de
2864 4528 2942 4574 ea
2972 4526 3125 4572 con-

512 4614 806 4689 fessione,
841 4633 1005 4696 quae
1038 4633 1188 4697 pars
1221 4616 1303 4677 sit
1337 4614 1499 4678 illius
1518 4617 1970 4697 poenitentiae,
2005 4617 2087 4681 ad
2120 4636 2314 4699 quam
2346 4618 2564 4683 fideles
2597 4617 2884 4698 gravium
2915 4613 3125 4679 crimi-
