3538 5364
545 244 626 307 14
814 235 998 290 Tract.
1026 235 1174 289 Vm.
1202 234 1270 288 de
1298 235 1504 304 gratia.
1532 234 1730 288 Thesis
1757 233 1993 289 CLXllI.
2021 234 2091 287 de
2118 234 2340 288 ratione
2366 234 2586 304 gratiae
2611 234 2856 290 actualis

538 417 887 498 telescopio
918 417 1127 479 aciem
1158 415 1415 479 videndi
1451 414 1795 497 plurimum
1840 421 2062 495 auget:
2109 432 2275 497 quae
2325 421 2539 479 tamen
2590 417 2988 496 comparatio
3021 435 3153 480 non

533 530 636 588 est
667 524 1050 606 adaequata.

722 654 818 716 18.
852 646 1401 714 Demonstrati«)
1433 665 1504 730 p.
1540 646 1641 712 11.
1705 644 2013 708 Doctrina
2064 644 2384 709 catholica
2414 645 2498 708 ad
2530 646 2800 723 gratiam
2833 646 3151 711 actualem

534 755 855 817 internam
886 759 1180 834 spectare
1211 770 1343 815 non
1390 750 1796 833 objectivam,
1844 751 1962 816 sed
2006 751 2558 833 subjectivam
2605 760 2669 817 et
2716 752 3153 818 immediatam

536 859 1045 935 illustrationem,

718 988 780 1052 l.
815 985 1129 1066 probatur
1161 1003 1239 1049 ex
1271 983 1585 1047 divinis
1616 983 1846 1048 literis:
1878 984 2062 1048 Joan.
2084 990 2142 1060 6,
2163 988 2251 1051 44
2270 1003 2385 1047 ss.:
2421 981 2611 1048 Nemo
2619 990 2825 1068 potest
2843 985 3049 1048 venire
3067 983 3154 1048 ad

533 1112 647 1173 me,
684 1093 807 1155 nisi
839 1092 1053 1175 Pater,
1084 1093 1192 1177 qui
1224 1092 1391 1153 misit
1424 1113 1536 1173 me,
1572 1093 1842 1155 traxerit
1874 1112 2047 1154 eum:
2094 1097 2149 1153 et
2193 1106 2301 1175 eyo
2345 1089 2723 1155 resuscitabo
2755 1110 2894 1153 eum
2937 1092 3001 1152 in
3046 1111 3153 1154 no-

535 1200 781 1262 vissimo
832 1200 950 1262 die.
1012 1200 1127 1263 Est
1177 1201 1478 1284 scriptum
1528 1200 1595 1262 in
1635 1201 1996 1286 prophetis:
2045 1198 2130 1262 Et
2179 1206 2360 1264 erunt
2409 1219 2618 1262 omnes
2678 1199 2964 1263 docibiles
3012 1198 3154 1263 Dei.

546 1306 782 1386 Omnis,
814 1306 922 1390 qui
952 1307 1194 1370 audivit
1225 1328 1263 1369 a
1297 1306 1491 1369 Patre
1522 1312 1577 1370 et
1607 1306 1849 1389 didicit,
1881 1308 2043 1370 venit
2076 1306 2162 1370 ad
2191 1325 2285 1370 me
2301 1329 2327 1385 ,·
2359 1310 2399 1372 2
2433 1304 2573 1369 Cor.
2606 1310 2666 1381 3,
2700 1312 2772 1374 5:
2818 1306 2958 1369 Non
2991 1307 3155 1389 quod

530 1412 914 1494 sufficientes
944 1415 1140 1477 simus
1172 1414 1443 1496 coqitare
1473 1414 1718 1498 aliquid
1749 1434 1790 1477 a
1821 1412 2020 1494 nobis,
2052 1414 2233 1497 quasi
2264 1434 2337 1477 ex
2367 1412 2577 1475 nobis:
2625 1414 2733 1476 sed
2763 1420 2982 1477 nostra
3012 1413 3152 1495 suf-

530 1519 808 1602 ficientia
840 1542 915 1584 ex
947 1520 1080 1584 Deo
1111 1527 1198 1583 est
1212 1546 1240 1598 ,·
1271 1520 1491 1584 Matth.
1531 1525 1629 1595 ll,
1664 1523 1782 1589 25:
1846 1519 2153 1602 Confiteor
2201 1520 2333 1601 tibi,
2365 1520 2576 1602 Pater,
2608 1518 2875 1583 Domine
2919 1519 3066 1583 coeli
3096 1526 3153 1583 et

538 1632 764 1709 terrae,
797 1629 948 1710 quia
983 1627 1358 1691 abscondisti
1389 1627 1543 1691 haec
1575 1649 1615 1691 a
1646 1627 2033 1711 sapientibus
2077 1633 2132 1689 et
2169 1627 2608 1713 prudentibus,
2654 1635 2709 1690 et
2752 1626 3034 1691 revelasti
3077 1648 3154 1690 ea

526 1732 863 1816 parvulis:
907 1733 1045 1797 Act.
1083 1738 1182 1810 16,
1216 1738 1334 1802 44:
1398 1732 1724 1811 Quaedam
1768 1734 1992 1799 mulier
2035 1735 2282 1796 nomine
2327 1733 2559 1819 Lydia,
2596 1734 3005 1818 purpuraria
3037 1780 3050 1794 .
3085 1781 3098 1793 .
3135 1781 3147 1795 .

536 1840 735 1902 colens
769 1839 974 1904 Deum
1008 1841 1250 1905 audivit
1283 1840 1509 1926 (verba
1539 1839 1779 1926 Paulo:
1830 1841 2009 1923 cujus
2038 1838 2352 1903 Dominus
2401 1841 2652 1924 aperuit
2700 1860 2805 1914 cor
2835 1839 3153 1902 intendere

531 1946 650 2026 his,
683 1967 841 2032 quae
872 1948 1231 2010 dicebantur
1262 1969 1304 2010 a
1337 1944 1554 2014 Paulo.
1620 1944 1707 2009 Cf.
1747 1951 1780 2014 1
1818 1945 1958 2010 Cor.
1994 1952 2052 2023 2,
2089 1952 2122 2015 7
2161 1966 2277 2023 ss,;
2315 1954 2345 2015 1
2383 1946 2478 2011 Jo.
2513 1951 2572 2022 2,
2606 1952 2692 2015 20
2724 1953 2841 2010 etc.
2886 1945 2980 2009 Ex
3012 1946 3152 2028 qui-

533 2052 654 2116 bus
686 2053 1034 2119 habemus:
1066 2072 1128 2123 a.
1161 2053 1618 2119 revelationem
1646 2053 1928 2136 aliquam
1953 2053 2235 2116 divinam
2268 2072 2410 2117 esse
2442 2053 2809 2117 distinctam
2841 2070 2882 2115 a
2912 2069 3150 2133 propo-

532 2158 763 2224 sitione
796 2158 1127 2223 doctrinae
1160 2165 1497 2225 externae:
1547 2161 1619 2226 b.
1669 2160 1839 2222 hanc
1890 2159 2167 2223 adscribi
2217 2159 2408 2235 Patri,
2459 2159 2731 2241 ideoque
2781 2158 3080 2239 distingui
3111 2176 3152 2221 a

533 2265 924 2329 revelatione
957 2273 1022 2330 et
1052 2266 1450 2332 institutione
1483 2273 1750 2331 externa
1771 2266 1870 2330 vel
1889 2267 2087 2347 ipsius
2108 2264 2371 2341 Christi;
2405 2284 2467 2335 c.
2500 2285 2645 2331 eam
2667 2265 2952 2329 exhiberi
2986 2264 3149 2329 adeo

532 2373 985 2449 necessariam,
1035 2379 1107 2437 ut
1155 2374 1292 2438 sine
1342 2373 1450 2436 illa
1499 2391 1630 2437 non
1680 2373 1884 2455 prosit
1914 2372 1997 2436 ad
2043 2372 2317 2437 salutem
2361 2372 2673 2436 institutio
2707 2380 2973 2438 externa
3003 2389 3150 2435 cum

532 2479 959 2545 illustratione
989 2480 1098 2544 illa
1128 2481 1425 2557 naturali,
1459 2498 1625 2562 quae
1658 2485 1889 2561 sponte
1920 2498 2040 2543 sua
2070 2480 2276 2560 ipsam
2309 2479 2739 2561 consequitur,
2771 2479 2937 2543 adeo
2969 2485 3040 2541 ut
3071 2497 3150 2543 ex

530 2586 672 2665 eJus
707 2585 958 2651 defectu
988 2588 1250 2652 credere
1280 2606 1413 2650 non
1442 2586 1780 2668 possimus,
1814 2586 1977 2667 Ergo
2009 2587 2216 2666 gratia
2242 2585 2528 2662 actualis,
2562 2604 2728 2667 quae
2762 2585 2844 2648 ad
2876 2584 3149 2649 salutem

535 2695 933 2773 operandam
963 2695 1330 2759 necessaria
1362 2701 1475 2769 est,
1508 2711 1641 2757 non
1673 2693 2039 2758 continetur
2086 2693 2406 2774 objectiva
2451 2700 2514 2758 et
2557 2693 2839 2757 mediata
2871 2692 3147 2756 illustra-

530 2798 726 2876 tione,
760 2801 872 2865 sed
905 2801 1263 2883 subjectiva
1293 2800 1660 2865 immediate
1694 2818 1735 2863 a
1765 2800 1956 2864 Patre
1987 2800 2296 2864 luminum
2328 2800 2632 2883 profecta.

709 2928 773 2995 2.
806 2925 1125 2989 Probatur
1156 2944 1234 2990 ex
1269 2943 1447 2989 conc.
1482 2944 1682 2989 arau
1703 2926 1822 2989 sic
1839 2925 1976 2988 ani
2007 2925 2073 2988 ΙΙ.
2107 2943 2246 2989 can.
2283 2932 2353 2994 7:
2423 2922 2527 2999 ,Si
2559 2926 2700 3008 quis
2731 2943 2846 3005 per
2876 2931 3149 2988 naturae

529 3032 815 3112 vigorem
848 3082 861 3094 .
896 3083 908 3094 .
944 3082 956 3094 .
993 3033 1402 3113 evangelicae
1435 3032 1902 3114 praedicationi
1934 3033 2296 3097 consentire
2316 3051 2508 3114 posse
2528 3031 2881 3108 confirmat,
2903 3032 3148 3115 absque

530 3138 995 3204 illuminatione
1047 3146 1113 3204 et
1161 3140 1579 3221 inspiratione
1619 3137 1889 3222 Spiritus
1928 3159 1995 3216 s.,
2034 3139 2143 3221 qui
2174 3138 2286 3203 dat
2317 3139 2615 3202 omnibus
2664 3139 3051 3204 suavitatem
3083 3140 3147 3202 in

526 3245 991 3310 consentiendo
1026 3252 1091 3311 et
1121 3246 1443 3311 credendo
1475 3246 1746 3323 veritati,
1781 3247 2105 3310 haeretico
2139 3244 2373 3310 fallitur
2391 3244 2669 3326 spiritu«
2708 3244 2872 3326 Ergo
2893 3252 3150 3327 praeter

524 3352 965 3432 evangelicam
994 3353 1540 3434 praedicationem
1575 3354 1963 3440 (externam)
1997 3353 2291 3433 specialis
2311 3353 2393 3416 ad
2413 3352 2558 3417 fidei
2578 3371 2915 3419 assensum
2932 3354 3147 3436 requi-

526 3460 690 3524 ritur
721 3460 1100 3524 illuminatio
1134 3467 1197 3526 et
1231 3461 1583 3544 inspiratiO,
1615 3461 1798 3540 cujus
1831 3467 2058 3525 auctor
2089 3459 2172 3523 sit
2204 3456 2473 3541 Spiritus
2504 3481 2551 3523 s.

706 3585 772 3652 3.
808 3584 1125 3649 Probatur
1157 3606 1235 3652 ex
1280 3586 1551 3667 patrib
1570 3607 1676 3663 uS,
1724 3586 1834 3668 qui
1883 3587 2009 3650 hoc
2042 3586 2363 3650 inculcant
2394 3586 2735 3651 occasione
2765 3585 3144 3668 praesertim

535 3696 883 3756 verborum
914 3691 1097 3755 Pauli
1136 3698 1165 3760 1
1192 3691 1333 3756 Cor.
1356 3698 1414 3770 3,
1440 3699 1474 3761 7
1496 3714 1510 3755 τ
1545 3693 1752 3778 Neque
1784 3695 1890 3776 qui
1910 3692 2168 3777 plantat
2199 3699 2286 3755 est
2320 3691 2581 3777 aliqu-id,
2610 3714 2800 3778 neque
2819 3693 2926 3776 qui
2945 3694 3146 3773 riyat:

524 3799 633 3860 sed
664 3801 771 3882 qui
802 3801 1251 3863 incrementum
1284 3799 1415 3882 dat,
1446 3799 1642 3884 Deus,
1675 3799 1909 3882 quibus
1928 3807 2182 3881 praeter
2215 3799 2759 3881 praedicationem
2792 3805 3143 3874 externam,

528 3922 724 3986 quam
754 3912 981 3987 sponte
1014 3923 1133 3970 sua
1165 3912 1233 3971 et
1271 3907 1648 3970 naturaliter
1678 3907 2089 3989 consequitur
2107 3906 2465 3971 intellectus
2485 3907 2824 3970 illustratio
2845 3906 3144 3970 volunta-

526 4011 736 4092 tisque
768 4012 985 4089 moti0,
1019 4013 1359 4095 requiritur
1390 4012 1692 4094 specialis
1726 4013 1843 4078 Dei
1873 4014 1938 4077 in
1971 4013 2256 4076 animum
2289 4013 2605 4078 credentis
2637 4012 2928 4076 influxus.

702 4141 795 4198 Ita
825 4142 1320 4218 Augustinus
1351 4142 1424 4202 de
1455 4142 1649 4219 gratia
1668 4143 1797 4204 Chr.
1818 4161 1863 4203 c.
1893 4151 2002 4205 13:
2040 4141 2238 4210 ,Haec
2269 4142 2476 4219 gratia,
2512 4143 2564 4200 si
2597 4142 2866 4201 doctrina
2897 4141 3144 4201 dicenda

526 4231 638 4298 est,
671 4233 830 4287 certe
861 4230 945 4288 sic
976 4230 1226 4305 dicatur,
1276 4234 1346 4290 ut
1390 4232 1571 4290 altius
1618 4235 1679 4289 et
1716 4231 1970 4290 interius
2005 4250 2131 4289 eam
2165 4232 2324 4290 Deus
2357 4249 2489 4289 cum
2523 4231 2812 4290 ineffabili
2846 4231 3142 4290 suavitate

523 4317 800 4376 credatur
831 4319 1159 4390 infundere,
1192 4338 1310 4378 non
1343 4321 1536 4379 solum
1567 4338 1672 4396 per
1701 4339 1818 4391 θος,
1851 4321 1957 4396 qui
1986 4321 2262 4396 plantant
2293 4323 2355 4377 et
2384 4322 2586 4397 rigant
2617 4321 3002 4390 extrinsecuS,
3038 4320 3142 4378 sed

526 4406 704 4465 etiam
747 4426 856 4482 per
899 4426 961 4466 se
1004 4409 1221 4485 ipsum,
1269 4409 1373 4483 qui
1412 4410 1843 4469 incrementum
1877 4427 2055 4467 snum
2087 4409 2392 4467 ministrat
2422 4409 2730 4480 occultiuS,
2777 4409 2864 4468 ita
2908 4413 2978 4467 ut
3020 4427 3141 4467 non

526 4496 801 4555 ostendat
830 4497 1240 4556 tantummodo
1272 4498 1600 4568 veritatem,
1635 4517 1845 4557 verum
1879 4498 2057 4556 etiam
2091 4498 2395 4572 impertiat
2424 4499 2786 4557 caritatem.‘
2839 4497 3138 4566 „Adhibe-

521 4586 629 4641 tur
661 4586 835 4656 enim,
868 4587 1067 4661 inquit
1099 4586 1170 4644 de
1202 4604 1358 4661 pecc.
1392 4606 1533 4645 mer.
1566 4591 1625 4646 et
1656 4588 1881 4646 remiss,
1913 4587 1950 4645 1.
1991 4599 2015 4650 1
2057 4606 2114 4649 n.
2141 4595 2241 4657 37,
2278 4604 2468 4644 sermo
2489 4588 2756 4646 verit-atis
2776 4586 3140 4645 extrinsecus
