3538 5364
613 293 737 357 192
1361 281 1547 335 Tract.
1573 281 1723 334 Vln.
1751 280 1820 334 de
1848 280 2073 334 merito.
2100 279 2470 335 Conditiones

606 477 807 530 autem
841 470 913 527 de
944 469 1298 528 necessitate
1330 468 1591 527 influxus
1622 467 1876 526 actualis
1909 470 1971 525 et
2004 467 2277 537 effectivi,
2313 467 2418 541 qui
2447 487 2481 524 a
2512 466 2756 526 caritate
2791 466 3085 525 eliciatur.
3145 468 3221 527 ef.

607 559 976 618 Mazzella
1007 559 1078 616 de
1110 559 1247 618 virt..
1281 557 1384 618 inf.
1419 557 1475 616 d.
1512 567 1545 618 6
1582 576 1632 616 a.
1671 566 1735 627 73
1776 557 2086 631 Murray
2118 556 2173 614 d.
2206 565 2287 618 12
2324 575 2380 616 n.
2422 565 2543 619 112
2578 574 2655 615 ss.

787 693 932 747 228.
967 684 1048 741 De
1079 685 1219 741 actu
1248 685 1568 741 externo
1600 682 1743 739 haec
1773 684 2006 739 teneas:
2053 695 2119 742 a.
2154 680 2430 738 meritum
2463 680 2845 756 potissimum
2880 680 3134 739 residere
3163 682 3221 740 in

606 777 745 831 actu
774 774 1121 841 intern03
1154 769 1226 834 b.
1260 771 1492 829 ratione
1523 790 1662 830 vero
1694 774 1863 829 actus
1894 770 2116 828 interni
2134 770 2479 846 imperantis
2502 770 2596 828 vel
2616 769 3031 845 approbant·i8‚
3065 773 3223 828 actus

606 862 784 921 etiam
817 864 1091 919 externos
1125 860 1459 919 meritorios
1492 878 1622 918 esse
1652 878 1859 935 posse;
1892 860 2012 917 imo
2047 874 2109 924 c.
2140 878 2273 918 cum
2306 861 2473 917 actus
2494 862 2777 917 externus
2800 859 3069 917 multum
3098 877 3224 917 con-

605 951 775 1022 ferat,
823 953 895 1008 ut
938 955 1104 1007 actus
1152 950 1424 1007 internus
1472 950 1553 1006 sit
1597 949 1786 1025 magis
1817 948 2108 1020 intensus,
2156 949 2390 1023 saepius
2437 948 2706 1018 iteretur,
2754 947 2997 1005 diutius
3044 947 3226 1017 duret,

607 1041 865 1098 multum
900 1039 1162 1096 conferre
1194 1054 1360 1096 actus
1392 1042 1666 1097 externos
1698 1038 1773 1096 ad
1805 1037 2005 1096 meriti
2038 1041 2428 1115 augmentum
2473 1030 2571 1118 (cf.
2619 1055 2665 1099 S.
2711 1037 2815 1095 Th
2835 1054 3043 1096 omas
3097 1048 3146 1099 1.
3192 1046 3223 1098 2

607 1148 664 1204 q.
698 1138 778 1191 20
815 1148 865 1189 a.
900 1125 996 1209 4);
1044 1127 1254 1185 ceteris
1300 1145 1439 1185 vero
1482 1127 1731 1203 paribus
1779 1123 1848 1191 d.
1893 1126 2204 1202 disputare
2236 1126 2558 1203 theologos,
2604 1132 2903 1204 augeatne
2935 1129 3106 1183 actus
3137 1144 3226 1183 ex-

606 1223 817 1276 ternus
848 1216 1131 1275 meritum
1160 1219 1328 1275 actus
1374 1216 1617 1275 interni.
1681 1217 1924 1293 Negant
1971 1215 2219 1290 plurimi
2265 1233 2397 1274 cum
2447 1216 2731 1273 Suarez
2776 1215 2910 1287 XII,
2969 1225 3004 1277 6
3057 1217 3120 1272 et
3164 1214 3229 1272 de

607 1307 814 1383 Lugo
845 1307 917 1364 de
947 1305 1174 1380 poenit.
1207 1306 1261 1365 d.
1287 1314 1366 1367 24
1402 1324 1446 1368 e.
1484 1316 1554 1377 63
1587 1305 1923 1382 refragatur
1953 1304 2287 1380 Ripalda
2314 1305 2463 1380 disp.
2486 1314 2565 1367 68
2602 1307 2664 1362 et
2694 1303 2758 1362 in
2789 1323 2931 1380 app.
2962 1302 3111 1362 add.
3137 1313 3226 1375 74,

608 1396 713 1454 ubi
743 1415 800 1456 n.
838 1404 916 1458 70
964 1393 1168 1470 paucis
1200 1395 1620 1469 complectitur
1648 1395 1879 1470 potiora
1924 1413 2031 1470 pro
2080 1411 2188 1452 sua
2233 1394 2511 1469 opinione
2545 1397 2933 1469 argumenta:
2986 1392 3233 1460 „Omnes

610 1481 898 1567 (actiones
919 1479 1218 1561 externae)
1241 1483 1555 1542 conferunt
1587 1483 1650 1541 in
1681 1484 1959 1559 majorem
1981 1483 2210 1541 cultum
2230 1483 2357 1552 Dei,
2392 1484 2534 1558 quia
2564 1483 2628 1540 in
2660 1482 2745 1541 eis
2779 1482 3068 1558 specialis
3092 1482 3231 1539 ratio

608 1574 811 1633 cultus
842 1573 1160 1648 reperitur,
1194 1572 1478 1631 distincta
1509 1592 1544 1631 a
1573 1573 1746 1631 cultu
1776 1573 2077 1631 actionum
2108 1572 2510 1630 internarum:
2543 1572 2680 1630 item
2713 1572 2778 1629 in
2810 1572 3104 1647 majorem
3135 1569 3234 1627 Dei

608 1664 908 1732 honorem,
943 1680 1078 1720 cum
1100 1663 1254 1720 Deus
1285 1680 1407 1719 non
1440 1662 1637 1720 solum
1668 1660 1942 1731 interme,
1977 1661 2079 1719 sed
2112 1662 2293 1720 etiarn
2326 1661 2589 1719 externis
2622 1661 2861 1720 actibus
2882 1661 3233 1719 honoretur:

611 1753 831 1828 quippe
862 1751 956 1809 illi
985 1751 1051 1809 in
1082 1750 1439 1826 obsequium
1460 1751 1565 1810 Dei
1586 1750 1839 1809 exhibiti
1872 1769 1991 1809 non
2024 1751 2216 1809 solum
2248 1754 2474 1826 augent
2491 1750 2917 1809 testimonium
2951 1748 3235 1807 excellen-

609 1842 728 1899 tiae
760 1841 883 1910 Dei,
919 1858 1038 1914 quo
1070 1844 1245 1916 pacto
1277 1842 1500 1916 augent
1529 1842 1819 1899 rationem
1853 1839 2083 1898 cultus:
2133 1839 2235 1898 sed
2278 1840 2457 1898 etiam
2491 1840 2680 1916 magis
2708 1842 3022 1898 testantur
3052 1840 3113 1896 et
3143 1856 3233 1895 ex-

609 1931 884 2006 primunt
913 1949 1114 1987 veram
1146 1932 1207 1988 et
1237 1929 1450 1987 bonam
1484 1929 1983 1988 existimationem
2016 1929 2086 1987 de
2119 1930 2257 1999 De0‚
2306 1947 2425 2004 quo
2457 1931 2630 2003 pacto
2662 1929 2879 1987 crescit
2911 1928 3104 2002 maj0r
3138 1925 3232 1984 Dei

612 2021 799 2078 honor
828 2023 889 2077 et
918 2019 1128 2095 gloria.
1190 2018 1420 2076 Rursus
1453 2022 1769 2077 conserunt
1814 2018 1879 2076 in
1925 2018 2280 2093 peculiarem
2314 2019 2748 2077 exsecutionem
2779 2016 2920 2075 finis
2953 2014 3173 2074 intenti
3203 2033 3234 2071 a

613 2110 733 2167 Deo
767 2110 828 2166 et
856 2107 1158 2166 interdum
1191 2108 1254 2165 in
1286 2107 1771 2184 adimpletionem
1792 2107 2091 2182 praecepti
2122 2107 2293 2165 aDeo
2316 2107 2600 2183 impositi,
2632 2107 2698 2164 in
2731 2125 2910 2182 quam
2946 2123 3071 2164 non
3100 2122 3231 2162 con-

612 2199 815 2256 ferunt
845 2197 1172 2272 adaequate
1204 2197 1363 2255 solae
1394 2198 1655 2255 actiones
1687 2197 1989 2265 internae3
2036 2197 2179 2271 quia
2214 2197 2370 2254 Deus
2405 2196 2668 2254 intendit
2697 2199 2759 2253 et
2789 2194 3093 2270 praecipit
3121 2210 3233 2251 non

613 2287 807 2345 solum
838 2287 1097 2345 actiones
1143 2286 1427 2358 internaS,
1479 2286 1582 2344 sed
1632 2286 1812 2343 etiam
1857 2287 2147 2355 externae,
2199 2284 2537 2360 gaudetque
2588 2286 2659 2343 de
2706 2284 2822 2343 fine
2871 2281 3233 2343 exsecutioni

613 2377 888 2434 mandato
937 2378 999 2433 et
1048 2378 1358 2450 praecepto
1401 2376 1597 2451 reipsa
1640 2375 1978 2450 adimpleto.
2048 2374 2325 2432 Rationes
2356 2374 2507 2432 istae
2552 2374 2792 2432 seorsim
2841 2374 2920 2431 ab
2968 2371 3230 2445 exemplo

613 2464 872 2523 afferunt
900 2465 1056 2523 bona
1086 2466 1409 2523 extrinseca
1443 2465 1560 2522 Deo
1592 2464 2004 2521 aestimatione
2039 2465 2099 2521 et
2129 2463 2322 2538 pretio
2354 2463 2571 2539 digna:
2606 2482 2744 2520 nam
2778 2481 2916 2520 cum
2950 2481 3021 2520 ea
3051 2459 3230 2518 homi-

613 2554 792 2613 nibus
814 2554 1209 2629 prudentibus
1228 2553 1626 2612 aestimabilia
1646 2553 1785 2621 sint,
1821 2553 1939 2611 Deo
1960 2552 2140 2610 etiam
2160 2552 2222 2609 in
2243 2552 2653 2611 aestimatione
2685 2553 2747 2610 et
2778 2552 2977 2626 pretio
2999 2554 3229 2608 erunt}

615 2643 671 2702 S.
703 2643 1020 2702 Thomas
1065 2643 1129 2701 in
1167 2652 1220 2704 2.
1254 2643 1308 2702 d.
1345 2652 1423 2704 40
1460 2661 1515 2717 q.
1558 2653 1578 2704 l
1621 2661 1669 2700 a.
1706 2650 1743 2704 3
1777 2642 1862 2700 ita
1892 2641 2139 2700 statuit:
2188 2640 2381 2710 ,Quia
2426 2641 2499 2700 ad
2545 2640 2873 2716 praemium
2923 2636 3230 2699 essentiale

615 2734 926 2791 ordinatur
956 2738 1123 2792 actus
1154 2752 1260 2806 per
1290 2732 1619 2790 bonitatem
1654 2732 1923 2804 primam,
1959 2720 2136 2805 quam
2170 2731 2349 2789 habet
2380 2750 2415 2789 a
2444 2732 2772 2802 voluntate,
2804 2733 2991 2806 prout
3022 2727 3229 2786 libera·

613 2824 753 2881 liter
794 2823 1068 2880 redditur
1112 2826 1174 2879 et
1218 2840 1285 2878 ex
1332 2839 1558 2878 amore:
1607 2820 1737 2878 ideo
1783 2826 1947 2878 actus
1993 2820 2249 2879 exterior
2282 2820 2433 2878 nihil
2463 2820 2740 2897 adjungit
2783 2819 2857 2876 ad
2906 2819 3227 2894 praemium

614 2912 960 2981 essentiale3
1012 2913 1248 2968 tantum
1298 2909 1458 2967 enim
1506 2913 1769 2967 meretur
1819 2909 1925 2984 qui
1975 2909 2156 2967 habet
2204 2909 2522 2984 perfectam
2573 2910 2949 2967 voluntatem
2994 2902 3230 2981 aliquod

613 3002 839 3059 bonum
858 2999 1130 3068 faciendi,
1164 3002 1457 3072 quantum
1489 2998 1540 3056 si
1572 2997 1791 3056 faceret
1822 2998 2004 3068 illud;
2038 3001 2098 3056 et
2130 2999 2179 3056 si
2211 2998 2353 3056 facit
2383 3017 2572 3056 unum
2604 3001 2821 3068 actum,
2858 3001 3151 3071 quantum
3183 2992 3228 3050 si

613 3091 832 3147 faceret
864 3088 1085 3146 multos
1118 3089 1427 3145 voluntate
1472 3087 1799 3161 aequaliter
1844 3089 2100 3162 perfecta
2146 3090 2440 3145 manente.
2519 3087 2611 3144 Ad
2658 3086 2993 3161 praemium
3038 3086 3229 3141 autem

613 3177 973 3236 accidentale
1004 3177 1317 3235 ordinatur
1347 3195 1453 3252 per
1484 3177 1830 3247 bonitatem,
1866 3195 2016 3251 quae
2049 3179 2142 3234 est
2172 3176 2365 3251 ipsius
2387 3180 2557 3234 actus
2576 3175 2888 3234 exterioris
2910 3171 3229 3234 secundum

615 3287 707 3336 se;
757 3269 818 3324 et
861 3265 991 3323 ideo
1038 3270 1206 3323 actus
1252 3265 1508 3324 exterior
1537 3265 1816 3341 adjungit
1846 3266 2074 3341 aliquid
2125 3265 2199 3323 ad
2246 3264 2578 3340 praemium
2610 3264 2993 3334 accidentale,
3047 3281 3100 3323 v.
3147 3277 3228 3335 gr·

614 3359 841 3431 martyr
883 3354 948 3412 in
993 3357 1286 3430 quantum
1318 3355 1577 3413 exterius
1613 3355 1858 3430 patitur,
1906 3354 2215 3413 victoriam
2264 3354 2336 3412 de
2368 3353 2720 3413 adversariis
2751 3353 2888 3412 fidei
2920 3353 3129 3411 habet:
3175 3350 3231 3405 et

614 3464 682 3503 ex
713 3444 823 3503 hoc
856 3444 971 3502 sibi
1002 3444 1239 3502 aureola
1269 3443 1582 3503 debetur.¹
1651 3443 1732 3508 cf,
1763 3443 1943 3502 etiam
1976 3444 2048 3502 de
2079 3445 2236 3502 malo
2268 3463 2326 3518 q.
2361 3451 2395 3504 2
2431 3463 2481 3505 a.
2520 3452 2553 3504 2
2592 3443 2665 3501 ad
2703 3452 2760 3506 8.

799 3579 946 3632 229.
983 3570 1046 3628 Si
1091 3588 1358 3644 quaeraS,
1407 3589 1544 3628 num
1576 3572 1654 3628 ad
1683 3573 1952 3628 meritum
1983 3571 2311 3627 necessaria
2342 3571 2419 3626 sit
2449 3570 2712 3644 specialis
2744 3569 2949 3626 relatio
2983 3573 3144 3625 actus
3172 3564 3229 3618 in

615 3659 823 3735 Deum,
871 3676 978 3735 pro
1025 3659 1394 3734 quaestionis
1425 3660 1724 3717 solutione
1757 3659 2165 3735 distinguatur
2196 3658 2672 3733 quintuplex
2711 3662 2879 3715 actus
2911 3655 3127 3714 relatio
3169 3650 3228 3708 in

617 3749 838 3807 Deum:
883 3747 1258 3816 actualis,
1307 3749 1720 3814 virtualis,
1767 3766 1875 3823 per
1918 3752 2118 3806 actum
2150 3748 2433 3805 nimirum
2466 3747 2692 3805 virtute
2725 3750 3226 3821 perseverantem3

617 3837 908 3913 objecti
930 3857 1046 3906 va,
1082 3857 1200 3912 qua
1231 3839 1565 3896 offeruntur
1586 3838 1703 3895 Deo
1738 3837 1996 3895 subinde
2028 3837 2215 3895 bonae
2248 3837 2525 3906 actiones,
2560 3835 2665 3910 qui
2697 3838 2897 3892 tamen
2931 3841 3098 3892 actus
3131 3829 3227 3888 ob-

617 3927 858 3985 lationis
904 3927 1266 4002 supponitur
1305 3927 1431 4001 jam
1480 3927 1851 4001 praeterisse,
1904 3944 2098 4000 neque
2150 3925 2408 4000 amplius
2456 3925 2681 3982 virtute
2714 3924 2958 3993 durare3
3013 3918 3226 3981 habi-

617 4015 896 4085 tuali8‚
951 4035 1068 4090 qua
1113 4035 1289 4090 opera
1334 4035 1400 4073 eo
1447 4016 1591 4090 ipSQ
1640 4015 1800 4089 quod
1833 4033 2079 4090 operans
2112 4014 2416 4090 praeditus
2455 4017 2549 4072 est
2592 4014 2822 4090 gratiae
2868 4019 2928 4070 et
2973 4006 3226 4071 caritatis

621 4104 847 4172 habitu,
894 4124 1011 4180 quo
1050 4106 1112 4163 in
1147 4106 1331 4163 Deum
1366 4105 1664 4180 dirigitur,
1712 4107 2032 4161 censentur
2064 4104 2254 4161 relata
2283 4103 2347 4160 in
2383 4104 2599 4171 Deum;
2648 4102 2906 4178 denique
2951 4115 3226 4160 conna-

618 4193 942 4265 turalis,
991 4212 1166 4268 quam
1201 4194 1515 4268 quodlibet
1545 4211 1693 4268 opus
1724 4194 1985 4250 salutare
2019 4211 2085 4249 eo
2118 4192 2265 4267 ip30,
2309 4192 2468 4267 quod
2500 4211 2568 4249 ex
2601 4192 2795 4268 gratia
2824 4188 3223 4266 proficiscitur,

619 4283 1088 4340 connaturaliter
1133 4283 1326 4345 habet.
1412 4283 1539 4351 Qua
1589 4281 1976 4340 distinctione
2028 4282 2223 4356 posita
2275 4299 2561 4356 negamus
2612 4282 2840 4355 requiri
2890 4280 3225 4338 relationem

619 4371 926 4440 actualem,
973 4372 1066 4430 vel
1114 4373 1448 4441 virtualem,
1497 4372 1592 4430 vel
1636 4371 2007 4446 objectivam,
2057 4371 2196 4444 quia
2243 4369 2383 4428 haec
2427 4370 2491 4427 in
2529 4387 2707 4445 opera
2736 4369 2906 4427 nullo
2939 4368 3109 4426 modo
3138 4364 3224 4421 in-

619 4460 771 4527 fluit,
819 4479 890 4518 ea
934 4480 1073 4536 ergo
1119 4461 1423 4520 meritoria
1467 4461 1709 4518 reddere
1755 4461 1998 4534 nequit:
2050 4459 2394 4533 requiritur,
2447 4459 2549 4516 sed
2600 4477 2720 4516 non
2765 4457 2988 4516 sufficit
3030 4451 3223 4515 relatio

619 4549 970 4620 habitualis;
1018 4554 1251 4625 praeter
1281 4551 1431 4608 banc
1461 4549 1795 4624 requiritur
1842 4552 1903 4606 et
1948 4549 2165 4606 sufficit
2211 4547 2418 4606 relatio
2451 4548 2872 4610 connaturalis.
2941 4545 3105 4614 Quod
3147 4541 3225 4597 ita

622 4639 900 4697 Suarez
945 4639 1017 4697 de
1063 4659 1147 4715 gr.
1183 4640 1218 4697 l.
1261 4649 1334 4701 12
1371 4658 1415 4699 c,
1455 4650 1488 4701 9
1523 4659 1581 4701 n.
1619 4649 1651 4701 5
1687 4638 1982 4713 praeclare
2015 4638 2309 4695 illustrat:
2360 4637 2585 4707 Omnia,
2636 4656 2786 4712 quae
2833 4633 3153 4712 procedunt
3194 4645 3223 4683 a

623 4729 758 4798 De0,
805 4728 877 4786 ad
923 4729 1175 4787 eundem
1206 4729 1460 4787 redeunt
1489 4733 1793 4802 tamquam
1833 4728 1902 4785 ad
1950 4726 2229 4784 ultimum
2263 4726 2435 4784 finem
2467 4727 2728 4784 naturali
2762 4725 3018 4800 pondere
3049 4726 3107 4782 et
3136 4719 3220 4775 in·
