3538 5364
534 221 657 286 128
897 211 1081 265 Tract.
1108 210 1257 265 VIII.
1285 210 1354 263 de
1374 208 1806 279 justificatione.
1834 207 2033 266 'rhesis
2060 206 2295 267 CXCVI.
2322 206 2403 261 De
2433 206 2772 262 veritatibus

527 393 758 478 quibus
789 394 855 461 in
886 392 1052 457 thesi
1078 390 1494 474 ,praecedenti
1524 389 1980 456 necessitatem
2011 388 2159 454 fidei
2189 388 2770 454 demonstravimus
2804 389 2886 452 ad
2911 388 3146 470 just-ifi-

528 502 851 565 cationem
882 498 1422 582 consequendam.
1487 493 1721 561 Omnia
1765 496 1936 561 enim
1956 495 2264 577 probant,
2304 495 2503 559 -fidem
2541 494 2998 576 justificantem
3032 495 3148 559 de*

527 608 681 677 bere
713 626 783 672 se
816 606 1161 673 extendere
1194 605 1275 669 ad
1306 604 1741 685 Evangelium,
1773 621 1904 685 qua
1932 603 2063 668 late
2093 609 2305 684 patet;
2334 602 2422 666 ad
2455 602 3149 684 omnia‚.quaecunque

526 714 860 779 mandavit
890 712 1179 778 Christus
1211 730 1504 795 quaeque
1536 717 1871 793 tamquam
1907 710 2152 790 legatus
2186 709 2303 774 Dei
2335 727 2456 772 nos
2488 708 2725 773 docuit.
2787 700 2971 788 Quod
3004 709 3150 789 ipsa

530 822 725 887 etiam
760 821 906 885 fidei
935 821 1101 884 ratio
1135 820 1385 884 evincit.
1419 818 1511 882 Ea
1539 818 1714 883 enim
1747 816 2040 880 innititur
2073 816 2456 880 auctoritate
2490 814 2622 892 Dei,
2656 834 2785 897 qua
2811 821 3150 898 tamquam

528 917 772 993 motivo
800 928 1003 992 fidelis
1037 927 1118 991 ad
1152 925 1634 992 assentiendum
1667 933 1979 990 movetur.
2044 923 2241 1006 Atqui
2286 942 2418 988 non
2462 930 2760 988 movetur
2808 942 2960 988 vere
2992 941 3150 987 auc-

529 1022 787 1115 toritate
820 1034 953 1112 Dei,
986 1033 1042 1098 si
1072 1052 1205 1097 non
1238 1033 1537 1117 omnibus
1570 1033 1841 1097 assentit
1873 1031 1972 1096 vel
2005 1031 2319 1097 assentire
2351 1036 2452 1095 est
2480 1036 2764 1112 paratus,
2800 1048 2966 1112 quae
2994 1029 3151 1093 suh-

529 1148 704 1207 stant
734 1142 884 1206 huic
915 1141 1189 1205 motivo:
1220 1158 1372 1203 nam
1404 1139 1530 1203 hoc
1560 1140 1894 1215 motivum,
1927 1156 2074 1203 cum
2107 1137 2378 1220 aequale
2410 1138 2492 1201 sit
2509 1156 2628 1219 pro
2651 1137 2949 1208 omnibus
2980 1136 3151 1202 veri-

529 1249 773 1314 tatibus
804 1247 1120 1322 revelatiS,
1153 1264 1234 1310 ex
1268 1263 1476 1328 aequo
1510 1245 1899 1310 determinat
1942 1244 2350 1309 intellectum.
2415 1243 2579 1324 Ergo
2625 1241 2728 1307 vel
2760 1242 2978 1306 omnia
3008 1259 3152 1307 cre-

530 1356 778 1431 dentur,
810 1355 914 1420 vel
943 1353 1099 1417 nihil
1130 1371 1281 1419 vere
1315 1359 1576 1434 propter
1604 1353 1731 1416 hoc
1763 1352 2076 1415 motivum
2110 1349 2409 1426 creditur,
2452 1350 2564 1415 sed
2596 1368 2713 1431 pro
2748 1349 2952 1414 lubitu
2983 1367 3151 1431 quae

441 1520 447 1525 .
528 1463 784 1544 placent
814 1462 1175 1538 creduntur,
1210 1467 1280 1525 ut
1311 1461 1451 1542 ipso
1484 1460 1775 1525 haeresis
1818 1460 2079 1524 nomine
2125 1458 2207 1522 ab
2254 1457 2536 1547 αἱρέομαι
2581 1456 2835 1537 eligere*
2858 1457 3148 1521 derivato

532 1569 938 1650 significatur.
1004 1570 1171 1634 Fieri
1217 1576 1434 1633 autem
1479 1569 1702 1651 nequit
1746 1566 2079 1649 multiplici
2123 1585 2204 1630 ex
2235 1567 2444 1647 capite
2478 1565 2579 1652 (cs.
2617 1573 2656 1630 t.
2688 1565 2710 1629 1
2745 1586 2802 1629 n.
2845 1566 3050 1651 149¹),
3081 1571 3154 1629 ut

531 1675 749 1743 fideles
782 1695 1007 1742 omnes
1040 1676 1333 1758 explicite
1367 1681 1633 1740 teneant
1674 1673 1803 1740 fide
1834 1673 2115 1754 singulas
2148 1674 2452 1738 veritates
2497 1673 2834 1748 revelatas
2866 1690 3013 1736 cum
3043 1672 3154 1736 vix

531 1783 759 1847 eruditi
791 1782 856 1846 id
886 1784 1152 1864 possint.
1186 1780 1470 1848 Sufficiet
1502 1800 1672 1862 ergO,
1706 1788 1778 1845 ut
1809 1799 1975 1864 quae
1998 1781 2294 1862 explicite
2312 1800 2447 1846 non
2467 1780 2828 1856 creduntur,
2848 1780 3156 1861 implicite

530 1890 757 1953 saltem
792 1895 1150 1954 teneantur.
1213 1888 1435 1971 Neque
1481 1890 1561 1953 de
1606 1889 1733 1952 hoc
1777 1887 2042 1951 dubium
2090 1893 2191 1952 est
2237 1889 2402 1953 inter
2433 1887 2782 1968 theologos.
2839 1886 3151 1967 Quaestio

531 1997 931 2078 potissimum
963 2002 1260 2061 versatur
1292 1996 1466 2059 circa
1497 2014 1593 2073 ea,
1628 2013 1796 2078 quae
1829 1996 2121 2077 explicite
2155 1995 2285 2060 sint
2315 1994 2610 2060 tenenda.

711 2120 859 2189 144.
889 2121 1438 2190 Demonstrati«)
1470 2141 1537 2206 p.
1570 2121 1692 2191 lv.
1756 2117 2023 2184 Omissis
2068 2120 2162 2195 iiS,
2210 2137 2376 2202 quae
2409 2118 2795 2184 necessitate
2825 2118 3152 2199 praecepti

532 2227 823 2308 explicite
855 2234 1004 2292 sunt
1036 2228 1372 2304 credenda,
1407 2228 1487 2292 de
1520 2229 1594 2291 iis
1627 2233 1896 2305 tantum,
1949 2246 2114 2310 quae
2147 2234 2323 2291 certo
2357 2233 2509 2291 sunt
2541 2226 2837 2307 explicite
2868 2225 3151 2289 necessi-

534 2340 665 2399 tate
697 2334 889 2399 medii
920 2334 1258 2411 credenda,
1293 2352 1574 2416 agemus
1607 2335 1782 2399 Haec
1815 2336 2099 2415 assignat
2117 2334 2353 2399 Paulus
2374 2334 2560 2400 Hebr.
2590 2340 2686 2411 11,
2709 2339 2766 2403 6.
2800 2332 3151 2414 Postquam

534 2440 703 2506 enim
734 2440 908 2518 dixit,
955 2443 1089 2504 sine
1127 2443 1253 2524 fide
1298 2441 1674 2525 impossibile
1718 2463 1846 2505 esse
1881 2442 2137 2528 placere
2167 2440 2324 2526 De0,
2356 2441 2602 2505 subdit:
2677 2441 2940 2505 Credere
2988 2440 3151 2503 enim

533 2556 768 2632 oportet
800 2551 1180 2613 accedentem
1212 2550 1300 2612 ad
1332 2548 1557 2626 Deum,
1597 2550 1745 2633 quia
1786 2556 1892 2632 est,
1924 2556 1980 2611 et
2013 2550 2467 2634 inquirentibus
2497 2571 2560 2612 se
2591 2554 3025 2611 remunerator
3052 2547 3150 2609 sit.

534 2653 718 2735 Quod
751 2655 1169 2720 confirmatur
1202 2655 1265 2724 1.
1301 2674 1477 2738 prop.
1512 2660 1597 2724 22
1631 2674 1745 2737 per
1775 2656 2350 2722 Innocentium
2379 2656 2480 2721 XI.
2527 2656 2867 2720 damnata:
2938 2652 3152 2729 „Non-

532 2763 656 2826 nisi
685 2763 843 2827 fides
876 2764 1062 2827 unius
1096 2763 1209 2828 Dei
1239 2763 1609 2828 necessaria
1641 2763 1895 2829 videtur
1926 2765 2310 2829 necessitate
2354 2765 2565 2842 medii,
2611 2783 2744 2828 non
2790 2770 3008 2827 autem
3040 2780 3154 2831 exe

532 2869 746 2951 plicita
777 2870 1335 2935 remuneratoris<
1406 2870 1670 2935 Accedit
1702 2871 1772 2939 2.
1807 2871 2129 2935 unanimis
2160 2872 2606 2953 theologorum
2640 2889 3013 2945 consensuS,
3046 2872 3154 2952 qui

532 2977 650 3040 etsi
683 2977 747 3039 in
779 2976 919 3039 aliis
951 2975 1269 3056 mysteriis
1303 2975 1722 3055 assignandis
1758 2994 1925 3058 quae
1957 2978 2331 3041 necessario
2364 2979 2492 3041 sint
2524 2978 2861 3053 credenda,
2894 2977 3059 3041 inter
3082 2997 3154 3043 se

533 3082 930 3157 dissentiant,
962 3081 1029 3144 in
1061 3080 1411 3145 asserenda
1438 3082 1826 3147 necessitate
1879 3083 2026 3147 fidei
2060 3083 2389 3165 utriusque
2420 3083 2610 3164 hujus
2642 3082 2929 3147 veritatis
2962 3083 3152 3165 plane

532 3188 920 3270 conspirant.
953 3184 1275 3251 Suadetur
1307 3191 1368 3258 3.
1401 3189 1668 3254 ratione.
1734 3189 1924 3253 Fides
1972 3189 2146 3253 enim
2188 3208 2335 3253 cum
2369 3188 2452 3253 ad
2483 3190 2756 3255 salutem
2789 3190 3156 3255 necessaria

532 3297 615 3360 sit
644 3303 976 3378 tamquam
1008 3296 1289 3360 medium
1322 3303 1559 3361 natura
1589 3316 1711 3361 sua
1743 3297 1829 3361 ad
1863 3299 2036 3362 illam
2068 3298 2435 3381 disponenS,
2468 3305 2800 3380 tamquam
2822 3298 3068 3361 initium
3088 3303 3156 3361 et

533 3403 734 3479 radix,
766 3403 907 3466 illas
937 3403 1002 3465 in
1034 3402 1258 3484 primis
1289 3405 1593 3469 veritates
1626 3406 1944 3487 respicere
1992 3404 2199 3480 debet,
2248 3423 2521 3486 quarum
2568 3405 2845 3486 cognitio
2878 3404 3158 3467 homini-

533 3510 654 3574 bus
686 3527 843 3592 prae
876 3510 1105 3574 ceteris
1126 3516 1223 3573 est
1244 3512 1629 3587 necessaria,
1661 3518 1732 3576 ut
1763 3513 2015 3593 possint
2037 3512 2298 3577 tendere
2319 3512 2403 3575 ad
2423 3511 2717 3588 salutem,
2740 3518 2805 3576 et
2824 3530 2992 3594 quae
3013 3530 3154 3575 om-

535 3617 708 3681 nium
742 3617 1012 3680 aliarum
1042 3618 1385 3681 veritatum
1419 3624 1570 3681 sunt
1601 3617 2104 3682 fundamentum.
2139 3617 2467 3700 Ejusmodi
2497 3637 2652 3682 vero
2686 3624 2836 3682 sunt
2867 3617 3154 3699 profecto

531 3724 834 3788 veritates
867 3723 981 3787 Dei
1013 3723 1397 3801 exsistentis,
1431 3725 1540 3806 qui
1571 3731 1669 3788 est
1699 3723 1846 3787 finis
1878 3724 2174 3800 hominiS,
2221 3729 2286 3789 et
2318 3723 2435 3788 Dei
2480 3724 3000 3800 remuneratoriS,
3051 3725 3155 3788 cui

524 3831 869 3913 displicent
898 3838 1185 3912 peccata,
1219 3831 1473 3912 placent
1505 3831 1681 3894 bona
1713 3849 1929 3912 opera.
1995 3830 2178 3896 Unde
2209 3831 2374 3895 Tho
2393 3851 2560 3896 mas
2606 3833 2747 3897 lect.
2766 3837 2822 3901 -2
2869 3832 2934 3896 in
2966 3832 3154 3897 Hebr.

546 3944 640 4014 11,
673 3944 747 4008 6:
817 3937 998 4012 ‚Non
1049 3937 1272 4014 solum,
1321 3938 1542 4020 inquit,
1576 3945 1675 4003 est
1715 3940 2152 4003 necessarium
2185 3939 2464 4015 credere,
2499 3940 2671 4021 quod
2713 3939 2882 4004 Deus
2912 3940 3010 4016 sit,
3042 3940 3158 4004 sed

535 4045 708 4127 quod
745 4044 987 4109 habeat
1021 4044 1490 4127 providentiam
1521 4046 1602 4109 de
1633 4046 1859 4109 rebus:
1913 4047 2100 4110 aliter
2152 4046 2364 4110 nullus
2412 4047 2533 4110 iret
2563 4046 2647 4110 ad
2680 4045 2907 4127 ipsum,
2941 4047 2995 4111 si
3025 4065 3158 4110 non

535 4159 826 4235 speraret
857 4153 1140 4236 aliquam
1171 4155 1757 4219 remunerationem
1792 4154 1875 4217 ab
1911 4154 2107 4237 ipso<
2148 4153 2236 4219 Cf.
2271 4161 2328 4223 2.
2363 4160 2404 4221 2
2425 4174 2482 4236 q.
2512 4159 2540 4221 1
2567 4171 2623 4217 a.
2648 4160 2704 4222 7.
2738 4153 2909 4218 Deus
2943 4160 3158 4219 autem

537 4260 930 4325 considerari
978 4267 1191 4341 potest
1238 4267 1310 4324 ut
1359 4267 1808 4326 remuneratur
1853 4261 2156 4343 praemiis
2202 4261 2301 4327 vel
2349 4261 2767 4335 naturalibus
2799 4261 2899 4325 vel
2932 4280 3158 4342 super-

538 4366 954 4443 naturalibuS,
986 4366 1087 4429 vel
1118 4366 1625 4448 praescindendo
1658 4367 2172 4432 consideratione
2205 4367 2288 4430 ab
2326 4368 2548 4432 ordine
2569 4368 2705 4431 sive
2726 4367 3003 4432 naturali
3022 4367 3157 4432 sive

538 4474 1024 4555 supernaturali.
1085 4475 1230 4540 Jam
1260 4494 1415 4540 vero
1447 4475 1883 4541 necessarium
1916 4492 2048 4538 non
2093 4481 2192 4539 est
2237 4475 2500 4540 credere
2533 4475 2736 4539 Deum
2783 4491 3157 4539 remunera-

526 4586 745 4644 -torem
776 4581 1076 4662 praemiis
1107 4582 1705 4663 supernaturalibus
1738 4582 2033 4663 explicite
2065 4589 2132 4647 et
2151 4580 2401 4658 reflexe,
2435 4582 2785 4646 dummodo
2818 4599 2901 4646 ne
2932 4580 3158 4645 creda-

532 4689 727 4752 datur
758 4695 1202 4755 remunerator
1233 4695 1484 4753 tantum
1515 4690 1862 4753 naturalis:
1894 4688 2057 4754 haec
2089 4689 2260 4753 enim
2290 4688 2447 4754 fides
2480 4688 2645 4752 foret
2677 4687 2853 4752 salsa.
