3538 5364
648 291 849 346 'l‘hesis
876 291 1212 347 CLXXXIX.
1240 291 1519 346 Omnibus
1544 291 1877 347 hominibus
1904 291 2077 346 datur
2101 291 2291 363 gratia
2316 291 2619 347 sufficiens.
2866 301 2944 366 71

328 478 700 537 damnaverit
728 498 896 555 prop.
932 474 1060 561 (5):
1106 479 1386 556 ,Pagani‚
1412 478 1636 556 judaei,
1668 478 1950 538 haeretici
1974 479 2196 555 aliique
2228 479 2408 555 hujus
2439 478 2673 554 generis
2708 479 2948 537 nullum

326 569 573 626 omnino
603 569 906 645 accipiunt
934 589 970 627 a
998 568 1147 627 Jesu
1180 568 1412 628 Christo
1443 568 1754 638 influxum,
1799 568 2063 644 adeoque
2094 568 2234 626 hinc
2264 571 2425 626 recte
2455 567 2692 638 inferes,
2727 568 2791 626 in
2822 567 2947 627 illis

325 675 455 714 esse
485 657 864 716 voluntatem
895 656 1117 716 nudam
1160 661 1222 716 et
1266 658 1552 717 inermem
1597 657 1726 716 sine
1757 657 1919 717 omni
1950 658 2146 734 gratia
2176 656 2553 716 sufficienti.‘
2619 656 2952 735 Loquimur

326 749 526 803 autem
576 746 651 804 de
698 746 1037 805 infidelibus
1082 747 1516 823 negativis,
1565 746 1785 823 quibus
1815 746 2080 805 nondum
2111 747 2541 805 annunciatum
2570 749 2664 804 est
2695 764 2948 823 evange·

326 835 508 904 lium;
558 854 695 892 nam
728 834 995 894 infideles
1028 835 1391 911 positivi,
1440 835 1545 912 qui
1577 836 1883 913 evangelio
1914 835 2250 911 praedicato
2282 835 2496 894 nolunt
2524 835 2777 909 credere,
2813 853 2948 912 gra·

322 924 469 981 tiam
504 924 771 981 oblatam
801 924 1118 998 repellunt,
1164 924 1415 1001 ideoque
1446 924 1639 1002 gratia
1681 944 1802 983 non
1847 928 2065 995 carent,
2116 931 2218 983 sed
2263 944 2331 983 ea
2374 944 2496 983 non
2543 927 2820 985 utuntur.
2885 924 2947 983 Si

325 1031 466 1070 vero
496 1014 814 1088 quaeritur
854 1009 915 1072 l.
951 1013 1190 1089 quando
1221 1015 1319 1073 vel
1348 1014 1586 1090 quoties
1618 1013 1961 1073 infidelibus
1994 1013 2289 1090 negativis
2321 1014 2572 1073 offertur
2601 1013 2808 1090 gratia,
2854 1032 2949 1072 re-

325 1101 707 1177 spondemus,
741 1102 801 1160 id
834 1102 1065 1161 definiri
1096 1122 1218 1162 non
1245 1121 1438 1179 posse,
1486 1119 1623 1162 cum
1654 1106 1928 1162 nostrum
1959 1122 2078 1162 non
2111 1103 2209 1171 sit,
2244 1104 2364 1161 Deo
2395 1103 2632 1179 regulas
2665 1103 2949 1177 praescri-

327 1192 465 1249 bere
497 1191 565 1248 in
603 1190 1020 1250 distribuenda
1050 1193 1249 1269 gratia
1278 1192 1597 1251 servandas
1641 1194 1703 1252 et
1747 1193 1877 1269 ipse
1921 1193 2095 1251 modo
2141 1192 2459 1266 copiosius,
2508 1192 2681 1251 modo
2712 1192 2950 1267 parcius

326 1299 462 1338 suas
511 1299 620 1356 pro
670 1280 874 1338 lubitu
920 1279 1242 1339 distribuat
1286 1282 1537 1359 gratias:
1594 1282 1806 1340 merito
1850 1288 2051 1339 tamen
2083 1281 2423 1349 statuimus,
2472 1281 2661 1340 Deum
2693 1281 2950 1357 gratiam

326 1369 676 1444 dispensare
696 1369 906 1427 saltem
938 1384 1001 1432 a.
1036 1389 1168 1429 cum
1189 1374 1370 1448 urget
1389 1375 1768 1447 praeseptum
1790 1370 2029 1428 difficile
2051 1370 2145 1428 vel
2165 1369 2363 1447 gravis
2383 1370 2665 1439 tentatio;
2701 1366 2769 1434 b.
2802 1388 2949 1446 quo-

324 1458 441 1516 ties
473 1457 703 1517 homini
734 1477 911 1534 prope
924 1462 1156 1518 nuntur
1184 1459 1377 1518 media
1407 1458 1701 1518 divinitus
1733 1458 1799 1517 in
1833 1459 2089 1518 hominis
2123 1460 2375 1518 salutem
2395 1458 2681 1517 instituta
2713 1454 2810 1540 (cf.
2837 1468 2948 1528 203

331 1547 506 1624 70⁸);
554 1566 739 1622 quare
786 1561 848 1611 c.
896 1548 1073 1607 etiam
1119 1566 1252 1607 cum
1293 1552 1565 1624 peccator
1595 1548 1989 1607 conscientiae
2019 1548 2383 1606 remorsibus
2416 1547 2489 1606 ad
2520 1547 2951 1624 poenitentiam

325 1640 611 1712 urgetur3
660 1631 733 1697 d.
770 1655 905 1695 cum
935 1637 1183 1695 rationis
1216 1655 1365 1696 usus
1397 1637 1463 1696 in
1494 1638 1733 1696 homine
1765 1637 2042 1715 evigilat3
2089 1637 2139 1696 si
2169 1652 2233 1700 e.
2271 1638 2442 1697 homo
2475 1636 2632 1706 facit,
2666 1637 2827 1712 quod
2858 1640 2951 1698 est

326 1726 389 1783 in
418 1744 482 1783 se
516 1720 603 1806 (n.
644 1720 786 1807 71);
820 1721 874 1789 f.
906 1725 971 1784 in
1003 1726 1211 1784 mortis
1241 1727 1528 1803 periculo,
1594 1727 1655 1787 Si
1685 1724 1755 1789 2.
1790 1727 2116 1801 quaeritur,
2150 1745 2441 1802 quaenam
2473 1726 2663 1803 gratia
2693 1725 2947 1785 infideli-

323 1815 437 1872 bus
472 1814 829 1884 conferatur,
863 1815 1182 1891 respondet
1212 1834 1347 1874 cum
1378 1816 1686 1875 nonnullis
1721 1816 2050 1891 Ripalda
2081 1815 2231 1890 disp.
2258 1825 2335 1878 20
2360 1833 2573 1892 magno
2594 1815 2950 1873 eruditionis

330 1908 635 1979 apparatu,
670 1904 857 1962 Deum
889 1903 1028 1963 dare
1060 1923 1291 1980 semper
1319 1905 1570 1983 gratiam
1604 1905 2135 1980 supernaturalem,
2169 1908 2239 1963 ut
2272 1904 2527 1979 quilibet
2559 1907 2725 1962 actus
2757 1904 2950 1962 bonus

332 1992 408 2050 sit
452 1992 763 2059 salutaris;
815 1992 1072 2051 vivimus
1116 1994 1276 2052 enim
1320 1994 1386 2052 in
1430 1994 1639 2053 ordine
1686 1994 2128 2069 supernaturali
2180 1997 2239 2051 et
2289 1993 2573 2051 destinati
2623 2011 2829 2051 sumus
2876 1991 2950 2051 ad

327 2081 502 2139 finem
536 2082 1083 2157 supernaturalem3
1132 2083 1405 2159 plerique
1448 2101 1586 2141 vero
1632 2077 1731 2165 (cf.
1777 2083 2143 2142 Mazzella
2187 2082 2242 2140 d.
2293 2093 2329 2143 4
2376 2102 2425 2140 a.
2464 2076 2529 2164 5)
2561 2082 2947 2149 contendunt,

323 2170 516 2228 Deum
549 2170 694 2228 dare
722 2170 894 2247 prius
925 2171 1178 2249 gratiam
1210 2171 1640 2251 medicinalem,
1675 2191 1829 2248 quae
1860 2175 2094 2230 tantum
2127 2170 2320 2247 quoad
2352 2170 2594 2230 modum
2629 2171 2710 2229 sit
2741 2188 2950 2246 super-

322 2260 652 2327 naturalis;
699 2260 954 2336 gratiam
992 2260 1228 2336 proprie
1261 2261 1778 2338 supernaturalem
1809 2260 1948 2319 dare
1979 2261 2223 2319 nonnisi
2256 2278 2390 2319 cum
2423 2260 2614 2336 prima
2643 2259 2950 2318 vocatione

323 2348 396 2406 ad
429 2348 628 2412 fidem.
678 2348 837 2417 Quae
868 2350 1164 2408 sententia
1194 2349 1434 2409 videtur
1453 2350 1855 2427 praeferenda,
1889 2349 2206 2408 dummodo
2239 2349 2378 2407 haec
2409 2348 2637 2407 vocatio
2669 2348 2743 2406 ad
2776 2348 2948 2407 fidem

321 2438 451 2495 laxe
471 2437 794 2496 admodum
814 2438 1169 2513 accipiatur:
1204 2439 1382 2497 habet
1413 2438 1571 2496 enim
1603 2438 1745 2497 fides
1766 2457 1934 2497 suam
1956 2457 2244 2513 auroram,
2280 2457 2431 2514 quae
2451 2456 2580 2496 eam
2602 2456 2708 2513 per
2725 2438 2949 2495 multos

324 2526 687 2602 quandoque
719 2545 903 2585 annos
935 2527 1085 2585 mire
1117 2528 1433 2603 praecedit,
1469 2531 1539 2585 ut
1569 2530 1735 2603 patet
1764 2546 1836 2585 ex
1868 2527 2232 2604 biographiis
2265 2546 2488 2596 eorum,
2538 2525 2641 2601 qui
2675 2544 2841 2584 suam
2876 2525 2949 2583 ad

322 2615 497 2673 fidem
544 2615 895 2673 catholicam
942 2616 1381 2675 conversionem
1428 2616 1600 2675 nobis
1645 2622 2017 2675 enarrarunt.
2093 2616 2409 2674 Censemus
2459 2616 2648 2694 igitur
2696 2615 2950 2693 gratiam

321 2707 837 2780 supernaturalem
865 2705 1134 2777 conferri,
1182 2707 1417 2782 quoties
1448 2706 1707 2765 infidelis
1740 2707 2035 2766 excitatur
2065 2706 2139 2764 ad
2172 2705 2554 2783 cogitandum
2601 2705 2673 2763 de
2716 2723 2826 2763 sua
2856 2723 2948 2763 sa·

325 2795 466 2865 lute,
500 2794 578 2852 ad
612 2794 899 2854 orandum
921 2796 1129 2867 Deum,
1159 2801 1232 2854 ut
1260 2795 1457 2872 ipsum
1480 2795 1686 2854 doceat
1706 2796 1865 2854 viam
1884 2795 2155 2854 veritatis
2187 2802 2249 2854 et
2274 2794 2505 2862 salutis,
2540 2795 2773 2852 etiamsi
2793 2793 2950 2851 nihil

330 2883 515 2941 adhuc
546 2883 809 2942 audierit
839 2883 911 2942 de
945 2882 1295 2961 Evangelio:
1334 2885 1452 2942 illis
1483 2883 1640 2943 enim
1673 2885 2157 2962 cogitationibus,
2193 2883 2582 2954 orationibuS,
2616 2882 2948 2953 desideriis,

331 2973 543 3031 salutis
578 2971 836 3046 fideique
866 2975 1100 3031 initium
1133 2973 1374 3047 aliquod
1407 2974 1617 3032 saltem
1650 2977 1947 3032 remotum
1978 2973 2268 3032 contineri
2301 2973 2556 3035 videtur.

502 3117 610 3180 80.
646 3109 1218 3180 Demonstratio.
1252 3109 1527 3175 Nostrae
1558 3110 1919 3175 sententiae
1938 3111 2112 3175 haud
2146 3113 2510 3194 spernenda
2541 3116 2692 3176 sunt
2721 3108 2953 3174 funda-

323 3223 559 3282 menta.
623 3215 717 3279 Ea
767 3217 938 3282 enim
989 3214 1051 3285 l.
1107 3217 1578 3282 consectarium
1627 3224 1726 3282 est
1777 3217 2124 3296 doctrinae,
2157 3237 2287 3302 qua
2316 3224 2627 3296 tenemuS,
2660 3222 2953 3287 ordinem

323 3323 755 3404 reparationis
787 3329 919 3386 tam
951 3324 1081 3392 late
1114 3330 1354 3405 patere,
1388 3342 1583 3405 quam
1618 3324 1746 3388 late
1779 3330 1959 3405 patet
2008 3330 2216 3390 status
2265 3327 2522 3403 ruinae;
2574 3348 2727 3395 nam
2778 3329 2951 3410 quod

324 3429 554 3495 cecidit
586 3431 652 3493 in
684 3428 934 3496 Adamo
966 3430 1197 3512 primo,
1228 3437 1510 3495 erectum
1548 3429 1663 3495 [uit
1692 3431 1759 3495 in
1780 3432 2080 3496 secundo.
2117 3429 2295 3496 Sicut
2316 3452 2465 3515 ergo
2486 3442 2758 3500 naturae
2778 3435 2953 3499 bona

324 3536 697 3601 communia
728 3537 1027 3602 omnibus
1059 3544 1226 3615 sunt,
1246 3536 1341 3600 ita
1360 3538 1659 3601 omnibus
1679 3538 2047 3602 communia
2067 3546 2287 3604 censet
2320 3537 2373 3604 G
2389 3561 2421 3605 r
2438 3560 2472 3606 e
2490 3562 2526 3621 g
2544 3560 2582 3605 o
2597 3561 2630 3604 r
2648 3535 2726 3605 iu
2744 3557 2774 3599 s
2807 3559 2950 3606 naz,

325 3662 413 3707 or.
448 3649 535 3713 33
569 3663 629 3707 n.
665 3648 725 3721 9,
782 3644 1041 3725 ,legem‚
1086 3643 1455 3727 prophetas
1490 3645 1675 3730 ipsos
1721 3643 1953 3709 Christi
1984 3646 2324 3724 cruciatu5‚
2371 3666 2484 3728 per
2529 3667 2692 3730 quos
2724 3670 2950 3717 omnes

325 3751 487 3814 citra
517 3750 717 3813 ullam
749 3753 1192 3832 exceptionem
1222 3753 1567 3818 restaurati
1598 3770 1838 3830 sumus,
1871 3754 1978 3835 qui
2012 3752 2220 3819 eidem
2249 3754 2498 3818 Adamo
2532 3756 2950 3838 participavi-

326 3875 467 3920 mus
500 3864 570 3921 et
600 3875 642 3920 a
671 3864 972 3939 serpente
1003 3858 1069 3921 in
1100 3858 1390 3925 fraudem
1440 3859 1682 3922 inducti
1731 3867 1796 3924 et
1840 3878 1956 3940 per
2003 3868 2343 3942 peccatum
2393 3869 2599 3927 morte
2644 3863 2857 3928 affecti
2888 3871 2952 3928 et

324 3982 439 4045 per
469 3964 821 4029 coelestem
842 3964 1047 4028 Adam
1067 3966 1258 4030 saluti
1278 3966 1556 4031 restituti
1589 3973 1652 4030 et
1687 3967 1767 4030 ad
1799 3967 2040 4048 lignum
2072 3969 2262 4045 vitae,
2295 3969 2466 4032 unde
2487 3968 2948 4046 excideramus

326 4089 439 4151 per
468 4071 710 4151 lignum
742 4071 1139 4152 ignominiae
1165 4075 1451 4138 revocati
1480 4073 1773 4161 ssumus.‘
1842 4074 2034 4158 Atqui
2083 4075 2241 4140 ordo
2294 4083 2631 4157 reparatus
2663 4078 2951 4158 {gratiam

326 4178 628 4258 supponit
659 4178 996 4262 exigitque,
1031 4199 1197 4262 quae
1230 4181 1408 4244 illum
1440 4187 1735 4262 penetret
1767 4188 1977 4247 totum
1996 4200 2075 4246 ac
2105 4182 2419 4264 pervadat
2435 4181 2738 4259 {cuilibet
2778 4202 2948 4264 erg0‚

328 4284 434 4365 qui
466 4284 553 4347 ad
584 4284 763 4349 illum
793 4287 1086 4367 pertinet,
1119 4288 1326 4368 gratia
1356 4295 1616 4368 praesto
1650 4289 1786 4352 erit„

503 4409 571 4479 2.
602 4408 713 4473 Est
743 4410 1210 4475 consectarium
1259 4411 1568 4488 veritatis
1600 4412 1810 4495 ‘quam
1855 4413 2293 4495 apostolorum
2327 4414 2647 4495 principes
2678 4434 2798 4478 nos
2832 4415 2947 4479 do-

330 4520 505 4591 cent3
571 4513 810 4580 Paulus
855 4517 1141 4582 scribens
1188 4518 1269 4582 ad
1302 4517 1708 4583 Timotheum
1751 4525 1802 4587 1.
1838 4538 1933 4601 ep.
1969 4526 2027 4596 2,
2060 4526 2133 4588 4:
2196 4520 2320 4599 Qui
2353 4519 2574 4607 (Deus)
2610 4542 2816 4585 omnes
2845 4524 2947 4586 ho-

332 4624 523 4685 mines
554 4623 686 4685 vult
715 4622 919 4687 salvos
945 4624 1086 4707 fieri
1118 4625 1193 4711 (11
1224 4645 1283 4689 n.
1326 4626 1507 4712 100);
1540 4624 1767 4690 Petrus
1801 4645 1956 4690 vero
1989 4633 2359 4692 contestans
2392 4630 2449 4693 2.
2485 4646 2580 4709 ep.
2615 4633 2671 4704 3,
2706 4632 2746 4695 9
2781 4628 2948 4692 nolle

334 4726 533 4793 Deum
565 4730 811 4814 aliquos
834 4731 1068 4814 perire,
1119 4733 1226 4796 sed
1257 4752 1465 4796 omnes
1496 4733 1583 4796 ad
1605 4735 2057 4816 poenitentiam
2089 4736 2328 4798 reverti.
2401 4733 2608 4808 ,Deus
2638 4733 2773 4798 vult
2807 4753 2947 4797 om-
