3538 5364
900 366 1330 420 Matrimonium
1356 370 1544 422 ratum
1570 366 1813 421 solvitur
1840 367 2189 439 professione
2217 367 2500 438 religiosa.
2871 376 2996 440 581

383 553 544 611 Hinc
573 552 753 611 insert
785 531 1024 611 Sanoh
1043 571 1149 623 ez,
1182 552 1358 612 licere
1391 571 1673 613 converso
1706 554 1960 613 alterum
1986 553 2140 612 inire
2158 554 2635 613 matrimonium:
2669 558 2813 614 tunc
2843 555 2998 614 enim

386 642 644 700 infidelis
677 642 931 701 discedit
962 662 1026 700 ac
1057 642 1348 718 relinquit
1379 642 1612 701 fidelem
1644 662 1773 701 eam
1805 643 2076 719 eligendo
2108 644 2617 712 cohabitationem,
2657 662 2809 719 quae
2840 644 3001 702 fideli

389 731 601 790 illicita
629 734 736 795 est.
798 731 1056 790 Fruatur
1086 750 1225 807 ergo
1257 736 1401 790 tunc
1432 731 1746 808 privilegio
1779 732 2038 807 paulino.
2102 732 2180 789 cf.
2227 733 2593 791 Palmieri
2627 733 2709 791 th.
2746 742 2846 801 26,
2897 734 3003 808 qui

388 821 471 879 th.
493 829 569 883 27
608 822 879 891 alterum,
915 820 1075 896 quod
1108 820 1439 879 notandum
1469 825 1578 887 est,
1612 824 1849 879 tuetur:
1881 821 2266 898 privilegium
2288 822 2409 880 scil.
2442 822 2753 898 paulinum
2785 841 2908 881 non
2927 822 3001 879 ad

384 928 488 967 eos
520 910 707 968 solum
744 913 1023 985 spectare,
1058 910 1160 985 qui
1194 909 1368 968 fidem
1400 914 1734 985 sequuntur
1764 909 2131 980 catholicam,
2181 910 2285 969 sed
2330 911 2403 969 ad
2450 930 2669 981 omneS,
2713 911 2819 987 qui
2851 911 3004 970 chri—

386 999 645 1057 stianam
676 998 851 1056 fidem
885 999 1258 1073 susceptione
1292 999 1574 1073 baptismi
1608 1001 1752 1058 sunt
1782 999 2048 1075 professi.
2113 999 2195 1059 cf.
2225 1000 2495 1071 Pesch,
2544 1000 2668 1059 VII.
2701 1020 2869 1076 prop.
2908 1010 3003 1063 59.

570 1141 715 1203 621.
751 1133 1100 1204 Scholion
1132 1136 1241 1203 Il.
1308 1134 1786 1200 Matrimonium
1833 1144 2046 1201 ratum
2091 1158 2212 1201 non
2260 1145 2466 1202 tamen
2512 1145 3002 1203 consummatum

395 1240 648 1303 solemni
677 1242 998 1323 reliyionis
1022 1243 1413 1326 professione
1447 1242 1705 1306 alterius
1736 1245 2068 1327 conjuqum
2102 1245 2481 1328 dissolvitur,
2512 1253 2584 1309 ut
2613 1246 2833 1311 definit
2850 1264 3005 1310 con-

387 1347 608 1410 cilium
654 1347 835 1410 trid.
882 1366 1036 1412 sess.
1071 1354 1155 1417 23
1189 1365 1326 1411 can.
1362 1353 1436 1417 6:
1506 1346 1610 1422 ,Si
1643 1347 1785 1430 quis
1817 1348 2068 1425 dixerit,
2120 1350 2601 1415 matrimonium
2632 1360 2842 1417 ratum
2876 1372 3007 1417 non

401 1461 916 1518 consummatum
948 1472 1063 1535 per
1093 1455 1448 1519 solemnem
1494 1453 1961 1537 professionem
2004 1456 2325 1537 religionis
2371 1458 2634 1523 alterius
2665 1460 3005 1541 conjugum

391 1578 524 1622 non
573 1559 799 1636 dirimi,
851 1560 922 1623 A.
964 1558 1061 1624 S.‹
1132 1560 1318 1640 Quod
1371 1561 1683 1642 colligitur
1727 1582 1808 1627 ex
1852 1564 2088 1645 praxi
2133 1564 2483 1630 Ecclesiae:
2529 1585 2646 1648 pro
2686 1585 2815 1649 qua
2852 1566 3006 1631 affe-

396 1673 624 1730 runtur
673 1667 914 1749 aliquot
967 1668 1137 1732 sacta
1185 1669 1497 1750 virginum
1547 1669 1648 1733 vel
1708 1670 1904 1734 etiam
1958 1670 2266 1752 juvenum
2328 1673 2837 1750 christianorum,
2901 1675 3008 1757 qui

397 1775 601 1854 prima
634 1775 1005 1857 nuptiarum
1035 1782 1226 1840 nocte
1258 1775 1596 1856 conjugem
1628 1776 2067 1853 deseruerunt,
2100 1784 2168 1840 ut
2198 1777 2623 1857 virginitatem
2656 1799 2841 1844 suam
2874 1781 3009 1846 Deo

394 1882 649 1961 penitus
672 1889 1159 1957 consecrarent;
1194 1880 1553 1963 quaefacta
1585 1899 1625 1944 a
1655 1881 1949 1963 patribus
1981 1883 2331 1947 admodum
2361 1884 2704 1951 laudantur
2735 1893 2799 1953 et
2831 1905 3008 1952 com-

394 1991 795 2055 mendantur.
860 1992 1055 2074 Atqui
1088 2009 1166 2056 ea
1198 1991 1463 2054 laudare
1497 2008 1626 2054 non
1659 1990 2040 2071 potuissent,
2072 1992 2124 2054 si
2156 1993 2500 2059 mansisset
2518 1995 2850 2076 conjugale
2870 1996 3010 2058 vin-

395 2098 624 2173 culum,
658 2116 804 2161 cum
836 2118 903 2167 a.
937 2116 1310 2180 expressum
1342 2098 1425 2160 sit
1455 2104 1871 2178 praeceptum
1897 2098 2303 2175 dominicum,
2340 2118 2608 2165 uxorem
2640 2119 2681 2163 a
2711 2102 2846 2165 viro
2880 2120 3010 2165 non

394 2204 724 2269 discedere
778 2210 828 2272 1.
865 2203 1005 2268 Cor.
1044 2210 1099 2273 7.
1141 2209 1220 2273 10
1270 2204 1355 2288 (n.
1389 2205 1618 2291 617⁶):
1668 2222 1817 2267 cum
1869 2207 1939 2272 b.
1993 2206 2307 2287 ejusmodi
2356 2206 2710 2272 discessum
2762 2209 2881 2272 etsi
2932 2227 3010 2273 ex

400 2330 594 2376 causa
626 2314 912 2394 piissima
943 2332 1073 2376 non
1103 2313 1473 2394 permittant
1507 2320 1955 2377 consummato
1995 2314 2131 2395 jam
2164 2315 2593 2390 matrimoniO,
2642 2315 2764 2378 nisi
2808 2316 3011 2379 altera

403 2439 552 2502 pars
584 2420 781 2486 libere
813 2421 1203 2494 consentiat;
1251 2438 1329 2484 eo
1382 2420 1553 2484 enim
1600 2439 1661 2488 c.
1714 2420 2040 2485 evidenter
2070 2421 2346 2486 laeditur
2369 2422 2474 2503 jus
2508 2422 2795 2503 conjugis
2827 2422 3012 2488 dere-

396 2527 541 2590 licti.
594 2525 808 2607 Quare
840 2526 1238 2590 inferendum
1273 2534 1387 2602 est,
1424 2546 1555 2589 non
1587 2526 1932 2591 obscuram
1966 2526 2158 2593 fuisse
2189 2535 2478 2593 veterum
2510 2530 3012 2610 persuasionem,

396 2636 561 2699 inter
592 2634 976 2698 christianos
1010 2631 1200 2715 plena
1230 2634 1718 2699 renunciatione
1749 2634 1976 2717 suique
2007 2636 2493 2702 consecratione
2513 2635 2647 2700 Deo
2681 2635 2850 2700 sacta
2881 2635 3013 2700 dis-

396 2741 560 2805 solvi
612 2741 1026 2805 matrimonia
1077 2741 1361 2805 nondum
1411 2747 1878 2805 consummata.
1942 2742 2261 2806 Probatur
2307 2762 2459 2809 vero
2511 2762 2590 2807 ex
2623 2744 3014 2808 solemnibus

399 2866 814 2912 romanorum
860 2848 1235 2930 pontificum
1283 2848 1845 2924 declarationibu5‚
1896 2857 1966 2942 ut
2013 2849 2465 2915 Alexandri
2495 2849 2586 2913 111.
2633 2851 2697 2914 in
2742 2850 3012 2914 concilio

398 2955 926 3020 lateranensi
959 2973 1014 3018 a.
1054 2959 1226 3023 1179
1260 2972 1311 3017 c.
1348 2955 1643 3032 ,Verum‘,
1677 2961 1741 3019 et
1773 2973 1910 3037 cap.
1945 2955 2052 3032 ,Ex
2084 2956 3013 3039 publico⁶31nnocentiillL

397 3061 433 3124 l.
465 3067 508 3129 4
542 3062 633 3126 tit.
669 3068 755 3130 32
787 3078 924 3144 cap.
965 3068 1044 3131 14
1079 3061 1186 3139 ‚Ex
1219 3069 1401 3144 parte
1433 3068 1563 3126 tua‘
1597 3068 1737 3138 etc.‚
1787 3063 1895 3144 qui
1941 3081 2087 3126 cum
2133 3082 2263 3127 non
2292 3063 2712 3146 profiteantur
2742 3082 2813 3129 se
2846 3064 3015 3145 ejus-

396 3169 571 3233 modi
604 3169 1013 3232 matrimonia
1045 3170 1304 3250 propria
1335 3168 1684 3234 dissolvere
1718 3169 2120 3245 auctoritate,
2168 3188 2245 3234 eo
2280 3171 2417 3252 ipso
2450 3171 2745 3235 videntur
2775 3172 3014 3244 testari,

402 3274 628 3340 eadem
660 3274 922 3339 dissolvi
953 3276 1015 3338 vi
1048 3274 1355 3356 privilegii
1387 3275 1689 3339 divinitus
1711 3274 2093 3358 professioni
2123 3277 2457 3358 religiosae
2491 3279 2738 3343 adnexi.
2771 3277 3014 3344 Secun-

395 3381 549 3445 dum
581 3382 793 3464 plures
827 3388 1044 3445 tamen
1080 3382 1413 3462 theologos
1459 3383 1622 3447 haec
1653 3382 2009 3447 solubilitas
2043 3384 2409 3450 immediate
2443 3392 2541 3451 est
2563 3385 2723 3467 juris
2758 3387 3014 3450 eccle-

394 3489 744 3552 siastici.
809 3486 875 3552 Si
927 3489 1096 3552 enim
1147 3487 1431 3570 pontifex
1481 3507 1559 3553 ex
1612 3490 1898 3572 qualibet
1940 3491 2116 3572 justa
2164 3509 2364 3555 causa
2406 3499 2620 3573 potest
2669 3493 3016 3558 dissolvere

395 3597 875 3661 matrimonium
922 3603 1135 3659 ratum
1184 3597 1269 3682 (n.
1304 3598 1481 3682 623),
1526 3597 1732 3678 potuit
1781 3603 2066 3663 statuere
2113 3598 2425 3680 ejusmodi
2463 3599 2704 3681 justam
2750 3617 3012 3662 causam

394 3723 537 3768 esse
569 3702 1039 3785 professionem
1072 3702 1394 3784 religionis
1428 3702 1801 3768 solemnem.
1866 3704 2145 3770 Eatenus
2193 3712 2409 3769 tamen
2460 3713 2674 3787 potest
2706 3706 2829 3769 dici
2853 3707 3015 3788 juris

392 3808 676 3884 divini,
711 3816 1028 3892 quatenus
1062 3808 1347 3891 pontifex
1383 3829 1497 3874 seu
1532 3810 1873 3874 concilium
1918 3811 2069 3876 illud
2102 3812 2575 3876 matrimonium
2621 3831 2750 3876 non
2783 3813 3017 3876 dirimit

390 3916 538 3996 jure
571 3917 853 3998 propri0,
886 3918 999 3981 sed
1031 3922 1353 3999 potestate
1387 3917 1515 3980 del
1537 3936 1571 3982 e
1588 3924 1777 3998 gata
1810 3935 1850 3980 a
1881 3917 2034 3995 De0,
2065 3920 2245 4001 cujus
2269 3920 2527 3984 nomine
2550 3926 2613 3984 et
2634 3920 3016 3985 auctoritate

398 4022 567 4086 hunc
615 4024 910 4088 effectum
960 4041 1107 4086 cum
1169 4021 1467 4104 religiosa
1528 4024 1861 4106 conjunxit
1922 4025 2334 4107 professione.
2399 4025 2485 4089 Cf.
2538 4024 2777 4090 Sasse
2837 4026 2886 4089 ll
2936 4027 3016 4091 de

396 4130 667 4193 matrim.
706 4131 788 4193 th.
824 4135 881 4199 9.

563 4289 596 4340 6
607 4288 640 4340 2
654 4289 705 4341 2.
731 4277 892 4347 Quae
915 4278 1160 4336 assertio
1181 4277 1320 4336 inde
1337 4281 1533 4353 potest
1549 4278 1855 4349 illustrari,
1878 4280 2039 4354 quod
2052 4279 2221 4338 nulla
2235 4284 2513 4355 appareat
2528 4279 2679 4338 ratio
2696 4279 3014 4347 sufficiens,

394 4386 502 4425 cur
531 4386 651 4425 non
683 4368 860 4427 liceat
891 4367 1046 4426 solvi
1078 4366 1372 4442 ejusmodi
1405 4367 1854 4426 matrimonium
1897 4369 1970 4426 ad
2015 4369 2207 4444 majus
2248 4370 2472 4426 bonum
2503 4368 3013 4444 consequendum:

396 4475 515 4514 non
549 4456 832 4516 damnum
864 4457 1108 4515 alterius
1141 4455 1347 4531 partiS,
1396 4475 1530 4514 cum
1575 4456 1718 4514 haec
1764 4457 1950 4515 libere
1993 4458 2182 4533 possit
2227 4457 2390 4516 aliud
2431 4459 2778 4516 contrahere
2809 4458 3013 4516 matri-

395 4546 694 4613 monium;
728 4565 846 4605 non
879 4546 1091 4620 proles,
1125 4563 1276 4619 quae
1296 4545 1463 4603 nulla
1494 4549 1602 4616 est,
1638 4546 2013 4605 matrimonio
2032 4547 2314 4621 nondum,
2347 4548 2418 4604 ut
2448 4547 2710 4622 ponitur,
2743 4564 3014 4606 consum·

393 4638 584 4693 mato:
635 4653 755 4694 non
803 4634 1302 4694 indissolubilitas
1353 4633 1737 4705 matrimonii,
1788 4653 1920 4693 cum
1973 4635 2115 4694 haec
2162 4635 2540 4710 potissimum
2571 4635 2845 4694 videatur
2876 4654 3013 4694 con-

392 4725 597 4782 venire
628 4724 1006 4782 matrimonio
1039 4726 1465 4792 consummato,
1513 4742 1580 4781 ex
1630 4742 1748 4798 quo
1795 4724 1996 4799 prodit
2027 4725 2227 4783 unitas
2260 4725 2482 4784 carnis:
2530 4725 2803 4800 quocirca
2834 4725 3012 4783 etiam

392 4812 758 4883 testimonia,
794 4831 945 4888 quae
979 4831 1086 4887 pro
1119 4811 1225 4870 hac
1255 4811 1522 4887 conjugii
1556 4813 1924 4887 proprietate
1956 4814 2147 4872 afferri
2180 4815 2391 4885 solent,
2438 4814 2510 4873 de
2542 4814 2921 4873 matrimonio
2955 4814 3014 4871 in
