3538 5364
956 271 962 278 ·
1039 253 1113 307 ad
1138 256 1300 308 actus
1327 253 1604 308 salutares
1630 252 1936 308 necessitas
1959 253 2240 309 absoluta.
2857 262 2942 327 35

508 436 575 503 5.
612 435 801 498 Ratio
835 434 1108 517 demque
1142 433 1503 515 theologica
1545 433 1717 499 idem
1763 433 2008 500 suadet.
2067 435 2264 498 Actus
2306 435 2475 500 enim
2507 435 2824 501 salutares
2857 435 2944 499 illi

332 547 495 615 sunt,
534 540 772 621 quibus
808 540 1081 607 salutem
1113 542 1582 624 consequimur.
1616 540 1830 622 Quare
1860 542 2189 624 proportio
2222 542 2545 625 quaedam
2576 561 2718 607 esse
2750 542 2943 608 debet

333 647 493 710 inter
525 647 652 711 hos
687 654 868 712 actus
901 655 967 713 et
999 648 1290 714 salutem.
1352 648 1549 732 Atqui
1594 647 1767 713 salus
1799 655 2024 713 nostra
2068 654 2167 714 est
2196 648 2716 731 supernaturalis.
2778 649 2942 730 Ergo

332 759 512 816 actus
544 755 769 829 nostri,
800 761 872 818 ut
902 755 1316 836 proportione
1350 756 1786 838 respondeant
1830 761 2013 819 tanto
2060 754 2185 832 fini,
2232 755 2754 837 supernaturales
2801 774 2943 821 esse

329 857 587 923 debent.
627 861 819 942 Atqui
852 862 1060 925 omnis
1092 869 1325 926 natura
1358 863 1493 927 sive
1527 861 1792 938 infirma,
1826 861 1959 927 sive
1993 879 2172 937 sana,
2205 862 2465 945 physice
2497 869 2597 926 est
2627 863 2945 945 impotens

333 965 412 1029 ad
447 973 636 1030 actus
671 968 953 1033 edendos
984 968 1521 1051 supernaturaleS,
1552 976 1624 1034 ut
1654 975 1836 1051 patet
1867 987 1945 1033 ex
1978 969 2116 1051 ipsa
2146 969 2410 1034 notione
2443 975 2628 1034 actus
2666 989 2811 1050 sup
2830 988 2943 1033 er-

328 1073 748 1139 naturalis
781 1075 873 1162 (11.
902 1096 960 1140 n.
982 1078 1155 1164 317).
1187 1076 1351 1158 Ergo
1382 1094 1514 1141 non
1545 1095 1626 1142 ex
1656 1076 2212 1157 concupiscentiae
2245 1075 2492 1153 morb0,
2523 1075 2637 1142 sed
2670 1094 2750 1140 ex
2781 1076 2946 1159 phy-

327 1179 456 1242 sica
487 1187 768 1246 naturae
798 1183 1177 1265 impotentia
1225 1184 1308 1247 ad
1359 1191 1541 1247 actus
1590 1183 1908 1248 salutares
1959 1181 2253 1247 oboritur
2300 1182 2543 1263 gratiae
2573 1182 2945 1248 necessitas,

330 1283 508 1364 Quae
540 1289 716 1351 ratio
748 1289 1108 1355 insinuatur
1132 1291 1202 1379 *in
1234 1290 1562 1355 schemate
1594 1290 1695 1353 cit
1729 1307 1908 1353 conc.
1941 1289 2175 1354 vatic.
2209 1306 2346 1370 cap.
2380 1292 2453 1357 5:
2494 1286 2752 1370 ‚Neque
2785 1288 2947 1352 haec

329 1393 530 1472 gratia
562 1400 842 1460 naturae
877 1403 1126 1462 tantum
1156 1399 1328 1463 vires
1359 1404 1634 1479 reparat,
1666 1403 1739 1461 ut
1768 1415 1884 1478 per
1915 1413 2061 1462 eam
2094 1395 2294 1477 adjuti
2313 1395 2396 1458 ad
2418 1394 2775 1460 honestatis
2793 1413 2946 1458 nor-

336 1516 497 1562 mam
532 1519 756 1567 mores
789 1512 854 1568 et
884 1510 1069 1568 actus
1099 1511 1360 1568 nostros
1390 1502 1578 1584 plene
1609 1520 1998 1584 componere
2029 1501 2367 1583 possimus,
2415 1500 2527 1566 sed
2559 1497 2727 1563 ultra
2756 1507 2947 1564 natu-

345 1624 449 1671 rae
482 1610 802 1673 terminos
835 1610 917 1673 ad
949 1610 1247 1676 coelestis
1277 1611 1554 1675 hominis
1586 1610 1623 1675 i.
1656 1628 1708 1675 e.
1742 1610 1977 1673 Christi
2007 1608 2348 1689 imaginem
2380 1626 2500 1671 nos
2534 1606 2950 1672 transformat

334 1713 391 1776 in
422 1731 796 1798 novamque
826 1718 1026 1782 vitam
1056 1724 1449 1799 regenerat«

502 1872 611 1926 40.
654 1858 1031 1930 Scholion.
1096 1866 1435 1942 Exceptioni
1480 1884 1550 1924 ex
1592 1885 1637 1924 s.
1668 1866 1994 1944 Anqustino
2036 1865 2260 1938 satisfit.
2293 1897 2379 1908 —
2412 1860 2580 1931 Quod
2612 1861 2662 1919 si
2694 1860 2947 1920 subinde

330 1954 543 2026 patres,
580 1956 636 2010 A
654 1955 1088 2030 agustinus
1116 1955 1484 2031 praesertim.
1519 1954 1732 2013 Adami
1762 1957 2093 2013 naturae
2124 1952 2474 2012 adscrith
2493 1951 2778 2009 virtutem
2800 1950 2949 2008 bene

331 2040 365 2097 i.
384 2059 431 2098 e.
453 2041 812 2102 salutariter
831 2044 1129 2120 operandi,
1163 2045 1258 2103 vel
1291 2044 1342 2103 si
1374 2044 1711 2119 loquuntur
1741 2043 1815 2102 de
1846 2044 1976 2119 ejus
2008 2041 2360 2101 naturali
2393 2039 2795 2118 possibilitate
2818 2034 2949 2121 (po-

328 2127 540 2209 tentia)
576 2130 659 2188 ad
693 2135 859 2191 actus
891 2134 1215 2192 salutares:
1248 2137 1509 2205 notetur,
1540 2151 1641 2191 eos
1660 2132 1874 2192 Adami
1893 2134 2164 2191 naturam
2197 2132 2294 2190 vel
2324 2129 2605 2206 operandi
2626 2128 2953 2205 potentiam

327 2219 706 2278 considerare
738 2221 1155 2293 historice,
1190 2241 1325 2282 cum
1358 2222 1634 2281 omnibus
1664 2221 1791 2280 illis
1822 2220 2267 2297 praerogativis,
2303 2219 2523 2295 quibus
2542 2222 2715 2277 aucta
2734 2216 2957 2294 prodiit

329 2325 358 2364 e
388 2308 679 2368 manibus
700 2310 837 2369 Dei:
872 2329 1012 2388 ergo
1043 2330 1178 2370 cum
1212 2312 1376 2371 omni
1405 2311 1633 2388 gratiae
1651 2315 1958 2388 apparatu,
1993 2330 2112 2385 qua
2142 2309 2216 2367 ab
2247 2307 2480 2384 origine
2511 2307 2633 2365 fuit
2660 2307 2955 2364 instructa

329 2396 395 2453 ad
430 2397 792 2458 salutariter
821 2401 1180 2477 operandum
1212 2396 1281 2483 (t.
1312 2402 1386 2461 11.
1418 2421 1475 2460 n.
1512 2410 1634 2464 326
1672 2396 1796 2483 ss.).
1823 2398 2316 2459 ——Ooncedimus
2349 2396 2595 2471 quidem
2627 2414 2673 2455 s.
2705 2397 2953 2472 Augu-

333 2485 635 2545 stinum
682 2488 908 2563 gratiae
953 2491 1367 2549 necessitatem
1413 2510 1482 2549 ex
1529 2490 1872 2549 infirmitate
1917 2492 2123 2547 nostra
2151 2486 2225 2545 ad
2256 2488 2480 2545 bonum
2512 2503 2618 2561 per
2647 2484 2955 2559 concupis-

333 2575 597 2634 centiam
627 2576 872 2637 inducta
907 2579 1184 2654 probare:
1238 2579 1338 2638 sed
1388 2597 1509 2639 non
1554 2583 1883 2655 propterea,
1931 2577 2092 2653 quod
2135 2576 2313 2635 aliam
2360 2575 2539 2649 hujus
2585 2572 2956 2632 necessitatis

336 2682 595 2735 causam,
630 2666 755 2729 scil.
788 2666 1196 2745 impotentiam
1229 2673 1481 2729 naturae
1512 2668 1817 2745 physicam
1848 2667 2047 2744 lapsui
2079 2665 2543 2734 antecedentem,
2575 2661 2955 2741 ignoraverit.

336 2753 493 2814 Hanc
524 2755 696 2814 enim
726 2757 856 2832 ipse
887 2759 1074 2830 docet,
1120 2759 1352 2835 quoties
1385 2758 1595 2818 asserit·
1633 2758 1727 2816 vel
1773 2757 2000 2834 angelis
2044 2760 2107 2815 et
2147 2753 2668 2831 protoparentibus
2699 2753 2955 2829 gratiam

331 2843 513 2903 fuisse
549 2847 972 2918 necessariam3
1018 2848 1251 2923 quoties
1291 2848 1551 2907 inculcat
1581 2846 1839 2924 gratiam
1870 2865 1991 2905 non
2022 2845 2150 2904 dari
2182 2847 2417 2903 tantum
2449 2842 2521 2901 ad
2554 2840 2786 2900 facilius
2817 2858 2954 2916 ope-

336 2933 625 3002 randum;
659 2936 899 3008 quoties
930 2941 1123 3014 urget,
1157 2956 1266 2996 nos
1298 2937 1425 2996 sine
1445 2936 1638 3014 gratia
1667 2936 1755 2995 nil
1775 2936 1949 3012 plane
1967 2953 2156 3010 posse.
2196 2934 2286 2992 Ad
2307 2952 2429 2992 rem
2451 2930 2657 2990 scribit
2675 2929 2747 2987 de
2766 2929 2954 3007 gestis

336 3021 445 3095 pel.
478 3041 528 3084 c.
566 3034 588 3084 l
632 3042 689 3083 n.
716 3033 785 3087 3:
821 3025 1284 3098 ,Admonemur‚
1318 3025 1755 3102 adjutoriorum
1786 3044 2003 3101 genera
2032 3043 2158 3083 esse
2190 3024 2326 3084 duc.
2375 3021 2510 3081 Alia
2541 3020 2761 3096 quippe
2793 3020 2952 3090 sunt,

337 3110 460 3169 sine
492 3111 724 3187 quibus
755 3113 925 3184 illud,
972 3114 1044 3173 ad
1078 3115 1238 3191 quod
1269 3115 1572 3191 adjuvant,
1620 3114 1772 3173 effici
1802 3133 1923 3174 non
1953 3116 2165 3189 potest,
2199 3113 2355 3170 sicut
2385 3111 2512 3170 sine
2543 3109 2682 3167 navi
2711 3108 2955 3185 navigat

335 3217 525 3271 nemo,
565 3219 739 3260 nemo
771 3203 900 3261 sine
930 3222 1073 3263 voce
1104 3204 1403 3278 loquitur;
1445 3221 1617 3262 nemo
1651 3203 1781 3262 sine
1813 3202 2064 3279 pedibus
2095 3201 2384 3278 graditur,
2431 3217 2603 3258 nemo
2649 3198 2776 3256 sine
2821 3198 2953 3256 luce

335 3287 612 3348 intuetur
641 3293 704 3349 et
733 3292 925 3351 multa
957 3293 1327 3368 hujusmodi3
1360 3292 1521 3351 unde
1552 3295 1645 3351 est
1676 3293 1854 3351 etiam
1887 3291 2058 3360 illud,
2093 3290 2255 3368 quod
2285 3307 2457 3348 nemo
2491 3288 2619 3346 sine
2638 3287 2745 3346 Dei
2764 3285 2959 3364 gratia

335 3381 486 3437 recte
524 3379 693 3438 vivit.
724 3380 860 3438 Alia
889 3401 1025 3441 vero
1054 3385 1199 3441 sunt
1215 3381 1527 3458 adjutoria,
1562 3381 1784 3457 quibus
1818 3381 1902 3440 sic
1932 3381 2300 3457 adjuvamur,
2334 3382 2421 3450 ut,
2455 3377 2689 3436 etiamsi
2722 3377 2956 3445 desunt,

337 3468 525 3540 possit
558 3468 676 3528 alio
707 3470 880 3529 modo
911 3471 1055 3539 fieri,
1089 3474 1334 3547 propter
1364 3471 1523 3546 quod
1556 3490 1623 3529 ea
1652 3471 2054 3547 requirimus‘
2087 3471 2197 3531 etc.
2231 3468 2561 3542 Utrumque
2593 3465 2961 3524 necessitatis

301 3609 311 3622 ,
340 3557 566 3630 gratiae
599 3558 828 3617 fontem
857 3559 942 3617 ita
979 3561 1271 3635 expressit
1301 3560 1372 3619 de
1419 3565 1538 3624 nat.
1572 3563 1634 3618 ct
1663 3580 1749 3636 gr.
1789 3570 1900 3622 59:
1953 3558 2110 3628 ,Cur
2140 3557 2338 3617 noluit
2371 3550 2699 3636 (Pelagius)
2733 3553 2958 3629 aliquid

344 3643 536 3705 dicere
583 3647 657 3705 de
702 3666 787 3718 ec,
836 3648 995 3725 quod
1039 3650 1172 3724 ipsa
1202 3652 1417 3708 natura
1447 3649 1641 3726 gratia
1673 3648 1780 3707 Dei
1826 3667 1933 3723 per
1963 3648 2018 3706 J.
2051 3646 2351 3706 Christum
2383 3646 2477 3703 vel
2510 3647 2771 3716 sanatur,
2820 3642 2962 3718 quia

342 3733 550 3793 vitiata
581 3740 689 3806 est,
723 3737 819 3796 vel
849 3738 990 3813 quia
1020 3739 1137 3798 sibi
1166 3757 1286 3797 non
1318 3738 1557 3808 sufficit,
1591 3737 1994 3813 adjuvatur?‘
2064 3736 2143 3796 Of.
2177 3736 2248 3794 de
2280 3752 2434 3810 pecc.
2468 3752 2607 3791 mer.
2638 3737 2701 3791 et
2729 3733 2960 3790 remiss.

339 3820 410 3892 II,
440 3835 496 3886 5.
530 3826 853 3901 Propterea
882 3830 1083 3887 autem
1114 3828 1370 3887 libenter
1400 3827 1628 3905 gratiae
1648 3827 2059 3885 necessitatem
2093 3844 2163 3883 ex
2195 3821 2711 3898 concupiscentiae
2743 3822 2963 3897 repetit

344 3910 713 3986 difficultate,
762 3917 921 3993 quod
965 3917 1105 3976 haec
1150 3917 1419 3993 probatio
1450 3921 1626 3992 captu
1657 3916 1833 3991 longe
1880 3920 1971 3974 est
2013 3913 2261 3982 facilior,
2309 3911 2670 3988 experientia
2699 3914 2761 3968 et
2792 3909 2960 3969 Pauli

344 4004 611 4079 exemplo
644 4001 833 4086 (Rom.
870 4000 934 4087 7)
971 4006 1234 4078 suffulta,
1282 4006 1418 4064 hinc
1448 4004 1725 4064 omnibus
1759 4004 1992 4079 pervia3
2045 4007 2177 4062 tum
2225 4006 2367 4077 apta
2411 4000 2484 4058 ad
2529 3999 2962 4059 retundendam

345 4091 788 4168 pelagianorum
823 4096 1237 4171 arrogantiam,
1285 4096 1390 4169 qui
1434 4113 1556 4155 non
1587 4093 1950 4152 verebantur
1980 4093 2292 4160 affirmare,
2343 4109 2404 4148 se
2436 4107 2557 4148 non
2589 4089 2784 4147 solum
2816 4087 2961 4147 viri-

343 4177 456 4237 bus
489 4185 741 4241 naturae
759 4202 931 4259 posse
949 4184 1226 4243 resistere
1246 4182 1773 4259 concupiscentiae,
1807 4182 1910 4241 sed
1942 4200 2009 4240 eo
2042 4199 2233 4256 usque
2252 4179 2581 4255 pervenire,
2615 4181 2687 4236 ut
2708 4178 2964 4253 perfecta

348 4266 689 4330 fruerentur
719 4270 1009 4354 ἀπαθείᾳ,
1048 4273 1230 4331 animi
1264 4271 1889 4348 imperturbabilitate.
1953 4270 2033 4331 cf.
2077 4268 2578 4328 Tricassinus
2625 4266 2696 4324 de
2740 4284 2962 4325 necess.

349 4356 421 4413 ad
453 4362 710 4419 salutem
741 4362 932 4439 gratia
964 4382 1017 4438 p.
1054 4371 1088 4423 2
1127 4380 1169 4419 s.
1208 4372 1241 4424 2
1278 4359 1311 4429 ἓ
1346 4372 1382 4424 4
1418 4366 1479 4419 et
1510 4360 1840 4437 Ripalda
1884 4359 1940 4422 d.
1983 4370 2120 4429 106,
2172 4358 2274 4416 ubi
2323 4357 2573 4417 subtiles
2623 4355 2696 4415 de
2740 4357 2962 4433 gratiae

349 4448 696 4509 necessitate
730 4451 1103 4527 quaestiones
1136 4451 1449 4526 proponit3
1485 4449 1878 4509 Scheeben
1912 4444 1944 4515 ἓ
1988 4457 2126 4511 163.

523 4593 628 4656 41.
661 4587 977 4655 Absoluta
1008 4590 1384 4673 quaestione
1430 4589 1803 4672 generali
1848 4589 1927 4655 de
1974 4590 2218 4670 gratiae
2249 4587 2634 4654 necessitate
2668 4585 2750 4648 ad
2782 4591 2964 4648 actus

353 4692 690 4772 salutareS,
722 4698 1014 4778 sequitur
1037 4697 1173 4779 jam
1206 4696 1440 4779 duplex
1473 4698 1764 4780 quaestio
1800 4695 2215 4779 specialis.

2603 4821 2657 4870 3.
