3538 5364
1259 324 1376 361 non
1402 307 1647 362 solvitur
1673 308 2119 363 matrimonium.
2857 317 2989 382 579

373 512 559 552 nones
612 493 995 552 conciliorum
1045 493 1499 570 particularium
1548 498 1610 553 et
1657 494 1923 571 capitula
1973 513 2079 554 seu
2129 498 2358 555 statuta
2407 499 2499 553 sat
2547 496 2744 565 dubia,
2797 515 2989 571 neque

374 602 620 659 magnae
653 582 1056 641 auctoritatis:
1089 601 1241 658 quae
1271 582 1344 640 ad
1378 601 1674 642 summum
1709 583 1981 659 probant,
2014 584 2076 642 in
2106 584 2338 660 aliquas
2372 585 2702 660 provincias
2736 585 2988 644 subinde

375 671 682 747 irrepsisse
713 671 954 742 abusus,
1006 671 1165 747 quod
1215 671 1279 730 in
1326 674 1494 730 tanto
1534 672 1828 733 bellorum
1868 674 2138 732 tumultu
2170 674 2645 750 populorumque
2675 677 2820 732 tunc
2853 675 2987 733 bar-

374 760 534 818 barie
564 779 684 819 non
714 763 807 818 est
836 760 1188 820 mirandum.

555 884 701 947 619.
736 877 1088 949 Scholion
1123 882 1184 948 1.
1249 879 1729 945 Matrimonium
1778 882 1856 945 ab
1902 880 2254 964 infidelibus
2298 883 2561 965 leyitime
2605 889 2990 946 contractum

377 987 624 1049 dissolvi
657 993 858 1070 potest
907 988 1116 1071 quoad
1160 987 1492 1071 vinculum,
1538 988 1593 1051 si
1640 988 1952 1053 alterutro
2005 987 2274 1069 conjuge
2320 988 2403 1051 ad
2452 987 2642 1054 fidem
2675 1006 2989 1054 converso

376 1092 535 1157 nolit
567 1095 728 1157 alter
758 1111 905 1158 cum
939 1078 1316 1175 eo'pacifice
1346 1094 1579 1170 vivere,
1630 1093 1731 1159 vel
1782 1113 1915 1158 non
1943 1094 2306 1160 consentiat
2336 1094 2630 1159 habitare
2664 1096 2801 1159 sine
2835 1114 2989 1159 con-

381 1201 648 1265 tumelia
680 1198 1017 1265 Creatoris.
1050 1201 1342 1265 Innititur
1373 1201 1498 1264 hoc
1528 1201 1926 1283 privilegium
1958 1200 2169 1266 verbis
2203 1200 2387 1264 Pauli
2425 1206 2477 1269 1.
2501 1199 2642 1266 Cor.
2680 1208 2735 1277 7,
2777 1205 2857 1271 12
2877 1222 2990 1266 ss.:

379 1304 450 1370 Si
481 1309 618 1393 quis
647 1308 855 1389 frater
885 1328 1137 1372 uxorem
1168 1308 1349 1373 habet
1381 1309 1687 1390 infidelem
1734 1315 1792 1371 et
1835 1308 1984 1372 haec
2027 1310 2321 1372 consentit
2359 1309 2647 1373 habitare
2689 1329 2827 1372 cum
2858 1309 2983 1388 illo,

375 1434 500 1476 non
533 1414 808 1478 dimittat
840 1413 1079 1500 iuam1)
1114 1464 1127 1478 .
1163 1465 1176 1479 .
1210 1465 1222 1478 .
1258 1464 1269 1477 .
1328 1415 1505 1494 Quod
1551 1418 1606 1478 si
1648 1414 1924 1497 infidelis
1969 1415 2244 1499 discedit,
2289 1416 2581 1481 discedat.
2645 1415 2786 1479 Non
2832 1418 2990 1481 enim

376 1522 663 1583 servituti
683 1522 987 1603 subjectus
1018 1531 1104 1584 est
1131 1524 1340 1603 frater
1373 1528 1483 1586 aut
1515 1541 1695 1585 soror
1729 1524 1790 1584 in
1826 1522 2203 1605 hujusmodi,
2238 1524 2307 1584 in
2328 1542 2492 1606 pace
2523 1504 2729 1586 autent
2761 1524 2994 1588 vocavit

378 1648 489 1691 nos
520 1626 709 1696 Deus.
773 1625 954 1706 Quae
1000 1628 1260 1708 intelligi
1306 1628 1543 1693 debent
1586 1647 1718 1691 non
1765 1628 1844 1692 de
1890 1628 2029 1692 sola
2074 1628 2484 1709 separatione
2517 1630 2731 1711 quoad
2763 1638 2991 1705 torum,

376 1734 492 1797 sed
538 1735 618 1798 de
662 1734 846 1799 totali
896 1736 1306 1817 separatione
1354 1736 1550 1800 etiam
1584 1735 1800 1817 quoad
1840 1735 2180 1799 vinculum.
2243 1734 2407 1798 Nam
2439 1756 2501 1806 a.
2534 1736 2640 1799 illa
2670 1736 2992 1818 separatio

376 1841 597 1923 quoad
632 1849 843 1906 torum
876 1861 953 1906 eo
988 1842 1127 1924 ipso
1160 1843 1453 1918 habetur,
1507 1843 1680 1924 quod
1712 1841 1980 1906 infidelis
2013 1843 2309 1908 discedit:
2359 1851 2424 1908 et
2472 1849 2819 1925 propterea
2862 1861 2993 1906 non

378 1955 479 2012 est
509 1949 575 2012 in
607 1955 926 2030 potestate
957 1950 1161 2031 partis
1194 1949 1426 2015 fidelis:
1461 1968 1592 2013 non
1626 1956 1766 2014 erat
1785 1968 1935 2030 ergo
1969 1950 2283 2030 urgenda;
2318 1968 2527 2032 neque
2560 1951 2628 2017 b.
2662 1949 2993 2031 probabile

374 2063 496 2132 est,
529 2055 801 2121 Paulum
832 2063 1120 2137 repetere
1172 2063 1585 2137 praeceptum
1631 2056 1768 2138 jam
1801 2074 1858 2119 V.
1895 2061 1972 2125 ll
2013 2058 2096 2142 (n.
2130 2058 2322 2142 617⁶)
2359 2056 2692 2132 traditum3
2740 2076 2801 2125 c.
2845 2074 2992 2120 eam

381 2163 835 2228 discessionem
870 2162 1182 2240 concedit,
1217 2181 1345 2245 qua
1377 2163 1760 2228 discesserat
1792 2181 1942 2243 pars
1975 2162 2272 2227 infidelis:
2324 2163 2486 2228 haec
2517 2182 2671 2227 vero
2703 2162 2990 2245 profecto

381 2269 709 2334 discedere
741 2270 1064 2335 censenda
1097 2276 1209 2344 est,
1241 2278 1312 2334 ut
1342 2288 1581 2334 novum
1626 2271 1800 2335 ineat
1845 2270 2341 2333 matrimonium.
2403 2270 2666 2351 Insuper
2696 2271 2768 2336 d.
2802 2270 2881 2335 de
2914 2288 2993 2334 ea
3083 2334 3086 2337 .

379 2376 656 2457 loquitur
688 2376 1097 2454 discessione,
1132 2394 1260 2459 qua
1289 2394 1439 2458 pars
1471 2376 1673 2441 fidelis
1704 2376 2011 2441 liberatur
2043 2395 2083 2440 a
2113 2377 2450 2453 servitute3
2485 2377 2662 2459 atqui
2694 2377 2991 2458 princeps

373 2486 622 2550 δουλεία
656 2483 979 2570 (servitus)
1014 2486 1137 2548 hac
1168 2486 1232 2548 in
1266 2485 1539 2549 materia
1571 2492 1669 2549 est
1700 2484 1912 2565 ipsum
1945 2483 2360 2548 vinculum
2393 2484 2725 2566 conjugale
2758 2484 2831 2547 cf.
2853 2504 2909 2547 v.
2929 2488 2988 2552 4.

382 2594 480 2657 10.
521 2594 618 2656 11.
654 2596 736 2659 27
771 2597 836 2654 et
869 2596 985 2667 39;
1019 2592 1190 2673 quod
1221 2592 1276 2655 si
1310 2598 1618 2666 maneret,
1651 2592 1929 2655 maxime
1963 2591 2244 2655 obnoxia
2277 2599 2449 2655 esset
2465 2609 2615 2672 pars
2634 2590 2835 2656 fidelis
2855 2608 2991 2653 ser-

379 2698 582 2773 vituti,
633 2718 779 2761 cum
831 2699 1199 2764 discedente
1248 2707 1431 2780 parte
1482 2699 1718 2763 infideli
1769 2717 1848 2764 ea
1897 2699 2162 2764 deberet
2205 2716 2463 2763 servare
2509 2698 2989 2763 continentiam.

373 2803 592 2882 Quare
625 2825 688 2871 c.
723 2824 803 2870 ne
836 2806 1151 2869 innumeri
1184 2805 1265 2869 ab
1298 2806 1746 2887 amplectenda
1777 2805 1901 2871 fide
1934 2806 2427 2884 deterrerentur,
2444 2806 2831 2871 conveniens
2854 2811 2993 2869 erat

380 2912 502 2975 hoc
552 2911 699 2976 fidei
748 2912 1090 2977 adnectere
1138 2912 1616 2998 privilegium2).
1680 2912 1947 2977 Accedit
2008 2914 2311 2977 solemnis
2362 2912 2710 2978 declaratio
2760 2911 2990 2975 Inno-

376 3019 637 3083 centii
667 3019 758 3083 111.
791 3019 828 3082 l.
861 3025 903 3085 4
936 3019 1102 3084 decr.
1137 3018 1227 3084 tit.
1265 3024 1346 3088 19
1380 3021 1459 3083 de
1494 3019 1721 3083 divort.
1755 3036 1807 3082 c.
1833 3026 1867 3088 7
1904 3038 2021 3085 seu
2053 3041 2148 3103 ep.
2181 3021 2248 3098 ll,
2281 3025 2398 3091 50:
2441 3018 2544 3095 ,Si
2576 3020 2738 3085 alter
2768 3018 2991 3083 infide-

381 3125 534 3189 lium
565 3127 908 3208 conjugum
940 3127 1022 3190 ad
1054 3127 1242 3191 fidem
1277 3127 1662 3190 catholicam
1708 3133 2147 3203 convertatur,
2194 3129 2396 3193 altero
2442 3128 2541 3193 vel
2587 3126 2763 3191 nullo
2797 3126 2990 3189 modo

380 3231 480 3297 vel
510 3252 641 3296 non
673 3234 810 3298 sine
844 3233 1245 3315 blasphemia
1276 3234 1472 3296 divini
1504 3234 1801 3311 nominiS.
1834 3234 1936 3299 vel
1970 3242 2040 3298 ut
2071 3253 2218 3299 eum
2249 3236 2582 3317 pertrahat
2614 3234 2696 3297 ad
2721 3232 2992 3296 mortale

383 3345 719 3419 peccatum
752 3341 809 3405 ei
842 3340 1215 3404 cohabitare
1246 3340 1532 3403 volente:
1578 3340 1685 3423 qui
1730 3339 2111 3423 relinquitur
2157 3341 2238 3404 ad
2271 3341 2573 3418 secunda,
2620 3339 2673 3404 si
2706 3339 2991 3413 voluerit,

373 3576 674 3643 dimiserit,
694 3583 760 3631 ut
773 3579 1010 3632 alteram
1026 3579 1215 3631 ducat.
1244 3577 1547 3632 Dissociari
1573 3577 1725 3631 enim
1754 3595 1960 3647 corpus
1987 3582 2044 3631 et
2068 3577 2313 3632 distrahi
2334 3577 2484 3631 Deus
2505 3576 2742 3632 noluit.“
2773 3574 2993 3639 Quibus

376 3657 522 3711 adde
548 3658 663 3711 alia
688 3675 757 3711 ex
784 3657 1030 3727 epitome
1057 3657 1235 3712 divin.
1263 3657 1461 3711 instit.'
1485 3674 1531 3710 c.
1560 3664 1657 3714 66:
1691 3657 1828 3716 ..Sed
1860 3657 2011 3711 sicut
2035 3656 2250 3711 femina
2274 3656 2554 3710 castitatis
2581 3655 2828 3709 vinculis
2849 3653 2992 3708 obli-

377 3739 511 3805 gata
540 3741 640 3798 est,
668 3754 738 3791 ne
764 3737 925 3791 aliud
954 3738 1348 3808 concupiscat;
1377 3737 1457 3790 ita
1484 3738 1573 3790 vir
1599 3737 1797 3791 eadem
1824 3738 1948 3807 lege
1975 3740 2254 3803 teneatur,
2282 3738 2435 3806 quod
2457 3736 2608 3791 Deus
2628 3753 2692 3789 ex
2716 3735 2837 3789 viro
2860 3751 2993 3788 uxo·

376 3834 494 3871 rem
526 3818 695 3871 unius
723 3818 974 3887 corporis
1001 3834 1274 3888 compage
1302 3818 1587 3874 solidavit.
1616 3818 1747 3872 Ideo
1776 3818 2070 3888 praecepit
2094 3835 2208 3874 non
2234 3817 2452 3871 dimitti
2479 3833 2725 3880 uxorem,
2752 3815 2866 3868 nisi
2891 3815 2993 3868 cri-

376 3897 529 3950 mine
555 3897 829 3950 adulterii
855 3896 1140 3960 revictam,
1168 3901 1236 3951 ut
1258 3915 1555 3966 nunquam
1583 3897 1905 3968 conjugalis
1931 3899 2174 3952 foederis
2202 3898 2511 3961 vinculum,
2552 3896 2664 3950 nisi
2690 3896 2844 3964 quod
2873 3912 2994 3964 per-

375 3977 513 4030 fidia
538 3978 774 4047 ruperit,
802 3980 1166 4033 resolvatur.“
1228 3978 1432 4032 Verum
1471 3983 1525 4031 et
1567 3979 1707 4031 haec
1732 3980 1905 4032 verba
1932 3978 2141 4032 nititur
2167 3979 2237 4032 cl.
2264 3979 2306 4031 P
2323 3996 2439 4032 err
2456 3995 2486 4031 o
2503 3997 2537 4031 n
2557 3995 2586 4031 e
2613 3980 2646 4032 l.
2675 3993 2718 4030 c.
2749 3993 2794 4029 c.
2823 3983 2856 4032 3
2881 3993 2931 4027 a.
2965 3983 2984 4028 1

374 4067 403 4123 ξ
429 4066 463 4113 8
490 4057 551 4111 in
577 4059 920 4113 catholicum
949 4059 1231 4128 explicare
1260 4076 1503 4113 sensum.
1559 4059 1667 4113 Sed
1707 4059 1816 4112 etsi
1858 4058 1992 4112 Lac
2011 4062 2134 4114 tan
2151 4059 2208 4112 ti
2225 4078 2261 4112 ιι
2280 4078 2304 4111 s
2343 4059 2538 4128 aperte
2579 4055 2994 4111 contradiceret
3051 4099 3070 4128 ,Ι

374 4136 668 4190 doctrinae
696 4139 1027 4202 catholicae,
1054 4155 1169 4192 non
1197 4141 1441 4194 multum
1469 4138 1600 4192 inde
1621 4139 1984 4194 lucrarentur
2003 4138 2332 4202 adversarii,
2354 4156 2482 4193 cum
2505 4154 2620 4191 non
2642 4152 2849 4206 magna
2870 4135 2990 4204 ejus

376 4217 452 4270 sit
476 4219 803 4283 auctoritas,
833 4235 934 4271 nec
959 4219 1139 4273 mirus
1184 4219 1355 4273 unius
1399 4220 1471 4272 ab
1515 4219 1646 4272 aliis
1689 4220 1751 4273 in
1797 4219 2132 4288 quaestione
2176 4223 2292 4272 tam
2339 4218 2560 4274 difficili
2605 4219 2737 4270 ante
2782 4217 2990 4268 claram

379 4297 658 4354 Ecclesiae
685 4299 1075 4355 definitionem
1103 4300 1404 4353 dissensus.
2369 4367 2372 4368 ⁷

599 4386 633 4449 Ι)
662 4379 926 4447 Plerique
967 4379 1224 4449 theologi
1263 4383 1511 4443 censent,
1549 4381 1721 4434 verba
1749 4379 1918 4433 Pauli
1942 4380 2012 4434 de
2054 4397 2168 4433 non
2196 4378 2537 4432 dimittenda
2565 4394 2736 4433 uxore
2764 4376 2990 4432 volente

378 4459 610 4528 pacifice
638 4460 965 4515 cohabitare
994 4477 1124 4514 cum
1150 4460 1272 4514 viro
1299 4460 1372 4512 ad
1401 4460 1566 4514 fldem
1592 4477 1864 4515 converso
1904 4477 2023 4514 esse
2050 4458 2351 4513 consilium
2381 4462 2624 4522 tantum,
2653 4476 2768 4512 non
2794 4478 2832 4528 p
2849 4474 2924 4509 ra
2941 4474 2992 4511 e·

375 4542 690 4610 ceptum,
734 4541 875 4594 adeo
906 4542 971 4593 ut
995 4558 1125 4610 pars
1152 4555 1421 4593 conversa
1457 4539 1637 4608 possit
1676 4556 1732 4592 se
1775 4556 1995 4609 semper
2035 4556 2068 4591 a
2110 4540 2354 4609 conjuge
2406 4538 2624 4592 infideli
2665 4539 2852 4607 quoad
2900 4541 2992 4591 to-

379 4638 458 4673 ru
480 4638 531 4673 ιιι
559 4637 850 4689 separare:
878 4621 973 4675 sed
1002 4620 1192 4689 quoad
1220 4619 1342 4673 vin
1359 4638 1388 4676 c
1406 4640 1443 4674 u
1460 4621 1482 4675 l
1499 4640 1536 4675 u
1554 4640 1609 4673 m
1637 4623 1880 4684 tantum,
1908 4619 1956 4673 si
1984 4619 2032 4672 is
2058 4619 2206 4673 nolit
2232 4619 2463 4688 pacifice
2490 4619 2835 4674 cohabitare.

592 4707 633 4768 Ξ)
664 4699 746 4753 Cf.
773 4700 1226 4754 Biederlaok
1252 4699 1520 4754 Zeitschr.
1548 4701 1640 4753 fiir
1664 4701 1719 4754 k.
1749 4701 1853 4755 Th.
1881 4700 2003 4764 Vll,
2031 4707 2136 4756 308
2162 4717 2262 4759 ss.;
2289 4698 2378 4752 Fr.
2406 4699 2990 4769 Hergenrother‚

378 4779 653 4833 Katbolik
686 4787 837 4836 1883.
866 4782 908 4845 Ι,
936 4789 1211 4842 258-8ος
1239 4781 1471 4835 Palmi
1489 4781 1598 4835 eri
1625 4782 1705 4834 th.
1735 4788 1819 4837 26.

1139 4876 1154 4891 .
2563 4877 2655 4925 37.
