3538 5364
554 334 683 397 362
1094 326 1279 380 Tract.
1309 326 1398 378 [x.
1427 326 1495 380 dc
1524 324 1888 379 eucharistia.
1915 324 2135 395 Dogma
2163 327 2232 378 de
2260 325 2604 379 eucharistia

552 507 738 571 simul
771 513 868 571 tot
898 506 1163 571 diversis
1194 508 1259 569 in
1292 505 1483 580 locis;
1518 525 1581 574 c.
1616 523 1877 571 cessare
1908 507 2093 588 panis
2126 513 2190 570 et
2207 507 2335 570 vini
2356 507 2802 583 substantiam,
2824 526 3166 572 remanen-

552 613 726 677 tibus
759 620 975 677 tamen
1008 613 1252 695 absque
1284 612 1677 677 inhaesionis
1710 612 1998 695 subiecto
2032 631 2257 677 eorum
2289 614 2745 679 accidentibus
2779 614 3020 679 Verum

735 738 795 805 1.
830 745 1279 819 argumentum
1312 758 1389 803 ex
1422 739 1597 803 hisce
1629 739 1898 820 petitum
1946 739 2262 820 capitibus
2295 739 2732 820 multipliciter
2762 747 3005 821 peccat,
3037 740 3169 803 scil.

553 866 618 912 a.
654 845 942 909 idearum
976 864 1011 909 c
1031 864 1070 910 o
1089 845 1223 909 nfu
1252 845 1505 923 sione,
1538 845 1842 910 confundi
1874 846 2046 911 enim
2064 844 2232 910 solet
2249 846 2314 909 in
2334 846 2514 911 hisce
2552 844 3027 910 difficultatibus
3057 866 3168 910 ur-

554 952 775 1031 gendis
805 952 1287 1033 impossibilitas
1320 952 1414 1017 rei
1445 970 1595 1016 cum
1627 952 1918 1035 ejusdem
1951 952 2748 1034 incomprehensibilitate;
2794 953 2921 1016 huc
2952 960 3166 1016 trans-

553 1057 700 1124 ferri
732 1066 1003 1140 possunt
1032 1059 1476 1140 Augustini
1509 1060 1820 1124 adversus
1853 1060 2113 1123 arianos
2145 1059 2226 1124 de
2259 1076 2465 1140 agone
2498 1059 2716 1123 christ.
2751 1077 2802 1122 c.
2831 1064 2910 1128 16
2941 1059 3166 1124 verba:

560 1164 906 1239 „Nesciunt
938 1166 1086 1249 quid
1121 1165 1489 1249 loquuntur,
1525 1172 1588 1231 et
1619 1166 1700 1230 de
1731 1166 1832 1229 his
1850 1166 2062 1242 rebUS,
2095 1184 2258 1247 quas
2278 1184 2394 1247 per
2413 1167 2632 1230 oculos
2654 1183 2928 1230 carneos
2944 1165 3160 1231 videre

552 1280 1041 1349 consueverunt,
1072 1291 1277 1337 vanas
1309 1273 1623 1354 imagines
1656 1273 1739 1337 ad
1772 1273 2240 1354 disputationes
2271 1291 2423 1336 suas
2447 1271 2891 1337 transferunt<
2931 1272 3167 1338 Peccat

554 1380 622 1449 b.
656 1386 1103 1460 argumentum
1135 1386 1292 1445 tem
1313 1381 1643 1455 eritate,
1676 1388 2048 1461 supponunt
2079 1380 2249 1445 enim
2283 1380 2634 1445 adversarii
2653 1397 2724 1444 se
2745 1381 3166 1461 comprehen-

554 1485 705 1550 dere
736 1486 990 1566 penitus
1024 1488 1557 1568 omnipotentiam
1589 1487 1704 1551 Dei
1749 1495 1942 1569 atque
1989 1493 2288 1551 accurate
2320 1506 2529 1563 nosse,
2562 1487 2712 1569 quid
2754 1487 2957 1568 possit
2986 1487 3169 1569 quid-

554 1610 677 1674 que
709 1611 841 1656 non
872 1595 1107 1674 possit3
1140 1601 1371 1675 peccat
1415 1614 1479 1663 c.
1529 1594 2042 1674 arrogantia,
2090 1612 2238 1657 cum
2284 1594 2639 1659 adversarii
2683 1594 2806 1658 sibi
2852 1594 3174 1658 vindicent

553 1699 984 1779 cognitionem
1016 1702 1334 1767 essentiae
1367 1720 1708 1783 corporum
1740 1700 2111 1783 perfectam,
2163 1702 2243 1765 de
2276 1720 2404 1783 qua
2436 1708 2653 1766 tamen
2687 1701 2999 1766 dissident
3026 1701 3167 1782 phi-

552 1806 805 1887 losophi
839 1808 1252 1889 sagacissimi.
1315 1808 1550 1873 Peccat
1579 1810 1651 1876 d.
1686 1816 1915 1873 contra
1948 1806 2206 1889 regulas
2238 1809 2585 1889 logicae,
2620 1815 2936 1891 quatenus
2982 1827 3169 1889 prae-

553 1933 703 1979 sens
734 1933 948 1979 rerum
980 1915 1138 1979 ordo
1170 1934 1287 1997 pro
1319 1916 1510 1979 unico
1560 1916 1845 1997 possibili
1892 1914 2200 1979 habetur:
2250 1914 2422 1979 unde
2473 1914 2750 1980 inferunt
2799 1915 3170 1992 adversarii,

554 2021 742 2102 legeS,
775 2039 938 2102 quas
969 2028 1297 2104 utcunque
1329 2030 1742 2103 cognoscunt,
1790 2041 1932 2088 esse
1980 2022 2172 2103 plane
2221 2022 2671 2098 immutabileS,
2710 2021 2863 2086 nulli
2910 2014 3170 2103 prorsus

555 2127 918 2209 exceptioni
950 2128 1264 2193 obnoxias
1297 2136 1362 2194 et
1391 2131 1605 2211 vigere
1637 2149 1755 2211 pro
1793 2130 2021 2212 quovis
2053 2147 2227 2194 casu.

731 2254 800 2321 2.
834 2252 1106 2320 Notetur
1130 2255 1374 2336 judicia
1402 2261 1627 2319 nostra
1658 2254 1737 2318 de
1772 2254 2152 2335 corporibus
2186 2253 2633 2334 distinguenda
2653 2272 2795 2318 esse
2815 2254 2880 2317 in
2900 2253 3168 2335 duplicis

556 2362 805 2440 generis
818 2361 1074 2443 judicia,
1108 2370 1305 2443 prout
1323 2363 1452 2426 scil.
1486 2361 1928 2426 consideratur
1946 2361 2046 2425 vel
2081 2379 2223 2425 esse
2253 2360 2540 2440 corporis
2569 2360 2967 2441 praecisione
3000 2359 3170 2425 facta

556 2485 597 2531 a
627 2468 853 2549 quovis
886 2468 1107 2533 ordine
1142 2476 1442 2533 concreto
1477 2475 1542 2533 et
1573 2467 1999 2532 determinato
2034 2468 2168 2531 sive
2200 2467 2267 2530 in
2297 2486 2387 2542 se,
2423 2466 2572 2529 hinc
2594 2485 2736 2531 esse
2757 2486 2870 2531 seu
2891 2467 3172 2532 essentia

555 2575 1015 2657 metaphysica,
1064 2576 1166 2640 vel
1216 2594 1360 2641 esse
1410 2575 1697 2656 corporis
1744 2581 2136 2650 concretum,
2170 2580 2504 2638 actuatum
2550 2579 2613 2638 et
2654 2573 3168 2649 determinatum,

552 2684 701 2748 hinc
734 2702 876 2749 esse
907 2685 1042 2748 sive
1075 2685 1357 2749 essentia
1385 2682 1670 2764 physica.
1704 2680 1931 2746 Priora
1954 2681 2214 2764 judicia,
2247 2700 2414 2764 quae
2446 2680 2743 2746 dicuntur
2771 2679 3015 2745 ordinis
3034 2700 3170 2746 me·

553 2791 883 2873 taphysici,
916 2791 1200 2872 pendent
1228 2790 1311 2854 ab
1345 2789 1622 2854 evidenti
1653 2789 2017 2870 cognitione
2054 2789 2376 2855 essentiae
2411 2789 2698 2870 corporis
2716 2787 2782 2852 in
2804 2806 2891 2864 se,
2929 2794 2993 2853 et
3011 2788 3172 2852 haec

553 2904 702 2963 sunt
732 2897 1026 2962 absolute
1057 2915 1217 2962 vera
1248 2903 1313 2960 et
1341 2895 1793 2960 immutabilia:
1845 2896 1988 2973 alia,
2023 2914 2189 2978 quae
2223 2896 2525 2960 dicuntur
2554 2895 2796 2959 ordinis
2826 2895 3170 2977 physici,

552 3005 907 3069 innituntur
938 3005 1260 3067 constanti
1294 3003 1729 3084 experientiae
1763 3010 1830 3068 et
1860 3009 2010 3068 sunt
2040 3010 2218 3068 certa
2249 3003 2678 3085 hypothetice,
2713 3000 3020 3083 quamdiu
3039 2998 3169 3064 scil.

552 3113 724 3192 leges
740 3110 1045 3192 physicae
1059 3117 1491 3191 perseverant.
1513 3109 1726 3189 Quare
1738 3111 1846 3191 qui
1875 3109 1954 3175 de
1996 3109 2376 3190 corporibus
2405 3109 2701 3173 absolute
2726 3115 2790 3173 et
2813 3126 2930 3188 pro
2946 3107 3169 3190 quavis

553 3216 894 3298 hypothesi
926 3223 990 3280 et
1019 3235 1134 3298 pro
1167 3217 1396 3299 quovis
1429 3216 1651 3281 ordine
1677 3216 1925 3298 judicat
1955 3216 2315 3280 secundum
2348 3215 2519 3296 leges
2549 3215 2846 3297 physicas
2864 3233 3170 3295 praesen-

554 3325 637 3386 tis
670 3331 945 3389 naturae
977 3340 1219 3400 cursus,
1253 3322 1594 3388 manifesto
1627 3329 2046 3404 praepostere
2073 3323 2350 3404 Judicat;
2382 3340 2536 3385 nam
2567 3322 2644 3386 iis
2676 3321 3004 3402 suspensis
3036 3321 3168 3384 sive

556 3432 620 3494 in
653 3429 778 3495 alio
811 3437 1081 3496 naturae
1113 3431 1355 3508 ordine,
1389 3429 1574 3495 aliter
1606 3448 1881 3512 corpora
1913 3449 1985 3495 se
2017 3430 2367 3495 habebunt.
2431 3430 2523 3494 Ita
2554 3429 2892 3495 manifesto
2927 3435 3170 3494 erraret

556 3539 664 3622 qui
694 3539 774 3604 de
806 3538 1182 3621 corporibus
1214 3545 1362 3619 post
1392 3539 1929 3603 resurrectionem
1955 3537 2274 3619 judicaret
2292 3538 2644 3601 secundum
2667 3554 2830 3614 eam,
2850 3536 2954 3599 cui
2974 3535 3166 3599 modo

557 3645 815 3710 obnoxii
846 3652 1011 3721 sunt,
1044 3645 1494 3709 conditionem.
1556 3644 1699 3709 Jam
1748 3662 1902 3707 vero
1949 3644 2412 3724 repugnantiae
2443 3643 2609 3719 illae,
2658 3660 2823 3725 quae
2856 3642 3168 3724 objiciun-

556 3761 676 3829 tur,
707 3751 1054 3817 fundantur
1085 3752 1150 3814 in
1182 3751 1545 3815 constantia
1576 3751 1788 3831 legum
1820 3751 2249 3832 physicarum,
2282 3751 2646 3814 nullatenus
2676 3768 2831 3815 vero
2864 3749 3170 3830 colligun-

556 3867 659 3924 tur
690 3878 770 3923 ex
801 3860 941 3939 ipsa
972 3875 1313 3938 corporum
1346 3856 1734 3921 essentia.
1798 3855 2017 3920 Inferri
2063 3875 2213 3938 ergo
2247 3863 2499 3921 tantum
2531 3856 2781 3938 poterit,
2816 3874 2927 3920 eas
2961 3856 3171 3937 vigere

556 3985 671 4048 pro
705 3964 1045 4047 praesenti,
1078 3982 1208 4028 non
1240 3969 1458 4029 autem
1490 3982 1605 4044 pro
1640 3982 1760 4026 om
1779 3962 1856 4027 ni
1889 3981 2103 4027 rerum
2126 3963 2365 4040 ordine,
2386 3961 2558 4045 quod
2579 3963 2851 4028 libenter
2872 3963 3170 4027 concedi-

556 4093 728 4148 mus3
763 4071 1153 4137 eucharistia
1186 4077 1401 4134 autem
1435 4070 1518 4134 ad
1550 4070 1747 4134 alium
1779 4070 2055 4150 pertinet
2085 4089 2301 4135 rerum
2334 4068 2642 4145 ordinem,
2677 4070 2787 4152 qui
2818 4076 2917 4134 est
2947 4088 3173 4150 super-

556 4179 869 4243 naturalis
903 4185 967 4241 et
996 4178 1063 4240 in
1095 4195 1221 4259 quo
1257 4177 1419 4241 aliae
1451 4177 1667 4257 vigent
1697 4176 1901 4256 leges3
1934 4194 2143 4258 neque
2165 4175 2400 4241 Christi
2421 4195 2652 4258 corpus
2670 4195 2840 4241 nunc
2860 4177 3171 4241 naturalis

558 4291 656 4349 est
687 4284 1089 4360 conditioniS,
1135 4284 1249 4349 sed
1294 4283 1360 4347 in
1405 4290 1580 4349 statu
1627 4302 1918 4349 summae
1965 4283 2461 4364 glorificationiS,
2513 4284 2786 4366 ideoque
2817 4290 3076 4364 praeter
3106 4291 3171 4349 et

558 4410 753 4472 supra
785 4409 1008 4456 omnes
1041 4391 1213 4472 leges
1245 4391 1560 4473 physicas,

737 4516 801 4583 3.
840 4514 919 4578 Ut
958 4515 1116 4605 jam*
1143 4514 1380 4579 directe
1425 4515 1931 4596 respondeamus
1978 4514 2060 4577 ad
2107 4515 2473 4596 propositas
2520 4515 2950 4596 exceptiones,
3000 4513 3175 4577 haud

558 4624 1056 4703 inopportunum
1091 4622 1210 4684 erit
1241 4620 1463 4686 sedulo
1511 4622 1897 4701 distinguere
1943 4641 2009 4688 a.
2058 4621 2222 4685 inter
2268 4622 2554 4703 corporis
2607 4621 3064 4685 essentiam
3115 4626 3180 4684 et

559 4730 844 4810 ejusdem
897 4728 1493 4810 praesentiam3
1546 4730 1613 4798 b.
1666 4728 1832 4791 inter
1883 4727 2326 4792 extensionem
2367 4727 2807 4809 subjectivam,
2855 4727 3175 4807 organi-
