3538 5364
586 296 717 359 410
896 286 1079 340 Tract.
1108 286 1202 340 IX.
1229 287 1297 340 de
1325 285 1599 342 sacrificio
1626 286 1849 340 missae.
1876 285 2075 340 Thesis
2101 286 2493 342 CCXXXVIII.
2520 287 2591 343 de
2617 288 2870 343 efficacia

584 476 735 535 te8.‘
770 472 937 532 Unde
957 472 1315 549 colligimus,
1349 472 1703 530 sacrificium
1723 473 1833 531 hoc
1851 472 2335 549 propitiatorium
2354 491 2483 532 esse
2514 489 2636 531 non
2667 472 2861 533 solum
2892 493 3001 550 pro
3035 474 3208 545 viviS,

585 562 688 620 sed
726 561 903 620 etiam
935 581 1045 637 pro
1076 560 1394 623 defunctis.
1414 594 1501 604 —-
1522 562 1825 621 Praeclare
1844 561 2027 620 etiam
2060 562 2201 621 Gre
2216 580 2304 638 go
2321 562 2446 621 riu
2463 581 2491 620 s
2522 562 2596 623 M.
2619 564 2772 623 hom.
2797 573 2874 626 37
2899 563 2964 621 in
2983 563 3210 640 Evang.

585 670 642 708 n.
679 659 747 711 7:
804 651 1244 728 ,singulariter
1274 669 1531 725 namque
1564 650 1636 708 ad
1667 650 2105 709 absolutionem
2135 655 2403 710 nostram
2434 650 2635 710 oblata
2666 670 2800 710 cum
2830 652 3111 729 lacrymis
3145 656 3208 712 et

584 739 955 816 benignitate
986 739 1205 798 mentis
1239 739 1389 798 sacri
1421 739 1627 798 altaris
1659 740 1851 798 hostia
1882 740 2259 816 suffragatur,
2293 740 2435 816 quia
2465 740 2533 810 is,
2568 740 2671 815 qui
2703 740 2768 799 in
2798 759 2859 799 se
2889 759 3210 818 resurgens

584 849 617 887 a
649 828 901 887 mortuis
925 830 1053 904 jam
1082 847 1205 887 non
1236 829 1505 898 moritur,
1539 828 1732 887 adhuc
1761 847 1870 905 per
1900 828 2043 888 haec
2074 828 2138 886 in
2172 847 2279 888 suo
2309 829 2596 905 mysterio
2628 848 2736 904 pro
2759 830 2936 889 nobis
2957 830 3210 905 patitur.

584 919 735 976 Nam
768 918 1001 993 quoties
1032 917 1084 976 ei
1119 917 1372 976 hostiam
1406 936 1547 976 suae
1576 918 1870 993 passionis
1893 918 2213 989 offerimus,
2247 918 2426 977 toties
2457 917 2629 977 nobis
2664 919 2736 977 ad
2768 918 3207 978 absolutionem

583 1009 848 1066 nostram
879 1006 1215 1082 passionem
1247 1006 1414 1064 illius
1445 1014 1851 1082 reparamuS.‘
1917 1006 1998 1065 Cf.
2042 1006 2198 1066 infra
2241 1026 2299 1069 n.
2334 1015 2481 1070 431.
2514 1040 2600 1051 ——
2633 1007 3037 1067 Pulcherrime
3070 1008 3209 1067 cha-

584 1098 867 1155 racterem
917 1095 1415 1171 propitiatorium,
1467 1096 1570 1170 qui
1620 1096 2013 1154 eucharistiae
2064 1095 2239 1166 inest,
2301 1096 2593 1172 expressit
2641 1097 3091 1173 Cyrillonas
3144 1098 3208 1156 in

583 1186 801 1262 hymno
832 1185 897 1243 in
928 1184 1149 1244 festum
1181 1184 1447 1243 omnium
1478 1186 1815 1243 sanctorum
1849 1181 1920 1267 (c.
1953 1205 2003 1242 a.
2040 1180 2195 1265 396)
2229 1185 2319 1245 ed.
2367 1185 2677 1244 Bickell
2718 1206 2773 1262 p.
2810 1194 2883 1249 21
2912 1207 2925 1244 z
2979 1187 3208 1256 ‚Parce

583 1274 800 1351 virgae,
850 1293 987 1332 nam
1032 1277 1229 1333 tecum
1277 1292 1410 1332 sum
1443 1274 1680 1332 unitus:
1735 1274 1787 1333 si
1835 1273 2047 1343 caedis,
2101 1280 2161 1332 te
2212 1274 2413 1350 ipsum
2443 1275 2727 1350 percutis.
2791 1275 3013 1350 Corpus
3047 1275 3211 1333 enim

581 1366 755 1421 tuum
788 1364 851 1421 in
883 1382 976 1421 me
1009 1367 1116 1431 est,
1164 1382 1238 1421 ne
1284 1365 1597 1438 permittas
1630 1366 1700 1421 ut
1729 1363 1954 1438 injuria
1983 1362 2300 1422 afficiatur:
2352 1364 2637 1440 mysteria
2667 1367 2774 1422 tua
2804 1383 2898 1423 me
2930 1369 3076 1423 sunt
3108 1364 3205 1422 in-

582 1470 800 1528 gressa,
848 1471 922 1510 ne
969 1452 1055 1510 eis
1101 1451 1411 1523 illudatur,
1459 1451 1669 1511 veli8.‘
1737 1452 1814 1510 Et
1856 1452 1922 1510 in
1967 1453 2188 1528 hymno
2218 1451 2576 1529 panegyrico
2609 1453 2673 1511 in
2703 1453 2972 1512 triticum
3005 1454 3115 1513 hoc
3148 1453 3209 1510 ei

581 1541 800 1600 tribuit
832 1541 1122 1617 elogium:
1160 1540 1341 1610 ,Sine
1374 1542 1504 1615 ipso
1538 1537 1794 1622 (tritico)
1829 1560 2010 1599 vacua
2041 1546 2241 1599 essent
2275 1541 2513 1599 altaria:
2549 1542 2677 1601 sine
2707 1542 2838 1617 ipso
2867 1541 3125 1618 Spiritus
3160 1561 3208 1604 S.

580 1648 702 1688 non
733 1632 937 1704 posset
967 1630 1350 1698 descendere;
1399 1630 1527 1687 sine
1573 1630 1704 1706 ipso
1751 1629 2022 1688 sacerdos
2054 1648 2176 1688 non
2207 1633 2412 1704 posset
2442 1631 2650 1689 offerre
2684 1631 3036 1690 sacrificium
3069 1651 3204 1707 pro-

581 1718 974 1794 pitiatorium,
1021 1719 1141 1777 imo
1184 1718 1311 1776 sine
1342 1719 1469 1794 ipso
1501 1719 1708 1777 nullus
1740 1718 2049 1778 hominum
2079 1738 2188 1794 par
2217 1722 2376 1778 esset
2407 1719 2727 1795 placandae
2761 1720 3067 1778 divinitati
3099 1716 3204 1799 (ib.

581 1826 715 1884 pag.
751 1804 920 1886 59).‘
954 1842 1041 1850 —
1073 1808 1149 1865 Et
1192 1809 1409 1865 Isaac
1439 1808 1690 1866 antioch.
1725 1827 1899 1869 carm.
1936 1816 2049 1870 20:
2099 1808 2300 1878 ,Haec
2331 1805 2569 1889 (gratia)
2604 1808 2829 1867 medica
2858 1808 3031 1879 vidit,
3079 1828 3204 1867 me-

582 1897 980 1955 dicamentum
1027 1896 1373 1967 vitulorum,
1426 1896 1585 1971 quod
1629 1896 1702 1954 ad
1748 1895 2155 1955 remissionem
2201 1900 2578 1973 peccatorum
2622 1897 2885 1967 dederat,
2936 1904 3205 1974 aegrotos

581 1988 917 2062 peccatores
950 2004 1069 2044 non
1102 2003 1327 2056 sanare,
1361 1985 1612 2060 ideoque
1644 1985 1884 2044 tandem
1916 1985 2084 2044 dedit
2109 1986 2462 2044 medicinam
2482 1986 2888 2056 eucharistiae,
2925 2005 3082 2061 quae
3114 1989 3205 2044 in-

581 2075 783 2133 firmos
816 2078 1001 2145 sanat,
1036 2076 1305 2133 mortuos
1324 2074 1599 2144 vivificat,
1636 2075 1879 2133 vulnera
1912 2077 2096 2133 curat.
2136 2074 2507 2151 Quamquam
2537 2095 2643 2152 per
2675 2076 2898 2134 vitulos
2931 2075 3202 2134 debitum

582 2182 704 2222 non
733 2163 1164 2234 dimittebatur,
1197 2182 1305 2239 per
1336 2163 1756 2222 eucharistiam
1776 2164 2229 2223 manducatores
2254 2164 2681 2239 justificantur.
2719 2165 2983 2242 Aegroti‚
3016 2165 3204 2224 nolite

581 2252 879 2311 abstinere
909 2272 943 2310 a
973 2253 1265 2310 medicina
1296 2252 1634 2328 spirituum.
1702 2254 1925 2329 Corpus
1958 2252 2162 2311 vivum
2195 2271 2316 2311 non
2348 2255 2439 2311 est
2469 2254 2589 2312 tale
2623 2253 2997 2323 sacrificium,
3039 2254 3200 2330 quod

478 2412 488 2422 ·
582 2341 1078 2400 manducantibus
1109 2341 1440 2400 molestiam
1471 2341 1695 2412 afferat,
1730 2341 1834 2399 sed
1865 2344 1959 2399 est
1986 2341 2482 2401 medicamentum
2514 2344 2719 2402 morbo
2750 2345 2960 2402 nostro
2992 2343 3203 2402 saluti-

580 2434 769 2490 ferum
803 2449 836 2488 a
866 2449 1004 2489 vero
1038 2430 1261 2489 medico
1291 2429 1462 2489 nobis
1495 2429 1801 2490 donatum.
1848 2429 2143 2488 Sacrificia
2172 2447 2281 2488 nos
2312 2449 2432 2489 non
2464 2432 2871 2508 expiaverunt,
2909 2450 3020 2491 nec
3051 2432 3200 2490 hirci

578 2538 688 2580 nos
711 2520 1211 2595 justificaverunt,
1245 2520 1345 2578 sed
1376 2519 1484 2577 hoc
1514 2538 1622 2595 pro
1655 2519 1776 2576 illis
1808 2536 1918 2577 nos
1941 2519 2296 2594 justificat.‘
2359 2518 2453 2578 Ita
2496 2521 2558 2578 in
2604 2521 2743 2579 edit.
2792 2539 2885 2596 op.
2932 2521 3200 2579 omnium

580 2629 699 2669 cur.
730 2609 1038 2667 Bickell
1071 2608 1308 2667 Giessae
1347 2616 1511 2671 1877
1547 2628 1602 2684 p.
1635 2607 1692 2664 11
1725 2626 1856 2685 pag.
1894 2616 1995 2669 31.
2060 2608 2139 2668 Cf.
2172 2627 2346 2667 carm.
2383 2618 2461 2673 35
2496 2609 2575 2667 ib.
2608 2630 2663 2686 p.
2701 2619 2858 2679 2l5;
2891 2609 3198 2668 Bellar-

579 2700 831 2758 minus
867 2698 959 2769 VI,
999 2710 1023 2760 1
1069 2716 1177 2768 sS.;
1212 2697 1634 2755 Franzelin
1664 2697 1749 2760 th.
1794 2706 1886 2759 12.

757 2806 905 2869 426.
941 2800 1491 2867 Demonstratio
1524 2819 1596 2883 p.
1630 2799 1752 2866 IV.
1815 2798 2043 2862 Iisdem
2090 2798 2219 2864 sere
2266 2801 2658 2881 argumentis
2704 2799 3033 2881 probatur,
3077 2801 3203 2863 hoc

580 2906 960 2971 sacrificium
994 2907 1093 2968 im
1113 2906 1673 2987 petratorium
1707 2924 1963 2988 quoque
1997 2925 2168 2970 esse:
2202 2907 2332 2969 scil.
2365 2912 2502 2970 tum
2536 2925 2616 2971 ex
2648 2907 2973 2970 sacrificiis
3004 2906 3078 2971 V.
3113 2907 3201 2980 T..

580 3015 745 3077 inter
777 3029 941 3094 quae
975 3011 1151 3076 fuere
1204 3011 1680 3093 impetratoria;
1732 3017 1867 3075 tum
1918 3031 1996 3075 ex
2046 3011 2330 3093 liturgiis.
2375 3032 2527 3076 nam
2575 3020 2737 3078 teste
2771 3012 3084 3095 Cyrillo
3119 3013 3202 3076 ib.

580 3139 639 3182 n.
674 3124 746 3187 8:
787 3116 1030 3200 ,Super
1059 3117 1233 3181 illam
1265 3118 1743 3199 propitiationis
1775 3119 2054 3182 hostiam
2076 3120 2494 3183 obsecramus
2515 3118 2719 3185 Deum
2738 3139 2854 3202 pro
2876 3120 3202 3184 communi

581 3225 999 3290 ecclesiarum
1032 3241 1211 3306 pace,
1245 3244 1359 3306 pro
1392 3232 1571 3290 reeta
1604 3225 1827 3288 mundi
1860 3226 2345 3307 compositione,
2387 3245 2504 3307 pro
2537 3225 3051 3308 imperatoribus
3085 3245 3201 3307 pro

581 3330 887 3395 militibus
921 3338 986 3396 et
1016 3331 1223 3408 sociiS‚
1256 3351 1372 3413 pro
1406 3333 1499 3408 iis,
1535 3332 1645 3414 qui
1675 3331 2153 3396 infirmitatibus
2200 3332 2515 3409 laborant,
2549 3351 2665 3414 pro
2698 3333 2815 3408 his,
2863 3332 2972 3414 qui
3003 3317 3201 3396 afflic-

581 3436 863 3502 tionibus
895 3445 1302 3518 premuntur3
1336 3444 1400 3504 et
1434 3439 1776 3503 universim
1810 3458 1926 3520 pro
1961 3439 2276 3514 omnibuS,
2327 3441 2435 3521 qui
2468 3441 2607 3520 opis
2639 3439 2942 3518 indigent,
2975 3455 3200 3519 preca-

580 3563 723 3607 mur
770 3562 888 3608 nos
921 3563 1146 3609 omnes
1179 3551 1243 3609 et
1273 3546 1442 3609 hanc
1475 3546 1802 3610 victimam
1836 3545 2214 3610 offerimus<<
2257 3546 2429 3609 Idem
2462 3545 2729 3611 insertur
2760 3564 2801 3609 a
2832 3544 3122 3630 fortiori3A
3146 3545 3199 3607 si

579 3652 750 3714 enim
782 3652 1161 3716 sacrificium
1193 3652 1319 3716 hoc
1353 3652 1465 3717 Dei
1515 3653 1786 3716 inimicis
1836 3654 2135 3734 impetrat
2185 3653 2629 3717 remissionem
2678 3658 3110 3734 peccatorum.
3161 3669 3203 3714 a

578 3757 826 3821 fortiori
874 3758 1243 3839 impetrabit
1290 3757 1404 3822 Dei
1456 3759 1696 3834 amicis,
1748 3759 1921 3841 quod
1974 3766 2072 3822 est
2121 3760 2346 3835 minuS,
2394 3758 2574 3822 varia
2623 3759 2853 3840 quibus
2915 3758 3204 3838 indigent

578 3864 911 3930 beneficia.

755 3976 903 4039 427.
939 3971 1290 4040 Scholion
1325 3971 1382 4040 I.
1415 3969 1720 4049 Quaestio
1754 3971 1830 4033 de
1852 3971 2133 4053 efficacia
2154 3979 2209 4034 et
2228 3972 2443 4052 fructu
2465 3971 2759 4053 sacrificii
2779 3973 3005 4034 missae
3025 3970 3198 4034 haud

577 4096 803 4159 parum
836 4084 935 4143 est
964 4079 1242 4160 implexa
1256 4078 1335 4163 ¹):
1382 4076 1767 4158 distinguere
1816 4078 1985 4141 enim
2018 4096 2362 4159 possumus
2395 4098 2456 4146 a.
2490 4079 2625 4160 ejus
2671 4078 3039 4143 valorem
3085 4096 3200 4141 seu

577 4184 848 4264 pretium
882 4190 947 4249 et
978 4183 1188 4249 effec
1209 4191 1400 4260 tum;
1438 4186 1506 4255 b.
1539 4185 1753 4248 varios
1788 4184 2271 4262 offerentes
2305 4186 2434 4249 scil.
2470 4185 2810 4260 Christum,
2831 4183 3197 4256 Ecclesiam.

577 4290 981 4355 sacerdotem
1014 4291 1393 4368 ministrum,
1445 4291 1663 4355 fideles
1716 4291 2053 4357 adstantes
2106 4299 2170 4356 et
2221 4291 2434 4374 aliquo
2469 4292 2660 4355 modo
2696 4291 2778 4355 ad
2811 4290 3195 4354 sacrificium

577 4402 1066 4472 concurrentes;
1100 4416 1164 4465 c.
1188 4397 1543 4463 efficaciam
1564 4417 1641 4464 ex
1663 4416 1857 4479 opere
1881 4416 1920 4460 o
1938 4418 1977 4478 p
1995 4416 2031 4462 e
2047 4417 2078 4461 r
2099 4416 2138 4461 a
2155 4399 2319 4462 ntis
2353 4405 2513 4462 etex
2537 4416 2731 4480 opere
2753 4417 2791 4458 o
2808 4417 2848 4479 p
2867 4416 2903 4462 e
2918 4416 2951 4461 r
2966 4416 3006 4461 a
3022 4405 3045 4460 t
3064 4403 3139 4460 οἳ
3158 4401 3197 4478 z)

802 4543 836 4606 ¹)
866 4535 1009 4590 Fusc
1037 4536 1145 4589 hoc
1172 4540 1576 4607 argumentum
1605 4554 1699 4605 qq.
1733 4542 1870 4594 1347
1890 4537 2262 4607 prosequitur
2286 4536 2329 4589 P
2345 4553 2378 4589 a
2395 4554 2419 4588 s
2436 4555 2473 4605 q
2492 4556 2527 4591 u
2545 4535 2707 4606 alig
2724 4553 2756 4590 o
2797 4535 2859 4588 in
2901 4552 2992 4604 op.
3021 4535 3091 4588 de
3121 4551 3198 4587 sa·

576 4614 788 4669 orificio
814 4615 885 4668 N.
913 4616 971 4668 L.
1000 4617 1364 4685 quaestiones
1391 4615 1765 4687 theologicae,
1793 4617 2044 4683 moralis,
2063 4617 2371 4688 juridicae‚
2397 4618 2670 4689 Lugduni
2701 4624 2854 4674 1630.

794 4699 834 4767 ⁶²)
864 4695 1013 4750 Bene
1033 4699 1197 4750 notat
1218 4695 1434 4752 Billot
1458 4697 1528 4750 de
1554 4712 1693 4753 sacr.
1721 4697 1784 4751 in
1809 4698 2198 4768 praeambulis
2224 4700 2296 4752 ad
2319 4716 2374 4766 q.
2395 4703 2479 4754 82.
2499 4705 2613 4765 835
2637 4705 2684 4761 ⁴2,
2719 4696 3071 4753 locutionem
3102 4713 3199 4758 „ex

576 4791 744 4845 opere
772 4778 1038 4844 operato*
1070 4775 1238 4829 aliter
1253 4775 1516 4830 adhiberi
1537 4777 1728 4844 quoad
1750 4780 2101 4833 sacramenta
2124 4782 2182 4831 et
2201 4777 2391 4845 quoad
2414 4776 2768 4832 sacrificium.
2797 4777 2968 4832 Recte
2986 4777 3201 4849 quippe
