3538 5364
47 1348 566 1555 φὴ*

47 1543 214 1608 Μ

47 1620 566 1769 MMAE‘

47 1762 224 1841 st

70 1874 221 1941 „it-⁶

568 234 700 297 432
1056 224 1240 277 Tract.
1270 224 1361 276 IX.
1389 224 1459 277 de
1488 223 1866 294 poenitentia.
1895 222 2094 277 Thesis
2121 222 2408 277 CCXLIII.
2444 222 2689 277 Ecclesia

568 413 744 486 plane
775 412 1072 470 adversari
1090 409 1150 491 ¹).
1219 411 1489 469 Ceterum
1536 429 1603 468 eo
1650 411 1776 485 ipso
1810 411 1970 485 quod
2004 415 2202 486 patres
2248 411 2342 469 vel
2392 410 2549 468 inter
2588 427 2649 467 se
2695 409 3070 468 dissentiunt
3102 410 3192 467 vel

570 501 740 559 dubii
771 500 1015 559 haerent
1044 501 1108 557 in
1140 499 1589 558 determinando
1622 505 1862 575 peccato
1894 500 1956 557 in
1983 499 2269 574 Spiritum
2303 518 2365 568 s.,
2402 499 2785 557 manifestum
2815 502 2922 569 est,
2956 499 3192 556 nullum

570 594 796 649 certum
830 594 1139 665 peccatum
1173 607 1278 663 per
1309 607 1371 647 se
1403 608 1527 647 esse
1559 588 1999 647 irremissibile:
2035 588 2106 646 de
2137 589 2245 647 hoc
2277 588 2434 647 enim
2468 589 2758 647 Ecclesiae
2789 591 3061 648 constare
3094 587 3192 645 de-

569 679 688 749 bet,
720 698 795 737 ne
826 679 975 737 illud
1007 678 1312 736 remittere
1345 677 1577 736 audeat.
1640 678 1851 752 Itaque
1883 678 1933 735 si
1968 677 2128 753 quod
2159 682 2467 754 peccatum
2501 678 2773 752 patribus
2807 681 2898 734 est
2928 677 3190 735 irremis-

571 768 764 838 sibile,
799 768 907 826 hoc
940 769 1134 827 oritur
1165 787 1235 826 ex
1268 768 1605 825 voluntaria
1635 768 1932 842 peccantis
1966 767 2438 842 indispositione.

751 904 894 955 450.
929 894 1010 951 De
1043 894 1498 962 AthanasiO,
1533 895 1705 969 cujus
1738 893 1918 953 verba
1939 895 2312 970 praecipuam
2335 893 2563 952 faciunt
2585 893 3019 960 difficultatem,
3043 893 3191 950 scias

571 1002 706 1040 eum
741 986 801 1041 et
831 983 1148 1041 theoretice
1181 988 1241 1042 et
1273 984 1528 1058 practice
1561 983 1886 1041 inhaesisse
1919 983 2222 1041 doctrinae
2243 984 2578 1042 catholicae.
2626 983 2703 1040 Et
2734 981 3194 1049 theoretice,

570 1091 703 1130 cum
739 1074 967 1129 statuat
998 1073 1061 1130 in
1093 1073 1298 1150 fragm.
1331 1074 1392 1130 in
1427 1072 1633 1130 Matth.
1671 1068 1860 1153 (Mig.
1898 1082 1998 1139 27,
2044 1073 2268 1151 1286):
2317 1073 2812 1141 ‚Observandum
2859 1088 3041 1146 porro
3087 1076 3198 1139 est,

570 1180 691 1219 non
723 1160 941 1219 dixisse
975 1162 1291 1231 Christum,
1324 1162 1762 1236 blasphemanti
1796 1179 1862 1218 ac
1893 1165 2101 1237 postea
2130 1162 2461 1237 poenitenti
2495 1161 2907 1219 remissionem
2941 1159 3198 1217 dandam

571 1268 689 1308 non
722 1268 881 1309 esse:
919 1251 1019 1308 sed
1054 1251 1489 1326 blasphemanti
1526 1254 1586 1309 et
1618 1251 1679 1308 in
1713 1251 2081 1325 blasphemia
2113 1250 2533 1326 perseveranti,
2576 1250 2868 1325 siquidem
2902 1249 3200 1325 condigna

571 1339 940 1415 poenitentia
989 1344 1229 1415 peccata
1277 1341 1475 1397 omnia
1525 1340 1715 1398 eluit‘
1772 1335 1947 1420 (quae
2000 1340 2289 1415 leguntur
2339 1340 2519 1398 etiam
2570 1339 2634 1396 in
2684 1339 2722 1396 l.
2771 1338 2844 1396 de
2896 1338 3196 1395 communi

572 1430 831 1486 essentia
862 1448 917 1488 n.
956 1426 1096 1508 49);
1144 1430 1495 1503 practice
1541 1447 1679 1486 vero
1725 1430 1980 1503 receptis
2019 1430 2253 1499 arianis»,
2300 1429 2661 1504 blasphemis
2694 1428 2873 1486 etiam
2908 1429 2970 1485 in
3006 1427 3193 1501 Spiri-

571 1524 702 1575 tum
735 1536 795 1587 S,
831 1517 1149 1575 dummodo
1184 1518 1611 1593 poenitentiam
1644 1524 1907 1594 agerent,
1943 1518 2006 1575 in
2040 1520 2529 1586 communionem,
2571 1520 2642 1575 ut
2672 1521 2837 1593 patet
2868 1536 2937 1574 ex
2972 1516 3197 1590 synodo

573 1606 1088 1663 alexandrina
1119 1627 1167 1663 a.
1206 1616 1327 1667 362
1365 1612 1425 1664 et
1456 1625 1543 1681 ep.
1582 1618 1615 1667 3
1653 1607 1725 1663 ad
1760 1607 2137 1681 Serapionem
2170 1626 2227 1664 n.
2265 1617 2318 1667 7.

751 1727 1205 1793 451-Τ1168Ῐ8
1256 1724 1639 1796 CCXLIH·
1692 1750 1961 1801 Primis
2011 1763 2225 1802 aerae
2275 1750 2709 1802 christianae
2747 1747 3002 1800 seculis
3043 1745 3201 1798 nul-

574 1837 723 1889 lum
761 1838 1047 1889 omnino
1077 1837 1225 1900 fuit
1255 1842 1643 1903 peceatum,
1681 1840 1883 1900 cuine
1921 1841 2243 1892 remissio
2269 1839 2416 1903 leae
2442 1838 2834 1891 universali
2861 1839 2940 1889 in
2969 1836 3201 1889 Eccle-

572 1918 681 1968 sia
717 1917 1063 1969 catholica
1098 1919 1613 1980 poenitentibus
1641 1920 1869 1982 fuerit
1909 1921 2279 1983 (lemmata.

752 2038 1321 2109 Demonstratlo.
1354 2045 1735 2103 Concedimus
1751 2046 1991 2119 quidem
2009 2047 2305 2103 exstitisse
2322 2046 2621 2120 episcopos
2637 2043 2959 2103 nonnullos
2977 2042 3197 2118 sec.II.‚

576 2131 679 2207 qui
714 2132 947 2190 veniam
978 2150 1097 2189 non
1130 2152 1257 2190 esse
1291 2134 1543 2192 dandam
1577 2135 1808 2192 cuidam
1841 2139 2215 2209 peccatorum
2247 2135 2448 2209 generi
2483 2133 2841 2203 censuerint,
2875 2136 2948 2190 ut
2977 2130 3198 2190 diserte

575 2224 837 2278 testatur
869 2220 1338 2296 Cyprianu83
1382 2242 1448 2281 ex
1483 2225 1611 2298 ejus
1645 2229 1846 2281 tamen
1882 2224 2075 2282 verbis
2110 2223 2288 2281 simul
2324 2224 2652 2299 colligitur,
2705 2220 3197 2280 consuetudinem

574 2329 704 2375 eam
737 2308 920 2367 fuisse
951 2311 1141 2385 quoad
1177 2312 1373 2369 locum
1419 2316 1480 2370 et
1511 2332 1792 2387 personas
1827 2334 1862 2382 p
1882 2314 2387 2371 articularem
2422 2313 2780 2386 minimeque
2812 2309 3197 2386 probandam.

577 2398 669 2456 Ita
699 2399 857 2457 enim
891 2400 1099 2457 scribit
1130 2420 1220 2475 ep.
1247 2411 1324 2462 52
1350 2402 1422 2458 ad
1443 2403 1659 2463 Anton.
1683 2422 1737 2460 n.
1765 2412 1838 2463 21
1865 2422 1877 2459 ε
1915 2403 2034 2469 ,Et
2067 2401 2305 2477 quidem
2337 2401 2495 2476 apud
2529 2406 2929 2460 antecessores
2960 2402 3196 2458 nostros

576 2487 820 2561 quidam
851 2488 924 2545 de
956 2490 1250 2565 episcopis
1285 2490 1461 2547 isthic
1492 2492 1555 2548 in
1587 2490 1890 2565 provincia
1920 2493 2127 2549 nostra
2146 2490 2399 2547 dandam
2421 2510 2621 2566 pacem
2642 2490 2901 2548 moechis
2932 2507 3055 2547 non
3086 2506 3198 2568 pu-

575 2582 870 2645 taverunt,
918 2581 979 2635 et
1023 2578 1085 2634 in
1131 2581 1325 2635 totum
1373 2580 1772 2653 poenitentiae
1819 2580 2010 2637 locum
2059 2583 2266 2637 contra
2311 2579 2602 2637 adulteria
2636 2598 2666 2636 c
2693 2582 2999 2637 auserunt.
3062 2577 3195 2634 Non

575 2674 774 2725 tamen
807 2687 841 2724 a
885 2668 1262 2742 coepiscopm
1270 2688 1367 2725 um
1404 2662 1641 2727 suofsim
1660 2662 1925 2744 'collegio
1959 2664 2544 2738 recesserunt—aut
2551 2663 3198 2728 cathmlesiae

578 2757 869 2814 unitatem
901 2756 994 2814 vel
1028 2757 1285 2815 duritiae
1318 2758 1411 2814 vel
1445 2776 1725 2815 censurae
1758 2777 1898 2816 suae
1932 2759 2334 2816 obstinatione
2377 2762 2690 2833 ruperunt,
2739 2761 2809 2815 ut
2855 2757 2996 2831 quia
3040 2755 3197 2831 apud

576 2845 723 2902 alios
756 2845 1044 2903 adulteris
1078 2865 1189 2920 pax
1222 2847 1495 2915 dabatur,
1544 2847 1647 2920 qui
1680 2866 1797 2905 non
1832 2847 2025 2914 dabat,
2076 2848 2147 2905 de
2180 2847 2441 2905 Ecclesia
2472 2849 2867 2921 separaretur.
2882 2854 2910 2884 ‘
2979 2846 3200 2903 Verum

576 2933 989 2992 contendimus
1024 2938 1227 2993 contra
1259 2935 1460 3010 plures
1493 2935 1677 2993 etiam
1711 2936 1888 3010 primi
1922 2936 2150 2994 ordinis
2182 2936 2508 3012 theologos,
2541 2941 2614 2993 ut
2644 2937 2691 2992 Β
2708 2955 2738 2995 e
2755 2954 2841 2992 rn
2857 2935 2981 2993 ald
2999 2927 3196 3013 um²)‚

580 3023 983 3080 Petavium
1009 3023 1086 3100 3)‚
1154 3021 1739 3103 Sirmondum4),
1805 3025 2414 3099 Albaspinaeum
2439 3021 2512 3107 ⁵),
2581 3019 2982 3104 Duguet⁶)‚
3047 3022 3196 3082 card.

579 3112 631 3168 d'
652 3112 987 3186 Aguirre
1016 3107 1084 3191 7),
1138 3113 1349 3194 Christ.
1385 3114 1667 3189 Lupum
1694 3119 1763 3194 ὅ),
1818 3116 1872 3171 Μ
1893 3120 2194 3182 artene,
2249 3115 2505 3173 editores
2546 3134 2600 3171 m
2621 3114 2942 3172 aurinos
2984 3131 3118 3187 opp.
3150 3130 3195 3169 s.

476 3209 490 3220 ·
579 3199 1065 3280 Αιιιὶποείἰθ),
1120 3202 1685 3282 linge-manum),
1737 3204 1948 3261 Funk
1984 3199 2062 3284 ¹¹)
2098 3209 2224 3272 ete„
2258 3223 2565 3278 nunquam
2613 3203 2948 3261 obtinuisse
2994 3202 3060 3259 in
3090 3201 3191 3258 Ec-

579 3288 757 3345 clesia
790 3289 1226 3347 universali
1266 3293 1774 3363 consuetudinem,
1808 3299 1879 3351 ut
1912 3293 2013 3351 uni
2051 3294 2141 3351 vel
2175 3293 2450 3368 pluribus
2484 3295 2852 3367 peccatorum
2888 3290 3193 3367 speciebus

580 3376 970 3452 denegaretur
999 3378 1314 3438 absolutio.

757 3503 903 3566 4552.
938 3498 1123 3576 Quod
1158 3500 1221 3562 in
1252 3502 1471 3582 primis
1506 3503 1896 3581 argumentis
1930 3500 2336 3582 generalibus
2370 3503 2754 3582 probamus:

804 3730 950 3796 ¹)1ta
981 3730 1352 3784 Pacianus
1382 3722 1467 3799 ep.
1495 3736 1527 3784 3
1556 3731 1627 3783 ι(1
1657 3731 1956 3799 Sympron.
1987 3750 2039 3783 ιι.
2074 3740 2135 3785 15
2164 3747 2355 3799 opusc.
2385 3730 2586 3782 XXXV
2594 3731 2672 3788 ΙΙ·,
2701 3729 2926 3782 Hiero
2951 3746 3035 3796 ι5
3055 3744 3198 3780 mus

580 3827 667 3879 ep.
696 3814 763 3862 42
791 3810 863 3861 ad
892 3809 1212 3864 Marcellam
1245 3815 1301 3863 et
1328 3812 1374 3862 A
1396 3811 1759 3863 thanasiu
1780 3829 1803 3864 s
1831 3829 1918 3881 ep.
1947 3819 1980 3864 4
2007 3812 2078 3863 id
2107 3810 2486 3880 Serapionem.
2540 3809 2622 3862 Cf.
2665 3810 2754 3862 Co
2775 3810 2915 3863 llet
2955 3828 3010 3878 p.
3038 3813 3068 3860 2
3099 3794 3141 3860 c.
3174 3815 3190 3860 l

582 3895 695 3943 t
666 3898 695 3926 >
723 3907 772 3941 a.
808 3900 863 3948 l:
894 3890 1259 3944 Palmieri
1288 3893 1368 3944 th.
1396 3898 1445 3946 8

800 3977 837 4032 2)
867 3971 1120 4041 Scriptor
1147 3988 1251 4024 sec.
1282 3972 1398 4024 XII.
1427 3973 1582 4041 apud
1612 3972 1704 4025 Mi
1723 3993 1761 4042 g
1781 3991 1813 4024 ιι
1833 3991 1861 4024 e
1897 3981 2008 4032 148,
2045 3981 2180 4027 1184
2207 3989 2273 4024 ss,

798 4057 837 4102 31
870 4050 933 4102 ln
962 4051 1112 4102 notis
1139 4051 1209 4102 ad
1240 4049 1447 4120 Epiph‚
1477 4051 1629 4104 haer.
1661 4058 1756 4111 59;
1786 4052 1855 4104 de
1884 4053 2099 4121 poenit.
2135 4051 2226 4115 Vl,
2257 4059 2304 4106 6.

799 4140 838 4176 ⁴»
872 4130 1013 4183 Hist.
1043 4131 1256 4199 poenit.
1286 4132 1447 4199 publ.
1474 4150 1518 4186 c.
1553 4140 1596 4186 1.
1818 4135 1857 4200 b)
1890 4132 2100 4186 Comm.
2131 4134 2190 4183 in
2220 4147 2341 4186 can.
2371 4136 2438 4186 47
2467 4149 2621 4186 conc.
2652 4131 2784 4186 elib.

798 4217 838 4278 ἢ)
870 4209 1009 4261 Diss.
1046 4217 1121 4265 16.
1345 4215 1383 4281 ῗ>
1414 4211 1623 4266 Comm.
1653 4211 1711 4264 in
1740 4229 1863 4264 can.
1892 4218 1960 4267 47
1988 4229 2141 4266 conc.
2172 4211 2307 4267 elib.

801 4293 839 4358 ¹⁵)
872 4291 931 4340 ln
951 4290 1099 4341 Tei-t.
1118 4290 1185 4342 de
1204 4307 1442 4359 praescr.
1462 4309 1506 4345 c.
1526 4299 1615 4348 30:
1646 4292 1714 4343 de
1731 4291 1866 4360 gall.
1886 4293 2018 4344 eccl.
2037 4291 2248 4361 appell.
2269 4309 2312 4344 c.
2340 4297 2421 4349 17:
2443 4292 2510 4344 de
2532 4309 2681 4359 pecc,
2701 4308 2764 4344 ac
2781 4291 2961 4345 satisf.
2981 4292 3197 4360 indulg.

800 4379 839 4420 ὀι
870 4370 933 4421 [ιι
961 4371 1136 4437 praef.
1166 4371 1236 4422 ad
1266 4371 1301 4426 l.
1331 4372 1399 4424 de
1431 4372 1593 4441 lapsu
1625 4372 1767 4442 virg.

803 4455 846 4486 ¹0
875 4449 975 4501 Die
1002 4457 1137 4503 rom.
1166 4451 1371 4504 Kirche
1401 4453 1519 4504 und
1548 4452 1639 4504 ihr
1668 4451 1912 4504 Einfluss
1942 4470 2069 4520 pag.
2103 4459 2167 4508 ‚33
2196 4471 2265 4505 ss.

808 4535 868 4598 ¹¹)
898 4529 1333 4599 Kirchengesch.
1366 4532 1631 4585 Abhandl
1655 4573 1666 4595 ,
1696 4532 2019 4584 Paderborn
2053 4537 2203 4588 1897.
2235 4533 2272 4594 1,
2311 4541 2404 4586 155
2435 4551 2533 4590 ss:
2563 4532 2918 4587 Kirchenles.
2948 4535 3016 4588 11.
3047 4538 3199 4590 1562:

586 4625 757 4676 quam
786 4609 1125 4663 sententiam
1155 4611 1287 4664 olim
1319 4614 1659 4680 temperasse
1687 4612 1842 4664 visus
1870 4615 1954 4664 est
1983 4631 2195 4680 negans
2223 4631 2345 4666 eain
2369 4612 2590 4682 praxim
2620 4613 2792 4666 fuisse
2822 4612 3196 4667 universalem

585 4688 727 4743 Tiib.
758 4687 996 4753 Qtlschr.
1037 4699 1158 4746 1891
1197 4711 1246 4760 p.
1278 4697 1396 4746 625.
