3538 5364
1151 267 1224 321 ad
1252 267 1499 336 quodvis
1525 284 1672 337 opus
1696 267 1886 326 ethice
1911 268 2141 323 bouum.
2878 275 2964 341 53

336 452 406 510 de
436 453 602 511 statu
633 454 761 511 nat.
794 454 994 530 lapsae
1029 455 1069 513 1.
1104 466 1141 518 4
1175 473 1223 514 c.
1264 463 1494 524 1-17‚
1542 458 1605 512 et
1649 452 2192 524 Quesnellum,
2241 454 2413 530 cujus
2458 454 2772 514 damnatae
2819 459 2967 515 sunt

335 559 497 617 prop.
531 551 650 605 38:
688 543 1010 610 ,Peccator
1037 561 1158 604 non
1188 547 1280 605 est
1308 542 1477 613 liber,
1511 543 1630 603 nisi
1661 544 1736 602 ad
1769 542 1996 602 malum
2028 542 2158 602 sine
2187 543 2381 621 gratia
2412 543 2813 605 liberatoris}
2850 554 2963 608 39:

339 630 686 700 ,Voluntas
721 650 900 707 quam
932 633 1125 710 gratia
1140 652 1262 695 non
1279 632 1605 708 praevenit,
1639 632 1793 692 nihil
1814 632 1995 691 habet
2014 632 2261 692 luminis
2293 632 2413 693 nisi
2445 632 2519 691 ad
2550 632 2963 705 aberrantium,

333 719 581 790 ardoris,
614 721 734 779 nisi
766 721 840 780 ad
873 739 936 780 se
967 721 1493 798 praecipitandum,
1529 721 1769 792 virium,
1804 721 1921 779 nisi
1952 721 2025 780 ad
2059 739 2122 781 se
2153 721 2619 792 vulnerandum3
2667 725 2755 780 est
2786 741 2966 798 capax

335 808 525 868 omnis
558 810 736 879 mali;
775 813 869 869 est
899 810 1146 887 incapax
1177 811 1252 870 ad
1282 829 1456 870 omne
1488 810 1771 874 bonum.‘
1822 818 1936 874 40:
1975 810 2153 879 ‚Sine
2184 810 2379 887 gratia
2410 811 2562 870 nihil
2595 830 2792 870 amare
2822 829 2962 888 pos·

336 916 565 967 sumus,
597 899 720 957 nisi
749 898 824 957 ad
855 903 1122 958 nostram
1153 900 1775 968 condemnationem3‘
1813 910 1917 962 41.
1952 908 2052 963 42.
2110 900 2190 959 ef.
2223 900 2294 959 de
2328 900 2538 959 horum
2573 900 2839 959 omnium
2869 920 2961 960 er-

336 986 575 1046 roribus
611 988 1007 1049 Scheeben
1039 993 1310 1049 accurate
1330 990 1718 1048 disserentem
1742 985 1775 1055 S
1800 998 1946 1052 291.
1992 989 2260 1048 Assertio
2280 997 2503 1059 nostra,
2539 989 2811 1063 quamvis
2843 1008 2964 1049 non

334 1076 413 1135 sit
444 1075 520 1134 de
553 1076 688 1147 fide,
723 1081 953 1152 spectat
982 1082 1182 1137 tamen
1212 1078 1287 1137 ad
1318 1078 1665 1138 catholicam
1691 1078 2038 1137 doctrinam.
2088 1076 2533 1147 Quadamtenus
2565 1097 2634 1137 ea
2663 1082 2754 1138 est
2783 1079 2965 1138 etiam

333 1168 539 1225 contra
570 1166 881 1243 theologos
902 1167 1133 1227 scholae
1154 1167 1623 1244 augustinensis,
1655 1170 1730 1227 ut
1760 1166 1945 1226 Nori
1964 1166 2179 1237 sium,
2216 1169 2263 1225 B
2281 1168 2440 1226 erti
2473 1172 2601 1237 etc..
2638 1168 2964 1228 secundum

335 1273 482 1330 quos
510 1255 821 1331 probabile
841 1256 1054 1315 saltem
1083 1262 1193 1326 est,
1227 1258 1502 1316 naturam
1524 1256 1844 1316 humanam
1867 1260 1990 1315 tam
2009 1255 2304 1316 infirmam
2323 1256 2537 1315 factam
2556 1274 2684 1316 esse
2705 1261 2962 1333 peccato,

335 1347 398 1402 ut
433 1346 712 1419 quamvis
743 1345 918 1404 homo
952 1346 1153 1421 lapsus
1186 1346 1375 1421 possit
1404 1346 1528 1405 sine
1559 1346 1790 1423 gratiae
1821 1345 2043 1404 auxilio
2076 1363 2226 1422 opus
2273 1345 2460 1405 facere
2505 1364 2576 1404 ex
2621 1346 2716 1422 obj
2729 1349 2858 1404 ecto
2903 1349 2966 1404 et

336 1432 450 1491 fine
483 1433 755 1509 proximo
786 1433 1025 1503 bonum,
1057 1439 1318 1510 nequeat
1336 1438 1536 1493 tamen
1555 1435 1745 1494 facere
1778 1453 1925 1510 opus
1958 1434 2178 1495 bonum
2211 1453 2279 1494 ex
2314 1434 2429 1494 fine
2461 1434 2693 1498 ultimo.
2729 1434 2821 1493 Ad
2856 1434 2964 1493 hoc

334 1522 493 1580 enim
539 1523 784 1598 requiri,
830 1526 903 1582 ut
947 1542 1098 1599 opus
1142 1525 1434 1584 referatur
1478 1524 1541 1583 in
1586 1524 1804 1583 Deum:
1857 1523 2064 1583 referri
2108 1527 2308 1583 autem
2340 1542 2492 1599 opus
2525 1524 2589 1582 in
2622 1524 2811 1582 Deum
2842 1541 2964 1583 nou

336 1629 508 1687 posse
540 1611 771 1686 absque
804 1631 1001 1672 amore
1033 1615 1163 1689 ejus
1195 1632 1374 1688 super
1403 1614 1618 1682 omnia,
1652 1632 1834 1689 quem
1854 1613 2028 1672 homo
2049 1613 2243 1672 solum
2262 1614 2486 1689 gratiae
2505 1612 2727 1672 auxilio
2746 1612 2960 1672 elicere

334 1700 547 1761 valeat.
614 1701 1119 1762 Distinctionibus
1152 1720 1291 1762 vero
1324 1705 1421 1761 sat
1452 1701 1621 1760 duris
1651 1705 1714 1760 et
1745 1702 1965 1761 coactis
1997 1702 2282 1761 nituntur
2310 1703 2582 1777 probare,
2629 1701 2963 1761 doctrinam

337 1807 504 1847 suam
537 1789 776 1849 differre
807 1809 841 1849 a
871 1791 1141 1851 doctrina
1157 1791 1439 1850 damnata
1458 1790 1586 1867 BaJi
1607 1794 1667 1850 et
1688 1789 2009 1860 Quesnelli.
2060 1791 2198 1849 Vas
2216 1810 2359 1866 que
2377 1810 2410 1851 z
2442 1809 2681 1867 quoque
2712 1791 2964 1850 asseruit

336 1877 629 1937 auxilium
661 1878 905 1954 aliquod
936 1880 1163 1958 gratiae
1210 1876 1377 1961 (sane
1421 1875 1742 1960 naturalis)
1789 1879 2168 1957 cogitationis
2204 1880 2415 1938 saltem
2448 1879 2636 1939 bonae
2667 1898 2962 1957 congruae

336 1968 742 2026 necessarium
788 1987 917 2028 esse
962 1969 1036 2027 ad
1080 1975 1249 2029 actus
1296 1969 1487 2028 ethice
1534 1969 1827 2031 honestos.
1895 1970 1978 2033 cf.
2023 1969 2261 2028 Pesch
2296 1968 2362 2026 V.
2409 1989 2465 2028 n.
2508 1977 2647 2031 126.
2709 1969 2963 2046 Agimus

332 2060 535 2114 autem
568 2057 633 2115 in
666 2057 875 2132 primis
917 2057 989 2117 de
1013 2060 1220 2134 jure:
1256 2077 1401 2117 num
1432 2058 1662 2118 scilicet
1691 2058 1865 2117 homo
1897 2061 2132 2118 tantum
2165 2057 2387 2117 virium
2419 2061 2560 2134 post
2589 2058 2823 2133 lapsum
2857 2057 2962 2116 ha-

334 2146 489 2215 beat,
525 2149 601 2205 ut
632 2146 826 2223 possit
856 2165 1033 2223 opera
1064 2148 1264 2223 aliqua
1295 2148 1489 2206 ethice
1522 2147 1675 2206 bona
1704 2166 1999 2223 peragere.

518 2270 624 2335 59.
658 2267 1227 2337 Demonstratio.
1279 2266 1639 2331 Probamus
1672 2267 1906 2331 thesim
1937 2268 2063 2331 hoc
2096 2274 2507 2347 argumento:
2539 2265 2608 2329 ln
2638 2271 2812 2330 statu
2844 2284 2961 2330 na-

342 2379 525 2436 turae
545 2390 749 2454 purae
767 2381 987 2455 posset
1006 2375 1202 2438 homo
1234 2373 1420 2456 plura
1451 2391 1652 2455 opera
1682 2374 1891 2439 ethice
1924 2374 2097 2438 bona
2130 2373 2377 2456 absque
2407 2373 2669 2455 speciali
2699 2373 2813 2438 Dei
2844 2390 2962 2436 au-

340 2477 490 2542 xilio
542 2497 868 2560 peragere.
933 2479 1125 2563 Atqui
1174 2487 1409 2545 natura
1460 2481 1745 2544 humana
1796 2487 2064 2563 peccato
2101 2479 2332 2544 Adami
2382 2499 2514 2544 non
2562 2477 2678 2544 fuit
2707 2480 2962 2563 penitus

337 2592 662 2667 corrupta,
713 2587 844 2650 imo
895 2606 973 2652 ex
1022 2587 1372 2652 admodum
1422 2586 1737 2670 probabili
1788 2585 2243 2668 theologorum
2292 2586 2627 2663 sententia,
2691 2592 2959 2668 excepto

338 2702 613 2774 peccato
648 2694 955 2776 originali,
987 2714 1119 2759 non
1150 2695 1360 2759 differt
1391 2713 1432 2759 a
1461 2701 1696 2760 natura
1730 2713 1915 2777 pura,
1948 2693 2071 2758 nisi
2091 2700 2161 2759 ut
2180 2694 2374 2758 homo
2397 2694 2707 2776 spoliatus
2727 2695 2959 2758 anudo

340 2797 455 2884 (Cf.
490 2807 530 2864 t.
565 2800 631 2863 11.
666 2820 724 2863 n.
762 2803 935 2887 394).
975 2801 1233 2884 ,Neque
1253 2820 1428 2880 vere,
1448 2803 1652 2884 inquit
1683 2801 2200 2866 Athanasius
2233 2801 2312 2866 de
2341 2801 2581 2865 incarn.
2602 2799 2799 2865 Verbi
2816 2819 2877 2864 n.
2898 2805 2958 2877 4,

338 2907 564 2989 quales
614 2908 816 2973 creati
864 2915 1032 2984 sunt,
1082 2916 1591 2991 permanserunt,
1643 2909 1758 2974 sed
1809 2909 2137 2990 praecepti
2199 2908 2621 2989 transgressio
2671 2908 2813 2971 illos
2875 2906 2957 2970 ad

339 3014 641 3095 propriae
671 3020 944 3081 naturae
976 3016 1409 3080 conditionem
1441 3016 1826 3080 revocavit‘
1895 3015 2061 3096 Ergo
2092 3021 2324 3079 natura
2374 3015 2559 3096 lapsa
2589 3014 2643 3077 si
2675 3032 2806 3079 non
2838 3013 2958 3077 dif-

336 3119 474 3197 fert,
506 3120 610 3186 vel
642 3119 871 3185 saltem
906 3139 1034 3185 non
1067 3122 1355 3199 multum,
1402 3139 1443 3185 a
1488 3127 1723 3185 natura
1753 3139 1933 3203 pura,
1980 3121 2213 3202 poterit
2255 3121 2471 3204 aliqua
2518 3139 2716 3204 opera
2748 3121 2955 3186 ethice

336 3227 512 3291 bona
545 3234 613 3291 et
642 3228 784 3309 ipsa
814 3245 1135 3310 peragere.
1198 3227 1299 3292 Ad
1342 3246 1480 3293 rem
1526 3226 2083 3292 Bellarminus
2128 3228 2207 3292 de
2252 3247 2339 3309 gr.
2374 3235 2439 3293 et
2467 3228 2571 3292 lib.
2606 3229 2737 3293 arb.
2772 3226 2847 3304 V,
2881 3231 2954 3295 9:

346 3332 451 3408 ,Si
479 3339 699 3416 potest
727 3335 924 3398 horno
955 3335 1088 3398 suis
1119 3334 1358 3399 viribus
1391 3335 1645 3416 operari
1676 3333 1936 3411 malum,
1969 3335 2085 3400 sed
2116 3335 2388 3399 arduum
2408 3340 2473 3399 et
2494 3341 2764 3401 naturae
2795 3351 2952 3399 con-

340 3442 642 3505 trarium:
688 3459 804 3505 cur
833 3459 966 3504 uon
996 3442 1232 3523 poterit
1263 3442 1517 3524 operari
1547 3441 1790 3506 bonum
1825 3441 2006 3506 facile
2036 3458 2517 3524 congruumque
2548 3445 2869 3507 naturae?
2901 3443 2956 3506 si

338 3554 553 3629 potest
584 3567 637 3613 e.
672 3567 726 3629 g.
758 3547 890 3611 suis
922 3547 1159 3611 viribus
1190 3547 1329 3611 sine
1361 3548 1598 3612 auxilio
1632 3549 1882 3627 gratiae
1929 3548 2237 3629 projicere
2288 3548 2507 3612 omnia
2536 3548 2709 3612 bona
2740 3567 2858 3612 sua
2889 3549 2955 3612 in

345 3672 541 3731 mare,
574 3654 678 3718 vel
708 3655 845 3737 ipse
877 3672 948 3718 se
980 3655 1292 3740 occidere,
1325 3673 1366 3718 a
1396 3673 1523 3738 quo
1556 3661 1792 3719 natura
1842 3653 2175 3719 abhorret:
2225 3673 2338 3719 cur
2368 3674 2500 3720 non
2530 3657 2764 3738 poterit
2792 3674 2954 3737 pau-

337 3779 449 3826 cos
482 3780 785 3826 nummos
817 3760 1031 3842 largiri
1066 3761 1387 3843 indigenti,
1423 3760 1523 3826 vel
1554 3762 1883 3826 hominem
1917 3780 1956 3825 a
1988 3762 2362 3844 praecipitio
2396 3781 2703 3827 revocare
2736 3780 2816 3827 ex
2836 3763 2956 3825 mi-

340 3867 709 3944 sericordia,
741 3867 826 3931 ad
856 3885 1051 3949 quam
1081 3885 1282 3950 prope
1315 3868 1455 3950 ipsa
1475 3875 1707 3931 natura
1739 3866 2107 3949 compellit?
2141 3868 2292 3931 Etsi
2310 3875 2524 3950 potest
2544 3869 2959 3949 interroganti

338 3972 569 4037 falsum
601 3973 683 4037 de
714 3973 1027 4038 industria
1056 3975 1464 4057 respondere,
1497 3995 1613 4039 cur
1642 3993 1777 4038 non
1807 3976 2042 4056 poterit
2062 3975 2449 4056 respondere
2470 3993 2707 4051 verum,
2729 3978 2783 4038 si
2802 3974 2956 4039 nihil

339 4080 484 4144 inde
503 4080 791 4144 lucretur
808 4087 923 4145 aut
939 4081 1169 4163 perdat
1181 4084 1248 4145 Ρ(
1288 4080 1365 4145 Et
1397 4083 1538 4163 quis
1560 4100 1845 4163 unquam
1865 4081 2037 4145 dicet
2055 4082 2385 4145 hominem
2404 4081 2467 4144 vi
2486 4081 2704 4163 lapsus
2725 4081 2957 4145 Adami

338 4186 671 4251 redactum
702 4205 845 4253 esse
877 4188 961 4251 ad
991 4187 1426 4252 conditionem
1457 4189 1735 4252 hominis
1766 4188 2073 4262 damnati,
2121 4189 2228 4270 qui
2273 4206 2408 4251 non
2440 4188 2712 4270 amplius
2743 4195 2958 4269 potest

340 4293 582 4358 bonurn
614 4294 793 4359 velle.
827 4293 914 4359 Cf.
949 4300 1207 4377 patrum
1238 4295 1597 4360 doctrinam
1629 4315 1689 4358 n.
1724 4300 1864 4364 53⁸.
1913 4296 2059 4361 Ideo
2095 4296 2434 4359 concilium
2468 4296 2957 4360 coloniense

340 4418 393 4463 a
432 4406 604 4470 1860
636 4407 797 4482 part.
831 4402 852 4465 1
886 4419 937 4465 c.
978 4407 1053 4470 17
1089 4403 1344 4466 statuit:
1417 4400 1677 4477 ‚Potest
1718 4403 1918 4467 homo
1964 4403 2182 4484 lapsus
2233 4403 2428 4468 etiam
2459 4402 2655 4465 solius
2689 4409 2956 4467 naturae

343 4506 575 4570 viribus
609 4507 926 4589 quaedam
960 4525 1160 4589 opera
1189 4507 1516 4572 moraliter
1564 4507 1737 4571 bona
1769 4528 1885 4573 seu
1918 4509 2195 4572 honesta
2226 4507 2489 4572 facere<
2560 4507 2647 4570 Cf.
2682 4505 2823 4571 Kle
2843 4514 2956 4571 ut-

343 4630 485 4692 gen
516 4613 782 4698 l.c.§3;
815 4611 1121 4679 Suarez
1151 4614 1193 4692 1,
1235 4621 1263 4682 l
1301 4634 1416 4690 ss;
1449 4612 1806 4695 Ripalda
1837 4613 1994 4697 disp.
2023 4620 2179 4691 114;
2211 4615 2338 4679 Liv.
2362 4614 2952 4696 Meyerhist.con-

347 4729 502 4783 trov.
537 4719 640 4797 lv,
682 4725 793 4796 14;
828 4718 1254 4786 Scheeben
1287 4721 1490 4786 Natur
1521 4721 1651 4784 und
1686 4719 1911 4787 Gnade
1943 4739 1995 4786 c.
2030 4728 2070 4790 2
2105 4725 2137 4805 ἓ
2173 4728 2230 4790 2.
