3538 5364
1302 273 1372 327 de
1398 274 1712 343 gratuitate
1738 273 1976 344 gratiae.
2855 287 2938 351 51

494 455 566 520 6.
598 451 850 531 ThesiS,
874 460 1189 537 quatenus
1216 456 1642 536 generatim
1675 454 1952 520 affirmat
1979 456 2223 537 gratiae
2255 458 2812 538 gratuitatem,
2846 466 2945 525 est

322 558 401 623 de
432 558 576 625 fide.
609 558 910 642 Pelagius
942 563 1110 626 enim
1143 562 1511 644 compulsus
1544 564 1726 627 estin
1745 563 1996 646 synodo
2029 563 2604 646 diospolitana
2634 565 2943 644 confiteri,

324 666 640 746 ,gratiam
673 667 789 733 Dei
820 687 950 732 non
982 669 1122 733 dari
1150 669 1503 734 secundum
1535 670 1766 735 merita
1797 677 2090 748 nostra3¹
2134 671 2490 755 eademque
2522 672 2760 737 veritas
2789 691 2940 755 pas-

317 771 438 835 sim
469 772 800 839 inculcata
831 773 945 839 fuit
976 794 1016 839 a
1045 777 1332 840 romanis
1362 776 1769 858 pontificibus
1804 784 1868 843 et
1899 778 2182 842 conciliis
2229 778 2537 844 adversus
2568 780 2941 861 pelagianos

316 886 380 943 et
409 881 968 962 semipelagianos,
998 883 1379 964 praesertim
1412 883 1477 947 in
1507 884 1780 949 concilio
1813 884 2322 949 arausicano
2355 884 2442 961 11.,
2474 887 2656 968 cujus
2687 904 2827 950 can.
2856 893 2941 958 18

314 987 558 1050 sancit:
598 987 919 1062 ,Debetur
949 1006 1197 1055 merces
1229 989 1415 1055 bonis
1435 990 1755 1072 operibus,
1790 991 1843 1054 si
1875 989 2065 1066 fiant:
2099 991 2212 1055 sed
2244 992 2464 1073 gratia,
2487 1011 2653 1075 quae
2672 1012 2804 1058 non
2825 994 2940 1059 de-

313 1093 518 1173 betur,
552 1096 898 1177 praecedit,
932 1102 1000 1162 ut
1032 1097 1240 1162 fiant‘
1311 1097 1592 1162 Dicimus
1637 1098 1871 1164 thesim
1918 1116 2060 1163 esse
2093 1098 2173 1163 de
2205 1098 2346 1175 fide,
2396 1106 2713 1181 quatenus
2746 1118 2941 1181 gene-

312 1201 506 1264 ratim
540 1201 819 1269 affirmat
850 1206 1094 1286 gratiae
1126 1207 1551 1287 gratuitatem.
1618 1205 1833 1285 Quare
1868 1213 2046 1272 certo
2079 1213 2322 1288 pugnat
2353 1209 2597 1289 gratiae
2629 1207 2942 1289 gratuitas

314 1326 463 1371 cum
496 1311 729 1375 merito
760 1313 1174 1394 condigno
1208 1330 1475 1395 operum
1504 1314 1931 1390 naturalium:
1982 1331 2129 1378 cum
2180 1315 2407 1379 merito
2454 1315 2732 1379 naturali
2781 1332 2938 1378 con·

314 1433 472 1495 gruo
505 1418 977 1499 quadamtenus
1027 1421 1258 1486 saltem
1310 1421 1520 1485 adhuc
1570 1423 1921 1488 consistere
1972 1428 2220 1504 posset:
2271 1423 2481 1486 minus
2526 1440 2681 1487 vero
2728 1421 2941 1486 adhuc

312 1541 602 1603 pugnare
632 1526 886 1591 videtur
916 1547 1062 1593 cum
1095 1527 1512 1611 dispositione
1562 1530 1661 1594 vel
1711 1530 2169 1611 impetratione
2221 1528 2536 1603 naturali:
2587 1528 2938 1593 dummodo

312 1647 445 1693 non
477 1630 563 1695 sit
594 1651 809 1697 sermo
860 1634 939 1699 de
981 1653 1061 1700 ea
1105 1635 1415 1712 oratione,
1467 1654 1635 1718 quae
1684 1636 1941 1701 ratione
1995 1637 2094 1700 sui
2125 1637 2308 1718 pretii
2357 1635 2807 1719 dignitatisque
2833 1635 2941 1717 ,ius

312 1739 558 1817 petenti
577 1739 836 1817 tribuat,
869 1748 939 1805 ut
968 1742 1347 1807 exaudiatur
1379 1743 1780 1826 alterumque
1812 1743 2142 1808 moraliter
2173 1743 2413 1825 obliget
2444 1742 2527 1806 ad
2558 1760 2704 1807 eam
2737 1760 2936 1807 exau-

313 1843 633 1910 diendam.
681 1846 842 1911 Hinc
872 1854 1139 1914 censent
1169 1849 1519 1931 Ripalda
1551 1850 1707 1932 disp.
1749 1853 1829 1919 19
1862 1855 2015 1915 sect.
2052 1855 2113 1926 3,
2144 1848 2537 1915 Palmieri
2568 1850 2653 1913 th.
2677 1853 2762 1918 32
2797 1854 2938 1924 ete,

312 1953 375 2015 in
424 1952 555 2017 alio
606 1954 1048 2036 providentiae
1098 1956 1320 2021 ordine
1370 1976 1511 2022 esse
1560 1956 1882 2040 possibile,
1935 1965 2006 2022 ut
2056 1957 2352 2040 precibus
2399 1955 2938 2020 naturalibus

311 2060 559 2140 gratiae
607 2062 1104 2144 impetrarentur
1153 2064 1341 2128 dona.
1405 2063 1728 2144 Quocirca
1778 2071 2200 2130 secernantur
2263 2063 2673 2145 quaestiones
2737 2062 2938 2128 duae:

311 2167 517 2233 altera
568 2168 1011 2233 historica:
1061 2190 1217 2234 num
1265 2172 1330 2235 in
1374 2173 1808 2254 praesenti
1857 2190 2072 2236 rerum
2109 2171 2332 2235 ordine
2364 2170 2605 2235 meritis
2638 2169 2937 2250 congruis

307 2275 690 2355 precibusve
721 2277 1120 2342 naturalibus
1151 2278 1495 2361 impetrare
1526 2281 1846 2362 possimus
1893 2279 2171 2360 gratiam
2207 2277 2290 2341 ad
2324 2276 2599 2342 salutem
2630 2294 2936 2340 necessa-

307 2383 503 2446 riam:
536 2383 716 2465 atqui
749 2390 977 2448 contra
1005 2386 1539 2467 semipelagianos
1569 2386 1897 2451 definitum
1931 2392 2046 2461 est,
2081 2384 2244 2448 adeo
2280 2402 2423 2449 esse
2443 2383 2638 2447 modo
2660 2382 2931 2464 gratiam

309 2489 660 2569 gratuitam
691 2496 758 2554 et
788 2491 1009 2555 salutis
1040 2493 1341 2570 radicem,
1387 2500 1458 2558 ut
1488 2493 1552 2557 id
1583 2493 1719 2558 fieri
1749 2499 2028 2576 nequeat
2081 2492 2183 2579 (ct.
2219 2510 2313 2556 ex.
2346 2510 2433 2572 gr.
2469 2509 2648 2554 conc.
2683 2490 2935 2553 arausi-

310 2597 454 2660 cani
485 2614 630 2661 can.
666 2602 706 2666 6
737 2617 798 2662 n.
832 2600 1013 2686 69²);
1047 2600 1339 2682 quaestio
1374 2600 1579 2664 altera
1610 2600 1921 2682 logica:
1966 2600 2131 2664 sitne
2167 2598 2233 2663 id
2263 2598 2343 2663 de
2375 2598 2619 2678 gratiae
2652 2598 2933 2661 essentia

309 2704 372 2768 in
403 2725 443 2769 o
463 2725 529 2768 m
544 2705 625 2769 ni
658 2706 910 2772 ordine:
942 2708 1067 2772 hoc
1096 2726 1253 2773 vero
1286 2708 1615 2773 definitum
1634 2727 1764 2772 non
1785 2708 2052 2773 videtur.
2086 2706 2273 2770 Nullo
2295 2723 2447 2771 vero
2469 2712 2659 2787 pacto
2683 2704 2928 2784 gratiae

308 2815 637 2895 gratuitati
668 2815 1062 2892 adversatur,
1096 2817 1150 2879 si
1182 2822 1517 2893 statuatur,
1551 2816 1687 2898 ejus
1706 2816 2113 2896 largitionem
2134 2815 2236 2879 vel
2256 2812 2768 2878 distributionem
2794 2811 2932 2875 alli-

310 2923 441 3002 gari
470 2940 674 3004 saepe
705 2922 1177 2986 conditionibus
1225 2921 1328 2988 vel
1378 2923 1829 2987 occasionibus
1881 2921 2285 2987 naturalibus
2339 2939 2379 2984 a
2422 2920 2623 2985 libero
2671 2917 2934 2982 arbitrio

307 3028 753 3108 pendentibus
805 3030 957 3112 quin
1004 3030 1103 3094 his
1153 3030 1283 3094 ulla
1330 3031 1479 3093 insit
1527 3031 1691 3094 ratio
1744 3030 1881 3094 sive
1911 3028 2127 3094 meriti
2161 3029 2296 3093 sive
2328 3027 2775 3109 dispositionis.
2839 3025 2936 3088 Ita

306 3143 520 3216 potest
553 3136 696 3218 quis
731 3135 1032 3200 volitione
1064 3154 1239 3202 mere
1269 3136 1562 3213 naturali,
1596 3136 1988 3200 curiositatis
2022 3135 2250 3216 gratia,
2297 3135 2427 3198 imo
2460 3133 2930 3216 peccaminosa„

308 3241 484 3306 adire
517 3242 915 3320 concionem,
949 3261 1076 3326 qua
1107 3242 1335 3307 deinde
1367 3244 1572 3323 gratia
1604 3243 1866 3325 adjutus
1902 3243 2302 3307 convertitur
2337 3241 2418 3306 ad
2453 3242 2657 3306 fidem.
2705 3239 2930 3320 Quoad

308 3348 584 3430 primam
614 3355 869 3430 partem
902 3350 1169 3414 assertio
1203 3356 1426 3413 nostra
1457 3356 1554 3414 est
1585 3356 1812 3414 contra
1843 3369 1883 3431 p
1904 3349 2032 3415 ela
2048 3349 2238 3430 gian
2259 3367 2297 3412 o
2316 3370 2379 3424 s:
2413 3348 2616 3412 altera
2648 3354 2712 3412 et
2742 3348 2936 3412 tertia

309 3472 458 3537 pars
490 3461 590 3520 est
623 3462 850 3520 contra
894 3455 1640 3538 semipelagianos:
1687 3465 1923 3540 quarta
1973 3462 2201 3521 contra
2249 3456 2562 3538 quosdam
2599 3456 2933 3537 theologos

311 3561 587 3626 scholae.
652 3559 738 3625 Cf.
772 3561 1108 3627 Bastida
1141 3563 1311 3644 apud
1343 3563 1470 3627 Liv.
1504 3563 1778 3646 Meyer
1808 3563 1882 3641 V,
1918 3568 2038 3640 28:
2072 3561 2569 3647 Scheeben§
2610 3568 2752 3631 171.

487 3710 593 3774 68.
627 3704 1176 3774 Demonstrat-io
1210 3726 1280 3791 p.
1315 3706 1378 3773 Ι.
1416 3706 1476 3776 1.
1511 3704 1940 3771 Gratuitatem
1973 3706 2219 3786 gratiae
2240 3703 2569 3769 conciliari
2588 3723 2720 3768 non
2739 3723 2933 3785 posse

312 3829 455 3875 cum
488 3810 735 3876 meritis
780 3817 1049 3876 naturae
1095 3811 1175 3876 de
1220 3813 1555 3892 condign0‚
1602 3813 1915 3894 probatur
1962 3812 2377 3877 damnatione
2427 3811 2929 3893 pelagianorum,

312 3919 413 4000 qui
449 3917 877 3993 affirmabant,
910 3918 1181 4000 gratiam
1214 3919 1566 3985 secundum
1600 3921 1830 3985 merita
1861 3919 2056 3985 reddi.
2122 3919 2197 3984 Et
2241 3937 2486 3995 revera,
2534 3919 2737 4001 inquit
2784 3918 2929 3981 Au-

315 4044 348 4103 g
367 4045 407 4088 u
424 4024 699 4088 stinus
732 4025 812 4089 de
843 4026 1037 4105 gestis
1069 4026 1271 4107 pelag.
1304 4046 1363 4089 n.
1397 4032 1457 4101 4,
1498 4026 1743 4108 ,ipsum
1765 4028 2011 4107 gratiae
2031 4045 2269 4092 nomen
2291 4033 2354 4091 et
2376 4027 2512 4108 ejus
2532 4025 2808 4089 nominis
2830 4025 2927 4088 in-

314 4131 604 4195 tellectus
637 4129 936 4208 aufertur,
969 4132 1022 4196 si
1053 4151 1186 4196 non
1217 4133 1412 4213 gratis
1432 4133 1639 4209 datur,
1672 4134 1787 4198 sed
1820 4152 1965 4198 eam
1998 4136 2105 4216 qui
2138 4134 2362 4214 dignus
2396 4140 2493 4198 est
2525 4132 2823 4213 accipit3‘
2866 4139 2930 4196 et

312 4256 403 4318 ep.
438 4242 569 4306 217
605 4238 685 4300 ad
720 4237 999 4304 Vitalem
1032 4259 1091 4302 n.
1126 4244 1244 4308 25:
1303 4239 1742 4313 ,Manifestum
1777 4249 1891 4318 est,
1944 4260 2021 4306 ex
2055 4240 2175 4304 illis
2208 4240 2546 4305 duodecim
2579 4239 2926 4313 sententiis,

312 4362 468 4426 quas
501 4343 589 4407 ad
621 4345 1000 4408 catholicam
1036 4345 1226 4411 fidem
1256 4348 1573 4428 pertinere
1605 4365 1844 4428 negare
1891 4366 2022 4410 non
2067 4348 2292 4412 sineris
2341 4348 2527 4433 (quas
2574 4345 2653 4409 ib.
2702 4364 2927 4410 recen-

310 4451 575 4537 suerat),
608 4469 742 4514 non
772 4453 981 4516 solum
1014 4453 1331 4528 omnibus,
1366 4472 1587 4517 verum
1621 4454 1816 4519 etiam
1847 4454 2108 4534 singulis
2143 4455 2204 4517 id
2236 4453 2481 4530 confici,
2516 4460 2586 4517 ut
2617 4453 2925 4517 confitea-

308 4576 463 4631 mur,
498 4557 709 4637 gratia
740 4557 854 4624 Dei
884 4561 1242 4641 praeveniri
1274 4559 1636 4626 voluntates
1670 4567 1732 4625 et
1765 4579 1880 4642 per
1913 4561 2080 4625 hanc
2130 4580 2241 4626 eas
2293 4562 2504 4643 potius
2536 4560 2928 4642 praeparari,

302 4682 501 4745 quam
532 4670 800 4746 propter
832 4685 1053 4731 earum
1085 4668 1383 4732 meritum
1417 4668 1613 4732 dart«
