3538 5364
546 284 675 347 318
966 274 1152 328 Tract.
1181 274 1273 326 IX.
1302 273 1371 326 de
1399 272 1759 327 eucharistia.
1791 272 1989 325 Thesis
2018 272 2303 326 CCXXHl.
2328 271 2397 324 de
2424 270 2744 325 reverentia

735 461 881 525 350.
915 455 1464 524 Demonstrati«)
1498 476 1566 541 p.
1599 455 1740 524 111.
1804 453 2085 519 Plurima
2116 452 2393 518 inferunt
2423 460 2639 535 patres
2672 472 2750 517 ex
2784 453 3171 517 eucharistia

546 582 640 626 co
660 562 1031 640 rollaria,
1065 581 1232 645 quae
1266 569 1639 646 supponunt
1670 562 1911 626 realem
1945 563 2232 643 corporis
2265 568 2330 627 et
2361 560 2688 640 sanguinis
2719 561 3168 640 praesentiam.

729 692 789 757 l.
822 694 954 752 Huc
986 698 1259 770 spectant
1290 712 1440 769 quae
1472 693 1849 769 praecipiunt
1880 694 1952 751 de
1985 711 2216 751 summa
2246 693 2731 761 reverentia,
2777 710 2895 765 qua
2925 709 3033 750 nos
3066 711 3168 769 ge·

545 802 674 844 rere
722 784 889 843 decet
932 786 1198 858 tempore
1245 783 1658 842 celebrationis
1698 783 1852 841 tanti
1883 782 2152 858 mysterii
2169 777 2237 862 ²),
2284 799 2435 856 quae
2481 785 2541 838 et
2585 781 2780 839 arcani
2827 780 3171 857 disciplinae

545 872 913 932 occasionem
943 872 1221 948 praebuit
1253 868 1493 954 (3252),
1539 871 1604 931 in
1635 872 1844 948 primis
1875 890 2015 930 vero
2047 871 2480 939 ἀοι-6161611116,
2517 889 2634 945 qua
2664 870 3059 929 accedendum
3091 872 3171 929 sit

543 963 619 1020 ad
637 964 876 1021 tantum
898 964 1347 1033 sacramentum,
1383 962 1616 1037 qualem
1638 980 1946 1036 nunquam
1966 961 2055 1018 exi
2063 963 2217 1037 gunt
2235 978 2374 1036 erga
2393 958 2506 1018 alia
2524 963 2901 1019 sacramenta.
2945 960 3167 1018 Audia-

546 1056 649 1110 tur
681 1051 1031 1128 Cyrillus
1078 1051 1294 1109 hieros.
1335 1054 1446 1113 cat.
1481 1054 1657 1128 myst.
1694 1062 1748 1114 5.
1783 1070 1839 1113 11.
1878 1059 1988 1112 21:
2040 1049 2306 1119 ,Adiens
2351 1049 2557 1126 igitur,
2605 1069 2679 1128 ne
2724 1049 2998 1123 expansis
3046 1069 3169 1108 ma-

547 1160 736 1199 nuum
768 1140 938 1212 volis,
972 1159 1166 1216 neque
1197 1140 1512 1216 disjunctis
1545 1141 1754 1217 digitis
1787 1140 2024 1198 accede:
2060 1139 2164 1198 sed
2197 1138 2503 1198 sinistram
2524 1139 2690 1198 velut
2710 1139 2992 1197 thronum
3026 1139 3168 1197 sub-

537 1229 754 1305 jiciens
783 1229 1071 1298 dexterae,
1121 1232 1331 1305 utpote
1375 1248 1573 1306 regem
1619 1231 2019 1304 suscepturae,
2065 1232 2128 1287 et
2171 1246 2421 1287 concava
2466 1247 2650 1287 manu
2694 1228 2923 1303 suscipe
2955 1246 3168 1303 corpus

549 1319 780 1388 Christi,
813 1318 1209 1394 respondens:
1243 1320 1451 1377 Amen.
1498 1320 1823 1394 Postquam
1846 1322 2046 1376 autem
2079 1321 2249 1376 caute
2282 1318 2481 1377 oculos
2512 1320 2651 1375 tuos
2684 1317 2874 1376 sancti
2907 1318 3169 1392 corporis

546 1411 824 1466 contactu
857 1407 1334 1482 sanctificaveris,
1383 1407 1533 1466 illud
1564 1408 1814 1484 percipe,
1863 1407 2210 1484 advigilans,
2243 1426 2317 1466 ne
2351 1406 2498 1482 quid
2528 1426 2598 1465 ex
2631 1425 2699 1465 eo
2731 1407 2845 1465 tibi
2878 1406 3170 1482 depereat.

546 1497 716 1565 Quod
750 1497 909 1555 enim
942 1496 1292 1555 intercidere
1324 1497 1586 1571 patieriS,
1621 1497 1681 1555 id
1713 1496 1827 1555 tibi
1858 1499 2160 1571 tamquam
2193 1515 2261 1554 ex
2293 1496 2553 1573 propriis
2583 1495 2865 1555 membris
2899 1495 3169 1553 deminu-

548 1589 680 1644 tum
712 1590 874 1661 puta.
942 1585 1049 1643 Dic
1079 1586 1256 1656 enim,
1291 1604 1529 1661 quaem,
1565 1587 1612 1644 si
1647 1586 1786 1663 quis
1816 1586 1930 1644 tibi
1964 1586 2094 1644 auri
2125 1589 2396 1644 ramenta
2413 1585 2693 1656 dedisset,
2728 1603 2921 1644 nonne
2940 1602 3171 1643 summa

547 1675 823 1734 cautione
854 1692 921 1733 ac
968 1674 1281 1752 diligentia
1311 1678 1562 1746 teneres,
1609 1676 1894 1751 providus
1926 1694 2002 1734 ne
2036 1676 2181 1749 quid
2216 1674 2427 1734 horum
2457 1674 2572 1732 tibi
2604 1673 2843 1751 periret,
2891 1692 2957 1732 ac
3002 1673 3169 1732 dam-

547 1783 693 1822 num
726 1767 1034 1840 paterere?
1078 1782 1274 1822 nonne
1305 1766 1497 1823 multo
1529 1764 1762 1823 cautius
1795 1783 1860 1823 ac
1890 1764 2240 1841 vigilantius
2272 1764 2528 1840 curabiS,
2575 1783 2648 1823 ne
2693 1782 2761 1822 ex
2808 1782 2876 1822 eo
2920 1762 3033 1820 tibi
3074 1763 3167 1821 vel

549 1852 698 1912 mica
728 1851 1063 1923 intercidat,
1099 1853 1257 1929 quod
1293 1857 1386 1911 est
1414 1872 1558 1912 auro
1590 1872 1656 1912 ac
1687 1853 1940 1930 gemmis
1973 1854 2152 1931 longe
2184 1850 2567 1934 pretiosiusss)
2586 1856 2614 1910 ’ἓ
2679 1853 2827 1911 Τ11111
2860 1870 3002 1911 vero
3033 1856 3171 1928 post

547 1942 1020 2001 communionem
1044 1943 1301 2019 corporis
1322 1942 1541 2001 Christi
1561 1941 1768 2002 accede
1801 1947 1864 2001 et
1894 1942 1969 2001 ad
2001 1941 2315 2020 sanguinis
2348 1944 2660 2018 poculum:
2694 1961 2814 2001 non
2846 1941 3168 2000 extendens

548 2050 777 2101 1111111113,
827 2030 929 2090 sed
974 2049 1219 2107 pronae,
1267 2034 1327 2091 et
1371 2031 1734 2091 adorationis
1781 2051 1847 2091 ac
1890 2031 2288 2091 venerationis
2320 2032 2383 2089 in
2415 2032 2676 2109 modum,
2730 2031 2929 2090 dicens
2959 2033 3166 2101 Amen,

550 2119 956 2192 sanctificeris,
1004 2141 1072 2179 ex
1118 2121 1409 2198 sanguine
1456 2121 1673 2179 Christi
1719 2140 1958 2197 quoque
1991 2140 2248 2181 sumens.
2310 2121 2389 2178 Et
2432 2139 2567 2179 cum
2613 2121 2804 2179 adhuc
2835 2120 3012 2179 labiis
3044 2120 3168 2178 tuis

550 2210 829 2268 adhaeret
872 2228 939 2267 ex
985 2229 1053 2269 eo
1099 2210 1321 2279 mador,
1371 2211 1644 2269 manibus
1677 2211 2000 2288 attingenS,
2052 2213 2112 2270 et
2161 2211 2363 2269 oculos
2410 2214 2471 2268 et
2515 2210 2771 2269 frontem
2817 2211 2878 2268 et
2909 2209 3169 2285 reliquos

549 2317 756 2357 sensus
790 2299 1210 2374 sanctifica3).‘

773 2491 808 2559 ¹)
838 2487 921 2541 Cf.
951 2487 1046 2543 Ch
1066 2491 1537 2555 rysostomus
1564 2489 1713 2542 hom.
1745 2489 1814 2541 de
1843 2486 2066 2541 coemit.
2092 2491 2149 2541 et
2175 2504 2338 2541 cruce
2366 2506 2419 2545 11.
2448 2495 2510 2547 3;
2540 2488 2599 2540 111
2628 2487 2773 2557 Eph.
2799 2488 2856 2541 h.
2883 2495 2932 2544 3.

765 2572 805 2639 ²)
837 2568 917 2624 Of.
948 2568 1187 2622 eandem
1217 2569 1540 2622 cautionem
1569 2567 1833 2622 fidelibus
1860 2567 2214 2621 inculcantes
2242 2570 2285 2622 O
2304 2568 2420 2639 rig
2436 2585 2465 2622 6
2482 2587 2519 2620 11
2537 2585 2565 2621 6
2584 2587 2608 2622 3
2634 2570 2784 2625 hom.
2808 2576 2870 2624 13
2888 2570 2949 2621 111
2966 2568 3169 2626 Exod.;

550 2649 957 2706 Caesarius
997 2650 1192 2705 arelat.
1235 2665 1397 2704 serm.
1426 2657 1530 2707 300
1557 2649 1618 2703 111
1645 2650 1893 2721 append.
1920 2666 2083 2704 serm.
2124 2668 2165 2704 s.
2209 2652 2255 2703 A
2277 2668 2420 2721 ugu
2441 2648 2662 2712 stini;
2714 2649 3074 2706 Haterius
3113 2652 3171 2705 et

551 2732 592 2783 Β
611 2749 638 2786 6
656 2748 688 2784 a
707 2735 732 2785 t
748 2750 785 2786 u
801 2749 827 2785 s
852 2731 890 2787 1.
925 2739 946 2786 1
975 2730 1049 2783 ad
1078 2730 1426 2800 Elipandum
1457 2749 1510 2783 11.
1538 2734 1605 2787 97
1635 2730 1710 2800 (Μ
1729 2730 1803 2800 ig
1821 2749 1858 2783 n
1875 2747 1902 2783 e
1931 2738 2016 2795 96,
2045 2735 2184 2803 954).

762 2816 803 2883 3)
837 2812 1032 2876 ..Quod
1048 2811 1295 2879 Cyrillus
1314 2810 1610 2882 praecipit,
1628 2811 1825 2880 inquit
1844 2812 1888 2864 T
1905 2829 1936 2866 o
1955 2831 1992 2866 11
2011 2815 2036 2865 t
2051 2815 2076 2866 t
2092 2814 2121 2866 e
2137 2830 2166 2867 6
2186 2813 2248 2866 111
2266 2815 2443 2882 praef.
2463 2814 2535 2866 ad
2553 2814 2608 2867 h.
2629 2816 2755 2880 cat.‚
2776 2816 2844 2867 ut
2857 2814 3167 2880 antequam

548 2911 642 2948 ore
671 2896 931 2947 sumatur
957 2892 1122 2963 panis
1148 2909 1319 2956 sacer,
1343 2892 1524 2946 oculis
1544 2894 1935 2957 admoveatur,
1957 2896 2136 2962 utque
2157 2898 2462 2964 postquam
2484 2893 2661 2948 fuerit
2685 2911 2753 2947 ex
2773 2893 2946 2947 calice
2967 2897 3168 2964 epotus

547 2973 760 3026 Christi
798 2973 1049 3040 sanguis,
1078 2973 1347 3026 collectus
1374 2972 1576 3042 digitis
1600 2973 1917 3027 adhaerens
1943 2974 2112 3028 labiis
2138 2975 2353 3038 mador,
2382 2975 2583 3038 oculis,
2623 2975 2799 3029 fronti
2827 2975 2884 3028 et
2911 2972 3169 3027 sensibus

546 3053 888 3122 applicetur,
916 3053 974 3105 id
1003 3071 1130 3105 cum
1153 3052 1444 3122 singulare
1471 3054 1616 3108 forte
1636 3054 1823 3108 videri
1843 3055 2039 3126 possit,
2060 3054 2305 3110 aliorum
2321 3058 2621 3109 auctorum
2642 3054 2918 3125 exemplis
2938 3057 3024 3108 est
3041 3071 3167 3108 con·

547 3132 912 3186 firmandum.
941 3135 1021 3186 Ac
1050 3133 1235 3204 primo
1262 3134 1294 3188 J
1314 3152 1345 3188 o
1363 3152 1395 3187 a
1413 3154 1449 3188 n
1467 3153 1503 3187 n
1521 3151 1550 3188 e
1570 3155 1594 3189 s
1621 3134 1878 3191 Damaso.
1905 3137 1974 3190 de
2002 3136 2111 3190 fide
2139 3136 2358 3190 orthod.
2389 3136 2482 3200 IV,
2514 3143 2578 3192 13
2603 3153 2720 3190 non
2747 3138 2940 3191 oculos
2964 3135 3167 3199 solum,

551 3212 644 3265 sed
664 3215 722 3264 et
736 3212 890 3267 labia
910 3230 1009 3283 per
1026 3215 1286 3268 osculum
1305 3218 1362 3268 et
1379 3217 1624 3270 frontem
1644 3216 1858 3271 Christi
1876 3217 2101 3287 corpori
2118 3217 2406 3272 admoveri
2423 3217 2730 3288 praecipit:
2749 3219 2853 3271 Τοῦ
2868 3219 3169 3290 ἐσταυρωμέ-

544 3313 626 3346 νου
646 3297 704 3346 τὸ
724 3303 873 3366 σῶμα
897 3294 1237 3367 ὲπιδεξώμεθα
1267 3300 1354 3351 καὶ
1368 3299 1616 3361 ἐπιθέντες
1632 3297 1939 3370 ὀφθαλμοὺς
1968 3301 2053 3352 καὶ
2067 3300 2222 3373 χείλη
2250 3302 2336 3353 ’καὶ
2363 3303 2580 3371 μέτωπα.
2611 3308 2699 3352 τοῦ
2733 3301 2876 3352 θείου
2907 3299 3167 3370 ἄνθρακος

555 3377 933 3447 μεταλάβωμεν.
987 3374 1271 3439 ,Crucifixi
1299 3393 1506 3447 corpus
1530 3377 1894 3449 recipiamus,
1921 3379 2393 3448 applicantesque
2422 3379 2633 3443 oculos,
2659 3379 2813 3433 labia
2840 3381 2898 3432 et
2923 3380 3166 3433 frontem

546 3452 812 3507 divinum
841 3456 1144 3510 carbonem
1173 3469 1495 3512 sumamus*
1516 3457 1662 3529 (Huc
1679 3458 1824 3513 forte
1843 3461 2106 3530 spectant
2120 3459 2308 3522 verba,
2327 3477 2473 3528 quae
2491 3460 2828 3515 tribuuntur
2846 3479 2886 3514 s.
2908 3463 2957 3514 A
2970 3480 3055 3531 gn
3068 3461 3165 3514 eti

546 3535 604 3586 in
635 3534 756 3604 ejus
785 3536 1004 3590 officio:
1034 3537 1298 3607 ‚Sanguis
1327 3540 1450 3608 ejus
1478 3539 1708 3593 ornavit
1732 3557 1907 3609 genas
1934 3543 2142 3611 meas‘).
2171 3541 2214 3593 T
2231 3543 2267 3594 h
2286 3558 2315 3594 e
2332 3558 2363 3594 0
2381 3541 2416 3593 d
2436 3558 2467 3595 o
2484 3560 2512 3596 r
2528 3558 2557 3596 e
2574 3545 2650 3596 tu
2668 3560 2692 3595 s
2718 3541 2778 3594 in
2807 3542 3024 3597 Cantic.
3043 3551 3089 3606 1,
3112 3552 3166 3599 1:

547 3615 911 3680 ,Consideret,
940 3619 1224 3684 quomodo
1252 3618 1312 3671 in
1341 3622 1598 3688 tempora
1625 3621 2024 3689 mysteriorum
2055 3621 2245 3691 sponsi
2276 3624 2530 3677 membra
2551 3622 2924 3692 suscipientes
2952 3623 3165 3678 oscula-

545 3713 671 3749 mur
698 3700 756 3750 et
781 3696 1309 3767 circumplectimur
1335 3701 1393 3753 et
1419 3699 1599 3756 oculis
1624 3701 2010 3771 imponimus.‘
2040 3701 2178 3771 Ejus
2204 3702 2376 3757 moris
2401 3703 2631 3772 antiqui
2658 3704 2819 3758 testis
2846 3707 2932 3758 est
2950 3705 2995 3757 T
3011 3704 3050 3757 11
3067 3721 3096 3758 6
3113 3721 3167 3757 o·

544 3776 578 3828 d
598 3793 630 3828 o
647 3794 726 3830 ru
746 3795 771 3830 s
798 3777 1057 3832 Phurnes
1084 3780 1240 3850 apud
1269 3781 1391 3834 All
1412 3799 1444 3834 a
1461 3782 1575 3835 tiu
1592 3801 1648 3835 m
1677 3783 1713 3837 1.
1743 3790 1777 3837 3
1805 3783 1873 3837 de
1900 3800 2178 3838 consensu
2207 3788 2311 3838 etc.
2340 3803 2385 3838 c.
2421 3794 2465 3839 l.
2496 3795 2574 3842 15.
2603 3785 2684 3840 De
2711 3786 2891 3839 altero
2913 3803 3038 3848 usu,
3060 3786 3167 3841 col-

543 3859 753 3912 lectum
783 3874 811 3911 e
839 3859 1010 3913 labiis
1034 3864 1166 3929 post
1192 3862 1578 3932 sumptionem
1607 3863 1800 3917 calicis
1826 3864 2113 3918 madorem
2142 3866 2339 3929 0011113,
2367 3867 2545 3921 fronti
2566 3869 2623 3920 et
2641 3867 2881 3936 reliquis
2907 3868 3166 3922 sensibus

543 3938 875 4004 adhibendi,
903 3957 1034 3996 eum
1057 3942 1464 4010 Hierosolymis
1504 3943 1853 4014 singularem
1895 3964 2009 4000 non
2051 3946 2226 4001 fuisse
2266 3948 2441 4001 ritum
2487 3950 2855 4002 monumenta
2883 3949 3165 4003 nonnulla

545 4019 805 4075 suadent.
858 4021 1005 4075 Nam
1035 4019 1128 4091 C‘y
1147 4022 1380 4076 rillus
1418 4026 1557 4078 alex.
1590 4025 1624 4077 1.
1655 4032 1685 4079 2
1714 4025 2139 4096 Glaphyrorum
2178 4027 2239 4081 in
2268 4028 2368 4081 Ex.
2397 4048 2451 4098 p.
2483 4031 2584 4085 270
2612 4032 2666 4081 et
2697 4032 2815 4092 271,
2856 4029 2925 4081 de
2953 4028 3166 4083 Christi

544 4100 825 4169 sanguine
852 4117 886 4153 a
915 4102 1182 4156 fidelibus
1210 4106 1438 4173 sumpto
1467 4104 1759 4173 explicans
1803 4106 2041 4176 figuram
2069 4107 2368 4177 sanguinis
2413 4107 2552 4178 agni
2578 4109 2875 4162 domorum
2901 4106 3166 4178 postibus

545 4178 703 4244 illiti,
744 4180 828 4233 ait
867 4184 1060 4252 portas
1099 4185 1322 4237 nostras
1349 4185 1403 4237 h.
1432 4200 1478 4236 6.
1507 4201 1703 4238 36113113
1730 4185 1944 4239 Christi
1970 4188 2251 4257 sanguine
2278 4188 2455 4252 liniri,
2501 4192 2671 4263 θύρας
2695 4191 2747 4244 δὲ
2777 4193 2974 4262 νοήσεις
3001 4193 3092 4254 τὰς
3116 4191 3167 4244 ἂν

543 4263 666 4333 ἡμῖν
684 4261 950 4334 aiod-hcet<
976 4306 989 4318 .
1021 4303 1032 4315 .
1061 4302 1074 4315 .
1102 4279 1206 4332 per
1231 4280 1375 4331 quas
1402 4264 1631 4318 invadit
1656 4266 1915 4329 daemon,
1957 4266 2068 4320 nisi
2098 4267 2308 4322 Christi
2352 4270 2631 4338 sanguine
2661 4269 2958 4333 liniantur,
2986 4270 3042 4325 οὐ
3068 4275 3165 4341 γὰρ

542 4343 673 4416 ἦσαν
697 4348 1136 4415 κατακεχρισμὲναι
1161 4354 1232 4416 τῷ
1258 4347 1431 4417 αἵματι
1457 4347 1689 4417 Χριστοῦ.
1719 4345 1897 4411 Quem
1918 4348 2106 4402 locum
2135 4365 2267 4402 sane
2291 4365 2425 4419 prae
2446 4349 2628 4403 oculis
2649 4348 2913 4403 habuisse
2934 4350 3164 4404 videtur

543 4421 937 4477 Theodoru
959 4442 983 4476 s
1023 4425 1363 4480 Balsamo
1385 4444 1437 4490 n,
1465 4444 1592 4480 cum
1622 4427 1684 4481 in
1710 4444 1799 4497 ep.
1828 4428 1896 4481 de
1916 4428 2157 4497 jejuniis
2184 4447 2238 4484 n.
2269 4438 2336 4486 14
2380 4429 2754 4485 Cotelerii
2781 4447 3033 4486 monum.
3062 4433 3101 4482 t.
3131 4438 3163 4485 2

545 4520 598 4571 p.
631 4509 734 4557 503
775 4501 1074 4556 scriberet:
1123 4505 1211 4577 Τῷ
1236 4507 1410 4577 αἵματ’.
1450 4511 1536 4561 καὶ
1568 4518 1640 4580 τῷ
1666 4511 1861 4580 σώματι
1886 4510 2102 4580 Χριστοῦ
2122 4516 2211 4574 τὰς
2237 4521 2336 4565 τῶν
2361 4511 2657 4585 αἰσθήσεων
2681 4512 3010 4583 παραθΰροος
3026 4513 3163 4584 yffe—

556 4599 692 4653 μενοι
706 4585 792 4636 καὶ
807 4585 1095 4654 ἁγιζόμενοι.
1129 4586 1403 4654 ‚Inungen
1413 4590 1494 4639 tes
1513 4590 1573 4640 et
1588 4588 2007 4642 sanctificantes
2025 4606 2293 4643 sensuum
2310 4594 2632 4646 nostrorum
2648 4592 2859 4660 januas
2886 4590 3168 4661 sanguine

542 4667 600 4715 et
615 4678 849 4730 corpore
868 4661 1113 4718 Christi:
1138 4664 1182 4718 T
1199 4666 1233 4718 h
1253 4682 1282 4718 e
1300 4683 1332 4719 0
1349 4665 1384 4719 (1
1404 4683 1436 4719 o
1452 4685 1479 4719 r
1497 4686 1532 4720 u
1552 4685 1576 4722 s
1603 4667 1638 4722 S
1658 4673 1683 4722 t
1698 4687 1735 4722 11
1753 4668 1790 4720 (1
1809 4669 1829 4721 1
1845 4671 1916 4722 ta
1944 4669 2095 4722 hunc
2112 4687 2321 4724 morem
2339 4671 2570 4725 videtur
2586 4670 2909 4740 respexisse,
2928 4670 3065 4725 dum
3080 4670 3165 4724 ait

541 4759 702 4798 serm.
721 4748 789 4798 46
806 4764 816 4795 :
835 4742 1008 4806 ‚Neve
1027 4744 1181 4797 oculi
1198 4751 1445 4814 augusto
1458 4749 1738 4817 sanguine
1752 4748 1899 4819 piati
1910 4749 2465 4806 efferumccrnunto.‘
2485 4750 2630 4803 Eum
2644 4767 2874 4819 quoque
2887 4764 3022 4819 prae
3035 4765 3163 4805 ocu·
