3538 5364
1226 308 1339 345 non
1371 290 1583 360 pendet
1606 307 1638 342 a
1667 290 1778 343 fide
1806 252 2071 342 ministri.
2828 297 2958 362 255

345 494 650 556 novitas«
691 491 780 554 Ct'.
815 509 910 571 ep.
951 495 982 556 1
1019 490 1295 553 Siricii
1342 489 1426 554 ad
1457 489 1809 554 Himerium
1840 495 2158 551 tarracon.
2192 505 2243 549 c.
2283 492 2314 553 1
2353 488 2596 574 (opusc,
2630 486 2864 574 xvir),
2896 494 2959 550 et

335 599 388 662 A
408 619 447 661 u
465 619 501 678 g
517 619 560 661 u
578 598 748 663 stin
766 616 807 660 u
827 618 857 660 s
890 598 970 661 de
1000 597 1172 678 bapt.
1193 596 1286 673 111,
1310 604 1382 665 2:
1421 595 1648 675 ,Quod
1669 601 1730 660 et
1753 595 2151 660 consuetudo
2172 594 2495 659 Ecclesiae
2528 595 2795 676 pristina
2827 612 2957 658 non

336 706 629 770 habebat
662 705 1015 791 (baptizare
1048 703 1131 766 ab
1161 705 1506 770 haereticis
1554 705 1961 790 baptizatos),
2009 710 2074 769 et
2118 710 2348 785 postea
2392 700 2747 766 catholicus
2780 700 2957 765 orbis

330 823 657 877 terrarum
689 812 1138 877 robustissima
1167 812 1468 877 firmitate
1500 812 1943 877 consensionis
1977 810 2298 874 exclusit«
2357 808 2592 892 Nequit
2621 826 2777 889 ergo
2810 826 2959 872 sen·

330 921 540 984 tentia
571 919 872 1000 opposita
901 921 1147 984 censeri
1181 918 1577 1000 apostolicae
1610 918 1889 999 originiS,
1912 917 2024 982 sed
2044 917 2260 999 potius
2281 917 2613 981 doctrinae
2634 915 2959 980 revelatae

330 1028 683 1090 contraria.
718 1026 986 1107 Reliqua
1020 1045 1176 1090 vero
1210 1034 1617 1091 sacramento
1650 1026 1733 1089 ab
1767 1024 2111 1091 haereticis
2134 1024 2380 1088 collata
2399 1024 2643 1106 pariter
2682 1042 2824 1089 esse
2844 1040 2958 1085 va-

334 1132 487 1209 lida,
523 1135 761 1197 evincit
792 1140 929 1197 tum
960 1134 1180 1215 praxis
1212 1133 1536 1199 Ecclesiae
1568 1134 1925 1207 universae,
1960 1139 2093 1196 tum
2118 1131 2416 1211 analogia
2436 1149 2584 1194 cum
2606 1130 2957 1212 baptism03

341 1239 578 1303 suadet
613 1247 677 1304 et
706 1241 872 1304 ratio
905 1240 1107 1321 petita
1140 1249 1274 1304 tum
1307 1258 1385 1304 ex
1419 1258 1515 1316 e0,
1549 1240 1720 1322 quod
1753 1236 2042 1302 Christus
2074 1243 2631 1303 sacramentorum
2663 1238 2959 1319 princeps

332 1353 434 1410 est
464 1347 776 1424 minister,
809 1354 943 1411 tum
978 1347 1061 1411 ab
1093 1346 1411 1428 obJectivo
1442 1347 1666 1412 valore
1697 1353 1762 1411 et
1794 1347 2136 1410 sanctitate
2168 1351 2756 1409 sacramentorum:
2789 1343 2958 1406 unde

333 1472 567 1518 eorum
600 1452 887 1518 efficacia
919 1454 1351 1534 independens
1385 1461 1482 1517 est
1516 1473 1558 1517 a
1588 1454 1880 1517 ministro
1913 1453 2191 1517 homine.

514 1585 788 1643 Diximus
821 1584 1213 1643 assertionem
1258 1587 1520 1643 nostram
1568 1584 1759 1643 evinci
1806 1585 1972 1660 praxi
2021 1585 2436 1643 universae
2469 1584 2792 1653 Ecclesiae;
2840 1602 2957 1642 non

331 1675 494 1733 enim
530 1673 875 1745 diffitemur,
906 1673 1030 1732 fieri
1062 1673 1342 1749 potuisse,
1376 1676 1448 1731 ut
1478 1673 1754 1732 nonnulli
1788 1673 1859 1732 de
1893 1674 2090 1733 valore
2121 1677 2617 1733 sacramentorum
2651 1671 2723 1730 ab
2756 1672 2957 1731 haere-

330 1764 470 1822 ticis
505 1763 859 1821 collatorum
894 1762 1317 1833 dubitaverint,
1370 1766 1432 1821 et
1481 1762 1631 1821 forte
1683 1762 1905 1833 eadem,
1957 1767 2026 1821 ut
2072 1764 2521 1831 ordinationem,
2575 1761 2952 1820 iteraverint:

331 1852 599 1912 Ecclesia
632 1870 769 1911 vero
803 1851 1174 1910 universa
1203 1871 1511 1927 nunquam
1532 1851 1833 1911 dubitavit
1864 1856 1925 1911 et
1956 1853 2019 1911 in
2051 1852 2218 1929 praxi
2250 1853 2509 1911 valorem
2530 1851 2740 1909 horum
2765 1869 2957 1909 sacra·

328 1946 668 2001 mentorum
701 1940 963 2018 agnovit.
1028 1939 1215 2010 Quam
1247 1940 1541 1999 Ecclesiae
1573 1941 1799 2018 praxim
1845 1945 1906 2000 et
1948 1942 2126 2000 fidem
2171 1942 2320 2001 bene
2366 1940 2657 2016 expressit
2693 1942 2958 2016 Augu-

331 2032 599 2089 stinus
644 2033 850 2089 contra
894 2049 983 2105 ep.
1029 2030 1293 2088 Parmen.
1339 2029 1376 2087 l.
1427 2039 1460 2091 2
1510 2049 1557 2089 c.
1613 2039 1687 2092 13
1737 2049 1793 2093 n.
1832 2041 1944 2095 28:
1995 2031 2368 2107 ,Utrumque
2400 2033 2832 2089 sacramentum
2865 2034 2958 2089 est

331 2121 699 2195 (baptismus
744 2122 806 2177 et
850 2114 1192 2197 ordinatio),
1239 2123 1300 2177 et
1344 2119 1599 2194 quadam
1646 2121 2083 2179 consecratione
2130 2125 2455 2195 utrumque
2494 2118 2717 2178 homini
2751 2118 2957 2177 datur:

332 2210 490 2268 illud
524 2228 658 2268 cum
691 2208 1044 2284 baptizatur,
1079 2208 1241 2267 istud
1273 2226 1408 2267 cum
1441 2209 1782 2267 ordinatur:
1816 2209 2065 2285 ideoque
2098 2209 2158 2267 in
2180 2209 2477 2267 catholica
2496 2210 2818 2283 utrumque
2838 2226 2959 2267 non

334 2299 474 2357 licet
506 2298 728 2357 iterari.
779 2297 929 2356 Nam
962 2299 1012 2355 si
1044 2298 1280 2375 quando
1312 2316 1381 2356 ex
1411 2298 1543 2374 ipsa
1574 2302 1739 2373 parte
1760 2299 2069 2358 venientes
2101 2298 2280 2357 etiam
2313 2297 2634 2374 praepositi
2669 2316 2772 2372 pro
2804 2297 2957 2356 bono

334 2389 497 2463 pacis
531 2388 791 2447 correcto
826 2386 1162 2445 schismatis
1191 2402 1388 2446 errore
1419 2388 1679 2464 suscepti
1709 2392 1871 2458 sunt,
1918 2392 1979 2447 et
2024 2389 2076 2446 si
2121 2388 2318 2446 visum
2364 2390 2458 2446 est
2501 2404 2650 2461 opus
2693 2404 2839 2455 esse,
2889 2388 2959 2444 ut

335 2478 544 2535 eadem
575 2476 771 2535 officia
809 2480 1102 2553 gererent,
1152 2495 1302 2551 quae
1347 2476 1652 2553 gerebant,
1698 2496 1821 2536 non
1867 2482 2009 2536 sunt
2055 2495 2261 2536 rursus
2308 2476 2597 2545 ordinati;
2650 2474 2753 2533 sed
2804 2476 2959 2534 sicut

333 2566 674 2640 baptismus
708 2565 772 2623 in
803 2566 905 2633 eia,
948 2566 1034 2624 ita
1062 2566 1358 2624 ordinatio
1389 2566 1608 2624 mansit
1639 2567 1903 2643 integra:
1951 2567 2091 2642 quia
2134 2567 2198 2624 in
2242 2564 2609 2642 praecisione
2642 2564 2836 2622 fuerat
2868 2565 2956 2622 vi-

333 2656 507 2726 tium,
543 2654 703 2732 quod
736 2654 987 2714 unitatis
1018 2673 1156 2731 pace
1188 2657 1517 2714 correctum
1550 2659 1672 2714 est:
1719 2674 1842 2716 non
1888 2656 1950 2715 in
1998 2655 2396 2724 sacramentis,
2432 2672 2581 2730 quae
2615 2653 2957 2728 ubicunque

337 2750 499 2816 sunt,
535 2746 666 2821 ipsa
699 2751 859 2806 sunt.
908 2745 984 2803 Et
1013 2763 1148 2803 cum
1180 2744 1453 2821 expedire
1485 2746 1595 2803 hoc
1618 2746 1923 2821 judicatur
1951 2747 2260 2815 Ecclesiae,
2294 2750 2366 2803 ut
2396 2743 2720 2820 praepositi
2755 2762 2957 2802 eorum

331 2835 641 2894 venientes
673 2833 747 2892 ad
780 2834 1124 2893 catholicam
1143 2834 1486 2893 societatem
1518 2834 1768 2894 honores
1802 2853 1940 2894 suos
1970 2834 2054 2893 ibi
2087 2853 2206 2894 non
2237 2834 2686 2893 administrent:
2718 2850 2840 2891 non
2871 2833 2954 2891 eis

333 2933 531 2982 tamen
563 2925 696 3000 ipsa
725 2923 1119 2983 ordinationis
1150 2928 1512 2982 sacramenta
1543 2923 1961 2994 detrahuntur,
2010 2924 2112 2984 sed
2159 2927 2400 2982 manent
2439 2940 2621 2998 super
2650 2931 2808 2982 eosn‘
2876 2921 2956 2980 ef.

335 3016 382 3069 A
403 3010 672 3090 lgerus
715 3013 787 3072 de
821 3031 964 3071 sacr.
998 3031 1152 3089 corp.
1186 3016 1247 3071 et
1277 3032 1441 3088 sang.
1474 3013 1629 3072 dom.
1661 3013 1764 3071 lIl.
1809 3025 1830 3076 1
1873 3032 1949 3072 ss.
1984 3031 2181 3089 opusc.
2213 3016 2255 3073 t.
2287 3012 2497 3071 XXIII.
2543 3011 2956 3070 Franzelin

338 3102 420 3159 th.
461 3113 574 3170 153
622 3102 685 3160 in
732 3102 941 3177 primis
987 3103 1328 3177 Morgott
1360 3106 1500 3160 sect.
1538 3111 1570 3164 2
1607 3121 1652 3162 c.
1695 3114 1744 3165 1.
1780 3135 1863 3146 -
1899 3101 2068 3171 Quod
2103 3103 2153 3160 si
2187 3101 2346 3160 haud
2379 3101 2552 3177 pauci
2584 3104 2785 3175 patres
2819 3101 2956 3158 illo·

336 3210 469 3248 rum
502 3191 932 3250 haereticorum
964 3191 1269 3249 noluerint
1299 3191 1547 3267 probare
1587 3191 1900 3268 baptisma,
1948 3192 2053 3267 qui
2099 3191 2252 3249 circa
2298 3210 2373 3248 ss,
2420 3190 2733 3248 Trinitatis
2782 3190 2955 3248 fidem

336 3284 613 3338 errarunt
661 3275 761 3361 (ut
803 3280 1067 3338 ostendit
1111 3280 1345 3339 Ernst
1387 3281 1496 3337 Die
1541 3280 2340 3357 Ketzertaufangelegenheit
2383 3280 2447 3337 in
2492 3279 2600 3338 der
2643 3279 2957 3338 altchristl.

337 3369 553 3428 Kirche
585 3370 735 3427 nach
767 3369 1038 3445 Cypriam
1072 3369 1260 3427 Mainz
1301 3365 1511 3451 1901),
1558 3370 1619 3428 id
1666 3389 1787 3429 non
1832 3371 1970 3428 inde
2000 3373 2196 3429 ortum
2244 3373 2353 3437 est,
2402 3369 2561 3444 quod
2593 3369 2959 3444 putaverint.

341 3463 705 3517 sacramenta
735 3459 1062 3534 generatim
1107 3459 1181 3517 ab
1214 3458 1521 3517 haereticis
1555 3459 1769 3517 collata
1801 3478 1927 3518 esse
1958 3457 2220 3518 invalida
2252 3457 2527 3538 (aliorum
2563 3457 2722 3516 enim
2754 3458 2957 3516 haere-

338 3548 594 3605 ticorum
612 3547 979 3623 recipiebant
999 3542 1410 3629 sacramenta),
1445 3547 1548 3606 sed
1570 3548 1729 3623 quod
1750 3548 2106 3618 censuerint,
2140 3548 2275 3606 illos
2308 3546 2634 3605 haereticos
2667 3566 2785 3605 non
2820 3565 2956 3604 con·

339 3637 487 3694 ferre
518 3637 808 3711 baptisma
844 3637 1062 3694 Christi
1094 3641 1336 3713 propter
1369 3656 1547 3694 suum
1578 3637 1728 3695 circa
1759 3655 1836 3695 ss.
1868 3637 2215 3696 Trinitatem
2249 3655 2525 3698 errorem.
2577 3636 2655 3698 cf.
2680 3636 2957 3694 Zeitscbr.

339 3725 373 3787 f.
405 3726 462 3785 k.
496 3725 697 3787 Theol.
731 3725 909 3783 XXVI
945 3725 1187 3803 (1902),
1227 3736 1350 3788 376
1388 3744 1464 3784 ss,

518 3877 665 3929 292.
698 3862 1072 3933 Scholion.
1120 3870 1208 3927 De
1241 3871 1560 3928 intentione.
1595 3903 1678 3912 —-
1715 3870 1861 3928 Cum
1893 3888 2034 3945 ergo
2066 3887 2260 3944 neque
2282 3869 2569 3926 sanctitas
2590 3885 2784 3942 neque
2817 3868 2957 3924 fides

340 3957 679 4032 requiratur
709 3958 774 4016 in
803 3958 1078 4017 ministro
1111 3958 1184 4016 ad
1215 3957 1472 4016 validam
1494 3961 1994 4017 sacramentorum
2016 3957 2456 4026 confectionem,
2492 3956 2802 4031 quaeritur
2814 3957 2958 4030 jam,

341 4065 482 4103 num
516 4047 744 4121 aliquid
779 4048 989 4105 saltem
1021 4051 1256 4123 praeter
1288 4049 1642 4122 potestatem
1674 4065 1778 4105 seu
1811 4047 2240 4124 delegationem
2269 4045 2722 4104 ministerialem
2757 4044 2830 4103 ad
2864 4062 2955 4102 sa·

341 4141 638 4194 eramenta
659 4136 1051 4196 ministranda
1082 4137 1163 4194 sit
1193 4136 1625 4195 necessarium:
1660 4141 1720 4194 et
1751 4135 2190 4212 respondemus,
2225 4135 2297 4193 ad
2327 4136 2436 4193 hoc
2468 4138 2538 4192 ut
2569 4134 2743 4192 homo
2776 4134 2956 4191 ratio·

339 4243 471 4281 nem
504 4224 719 4283 induat
749 4225 1028 4296 ministri,
1070 4230 1303 4300 praeter
1331 4227 1689 4300 potestatem
1720 4225 2175 4284 ministerialem
2208 4225 2429 4299 requiri
2463 4224 2724 4299 aliquam
2756 4223 2954 4281 inten-

337 4313 580 4376 tionem.
645 4315 728 4372 De
760 4314 867 4372 hac
898 4318 1096 4373 autem
1127 4315 1345 4389 duplex
1377 4317 1470 4374 est
1500 4315 1930 4373 controversia:
1963 4314 2150 4371 altera
2178 4314 2463 4371 adversus
2494 4331 2628 4388 pro
2648 4316 2765 4370 tes
2783 4317 2912 4371 tan
2932 4345 2955 4354 -

338 4408 456 4460 tes
501 4421 688 4478 eaque
720 4402 941 4474 facilis;
988 4405 1175 4463 altera
1205 4405 1363 4462 inter
1392 4404 1698 4480 theologos
1730 4404 2067 4473 catholicos,
2102 4421 2291 4477 eaque
2321 4401 2569 4460 celebris
2602 4405 2663 4460 et
2695 4401 2956 4460 subtilis.

339 4489 508 4559 Quod
538 4492 859 4567 primam
891 4493 1126 4563 attinet,
1160 4493 1375 4570 dogma
1404 4495 1498 4551 est
1528 4493 1886 4551 catholicum
1907 4494 2201 4551 statutum
2232 4491 2582 4566 praesertim
2616 4492 2680 4548 in
2712 4491 2957 4549 concilio

336 4579 517 4638 trid.
552 4599 692 4639 sess·
735 4589 811 4643 14
844 4600 967 4658 cap.
1004 4592 1038 4645 6
1074 4585 1135 4640 et
1164 4601 1288 4640 can.
1327 4593 1359 4644 9
1397 4587 1459 4640 et
1489 4600 1626 4642 sess,
1666 4593 1696 4644 7
1734 4600 1780 4641 c.
1822 4592 1929 4643 11:
1981 4581 2085 4648 ,Si
2117 4580 2254 4655 quis
2287 4579 2519 4649 dixerit,
2567 4581 2628 4637 in
2661 4578 2955 4637 ministris

338 4669 481 4727 dum
502 4675 870 4729 sacramenta
889 4671 1214 4730 conficiunt
1232 4674 1292 4729 et
1311 4671 1639 4742 conferunt,
1672 4689 1797 4728 non
1814 4669 2039 4745 requiri
2057 4669 2448 4728 intentionem
2472 4668 2684 4726 saltem
2706 4667 2957 4726 faciendi

336 4758 498 4832 quod
531 4759 674 4818 facit
705 4760 981 4832 Ecclesia,
1029 4762 1095 4818 A.
1131 4761 1227 4818 S.«
1294 4761 1697 4820 Protestantes
1728 4759 1991 4834 quidem,
2034 4758 2358 4817 secundum
2394 4774 2542 4831 quos
2576 4756 2956 4815 sacramentis
