3538 5364
1184 291 1246 342 et
1268 289 1670 343 convenientia
1697 289 2090 345 confessionis
2823 296 2949 360 471

336 477 486 535 sunt
522 470 792 552 judices,
844 470 1091 545 medici,
1141 470 1410 533 ministri
1459 471 2016 545 reconciliationiS,
2061 478 2132 535 ut
2181 489 2297 553 pro
2331 469 2585 534 Christo
2635 470 2953 550 legatione

338 578 691 658 fungantur.
755 577 948 659 Atqui
979 578 1105 640 hoc
1136 583 1286 641 sunt
1311 577 1454 658 jure
1486 577 1702 642 divino
1724 585 1790 642 et
1809 585 2098 659 potestas
2118 577 2260 658 ipsa
2280 576 2544 657 originis
2564 584 2662 640 est
2682 577 2950 640 divinae.

335 685 495 748 Hinc
526 691 741 766 patres
774 703 1103 767 nunquam
1133 692 1491 767 provocant
1541 684 1624 748 ad
1673 692 2088 767 praeceptum
2139 684 2661 761 ecclesiasticum,
2710 684 2825 748 sed
2869 684 2953 747 ad

336 794 496 857 haec
528 809 813 868 munera,
847 790 930 855 ad
961 791 1161 856 verba
1192 791 1440 867 Christi,
1497 791 1579 855 ad
1627 791 2091 856 satisfactionis
2136 791 2610 866 necessitatem,
2659 808 2826 872 quae
2858 797 2957 855 est

327 898 486 979 juris
520 896 732 974 divini,
765 904 836 961 ut
866 903 1044 980 patet
1075 916 1153 961 ex
1190 898 1571 965 testimoniis
1603 898 1835 965 allatis.

512 1027 659 1091 487.
694 1021 1109 1104 Confessionis
1139 1026 1576 1094 convenientia.
1608 1063 1695 1073 —
1729 1022 2030 1088 Ceterum
2062 1022 2382 1087 consessio
2417 1021 2765 1086 admodum
2796 1039 2951 1084 con-

334 1136 646 1194 sentanea
677 1135 776 1194 est
808 1129 869 1200 1.
903 1137 1174 1194 naturae
1204 1130 1546 1195 humanae.
1611 1129 1792 1195 Sicut
1843 1131 2011 1194 enim
2043 1137 2277 1194 natura
2308 1129 2614 1210 organica
2645 1128 2952 1191 humores

333 1255 586 1318 pravos,
618 1254 956 1312 venenum,
990 1236 1205 1300 cibum
1237 1237 1625 1317 indigestum
1671 1237 1899 1318 ejicere
1946 1236 2184 1312 nititur,
2233 1242 2298 1300 et
2330 1236 2641 1317 ejectione
2671 1235 2954 1300 levatur:

333 1344 423 1408 ita
455 1342 857 1408 confessione
889 1349 1228 1424 peccatum
1261 1362 1339 1408 ex
1373 1345 1570 1407 animi
1603 1342 1868 1407 latebris
1916 1344 2193 1424 egeritur
2237 1361 2473 1424 magna
2519 1341 2950 1407 conscientiae

333 1451 726 1515 revelatione
758 1455 822 1515 et
854 1448 1314 1525 consolatione,
1347 1457 1420 1514 ut
1450 1451 1848 1533 experientia
1877 1451 2018 1531 ipsa
2051 1456 2340 1515 testatur.

508 1577 572 1643 2.
606 1573 1058 1639 Consentanea
1088 1581 1188 1639 est
1217 1576 1535 1640 consessio
1586 1576 1705 1656 ipsi
1751 1575 2079 1657 peccatori
2111 1575 2479 1648 christiano,
2528 1574 2636 1655 qui
2667 1574 2806 1655 ejus
2837 1591 2950 1637 ne-

331 1682 631 1746 cessitate
663 1682 981 1745 excitatur
1012 1700 1048 1745 e
1080 1699 1310 1745 somno
1342 1683 1627 1763 peccati3
1677 1682 2003 1762 obligatur
2035 1682 2119 1745 ad
2152 1681 2568 1745 scrutandam
2615 1680 2951 1743 conscien-

330 1790 487 1852 tiam
521 1795 586 1853 et
617 1789 1116 1852 examinandum
1148 1795 1389 1852 statum
1436 1790 1691 1854 animae
1722 1806 1898 1862 suae,
1935 1807 2067 1869 quo
2100 1794 2407 1868 procuret
2439 1788 2716 1851 salutem
2746 1804 2950 1859 suam,

331 1896 530 1977 fugiat
562 1896 956 1971 occasioneS,
991 1896 1296 1961 adhibeat
1328 1897 1550 1960 salutis
1584 1896 1799 1960 media
1831 1901 1896 1960 et
1915 1897 2251 1977 resipiscat
2284 1913 2324 1958 a
2354 1894 2655 1975 peccatiS,
2678 1912 2949 1976 quorum

331 2002 617 2066 omnium
649 2009 781 2065 tam
816 2001 997 2067 facile
1029 2020 1264 2084 magno
1298 2022 1416 2067 suo
1450 2003 1688 2066 damno
1744 2002 2164 2077 obliviscitur,
2214 2002 2335 2065 nisi
2385 2000 2803 2065 confessionis
2836 2018 2950 2063 ne-

331 2108 632 2173 cessitate
664 2108 747 2172 ad
778 2109 942 2174 haec
972 2109 1368 2190 praestanda
1398 2110 1712 2190 adigatur.
1757 2108 1971 2188 Quare
2004 2108 2170 2172 sicut
2202 2108 2413 2172 cultus
2446 2116 2746 2172 externus
2780 2107 2952 2171 fovet

333 2215 670 2290 internum,
702 2216 794 2279 ita
825 2215 1143 2281 confessio
1176 2216 1642 2281 contritionem.

509 2340 571 2409 3.
605 2339 1060 2405 Consentanea
1090 2348 1188 2405 est
1213 2341 1500 2421 justitiae
1533 2340 1821 2405 divinae:
1871 2359 2063 2404 omne
2112 2340 2279 2403 enim
2313 2346 2649 2421 peccatum
2682 2337 2946 2401 includit

327 2447 657 2529 quandam
687 2448 767 2510 in
785 2446 879 2511 ob
899 2466 933 2511 e
950 2447 990 2511 d
1007 2447 1026 2511 i
1043 2466 1078 2512 e
1094 2449 1203 2511 nti
1220 2466 1338 2511 am
1372 2455 1438 2512 et
1470 2467 1503 2511 s
1522 2468 1563 2512 u
1580 2468 1621 2530 p
1637 2467 1673 2512 e
1689 2468 1721 2512 r
1746 2448 1786 2511 b
1804 2448 1825 2511 i
1841 2466 1990 2524 am;
2022 2447 2362 2530 superbiae
2383 2447 2672 2512 medetur
2691 2443 2945 2508 confes·

327 2555 525 2617 sionis
557 2554 898 2629 humilitas,
933 2554 1438 2618 inobedientiam
1472 2562 1728 2637 reparat
1764 2561 2066 2636 prompta
2095 2554 2407 2636 subjectio
2440 2551 2562 2617 sub
2593 2551 2945 2616 sacerdotis

321 2660 580 2741 judicio.
642 2660 849 2741 Quam
883 2660 966 2726 ob
997 2680 1135 2726 rem
1167 2660 1342 2726 nulla
1375 2661 1728 2727 satisfactio
1776 2660 2178 2728 confessione
2225 2667 2327 2726 est
2372 2658 2614 2736 melior,
2660 2658 2747 2723 nil
2778 2658 2942 2723 adeo

326 2768 541 2849 placat
572 2768 906 2843 offensum,
940 2787 1133 2851 quam
1164 2769 1420 2832 humilis
1453 2768 1682 2850 culpae
1714 2770 1955 2851 agnitio
1989 2777 2054 2834 et
2085 2768 2418 2833 confessio.
2466 2768 2625 2831 Hinc
2658 2766 2828 2831 Deus
2862 2766 2943 2829 ad

330 2875 583 2938 veniam
616 2893 873 2956 pronuS,
906 2876 1279 2956 provocavit
1307 2874 1516 2940 Adam
1568 2876 1653 2940 ad
1684 2876 1941 2958 peccati
1973 2874 2443 2940 confessionem
2478 2870 2639 2940 Gen.'
2668 2880 2727 2949 3,
2760 2878 2833 2949 9;
2881 2879 2944 2936 et

326 2980 510 3045 Prov.
544 2984 648 3057 28,
688 2986 768 3049 13
799 2981 1096 3061 legimus:
1129 2981 1251 3059 Qui
1284 2982 1603 3045 abscondit
1634 2983 1865 3046 scelera
1899 3003 2019 3046 sua
2053 3002 2175 3045 non
2208 2983 2545 3066 diriqetur:
2596 2981 2703 3064 qui
2737 2987 2944 3044 autem

325 3087 641 3169 confessus
669 3087 867 3169 fuerit
898 3094 954 3150 et
987 3089 1305 3172 reliquerit
1337 3110 1433 3171 ea,
1465 3090 1965 3153 misericordiam
1997 3095 2414 3173 consequetur.
2462 3088 2531 3151 In
2564 3088 2705 3170 ipsa
2737 3087 2941 3151 socie-

325 3200 459 3258 tate
490 3194 655 3257 civili
687 3201 1048 3276 spontanea
1078 3196 1170 3259 rei
1202 3194 1522 3259 confessio
1555 3196 1806 3276 mitigat
1839 3201 1903 3259 et
1936 3196 2164 3260 minuit
2195 3195 2514 3261 vindictae
2547 3196 2837 3275 rigorem.

501 3341 668 3399 Belle
713 3341 990 3399 Petrus
1035 3341 1214 3402 bless.
1247 3361 1339 3418 op.
1374 3350 1409 3404 3
1445 3343 1759 3419 Compend.
1794 3343 1856 3401 in
1888 3344 2004 3402 Job
2038 3363 2083 3402 c.
2127 3356 2149 3406 1
2195 3340 2388 3425 (Mig.
2424 3353 2567 3413 207,
2605 3339 2787 3423 812):
2838 3342 2941 3411 ,Si

323 3432 627 3504 peccatum
647 3434 823 3488 tuum
843 3430 1088 3505 aperiaS,
1122 3430 1270 3490 dicit
1289 3432 1598 3501 Dominus,
1633 3450 1742 3508 ego
1762 3432 1918 3491 illud
1938 3434 2141 3507 operio
2162 3434 2283 3515 (Ps.
2309 3442 2409 3502 31,
2438 3428 2501 3513 5)
2521 3454 2533 3490 ε
2568 3433 2619 3490 si
2650 3432 2939 3508 agnoscis,

323 3518 593 3595 ignosc03
628 3518 680 3577 si
710 3537 967 3589 accusaS,
1000 3538 1245 3590 excuso;
1278 3521 1327 3578 si
1360 3524 1419 3578 te
1443 3521 1680 3596 judicas
1701 3524 1760 3580 et
1782 3522 2160 3592 condemnata,
2195 3526 2255 3581 te
2287 3540 2394 3580 nec
2416 3522 2642 3596 judicO,
2677 3539 2785 3579 nec
2803 3538 2940 3578 con-

323 3607 554 3670 demno.
602 3607 771 3677 Quod
804 3607 855 3666 si
887 3610 1277 3685 vosmetipsos
1300 3609 1668 3684 judicaretiS,
1704 3610 1852 3669 dicit
1882 3610 2203 3687 Apostolus
2240 3607 2326 3692 (1.
2360 3611 2483 3672 Cor.
2531 3622 2622 3677 11,
2660 3605 2787 3689 31),
2821 3628 2939 3667 non

324 3696 538 3771 utique
573 3697 1011 3771 judicaremini.
1076 3698 1263 3758 David
1312 3698 1561 3769 adulter,
1615 3699 1907 3758 homicida
1959 3703 2019 3757 et
2068 3699 2343 3775 proditor
2385 3702 2673 3775 arguente
2706 3699 2940 3756 Nathan

324 3785 628 3860 propheta,
663 3786 768 3860 qui
800 3790 1105 3862 peccatum
1137 3805 1315 3845 suum
1346 3788 1656 3846 humiliter
1686 3790 2048 3865 recognovit,
2082 3789 2288 3848 audire
2321 3790 2573 3847 meruit:
2620 3788 2939 3845 Transtulit

321 3893 360 3931 a
389 3882 443 3931 te
475 3875 762 3933 Dominus
798 3883 1103 3948 peccatum
1134 3883 1296 3934 tuum
1327 3870 1413 3958 (2.
1445 3877 1584 3953 Reg.
1627 3886 1721 3947 12,
1765 3876 1886 3955 13).
1952 3878 2090 3938 Saul
2123 3897 2277 3947 vere,
2313 3878 2418 3953 qui
2453 3876 2712 3935 Samueli
2743 3877 2934 3951 ipsum

319 3964 598 4040 arguenti
628 3964 884 4039 superbe
914 3966 1239 4040 respondit,
1285 3965 1546 4024 audivit:
1596 3965 1929 4025 Transtulit
1975 3987 2008 4025 a
2052 3972 2111 4025 te
2156 3967 2445 4025 Dominus
2477 3984 2731 4042 regnum
2763 3970 2937 4023 tuum

322 4047 408 4132 (l.
440 4052 580 4129 Beg.
620 4062 718 4122 15,
757 4049 886 4135 23).
950 4052 1043 4111 Ab
1074 4054 1260 4112 altero
1292 4058 1617 4130 peccatum,
1653 4055 1728 4113 ab
1757 4057 1945 4114 altero
1978 4057 2333 4115 translatum
2367 4059 2457 4114 est
2487 4062 2799 4131 regnum.‘

498 4190 565 4257 4.
601 4188 1052 4253 Consentanea
1084 4197 1182 4255 est
1212 4192 1595 4254 missioni
1629 4199 1693 4256 et
1725 4192 1834 4255 fini
1857 4192 2199 4269 Ecclesiae,
2232 4194 2414 4273 cujus
2435 4199 2537 4256 est
2556 4192 2786 4256 docere
2808 4210 2937 4255 non

322 4295 528 4359 solum
561 4296 843 4377 integras
875 4297 1188 4374 nationeS,
1221 4298 1333 4363 sed
1369 4304 1432 4362 et
1463 4298 1747 4379 singulos
1785 4317 2173 4380 promovere
2204 4300 2270 4363 in
2303 4299 2408 4362 via
2439 4298 2664 4362 salutis
2697 4305 2761 4363 et
2792 4318 2937 4380 per-

324 4401 631 4467 fectionis.
693 4402 784 4466 Eo
816 4422 969 4468 vero
1001 4404 1229 4468 melius
1261 4405 1487 4487 aliquis
1522 4405 1901 4486 discipulum
1931 4407 2168 4487 poterit
2199 4406 2547 4481 instituere,
2595 4424 2722 4488 quo
2755 4404 2937 4487 peni-

325 4509 450 4573 tius
482 4528 630 4573 eum
660 4510 1050 4590 cognoverit,
1085 4529 1210 4592 quo
1244 4511 1446 4591 magis
1492 4512 1614 4575 erit
1660 4518 1962 4592 expertus
2014 4520 2079 4577 et
2111 4513 2282 4577 dono
2316 4512 2717 4576 discretionis
2749 4512 2937 4592 spiri-

322 4621 503 4680 tuum
534 4616 879 4698 praeditus.
941 4617 1136 4699 Atqui
1171 4624 1542 4681 accuratam
1576 4618 1832 4682 animae
1864 4619 2296 4698 cognitionem
2330 4618 2604 4701 acquirit
2633 4618 2938 4681 sacerdos

322 4723 574 4789 sincera
602 4724 961 4805 peccatoris
992 4720 1425 4790 confessione:
1459 4724 1731 4807 ideoque
1765 4732 1989 4806 pastor
2025 4726 2388 4789 animarum
2421 4743 2576 4790 oves
2608 4724 2728 4788 sibi
2759 4742 2936 4789 com-
