3538 5364
1375 299 1715 368 partitiones
1744 297 1953 351 variae.
2884 303 2963 367 19

526 494 626 547 22.
659 486 754 544 Ad
783 487 1098 563 pleniorem
1132 486 1339 544 harum
1365 481 1753 561 partitionum
1788 486 2215 561 intelliqentiam
2245 487 2491 543 notetur
2521 497 2584 549 a.
2617 502 2795 542 unam
2828 502 2965 542 ean-

335 574 597 649 demque
630 594 763 634 esse
793 575 1063 653 gratiam,
1098 594 1248 650 quae
1280 574 1504 634 dicitur
1532 574 1812 643 excitam,
1848 574 2253 651 praeveniam,
2298 591 2564 648 operans,
2612 591 2859 632 vocans:
2905 577 2967 631 et

338 683 525 723 unam
558 664 942 740 eandemque,
976 683 1128 740 quae
1147 663 1366 723 dicitur
1382 663 1690 739 adjuvans,
1724 682 2062 739 cooperanS,
2097 663 2417 733 comitans;
2450 663 2788 738 promiscue
2806 662 2962 722 enim

340 754 488 812 haec
518 754 761 812 nomina
790 774 824 812 a
856 754 1128 829 patribus
1160 753 1531 812 adhibentur.
1597 752 1679 811 Ea
1722 757 1923 811 tamen
1968 750 2037 818 b.
2080 771 2201 812 non
2238 755 2384 811 sunt
2413 751 2806 829 tautologica3
2852 751 2965 811 etsi

342 843 508 901 enim
540 862 724 900 unam
755 842 1119 918 eandemque
1149 842 1401 920 gratiam
1432 842 1790 918 exprimunt,
1837 841 2016 901 aliter
2061 846 2241 918 atque
2286 841 2461 900 aliter
2505 860 2634 899 eam
2666 859 2772 916 pro
2803 840 2968 900 varia

345 932 422 990 ad
461 932 834 990 voluntatem
869 931 1209 1009 significant
1237 931 1543 991 relatione.
1608 930 1840 989 Dicitur
1870 931 2030 989 enim
2062 951 2116 990 v.
2148 949 2204 1007 g.
2238 931 2546 989 excitan
2566 949 2591 987 s
2610 975 2624 1000 ,
2672 932 2968 1005 quatenus

343 1019 760 1080 consideratur
791 1020 965 1079 homo
996 1021 1060 1079 in
1094 1024 1258 1080 statu
1289 1020 1499 1078 mortis
1534 1019 1867 1096 spiritualis
1899 1019 1995 1079 vel
2025 1019 2282 1096 teporis;
2330 1037 2640 1089 vocene,
2675 1023 2970 1094 quatenus

342 1110 524 1168 homo
556 1113 653 1168 est
684 1109 891 1169 devius
920 1130 953 1168 a
984 1110 1081 1168 via
1111 1114 1305 1181 recta;
1336 1114 1397 1169 et
1426 1114 1684 1184 utroque
1715 1109 1956 1168 nomine
1975 1109 2324 1187 designatur
2344 1108 2526 1167 simul
2544 1108 2724 1184 hujus
2746 1109 2969 1185 gratiae

346 1217 572 1257 munus
604 1202 668 1257 et
697 1199 851 1258 ratio
881 1199 1164 1258 formalia.
1210 1198 1445 1258 Dicitur
1474 1216 1654 1274 prae
1671 1199 2014 1269 veniens,
2047 1201 2343 1275 quatenus
2372 1197 2628 1257 hominis
2661 1197 2972 1275 praevenit

340 1307 704 1346 consensum
734 1292 797 1347 et
826 1288 1054 1359 merita,
1101 1306 1358 1363 eumque
1402 1307 1469 1346 ex
1516 1305 1576 1346 se
1608 1288 1784 1364 plane
1817 1288 2207 1363 impotentem
2239 1288 2311 1345 ad
2344 1305 2524 1363 opera
2555 1286 2768 1345 salutis
2802 1305 2969 1362 prae·

348 1379 522 1451 parat
552 1376 841 1453 novisque
872 1377 1124 1436 instruit
1154 1377 1402 1439 viribus.
1467 1376 1701 1436 Dicitur
1732 1396 2016 1453 operan
2034 1395 2060 1435 s
2079 1423 2095 1449 ,
2139 1380 2213 1436 ut
2255 1376 2311 1434 ei
2354 1375 2694 1434 vindicetur
2724 1374 2971 1434 causali·

346 1465 493 1523 tatis
514 1465 904 1542 principatus,
951 1480 1016 1529 c.
1050 1466 1253 1525 Gratia
1270 1466 1612 1525 nominibus
1632 1465 1826 1542 primo
1859 1467 1986 1525 loco
2017 1465 2324 1524 recensitis
2356 1483 2627 1540 expressa
2657 1464 2970 1523 accedente

349 1554 678 1613 voluntatis
709 1572 1002 1613 consensu
1046 1555 1115 1613 fit
1158 1555 1289 1629 (sed
1332 1548 1749 1638 inadaequate)
1781 1556 1988 1631 gratia,
2036 1574 2187 1631 quae
2223 1554 2564 1612 nominibus
2614 1553 2801 1612 altero
2843 1554 2970 1612 loco

347 1643 662 1702 recensitis
691 1644 1075 1719 exprimitur:
1116 1663 1256 1702 nam
1301 1664 1336 1703 a
1378 1644 1653 1720 patribus
1697 1645 1900 1703 eadem
1945 1644 2155 1722 gratia,
2201 1662 2352 1719 quae
2397 1643 2567 1718 prius
2612 1641 2973 1702 describitur

349 1750 583 1803 vocanS,
628 1734 1033 1806 praeveniens,
1081 1733 1396 1793 exhibetur
1444 1733 1688 1791 obtento
1738 1733 2070 1792 voluntatis
2121 1750 2410 1791 consensu
2455 1736 2517 1791 et
2561 1731 2971 1808 cooperatione

344 1820 660 1895 adjuvans,
697 1839 1014 1897 cooperans
1046 1827 1157 1882 etc.
1222 1822 1389 1892 Quod
1423 1822 1603 1881 etiam
1635 1822 1792 1881 clare
1823 1823 2132 1900 colligitur
2161 1841 2228 1881 ex
2261 1821 2499 1881 concilii
2530 1820 2971 1880 tridentini

346 1928 495 1968 sess.
533 1920 568 1971 6
604 1929 727 1986 cap.
764 1921 820 1972 5.
854 1921 889 1973 6
924 1915 985 1970 et
1015 1930 1140 1970 can.
1178 1922 1231 1973 5.
1289 1910 1369 1973 Cf.
1401 1911 1523 1969 Liv.
1559 1911 1810 1988 Meyer
1841 1911 1980 1975 hist.
2012 1911 2544 1969 controversiarum
2578 1910 2650 1969 de
2682 1910 2800 1968 div.
2832 1929 2966 1987 gra·

341 1998 468 2056 tiae
515 1999 754 2057 auxiliis
784 1999 880 2069 IV,
920 2008 1018 2062 22.
1085 1999 1252 2069 Quod
1299 1999 1505 2058 docere
1537 1999 1819 2058 videntur
1851 2004 1911 2058 et
1943 2019 1987 2059 s,
2019 2000 2339 2058 'rhomae
2372 1999 2551 2057 verba
2593 2011 2641 2061 1.
2678 2008 2712 2061 2
2748 2017 2804 2073 q.
2849 2009 2960 2062 111

340 2108 397 2144 a.
435 2096 472 2149 2
508 2086 581 2145 ad
616 2097 685 2149 4:
735 2089 868 2155 ,Ad
913 2092 1190 2164 quartum
1223 2088 1555 2159 dicendum,
1589 2088 1746 2163 quod
1775 2089 1966 2166 gratia
1997 2106 2246 2166 operans
2278 2092 2340 2147 et
2369 2104 2686 2164 cooperans
2718 2094 2812 2147 est
2842 2108 2966 2147 ea·

348 2177 516 2235 dem
562 2177 787 2254 gratia;
840 2178 944 2241 sed
991 2177 1393 2255 distinguitur
1436 2178 1762 2236 secundum
1798 2178 2060 2237 diversos
2092 2178 2410 2247 effectus3‘
2464 2196 2614 2253 quae
2657 2178 2853 2248 verba,
2902 2180 2972 2236 ut

348 2269 521 2341 patet
540 2285 609 2325 ex
632 2285 790 2343 corp.
809 2271 937 2336 art„
957 2267 1029 2325 de
1043 2267 1235 2345 gratia
1246 2267 1421 2326 etiam
1445 2265 1663 2325 actuali
1689 2266 1952 2343 intelligi
1971 2267 2207 2326 debent.
2239 2267 2316 2324 Et
2327 2285 2469 2325 sane
2479 2266 2678 2324 eadem
2695 2266 2800 2325 illa
2810 2266 2969 2325 salu·

348 2355 503 2414 tatis
535 2355 837 2432 cogitati0,
871 2375 1023 2431 quae
1055 2357 1351 2415 hominem
1384 2355 1550 2431 prius
1580 2359 1915 2431 torpentem
1947 2355 2019 2414 ad
2051 2356 2270 2415 bonum
2305 2374 2454 2432 opus
2487 2354 2781 2425 excitavit,
2831 2374 2970 2430 sup·

348 2444 557 2520 posito
588 2444 847 2503 hominis
879 2462 1183 2516 consensu,
1215 2464 1335 2504 non
1367 2447 1576 2517 cessat,
1611 2443 1714 2503 sed
1739 2445 1864 2519 jam
1897 2445 2046 2502 bene
2067 2451 2406 2521 operantem
2430 2444 2765 2515 comitatur,
2792 2445 2972 2519 juvat

341 2533 530 2609 eique
561 2538 936 2609 cooperatum
968 2554 1161 2610 neque
1194 2534 1300 2592 illa
1328 2534 1543 2606 virtus,
1578 2551 1757 2608 quam
1789 2534 1984 2609 gratia
2002 2534 2386 2609 praeveniens
2416 2532 2718 2592 voluntati
2751 2551 2970 2609 suppe-

344 2623 526 2694 ditat,
574 2626 646 2681 nt
689 2642 797 2699 par
839 2623 913 2682 ad
958 2623 1304 2682 salutariter
1334 2621 1699 2699 operandum
1730 2621 2032 2693 reddatur,
2065 2625 2266 2695 cessat,
2301 2621 2402 2681 sed
2435 2621 2741 2680 evidenter
2768 2640 2969 2699 perse-

352 2717 519 2771 verat
550 2712 614 2770 in
645 2712 953 2772 voluntate
977 2715 1101 2788 jam
1133 2715 1282 2772 bene
1303 2717 1601 2789 operante,
1635 2730 1884 2788 eamque
1908 2713 2112 2788 juvat:
2147 2716 2456 2789 propterea
2488 2713 2645 2770 enim
2679 2712 2815 2769 data
2844 2716 2966 2782 est;

344 2820 494 2878 ergo
524 2800 739 2878 gratia,
756 2821 906 2876 quae
938 2803 1105 2878 prius
1136 2807 1263 2861 erat
1282 2802 1682 2879 praevenien8‚
1716 2801 1920 2860 eadem
1943 2802 2068 2877 jam
2099 2807 2192 2861 est
2223 2819 2539 2878 cooperans
2571 2804 2632 2858 et
2661 2799 2968 2876 adjuvans.

352 2890 489 2948 Non
524 2894 727 2949 tamen
771 2909 1077 2966 negamus,
1124 2909 1250 2950 eam
1298 2891 1727 2967 cooperationis
1759 2890 2014 2950 decursu
2043 2910 2217 2969 posse
2249 2908 2522 2959 crescere,
2570 2888 2819 2959 intendi,
2865 2888 2969 2948 ad-

340 2979 523 3054 jectis
557 2980 727 3037 novis
758 2980 1266 3039 illustrationibus
1295 2979 1915 3057 inspirationibusque
1948 2980 2323 3057 opportuni3‚
2369 2984 2431 3038 et
2467 2978 2816 3054 praesertim
2847 2978 2965 3037 vir-

349 3068 504 3126 tutis
535 3068 1087 3129 subministratione
1118 3069 1419 3145 ampliari:
1466 3088 1604 3128 nam
1648 3070 1841 3147 gratia
1883 3070 2169 3145 adjuvans
2206 3070 2492 3145 importat
2520 3067 2830 3144 physicum
2874 3068 2966 3126 in-

354 3157 582 3215 fluxum
628 3157 905 3234 principii
952 3158 1419 3234 supernaturalis
1470 3158 1534 3216 in
1584 3165 1781 3216 actum
1827 3158 2238 3228 deliberatum,
2289 3176 2468 3234 quem
2514 3156 2774 3215 nondum
2825 3156 2968 3215 dicit

353 3247 552 3323 gratia
592 3247 875 3306 excitam.
940 3248 1192 3322 Propter
1235 3248 1393 3306 hunc
1437 3248 1726 3307 actualem
1776 3247 2082 3316 influxum,
2128 3267 2306 3323 quem
2352 3245 2701 3323 superaddit
2743 3246 2968 3322 gratiae

353 3354 515 3394 mere
548 3336 851 3408 excitanti,
900 3336 1016 3395 dici
1058 3340 1259 3412 potest
1288 3337 1481 3414 gratia
1510 3337 1797 3412 adjuvans
1840 3337 1925 3395 ad
1946 3341 2272 3410 aequate
2318 3340 2584 3411 spectata
2612 3334 2852 3393 realiter
2883 3333 2971 3392 di-

354 3424 592 3501 stingui
624 3444 658 3482 a
689 3417 884 3501 gratia
914 3425 1225 3496 excitante,
1260 3426 1679 3501 praeveniente
1712 3429 1822 3483 etc.
1886 3425 1968 3487 cf.
2001 3425 2132 3484 Pal
2152 3424 2375 3483 mieri
2408 3425 2487 3487 th.
2532 3435 2624 3487 18.

536 3567 639 3630 23.
675 3563 865 3626 Aliae
890 3566 1140 3646 qratiae
1171 3566 1444 3628 actualis
1461 3565 1859 3648 partitiones,
1893 3602 1979 3611 -—
2012 3562 2321 3626 Dividitur
2351 3563 2556 3643 gratia
2588 3562 2854 3626 actualis

531 3688 599 3758 4.
630 3689 695 3751 in
727 3687 1161 3753 medicinalem
1195 3696 1259 3753 et
1290 3692 1644 3771 elevantem,
1679 3707 1796 3770 pro
1830 3689 2064 3770 duplici
2108 3689 2270 3751 illius
2316 3706 2577 3753 munere
2623 3687 2974 3750 sanandi

352 3795 622 3858 vulnera
672 3802 947 3876 peccato
998 3795 1289 3876 originali
1336 3796 1590 3872 inflicta,
1640 3795 2070 3876 ignorantiam
2121 3801 2184 3860 et
2245 3794 2847 3876 concupiscentiam,
2909 3801 2973 3858 et

350 3902 745 3966 elevandi
790 3901 1132 3968 facultates
1177 3903 1432 3968 animae
1466 3903 1548 3966 ad
1581 3903 1925 3968 eliciendos
1975 3909 2157 3966 actus
2189 3902 2723 3983 supernaturales.
2787 3900 2972 3980 Quod

346 4008 695 4073 discrimen
727 4014 801 4071 ut
836 4015 1135 4072 accurate
1167 4009 1603 4090 perspiciatur,
1648 4010 1812 4075 haec
1857 4016 2190 4075 notentur:
2242 4028 2309 4076 a.
2341 4027 2538 4072 unam
2571 4009 2970 4090 eandemque

344 4115 627 4196 gratiam
658 4120 1001 4195 utrumque
1033 4114 1213 4179 obire
1245 4132 1436 4195 posse
1468 4134 1717 4192 munuS,
1766 4115 1914 4178 hinc
1946 4114 2379 4179 necessarium
2426 4133 2556 4177 non
2589 4133 2730 4179 esse
2764 4115 2969 4196 dupli-

340 4239 495 4285 cem
525 4239 784 4302 semper
822 4238 1183 4302 supponere
1234 4221 1504 4301 gratiam
1554 4240 1622 4284 re
1673 4221 2070 4296 distinctam;
2120 4223 2188 4288 b.
2222 4227 2468 4284 certum
2514 4240 2655 4286 esse
2687 4221 2752 4284 in
2783 4240 2970 4303 prae-

344 4328 520 4392 senti
550 4347 768 4393 rerum
804 4327 1024 4392 ordine
1059 4328 1333 4392 eandem
1366 4328 1655 4407 gratiam,
1687 4328 1742 4390 si
1773 4346 1905 4391 non
1937 4346 2209 4409 semper,
2245 4346 2439 4409 saepe
2461 4329 2688 4392 saltem
2709 4328 2970 4391 medici-

346 4435 568 4500 nalem
599 4435 788 4498 simul
824 4453 966 4500 esse
987 4441 1051 4499 et
1072 4435 1428 4498 elevantem
1448 4455 1463 4509 ς
1496 4452 1557 4502 c.
1588 4433 1712 4496 hac
1739 4451 1895 4497 vero
1917 4434 2309 4515 proprietate
2330 4433 2596 4514 gratiam
2619 4433 2972 4514 praesentis

346 4541 595 4605 ordinis
627 4541 940 4622 distingui
970 4559 1011 4604 a
1042 4540 1246 4622 gratia
1276 4546 1413 4604 tum
1443 4539 2008 4622 protoparentibus
2054 4547 2203 4605 ante
2251 4539 2519 4621 lapsum,
2565 4547 2702 4605 tum
2734 4541 2971 4621 angelis

348 4647 609 4724 collata,
647 4665 820 4730 quae
850 4667 981 4712 non
1002 4647 1117 4712 fuit
1137 4647 1549 4724 medicinaliS,
1570 4647 1683 4712 sed
1704 4647 1963 4713 elevans
1982 4648 2323 4717 tantumd.
2357 4646 2616 4711 Certum
2638 4648 2786 4712 item
2810 4666 2968 4722 esse,

345 4756 629 4837 gratiam
682 4774 828 4820 esse
878 4774 1067 4837 posse
1118 4755 1579 4833 medicinalem,
1630 4753 1783 4836 quin
1833 4755 1915 4818 sit
1965 4756 2253 4820 elevans:
2305 4773 2457 4818 nam
2489 4753 2675 4827 DeuS,
2726 4753 2786 4814 in
2841 4751 2965 4814 alio
