3538 5364
1230 253 1299 306 dc
1326 254 1571 307 essentia
1599 252 1862 307 sacrificii
1894 252 2116 307 missae.
2845 262 2977 326 403

537 439 684 502 419.
718 438 782 504 6.
814 431 1121 511 Quamvis
1153 434 1276 498 hae
1308 435 1666 499 sententiae
1700 433 1857 498 satis
1889 432 2073 509 bene,
2095 432 2149 496 si
2172 432 2335 498 torte
2358 439 2656 516 quartam
2678 435 2977 516 excipias·

360 542 679 606 rationem
711 539 1008 603 sacrificii
1041 540 1444 605 eucharistici
1479 540 1816 621 explicent,
1847 539 2024 604 hisce
2057 539 2162 603 alii
2194 539 2482 609 nondum
2504 546 2655 605 sunt
2672 520 2976 619 contenti,

358 648 622 729 plenius
669 646 982 723 subtilius,
1030 646 1417 727 ingeniosius
1450 647 1737 711 nituntur
1768 646 1945 710 illam
1978 646 2300 711 illustrare
2332 653 2404 710 ut
2435 646 2647 728 Lugo
2681 649 2717 711 l.
2749 665 2801 711 c.
2834 668 2881 712 s.
2915 653 2976 725 5,

359 755 736 837 praeprimis
770 753 1208 819 Franzelin
1241 754 1326 817 th.
1369 761 1478 830 16;
1543 752 1943 835 Stentrup
1980 755 2066 819 th.
2098 758 2184 823 95
2218 762 2281 818 et
2312 752 2564 819 Sasse
2597 754 2684 818 th.
2719 759 2804 824 32
2837 763 2975 831 etc,

358 880 631 944 quorum
663 861 982 925 sententia
1016 860 1097 924 ad
1130 861 1291 925 haec
1313 861 1606 925 revocari
1628 866 1841 941 potest
1862 860 2102 941 capita:
2135 880 2202 928 a.
2224 859 2323 922 Ad
2343 859 2634 924 sacrificii
2655 862 2972 925 rationem

362 985 594 1031 revera
624 967 841 1049 aliqua
875 967 1221 1050 requiritur
1251 968 1344 1031 rei
1376 967 1758 1031 destructio:
1809 968 1876 1030 in
1927 967 2225 1030 omnibus
2260 966 2427 1032 enim
2459 966 2784 1031 sacrificiis
2815 968 2978 1031 haec

358 1074 670 1156 reperitur
686 1072 908 1137 forma.
942 1074 1115 1139 Haec
1136 1080 1351 1138 tamen
1387 1075 1458 1141 b.
1495 1074 1847 1138 destructio
1882 1091 2013 1136 non
2033 1072 2226 1138 debet
2245 1090 2386 1137 esse
2405 1091 2659 1155 semper
2678 1073 2976 1155 physica;

360 1181 589 1245 sufficit
633 1181 1197 1261 aequivalens
1243 1180 1524 1255 moralis,
1557 1179 1649 1243 ita
1680 1179 1809 1242 scil.
1843 1184 1915 1242 ut
1944 1178 2008 1241 vi
2042 1178 2313 1242 actionis
2346 1179 2735 1243 sacrificialis
2767 1180 2979 1243 hostia

359 1295 639 1369 ponatur
671 1288 734 1351 in
767 1294 939 1351 statu
973 1287 1299 1352 decliviori
1332 1294 1396 1351 et
1428 1287 1713 1351 humano
1747 1286 1943 1349 modo
1965 1285 2235 1361 desinat,
2257 1287 2562 1350 utvinum
2585 1286 2893 1349 effusione
2913 1287 2978 1349 in

361 1394 790 1460 libationibus.
856 1393 1035 1459 Unde
1069 1414 1131 1464 c.
1163 1395 1376 1477 liquet,
1422 1394 1628 1477 inquit
1659 1394 1852 1475 LugO,
1908 1394 2269 1476 ¹,quomodo
2321 1394 2807 1458 consecratione
2839 1394 2980 1474 ipsa

359 1500 753 1572 sacrificetur
783 1517 1019 1582 corpus
1056 1501 1320 1566 Christi:
1370 1520 1522 1566 nam
1556 1502 1702 1565 licet
1744 1499 2231 1564 consecratione
2265 1518 2394 1564 non
2427 1499 2793 1565 destruatur
2823 1500 2978 1563 sub-

361 1608 763 1683 stantialiter,
795 1608 909 1671 sed
943 1614 1161 1672 tamen
1195 1609 1542 1673 destruitur
1574 1608 1858 1671 humano
1892 1606 2104 1679 modo,
2139 1613 2455 1687 quatenus
2486 1607 2716 1689 accipit
2737 1613 2979 1671 statum

363 1715 773 1780 decliviorem
806 1722 872 1778 et
905 1715 1118 1790 talem,
1153 1733 1279 1797 quo
1315 1715 1624 1779 reddatur
1655 1713 1876 1777 inutile
1907 1713 1990 1776 ad
2023 1732 2178 1775 usus
2210 1712 2530 1776 humanos
2551 1715 2837 1795 corporis
2858 1714 2976 1777 hu-

364 1823 539 1888 mani
572 1831 635 1888 et
668 1830 889 1906 aptum
924 1824 1006 1888 ad
1040 1824 1199 1887 alios
1232 1823 1522 1887 diversos
1572 1841 1725 1885 usus
1767 1839 1881 1901 per
1931 1820 2196 1883 modum
2237 1819 2393 1895 cibi3
2445 1838 2644 1902 quare
2694 1821 2977 1885 humano

364 1932 558 1996 modo
595 1930 765 1995 idem
799 1938 895 1995 est
928 1948 1003 1993 ac
1037 1931 1091 1994 si
1111 1930 1291 1994 fieret
1310 1949 1498 1995 verus
1518 1930 1703 2012 panis
1725 1934 1790 1992 et
1809 1934 2146 2008 aptaretur
2165 1945 2241 1990 ac
2261 1927 2632 1991 condiretur
2652 1928 2715 1991 in
2736 1927 2979 1991 cibum:

365 2057 530 2121 quae
562 2040 833 2104 mutatio
867 2038 1189 2104 sufficiens
1223 2045 1321 2104 est
1353 2039 1435 2101 ad
1470 2057 1690 2103 verum
1723 2035 2141 2111 sacrificium3
2187 2034 2323 2099 sieri
2370 2036 2538 2099 enim
2583 2034 2978 2099 comestibile

363 2145 534 2221 illud,
568 2146 740 2227 quod
773 2164 901 2209 non
934 2151 1075 2210 erat
1105 2143 1522 2220 comestibile,
1572 2150 1636 2208 et
1684 2144 1775 2207 ita
1823 2142 1958 2207 fieri
2008 2141 2421 2218 comestibile,
2473 2149 2544 2206 ut
2568 2141 2703 2223 jam
2736 2160 2867 2206 non
2899 2143 2981 2206 sit

364 2253 516 2316 utile
550 2252 633 2316 ad
665 2253 825 2315 alios
858 2272 1011 2317 usus
1044 2252 1165 2315 nisi
1196 2269 1313 2333 per
1344 2251 1605 2316 modum
1640 2248 1765 2313 cibi
1783 2252 1848 2336 ¹),
1880 2248 2087 2330 major
2119 2248 2390 2312 mutatio
2425 2253 2542 2325 est,
2579 2266 2774 2330 quam
2796 2249 2979 2324 aliae,

369 2377 535 2441 quae
568 2379 647 2424 ex
680 2360 1006 2422 communi
1036 2358 1370 2423 hominum
1403 2364 1618 2423 mente
1651 2356 2053 2421 sufficiebant
2082 2355 2165 2419 ad
2185 2374 2409 2419 verum
2428 2355 2863 2420 sacrificium.‘
2904 2355 2979 2419 Et

362 2484 589 2530 revera
620 2468 686 2535 d.
720 2466 783 2528 in
817 2484 894 2531 eo
928 2466 1178 2531 videtur
1208 2464 1582 2545 reponenda
1614 2464 1898 2529 essentia
1918 2462 2210 2527 sacrificii
2229 2461 2483 2539 missae,
2519 2462 2691 2543 quod
2711 2462 2979 2526 efficitur

363 2573 879 2636 consecratione:
912 2570 1311 2637 ostendimus
1344 2571 1513 2634 enim
1546 2569 2035 2634 consecratione
2065 2567 2284 2650 perfici
2315 2566 2699 2631 sacrificium
2735 2586 2793 2630 n.
2828 2573 2976 2637 415.

365 2679 559 2762 Atqui
589 2680 653 2743 vi
684 2678 1188 2745 consecrationis
1237 2696 1368 2742 non
1412 2676 1624 2741 solum
1672 2682 2001 2758 ponuntur
2048 2693 2280 2757 corpus
2331 2680 2396 2740 et
2440 2674 2702 2756 sanguis
2749 2674 2978 2740 Christi

367 2786 712 2850 distinctim
744 2787 863 2850 sub
897 2785 1233 2867 speciebus
1265 2785 1451 2865 panis
1484 2792 1547 2848 et
1577 2783 1723 2859 vini,
1757 2783 1872 2878 sead
1912 2783 2108 2846 etiam
2128 2800 2243 2864 per
2262 2782 2524 2845 modum
2545 2780 2671 2845 cibi
2690 2787 2754 2846 et
2772 2788 2980 2864 potuS,

368 2900 439 2956 ut
468 2895 716 2974 possint
750 2894 811 2956 in
844 2893 1100 2956 animae
1132 2889 1543 2956 refectionem
1577 2890 1758 2953 sumi.
1824 2889 2032 2968 Quam
2080 2888 2464 2953 sententiam
2510 2907 2571 2956 e.
2622 2895 2838 2969 patres
2883 2889 2980 2952 in-

368 3006 589 3075 nuunt,
621 3017 765 3063 cum
798 2998 1309 3062 immolationem
1340 2997 1735 3076 distinguunt
1782 3013 1822 3058 a
1870 2995 2365 3060 manducatione
2397 3001 2462 3060 et
2493 2995 2984 3076 participatione

367 3106 675 3181 sacrificii,
708 3106 800 3170 ita
829 3113 902 3170 ut
934 3105 1286 3169 immolatio
1320 3103 1667 3185 praecedat
1699 3107 2031 3184 tamquam
2063 3101 2474 3183 praeparatio
2508 3101 2633 3164 cibi
2663 3100 2854 3181 hujus
2886 3101 2984 3165 di-

369 3212 498 3275 vini
533 3231 610 3275 ac
642 3221 861 3293 potus:
894 3210 1307 3275 manducatio
1329 3210 1453 3272 cibi
1474 3208 1913 3273 immolatione
1932 3209 2302 3289 praeparati
2324 3215 2635 3290 sequatur
2654 3214 2986 3291 tamquam

372 3319 670 3383 victimae
701 3319 1138 3401 participatio:
1171 3325 1365 3399 atque
1400 3316 1542 3380 ideo
1575 3315 1837 3379 victima
1869 3315 2199 3378 immolata
2233 3316 2566 3381 ordinetur
2597 3316 2680 3381 ad
2715 3317 2985 3381 mandu-

370 3426 693 3489 cationem
727 3442 805 3488 ac
837 3425 1183 3507 potionem.

373 3682 633 3752 gleichen
660 3682 736 3736 ist
761 3681 840 3735 im
870 3683 1151 3736 Momentc
1179 3680 1278 3733 der
1306 3677 1707 3732 Consecration
1746 3677 1879 3747 jede
1910 3677 2076 3730 Faser
2102 3677 2200 3730 des
2229 3675 2432 3731 Leibes
2458 3677 2592 3731 Jesu
2623 3696 2733 3732 von
2761 3679 2861 3732 der
2889 3697 2991 3734 we·

374 3761 617 3815 sentlich
643 3761 907 3830 gleichen
934 3761 1256 3830 Opferliebe
1284 3758 1653 3828 durchgliibt,
1694 3759 1910 3813 welche
1953 3758 2038 3812 als
2067 3758 2426 3813 brennender
2451 3758 2712 3813 Schmerz
2751 3758 2813 3812 in
2838 3759 2993 3813 allen

376 3841 586 3896 Fibern
626 3842 723 3895 des
761 3858 851 3895 am
880 3841 1097 3895 Kreuze
1139 3839 1484 3909 hangeuden
1508 3837 1861 3907 Opferleibes
1901 3837 2104 3908 gluhte
2146 3838 2267 3890 und
2294 3838 2554 3891 brannte.
2603 3837 2732 3890 Und
2760 3856 2857 3891 um
2883 3837 2995 3893 den

376 3919 699 3989 Glaubigen
725 3938 794 3974 zu
823 3922 1139 3991 verbm-gen
1169 3919 1288 3972 und
1316 3916 1516 3972 soweit
1540 3917 1795 3988 moglich
1821 3917 1914 3969 f'ur
1933 3915 2026 3972 die
2048 3915 2221 3972 Sinne
2243 3916 2639 3980 darzustellen‚
2665 3917 2795 3970 dass
2814 3919 2876 3970 in
2896 3917 2996 3970 der

377 4000 778 4055 Consecration
806 4002 934 4054 dem
962 4000 1168 4054 Wesen
1199 3998 1342 4052 nach
1370 3998 1471 4051 das
1499 3996 1731 4050 Gleiche
1773 3996 2054 4066 geschehe
2093 3995 2200 4050 wie
2241 3995 2476 4060 damals‚
2514 4015 2599 4052 wo
2626 3997 2726 4051 der
2753 3996 2995 4053 Heiland

375 4080 498 4134 sein
524 4079 664 4134 Blut
688 4096 935 4151 vergoss‚
964 4080 1106 4133 wird
1148 4095 1207 4132 er
1248 4078 1311 4131 in
1337 4078 1436 4131 der
1464 4077 1868 4132 Consecration
1909 4077 2074 4130 nicht
2117 4079 2263 4131 etwa
2309 4077 2430 4130 blos
2469 4081 2639 4130 unter
2681 4076 2780 4131 der
2827 4077 2997 4132 Brod-

378 4163 606 4234 gestalt,
632 4162 876 4217 sondern
905 4162 1047 4216 wird
1075 4179 1135 4216 er
1161 4161 1223 4216 in
1250 4162 1349 4215 der
1376 4161 1543 4215 Form
1585 4161 1686 4213 der
1713 4160 2027 4230 'l'rennung
2071 4158 2515 4230 gegenwartig.“
2569 4158 2745 4224 Quam
2777 4162 2998 4214 senten-

379 4243 521 4296 tiam
549 4243 798 4310 probant
823 4258 1052 4310 quoque
1078 4241 1221 4296 Sim
1238 4257 1315 4294 ar
1341 4240 1544 4293 Lehrb.
1572 4240 1672 4292 der
1691 4239 2007 4309 Dogmatik
2033 4248 2060 4305 ς
2087 4248 2184 4295 155
2212 4242 2270 4292 et
2296 4238 2339 4290 B
2356 4237 2375 4290 i
2394 4255 2423 4292 c
2439 4238 2477 4291 k
2493 4255 2522 4292 e
2541 4239 2595 4293 ll
2621 4239 2887 4296 Zeitschr.
2909 4240 3000 4293 fiir

380 4322 540 4376 katb.
566 4321 877 4392 Theologie
910 4327 1045 4378 1880
1074 4338 1205 4391 pag.
1241 4328 1338 4376 109
1366 4339 1426 4384 s.,
1467 4320 1563 4373 sed
1592 4321 1663 4373 cf.
1690 4320 1724 4374 S
1742 4322 1767 4373 t
1788 4337 1816 4373 e
1834 4338 1867 4371 n
1889 4322 1956 4373 tr
1973 4337 2009 4371 u
2028 4338 2064 4388 p
2092 4319 2161 4371 de
2190 4318 2374 4373 Verbo
2402 4319 2619 4373 incarn.
2646 4339 2702 4390 p.
2729 4320 2780 4373 II
2805 4321 2891 4376 th.
2914 4326 3002 4377 93.

598 4406 638 4473 ¹)
666 4402 827 4466 Quod
850 4402 929 4455 ita
951 4402 1240 4465 enunciat,
1262 4399 1499 4471 dignius
1520 4401 1682 4464 forte,
1700 4418 1808 4454 em.
1830 4400 1982 4453 card.
2011 4399 2052 4452 F
2070 4416 2145 4452 ra
2161 4416 2198 4451 n
2215 4416 2244 4451 z
2261 4399 2419 4453 elin
2448 4400 2531 4456 th.
2561 4407 2650 4457 16:
2681 4402 3000 4462 „Internam

379 4482 645 4537 sacrificii
667 4482 905 4536 formam
932 4483 993 4537 in
1020 4498 1085 4535 eo
1113 4497 1250 4545 esse,
1277 4480 1432 4548 quod
1454 4479 1713 4533 Christus
1740 4496 1984 4550 magnus
2011 4478 2269 4533 sacerdos
2296 4496 2396 4550 per
2417 4480 2800 4536 ministerium
2829 4497 3002 4535 sacer·

382 4565 583 4615 dotum
612 4563 736 4632 ejus
763 4561 992 4616 nomine
1021 4561 1401 4624 offerentium,
1428 4577 1637 4629 corpus
1663 4563 1721 4614 et
1746 4560 2087 4631 sanguinem
2116 4577 2282 4615 suum
2310 4563 2417 4615 sub
2445 4561 2741 4632 speciebus
2761 4561 2928 4632 panis
2947 4566 3006 4616 et

380 4640 508 4694 vini
532 4640 836 4695 constituit
859 4641 1173 4695 secundum
1202 4640 1493 4709 quandam
1534 4641 1926 4694 sanctissimae
1968 4656 2102 4694 suae
2145 4641 2526 4695 humanitatis
2551 4659 2584 4695 a
2612 4641 3005 4698 functionibus

380 4725 442 4772 et
468 4720 787 4774 rationibus
814 4720 1121 4774 exsistendi
1147 4719 1622 4774 connaturalibus
1649 4719 2096 4775 exinanitionem
2125 4720 2196 4773 ad
2225 4723 2436 4777 statum
2462 4721 2580 4775 cibi
2604 4738 2669 4776 ac
2696 4725 2913 4792 potus.“

2576 4813 2667 4866 26·
