3538 5364
1330 361 1409 415 De
1436 361 1817 416 absolutionis
1845 363 2043 416 forma.
2872 365 2999 432 487

388 550 581 608 debet.
614 549 695 608 cf.
727 549 916 608 Collet
947 567 992 607 c.
1017 558 1050 611 5
1087 567 1144 611 n.
1172 558 1293 611 575
1319 547 1676 608 ss.—Num
1708 564 1848 606 vero
1879 548 2177 607 absolutio
2209 566 2315 623 per
2345 546 2752 623 telephonium
2785 546 3003 622 imper-

385 639 500 697 tita
543 639 625 697 sit
670 637 885 710 valida,
934 637 1107 696 valde
1151 640 1244 695 est
1273 637 1523 696 dubium
1553 639 1685 695 tum
1717 637 1795 696 ob
1825 637 2115 696 rationem
2147 637 2243 695 hic
2272 656 2332 700 n.
2367 645 2402 699 2
2439 636 2696 705 allatam,
2749 638 2880 694 tum
2930 636 3004 695 ob

389 727 682 786 defectum
731 725 1081 785 sufficientis
1127 726 1512 802 praesentiae.
1577 725 1630 783 N
1634 743 1712 785 on
1761 729 1962 785 tamen
2013 725 2232 784 desunt
2280 725 2563 802 theologi,
2614 724 2719 800 qui
2769 727 3003 801 putent,

389 817 599 876 saltem
629 816 696 874 in
727 834 866 874 casu
898 815 1271 874 necessitatis
1302 815 1415 874 sub
1446 814 1787 874 conditione
1820 815 1957 873 dare
1988 814 2424 873 absolutionem
2458 833 2563 890 per
2592 814 3004 890 telephonium

388 924 507 964 non
539 905 682 964 adeo
711 904 881 964 facile
912 904 1150 980 probari
1183 905 1493 963 illicitum:
1528 921 1597 962 eo
1627 903 1786 962 enim
1821 903 1886 962 in
1919 922 2058 963 casu
2087 904 2286 962 omnia
2318 907 2459 962 sunt
2490 903 2795 967 tentanda.
2852 903 3008 961 Hinc

389 995 564 1053 etiam
599 1014 643 1053 s.
674 993 1056 1070 congregatio
1089 995 1195 1052 hac
1240 994 1313 1052 de
1358 1013 1422 1052 re
1467 993 1835 1070 interrogata
1866 1011 2217 1069 responsum
2250 993 2450 1051 noluit
2480 992 2673 1050 adhuc
2704 992 2857 1051 dare.
2924 992 3007 1050 Cf.

390 1083 783 1142 Eschbach
813 1083 897 1141 La
928 1082 1253 1141 confession
1283 1102 1391 1159 par
1420 1082 1718 1159 telephon,
1751 1082 2026 1158 Tournay
2070 1091 2261 1152 1888;
2301 1082 2580 1141 Rieder
2609 1081 2789 1141 theol.
2821 1087 3008 1157 praet.

391 1172 611 1241 Qtlsch.
651 1182 836 1236 1899.
875 1181 978 1244 52,
1013 1181 1157 1236 633.

567 1293 633 1359 4.
668 1296 980 1355 Absolutio
1011 1314 1131 1355 non
1161 1299 1252 1354 est
1283 1294 1638 1354 declarativa
1670 1299 1923 1366 tantum,
1971 1296 2075 1354 sed
2108 1295 2395 1355 efficax
2428 1296 2615 1372 ipsius
2644 1295 3010 1354 remissionis

387 1389 778 1462 peccatorum,
813 1388 886 1443 ut
915 1386 1123 1443 definit
1154 1403 1312 1444 conc.
1343 1385 1876 1443 tridentinum
1909 1403 2050 1444 sess.
2094 1395 2167 1447 14
2202 1404 2248 1444 c.
2283 1395 2318 1448 6
2354 1387 2417 1443 et
2448 1404 2570 1445 can.
2608 1395 2678 1447 9:
2731 1384 2837 1453 ,Si
2869 1384 3006 1459 quis

387 1476 619 1545 dixerit,
652 1474 1084 1533 absolutionem
1119 1474 1598 1533 sacramentalem
1620 1474 1937 1533 sacerdotis
1968 1492 2090 1533 non
2122 1492 2251 1533 esse
2283 1479 2478 1533 actum
2504 1473 2870 1550 judicialem,
2904 1473 3013 1532 sed

388 1563 617 1623 nudum
651 1563 1050 1623 ministerium
1082 1562 1515 1639 pronunciandi
1564 1567 1627 1622 et
1674 1563 2031 1632 declarandi,
2081 1564 2328 1622 remissa
2371 1582 2501 1622 esse
2546 1567 2785 1640 peccata
2828 1562 3012 1622 confi-

389 1653 544 1711 tenti
573 1652 745 1711 modo
775 1655 1012 1711 tantum
1045 1651 1262 1722 credat,
1310 1670 1371 1710 se
1416 1670 1545 1711 esse
1576 1652 1918 1711 absolutum
1954 1697 1967 1710 .
2000 1697 2013 1710 .
2047 1696 2061 1710 .
2093 1656 2161 1712 A.
2194 1653 2292 1711 S.‹
2360 1653 2484 1712 Hoc
2516 1652 2822 1730 colligitur
2851 1653 3012 1711 clare

387 1761 457 1800 ex
490 1741 667 1800 dictis
700 1760 757 1799 n.
792 1751 937 1803 438.
1004 1740 1157 1799 Hinc
1200 1740 1378 1799 etiam
1424 1743 1626 1816 patres
1673 1742 1745 1798 ad
1793 1741 2185 1800 absolutionis
2217 1741 2531 1801 efficaciam
2564 1741 3009 1819 significandam

388 1850 518 1889 eam
563 1830 772 1889 dicunt
816 1829 1228 1888 remissionem
1261 1834 1654 1905 peccatorum,
1708 1830 2157 1901 concessionem,
2207 1830 2590 1889 abolitionem
2638 1830 3010 1900 delictorum,

386 1918 852 1990 mundationem,
884 1919 1441 1989 reconciliationem,
1488 1937 1689 1993 pacem
1723 1929 1851 1989 etc„
1897 1922 1968 1977 ut
2000 1923 2163 1994 patet
2194 1939 2262 1977 ex
2294 1920 2669 1990 testimoniiS,
2703 1938 2855 1994 quae
2887 1920 3009 1977 col·

387 2008 537 2085 legit
567 2008 914 2067 Morinus
950 2007 1104 2078 VIII,
1143 2018 1177 2069 4
1214 2026 1289 2068 ss.

571 2143 715 2196 505.
748 2133 837 2191 De
868 2133 1245 2191 absolutionis
1272 2133 1485 2205 forma.
1521 2164 1601 2173 —-
1641 2132 1897 2191 Multum
1929 2133 2247 2209 disputant
2277 2133 2558 2210 theologi,
2608 2133 2871 2209 possitne
2902 2133 3012 2191 ab·

395 2222 707 2282 solutionis
736 2222 925 2281 forma
954 2239 1080 2280 esse
1125 2221 1707 2297 deprecatoria,
1760 2240 1837 2279 an
1885 2223 2211 2281 necessario
2261 2221 2472 2281 debeat
2520 2240 2649 2281 esse
2700 2221 3011 2281 indica·

395 2312 571 2375 tiva.
634 2311 727 2369 Ad
772 2330 949 2387 quam
983 2311 1388 2386 quaestionem
1421 2310 1628 2386 paucis
1660 2310 2121 2386 respondemus:
2171 2307 2231 2374 l.
2279 2309 2701 2379 Quaestionem
2733 2311 2806 2370 de
2836 2311 3011 2370 abso·

392 2400 639 2460 lationis
671 2399 874 2471 forma,
919 2419 1051 2458 cum
1097 2402 1310 2477 agatur
1354 2399 1426 2457 de
1470 2419 1533 2458 re
1581 2399 1859 2475 positiva,
1904 2419 2055 2476 quae
2089 2400 2341 2476 pendeat
2371 2420 2406 2459 a
2436 2400 2651 2460 Christi
2681 2401 3009 2468 voluntate,

388 2508 505 2548 non
538 2509 572 2548 a
602 2488 786 2566 priori
818 2506 948 2547 esse
968 2488 1386 2548 dirimendam:
1423 2507 1605 2563 quare
1637 2484 1699 2553 ⁸2.
1734 2489 1786 2547 si
1818 2488 1915 2547 vel
1946 2489 2128 2548 semel
2160 2489 2224 2548 in
2242 2488 2505 2548 Ecclesia
2525 2489 2792 2549 obtinuit
2822 2488 3013 2547 forma

388 2578 734 2637 absolvendi
768 2578 1156 2653 deprecativa,
1196 2577 1610 2651 indubitanter
1640 2577 1965 2636 tenendum
1998 2581 2106 2647 est,
2153 2597 2279 2636 eam
2311 2582 2456 2637 tunc
2488 2579 2697 2637 saltem
2731 2579 3013 2648 valuisse,

388 2667 545 2727 sicut
575 2668 734 2727 valet
763 2686 832 2726 ea
862 2666 1066 2737 forma,
1101 2686 1221 2743 qua
1251 2686 1411 2726 nunc
1442 2667 1641 2726 utitur
1660 2666 1924 2727 Ecclesia
1953 2685 2178 2745 graeca,
2213 2667 2327 2726 etsi
2359 2667 2594 2727 diversa
2625 2688 2660 2727 a
2690 2668 2876 2727 forma
2908 2668 3010 2726 ab·

390 2757 704 2817 solutionis
737 2756 1031 2815 Ecclesiae
1064 2756 1302 2819 latinae.
1367 2756 1501 2814 Jam
1548 2774 1689 2816 vero
1735 2752 1802 2819 3.
1850 2757 1912 2816 in
1959 2757 2222 2817 Ecclesia
2252 2757 2438 2816 latina
2468 2775 2575 2833 per
2605 2758 2780 2834 plura
2811 2757 3015 2817 secula

388 2845 656 2922 viguisse
687 2845 924 2904 videtur
938 2842 984 2926 ²)
1016 2844 1315 2904 absolutio
1349 2845 1535 2904 forma
1565 2845 1938 2921 deprecativa
1956 2864 2260 2923 expressa;
2293 2849 2356 2904 et
2387 2850 2540 2906 teste
2572 2847 2963 2923 Denzinge
2983 2866 3015 2904 r

388 2935 547 2993 ritus
579 2954 661 2994 or.
693 2934 766 2992 de
799 2934 1021 3009 poenit.
1055 2930 1087 3000 ἓ
1126 2943 1180 3002 2,
1229 2933 1462 3003 ,forma
1503 2933 1897 2994 absolutionis
1929 2937 2086 3012 apud
2120 2936 2455 3005 orientales,
2502 2936 2549 2995 si
2594 2954 2867 2994 armenos
2913 2955 3011 2993 ex-

390 3024 589 3100 cipias,
630 3023 1003 3098 deprecativa
1033 3026 1184 3084 est.‘
1254 3022 1473 3082 Tamen
1517 3019 1583 3087 4.
1629 3042 1763 3082 cum
1787 3025 1912 3099 jam
1946 3044 1979 3082 a
2010 3024 2288 3100 pluribus
2321 3025 2536 3083 seculis
2568 3024 2830 3083 Ecclesia
2860 3024 3011 3084 occi-

390 3112 647 3171 dentalis
692 3112 880 3171 forma
926 3115 1135 3170 utatur
1178 3111 1498 3171 indicativa
1543 3113 1842 3188 hujusque
1890 3131 2068 3172 usum
2120 3112 2466 3172 solemniter
2514 3114 2790 3173 omnibus
2840 3131 3009 3189 prae-

392 3202 721 3278 scripserit:
770 3201 984 3259 merito
1016 3200 1088 3259 de
1121 3202 1319 3259 valore
1352 3201 1570 3260 formae
1602 3201 2024 3277 deprecativae,
2071 3203 2123 3261 si
2167 3202 2340 3261 modo
2385 3202 2740 3262 auctoritate
2780 3202 3018 3278 privata

391 3291 796 3360 adhiberetur,
858 3290 1131 3349 dubitare
1192 3290 1396 3349 licebit
1453 3290 1529 3349 ob
1589 3291 1879 3350 rationem
1937 3311 1995 3350 n.
2060 3292 2222 3355 504²
2280 3291 2663 3368 assignatam.
2739 3292 3012 3351 Ceterum

392 3375 460 3442 ε’).
492 3380 763 3455 quamvis
796 3379 983 3439 forma
1014 3378 1334 3437 indicativa
1364 3380 1554 3456 magis
1587 3381 1901 3439 conveniat
1931 3381 2217 3455 potestati
2249 3380 2526 3450 clavium,
2575 3387 2874 3457 quatenus
2921 3386 3014 3439 est

383 3468 708 3544 judicialis,
742 3468 1122 3545 deprecativa
1153 3471 1352 3526 tamen
1385 3468 1667 3544 exprimit
1698 3470 2093 3528 characterem
2128 3469 2327 3545 potius
2360 3470 2827 3534 ministerialem.
2892 3470 3019 3527 Nec

389 3556 577 3616 officit
606 3557 953 3633 deprecatio
987 3556 1275 3615 efficaciae
1309 3576 1375 3615 ex
1411 3575 1585 3632 opere
1619 3562 1874 3633 operat0,
1915 3562 1985 3617 ut
2016 3562 2183 3635 patet
2213 3577 2281 3617 ex
2314 3558 2500 3617 forma
2532 3559 2877 3618 sacramenti
2915 3577 3012 3617 ex-

389 3652 611 3705 tremae
645 3646 962 3705 unctionis.

571 3770 718 3835 506.
753 3767 1008 3835 'rhesis
1042 3768 1270 3837 CCLI.
1326 3789 1469 3843 Soli
1506 3793 1902 3846 sacerdotes
1939 3792 2259 3845 ministri
2297 3796 2461 3845 eunt
2494 3792 2859 3857 potestatis
2900 3804 3013 3843 re·

389 3877 718 3931 mittendi
758 3879 1249 3946 retinendique
1279 3883 1591 3945 peccata.

569 3979 1013 4050 Declamatio.
1092 3985 1299 4044 Thesis
1348 3985 1639 4045 statuitur
1689 3990 1896 4046 contra
1945 3988 2381 4048 waldenses
2432 3990 2493 4047 et
2541 3986 2964 4047 wicleffita
2984 4007 3013 4045 s

393 4077 741 4144 asserentes,
775 4074 952 4133 laicos
984 4093 1221 4151 quoque
1251 4076 1438 4134 bonos
1470 4094 1503 4132 a
1532 4075 1791 4151 peccatis
1823 4076 2130 4136 absolvere
2161 4095 2351 4154 posse.
2417 4078 2569 4136 Hinc
2619 4095 2686 4134 ex
2732 4075 3012 4135 mandato

395 4162 714 4220 Martini
746 4161 813 4225 V.
847 4164 1306 4241 interrogandus
1351 4168 1442 4223 est
1486 4163 1557 4235 is,
1603 4165 1709 4240 qui
1753 4182 2020 4224 errorum
2053 4165 2302 4225 Wicleffi
2334 4169 2426 4225 est
2458 4169 2769 4242 suspectus
2801 4184 2857 4227 n.
2898 4174 3016 4227 20:

401 4250 649 4317 ,Utrum
685 4251 903 4321 credat,
952 4252 1111 4325 quod
1144 4252 1504 4312 christianus
1536 4254 1696 4313 ultra
1726 4254 2146 4317 contritionem
2178 4255 2368 4314 cordis
2400 4256 2601 4314 habita
2632 4254 2798 4330 copia
2829 4273 3015 4313 sacer-

394 4338 553 4398 dotis
586 4340 784 4398 idonei
814 4342 926 4400 soli
956 4342 1242 4401 sacerdoti
1276 4342 1349 4400 de
1380 4343 1734 4402 necessitate
1765 4343 1977 4402 salutis
2011 4343 2278 4402 confiteri
2299 4347 2590 4413 teneatur,
2623 4347 2684 4403 et
2714 4361 2835 4402 non
2865 4343 3017 4402 laico

613 4513 652 4579 ¹)
681 4508 764 4563 Cf.
791 4509 848 4562 M
865 4532 896 4568 o
914 4510 1032 4563 rin
1050 4529 1086 4563 u
1106 4529 1130 4563 s
1157 4510 1304 4573 vm,
1329 4519 1364 4568 8
1388 4529 1455 4565 ss.
1476 4533 1488 4569 z
1519 4511 1560 4564 F
1577 4529 1652 4564 ra
1669 4531 1707 4565 n
1724 4512 1763 4565 k
1792 4513 1858 4577 V,
1878 4523 1926 4577 5,
1946 4512 2047 4582 qui
2063 4514 2370 4569 admodum
2390 4517 2613 4585 urgete.
2632 4512 3017 4584 Augustini

395 4587 788 4643 testimonium
819 4608 860 4645 s.
892 4595 961 4646 99
989 4608 1043 4647 n.
1077 4598 1111 4646 8
1140 4608 1210 4644 ss.
1266 4590 1467 4661 Urgeri
1506 4591 1676 4647 ctiam
1717 4594 1912 4660 potest
1954 4609 2042 4663 ep.
2069 4593 2342 4662 anonymi
2368 4610 2474 4647 sec.
2502 4594 2595 4647 XI.
2622 4593 2868 4664 Migne
2899 4599 3017 4656 156,

396 4672 501 4722 693
526 4684 597 4720 ss.
648 4666 731 4721 Cf.
758 4668 1121 4723 Palmieri
1148 4671 1230 4726 th.
1264 4676 1326 4726 12
1352 4688 1425 4731 s.;
1477 4670 1711 4724 Pesch
1755 4672 1855 4725 VII
1894 4689 2055 4743 prop.
2100 4679 2183 4728 20.
2233 4672 2499 4726 Kirsch
2540 4690 2641 4726 zur
2679 4672 2877 4726 Gesch.
2917 4672 3018 4725 der

396 4745 553 4800 kath.
582 4746 784 4801 Beicht
808 4748 1130 4820 Wurzburg
1159 4770 1213 4820 p.
1248 4759 1347 4806 144
1374 4768 1444 4806 ss.
1483 4750 1718 4805 exhibet
1755 4751 1950 4821 plures
1988 4752 2367 4807 absolutionis
2409 4753 2618 4807 formas
2658 4752 3016 4811 indicativus,

396 4842 545 4893 quae
570 4826 671 4880 diu
698 4830 834 4880 ante
864 4844 972 4884 sec.
997 4829 1141 4881 XIII.
1172 4829 1347 4882 variis
1374 4829 1435 4882 in
1462 4830 1715 4884 ecclesiis
1740 4829 2004 4886 adhiberi
2030 4831 2304 4887 solebant.
