3538 5364
1375 274 1638 328 sacrificii
1665 273 1886 328 missae.
2810 283 2946 346 413

325 459 607 529 fructum,
643 478 818 535 quem
850 478 1009 518 unus
1042 460 1272 535 accipit,
1320 478 1425 536 pro
1471 478 1589 534 quo
1635 460 1913 519 offertur:
1962 460 2455 535 quemadmodum
2502 460 2591 518 sol
2638 479 2708 519 ex
2755 480 2950 536 aequo

327 566 531 607 omnes
576 547 897 619 illuminat,
928 548 1052 607 sive
1097 548 1271 624 pauci
1316 549 1441 607 sive
1485 548 1664 606 multi
1711 549 1929 611 adsint.
1992 549 2279 607 Nonnulli
2312 551 2563 608 tuentur
2594 567 2729 608 oum
2761 549 2943 608 Vas-

329 656 517 712 quez
560 637 625 695 in
675 645 731 699 3.
761 656 820 710 p.
853 638 906 700 d.
942 645 1058 699 231
1102 657 1149 701 0.
1186 646 1241 708 3,
1289 638 1563 696 effectum
1607 638 1821 697 missae
1853 638 2241 713 multiplicari
2286 656 2395 713 pro
2440 656 2689 697 numero
2720 656 2948 705 eorum.

327 745 435 802 pro
468 726 687 801 quibus
719 745 787 785 ea
816 726 1079 799 offertur,
1128 726 1467 802 quicunque
1504 726 1555 785 is
1584 726 1824 786 demum
1857 728 1953 797 sit,
1999 744 2108 785 nec
2137 726 2330 785 minui
2361 726 2626 785 fructum
2657 728 2840 786 unius
2872 747 2942 786 ex

327 815 583 873 aliorum
616 816 944 886 consortio;
989 815 1094 874 alii
1136 820 1375 893 negant,
1425 835 1601 890 quam
1646 817 2003 875 sententiam
2034 816 2242 891 Lugo
2284 819 2451 874 vocat
2481 817 2945 875 communiorem

328 906 391 962 et
422 904 741 975 veriorem3
775 905 1051 964 Scotus
1084 904 1411 983 distinguit
1441 906 1640 981 quodl.
1676 914 1756 969 20
1792 905 2091 981 duplicem
2123 904 2415 963 fructum:
2462 905 2949 979 primarium,

329 994 435 1067 qui
465 993 706 1068 speciali
735 993 1067 1053 intentione
1100 994 1418 1053 sacerdotis
1439 992 1793 1070 applicatur,
1825 999 1885 1053 et
1916 994 2074 1052 hunc
2106 993 2251 1052 dicit
2281 993 2607 1052 limitatum
2640 994 2951 1069 dividique

327 1083 489 1141 inter
519 1083 750 1158 plures3
801 1086 862 1141 et
911 1083 1485 1152 secundarium,
1538 1083 2034 1159 independentem
2079 1103 2114 1141 a
2159 1082 2478 1141 sacerdotis
2524 1083 2948 1159 applicatione,

329 1189 507 1247 quem
537 1172 907 1230 illimitatum
939 1175 1153 1234 censet.
1212 1172 1427 1230 Melius
1455 1176 1656 1230 tamen
1684 1172 2007 1249 distinguit
2039 1175 2317 1231 Suarez
2348 1170 2506 1230 inter
2540 1172 2854 1232 offerentes
2889 1178 2948 1230 et

328 1278 445 1330 eos,
479 1280 587 1335 pro
619 1260 838 1335 quibus
871 1262 1132 1331 offertur,
1167 1263 1346 1335 atque
1381 1261 1483 1319 has
1516 1261 1732 1319 statuit
1761 1260 1817 1320 d.
1856 1271 1933 1323 79
1971 1280 2014 1318 s.
2055 1270 2131 1324 12
2166 1260 2632 1335 propositiones:

512 1385 691 1453 ,Dico
746 1380 809 1448 1.
861 1385 1097 1461 quando
1140 1386 1345 1461 plures
1392 1385 1703 1443 offerentes
1746 1386 2110 1444 concurrunt
2148 1401 2283 1443 cum
2317 1385 2619 1444 sacerdote
2668 1385 2741 1443 ad
2788 1385 2950 1444 idem

328 1493 577 1533 numero
610 1473 977 1545 sacrificium,
1010 1491 1214 1533 omnes
1246 1478 1307 1532 et
1338 1473 1583 1550 singuli,
1625 1477 1921 1549 quatenus
1951 1473 2265 1533 offerentes
2298 1478 2458 1544 sunt,
2507 1474 2808 1549 accipiunt
2854 1473 2952 1532 in·

327 1569 569 1641 tegrum
598 1562 877 1634 fructum,
910 1581 1030 1622 non
1061 1563 1364 1633 minorem,
1413 1581 1591 1636 quam
1623 1562 1674 1620 si
1703 1581 1864 1622 unus
1894 1566 2132 1621 tantum
2164 1566 2322 1620 esset
2352 1563 2632 1631 offerens3
2680 1563 2838 1622 unde
2884 1564 2949 1621 iu

328 1654 438 1712 hoc
469 1670 648 1711 sensu
676 1651 908 1710 fructus
941 1653 1120 1728 hujus
1154 1650 1422 1709 sacrificii
1457 1654 1655 1725 potest
1685 1651 2115 1727 quodammodo
2146 1649 2264 1710 dici
2309 1651 2584 1710 infinitus
2619 1653 2714 1710 vel
2744 1652 2950 1730 potius

329 1739 795 1818 augmentabilis
827 1741 890 1798 in
921 1740 1226 1799 infinitum
1245 1740 1607 1799 extensive.‘
1648 1739 1808 1808 Quae
1829 1741 2078 1799 assertio
2111 1740 2351 1798 videtur
2382 1740 2641 1811 evidens,
2680 1742 2947 1817 alioquin

330 1830 643 1889 dicendum
674 1828 843 1898 foret,
876 1840 1225 1887 concursum
1247 1829 1630 1898 adstantium,
1663 1829 1768 1904 qui
1802 1847 1941 1888 sane
1973 1829 2131 1887 cedit
2160 1830 2222 1887 in
2253 1830 2534 1904 majorem
2556 1830 2664 1889 Dei
2682 1830 2950 1907 gloriam,

331 1918 535 1978 cedere
566 1919 630 1977 in
661 1919 925 1993 ipsorum
957 1918 1258 1976 damnum.

512 2042 693 2113 ,Dico
724 2041 787 2106 2.
821 2042 1068 2101 effectus
1100 2041 1371 2102 sacrificii
1401 2042 1766 2118 respondens
1799 2040 2084 2100 oblationi
2118 2042 2456 2113 sacerdotis,
2501 2045 2573 2101 ut
2620 2042 2719 2113 sic,
2768 2061 2949 2118 quem

330 2133 460 2208 ipse
490 2135 691 2208 potest
725 2149 828 2206 pro
860 2131 993 2190 aliis
1024 2133 1245 2202 offerre,
1292 2131 1501 2190 finitus
1546 2133 1640 2190 est
1669 2133 1730 2189 et
1766 2149 1926 2189 unus
1959 2134 2214 2192 tantum.
2275 2130 2441 2190 Unde
2489 2132 2540 2189 si
2587 2150 2692 2207 pro
2736 2132 2945 2190 multis

330 2221 612 2282 offeratur
644 2265 658 2278 .
691 2264 704 2278 .
739 2264 753 2278 .
802 2220 1109 2280 minuetur
1155 2221 1387 2280 fructus
1435 2221 1500 2278 in
1549 2219 1868 2297 singulis.‘
1945 2220 2102 2278 Haec
2149 2220 2397 2279 assertio
2442 2221 2665 2295 pariter
2709 2220 2956 2279 videtur

330 2311 588 2370 evidens.
651 2309 713 2368 Si
757 2309 919 2367 enim
961 2314 1198 2368 tantum
1242 2309 1551 2386 prodesset
1583 2308 1936 2368 sacrificium
1969 2308 2226 2386 singulis
2273 2328 2342 2367 ex
2381 2309 2607 2379 multis,
2657 2312 2950 2384 quantum

330 2400 439 2461 uni
469 2399 599 2472 soli,
633 2416 742 2474 pro
773 2416 892 2474 quo
924 2399 1182 2469 offertur,
1230 2399 1382 2457 male
1414 2400 1661 2475 agerent
1692 2398 2042 2469 sacerdoteS,
2089 2398 2139 2456 si
2185 2398 2338 2457 illud
2369 2397 2653 2456 offerrent
2683 2416 2790 2473 pro
2822 2417 2948 2456 uno

328 2491 599 2559 tantum;
643 2505 752 2545 nec
796 2490 956 2545 esset
984 2487 1151 2558 ratio,
1198 2507 1379 2564 quare
1409 2506 1531 2546 non
1561 2490 1809 2564 possent
1837 2487 2013 2547 unico
2045 2488 2265 2546 missae
2297 2486 2628 2545 sacrificio
2612 2486 2948 2546 innumeris

330 2576 662 2636 satisfacere
681 2576 1168 2653 obligationibuS,
1202 2577 1419 2652 quibus
1437 2579 1721 2636 tenentur
1752 2576 1845 2635 vel
1877 2595 1946 2634 ex
1978 2576 2317 2669 obedientia
2347 2576 2440 2634 vel
2473 2595 2542 2634 ex
2565 2575 2808 2651 justitia
2837 2595 2948 2651 pro

331 2665 742 2725 determinatis
775 2664 1045 2742 personis
1078 2665 1431 2725 sacrificium
1462 2666 1679 2725 missae
1710 2665 1936 2728 offerre.

509 2790 801 2849 Addimus
829 2786 907 2855 3.
954 2791 1110 2849 haud
1157 2791 1453 2849 immerito
1484 2791 1685 2862 statui,
1736 2790 2043 2850 adstantes
2092 2809 2162 2849 eo
2211 2791 2349 2866 plus
2395 2789 2665 2849 sacrificii
2712 2789 2949 2847 fructus

330 2880 498 2938 reddi
530 2880 865 2956 participeS,
900 2899 1018 2954 quo
1048 2880 1237 2956 magis
1270 2879 1621 2949 intentione,
1670 2881 1887 2955 spiritu
1935 2884 1997 2939 et
2041 2879 2268 2939 fervore
2310 2898 2372 2938 se
2413 2879 2476 2936 in
2508 2878 2807 2937 offerendo
2840 2877 2944 2936 ad-

325 2971 597 3047 jungunt
627 2968 859 3027 Christo
891 2968 1181 3027 sacerdoti
1214 2968 1470 3044 principi
1515 2974 1575 3027 et
1620 2969 1907 3028 sacerdoti
1953 2969 2229 3027 ministro
2278 2987 2458 3044 seque
2491 2967 2653 3042 ipsos
2687 2967 2946 3025 reddunt

331 3059 589 3118 hostiam
618 3058 937 3128 viventem,
971 3062 1250 3127 sanctam,
1284 3057 1402 3116 Deo
1435 3057 1766 3132 placentem
1801 3058 1962 3116 Rom.
2007 3067 2100 3128 12,
2142 3070 2193 3120 1.
2256 3057 2337 3116 cf.
2369 3077 2427 3115 n.
2465 3066 2610 3119 431.

513 3191 661 3245 430.
705 3182 939 3257 Cli-iplex
972 3184 1182 3240 missae
1208 3183 1456 3255 fructus.
1489 3215 1576 3226 —-
1606 3181 1693 3239 Ex
1727 3182 1906 3241 dictis
1939 3181 2150 3257 liquet,
2196 3200 2314 3240 non
2347 3182 2586 3241 inanem
2618 3199 2748 3240 esse
2782 3180 2950 3239 theo-

331 3272 605 3348 logorum
635 3271 1096 3345 distinctionem,
1144 3290 1263 3345 qua
1299 3271 1699 3346 triplicem
1732 3271 1915 3347 hujus
1949 3270 2216 3329 sacrificii
2248 3271 2510 3329 fructum
2545 3270 2949 3346 distinguunt,

330 3359 616 3418 nimirum
646 3360 1000 3436 generalem,
1052 3360 1382 3435 specialem,
1435 3360 1944 3435 specialissimum.
2021 3359 2469 3418 Generalem
2519 3361 2657 3434 post
2706 3358 2947 3417 Scotum

330 3447 598 3526 theologi
630 3448 802 3507 illum
835 3449 1163 3519 nominant,
1210 3448 1313 3524 qui
1350 3448 1672 3524 respondet
1702 3448 1985 3507 sacrificio
2018 3448 2426 3519 eucharistico,
2471 3452 2544 3506 ut
2588 3449 2831 3507 offertur
2875 3447 2954 3505 ab

330 3537 593 3596 Ecclesia
639 3555 745 3595 seu
790 3557 825 3595 a
868 3537 1169 3596 sacerdote
1199 3537 1437 3595 nomine
1467 3537 1781 3600 Ecclesiae.
1843 3537 1995 3595 Nam
2026 3537 2379 3596 sacrificium
2412 3536 2570 3594 cedit
2598 3555 2719 3595 non
2754 3537 2948 3595 solum

330 3627 391 3684 in
424 3627 707 3685 honorem
730 3626 854 3696 Dei,
888 3626 990 3684 sed
1022 3630 1083 3684 et
1113 3626 1177 3683 in
1207 3626 1533 3684 utilitatem
1554 3627 1880 3695 offerentis,
1917 3626 2262 3702 praesertim
2294 3626 2343 3684 si
2371 3626 2503 3700 ipse
2523 3644 2651 3683 eam
2671 3625 2950 3684 intendit.

332 3714 525 3784 Quare
556 3714 842 3773 oblationi
890 3715 1159 3773 sacrificii
1203 3715 1599 3785 eucharistici,
1647 3719 1944 3791 quatenus
1992 3715 2237 3773 offertur
2283 3735 2318 3773 a
2362 3714 2663 3773 sacerdote
2707 3712 2955 3773 nomine

329 3803 644 3878 Ecclesiae,
676 3803 1058 3879 respondebit
1087 3803 1338 3874 fructus,
1376 3804 1480 3879 qui
1512 3804 1575 3861 in
1606 3804 1934 3863 utilitatem
1967 3803 2126 3861 cedit
2156 3803 2345 3878 ipsius
2367 3803 2657 3861 Ecclesiae
2681 3820 2787 3861 seu
2806 3801 2949 3859 fide-

330 3891 495 3952 lium.
527 3927 616 3936 —
646 3892 899 3951 Fructus
933 3911 1073 3952 vero
1104 3891 1224 3963 ille,
1260 3894 1365 3967 qui
1399 3893 1684 3953 sacrificio
1704 3892 2027 3969 respondet
2045 3892 2452 3963 eucharistico,
2487 3895 2787 3968 quatenus
2819 3909 2953 3966 spe-

330 3981 533 4040 ciatim
577 3999 686 4057 pro
741 3980 1153 4040 determinatis
1197 3982 1465 4057 personis
1513 3982 1587 4040 ad
1634 3982 2028 4041 determinata
2071 3981 2226 4040 bona
2270 3980 2592 4041 obtinenda
2634 3998 2743 4056 pro
2787 3997 2955 4038 more

331 4070 625 4129 Ecclesiae
685 4090 721 4127 a
779 4071 1080 4129 sacerdote
1130 4070 1392 4144 offertur,
1445 4090 1528 4146 sp
1548 4072 1829 4130 ecialis
1880 4071 1973 4129 vel
2023 4070 2202 4129 etiam
2250 4071 2548 4129 medius
2597 4069 2952 4145 appellatur.

330 4160 529 4235 Hujus
560 4157 905 4218 dist-ributio
936 4160 1031 4218 vel
1062 4160 1382 4235 applicatio
1413 4160 1634 4236 pendet
1664 4181 1699 4219 a
1731 4159 2054 4218 sacerdotis
2088 4159 2354 4229 arbitrio,
2403 4159 2498 4218 cui
2547 4157 2813 4218 sacrificii
2845 4157 2949 4217 ob·
2998 4197 3001 4200 ,

330 4249 474 4307 latio
506 4247 810 4324 speciatim
846 4252 938 4307 est
967 4249 1297 4307 commissa.
1329 4283 1416 4293 --
1449 4248 1698 4308 Demum
1730 4254 1793 4307 et
1821 4249 2052 4308 fructus
2078 4248 2464 4323 respondebit
2493 4247 2611 4323 ipsi
2644 4247 2955 4314 sacerdoti,

331 4356 465 4395 cum
498 4337 628 4411 ipse
660 4337 824 4395 solus
858 4336 1093 4413 proprie
1125 4338 1348 4407 offerat,
1384 4337 1488 4412 qui
1508 4356 1700 4413 neque
1722 4338 2054 4396 communis
2087 4342 2195 4408 est,
2227 4356 2422 4413 neque
2443 4336 2956 4396 communicabilis

332 4429 627 4496 censetur,
660 4425 798 4484 hinc
828 4425 1038 4484 merito
1072 4425 1496 4502 specialiss
1516 4425 1534 4483 i
1555 4446 1671 4484 mu
1690 4445 1716 4485 s
1750 4426 1990 4485 dicitur.

513 4559 659 4613 431.
689 4550 1082 4608 Absolvamus
1092 4549 1597 4625 jucundissimum
1618 4551 1728 4609 hoc
1746 4553 2162 4627 argumentum
2189 4551 2472 4626 gravibus
2504 4569 2549 4608 s.
2583 4552 2631 4608 G
2648 4570 2677 4608 r
2696 4569 2727 4609 e
2742 4568 2877 4627 gor
2894 4550 2952 4608 ii

330 4639 406 4702 M.
441 4638 637 4697 verbis
671 4637 807 4696 dial.
840 4638 936 4707 IV,
974 4648 1074 4709 58,
1114 4649 1224 4701 59:
1276 4639 1612 4708 ,Debemus
1648 4639 1850 4716 itaque
1883 4656 2164 4715 praesens
2198 4640 2485 4709 seculum,
2535 4640 2628 4697 vel
2660 4640 2802 4715 quia
2825 4640 2947 4714 jam

331 4727 731 4802 conspicimus
763 4727 1094 4801 defluxisse,
1140 4730 1267 4786 tota
1310 4731 1508 4786 mente
1554 4732 1942 4800 contemnere,
1991 4727 2344 4802 quotidiana
2389 4729 2508 4787 Deo
2555 4728 2952 4803 lacrymarum
