3538 5364
603 291 730 356 190
1347 281 1531 335 Tract.
1559 281 1706 336 vm.
1734 281 1804 334 de
1832 281 2050 335 merito.
2079 280 2449 336 conditiones

601 465 740 539 loci,
773 464 837 526 in
870 481 997 544 quo
1033 462 1205 528 licite
1238 463 1522 527 exerceri
1552 480 1685 525 non
1717 468 1960 543 potest:
1992 468 2145 526 tunc
2178 461 2349 525 enim
2368 459 2477 524 fiet
2496 461 2763 525 vitiosus
2784 469 2971 525 actus
2988 481 3217 542 super-

600 568 911 634 naturalis
962 569 1300 650 sejunctim
1352 587 1392 632 a
1442 568 1639 651 priori
1688 568 1843 632 vitio
1894 567 2155 633 alterius
2200 574 2401 631 actus.
2466 569 2657 649 Igitur
2701 573 2974 650 utroque
3021 568 3217 632 modo

595 677 765 741 infici
797 696 989 759 posse
1023 684 1240 741 actum
1272 674 1825 757 supernaturalem
1858 674 2178 738 affirmant
2198 681 2261 739 et
2279 681 2518 755 negant
2536 681 2836 739 auctores
2856 693 2973 755 pro
3006 675 3217 756 prima

595 790 665 847 et
698 783 982 847 secunda
1013 784 1335 849 sententia
1367 781 1683 847 adducti‘
1754 779 2155 847 Sententiam
2205 780 2631 847 affirmantem
2683 781 2819 846 fuse
2851 781 3105 864 probat,
3153 788 3216 846 et

591 911 642 957 s.
681 896 715 960 7
753 889 957 967 insert,
991 895 1207 954 actum
1240 908 1335 954 ex.
1368 908 1454 971 gr.
1488 889 1968 955 misericordiae
2013 884 2395 971 imperatum
2444 908 2525 954 ex
2569 907 2740 952 vana
2788 889 2993 969 gloria
3022 907 3214 970 posse

597 1015 741 1062 esse
774 995 1189 1061 meritorium.
1226 993 1642 1060 Contrarium
1674 995 1898 1059 statuit
1928 1015 1977 1057 S.
2011 994 2254 1058 Thom
2275 1013 2361 1058 as
2394 995 2458 1058 in
2488 1001 2547 1063 2.
2578 995 2636 1058 d.
2658 1000 2741 1065 38
2764 1016 2821 1077 q.
2851 1001 2878 1061 l
2906 1014 2962 1059 a.
2983 1000 3028 1063 4
3049 996 3134 1059 ad
3153 1000 3212 1071 4,

592 1122 785 1186 quem
818 1108 1173 1187 sequuntur
1203 1102 1383 1165 multi
1414 1102 1693 1183 theologi
1724 1103 1849 1165 hac
1881 1103 2039 1165 moti
2070 1103 2338 1177 ratione,
2372 1103 2544 1184 quod
2576 1108 2778 1177 actuS,
2814 1110 2884 1166 ut
2916 1102 3001 1165 sit
3020 1103 3211 1167 meri-

602 1208 820 1286 toriuS,
853 1210 1064 1274 bonus
1098 1228 1240 1274 esse
1273 1208 1523 1273 debeat.
1557 1207 1751 1290 Atqui
1783 1208 2025 1272 bonum
2058 1227 2137 1273 ex
2168 1209 2418 1289 integra
2447 1226 2665 1303 causa,
2687 1207 2929 1272 malum
2949 1226 3030 1273 ex
3050 1226 3211 1291 quo-

589 1336 846 1399 cunque
879 1316 1159 1381 defectu:
1195 1335 1346 1395 ergo
1380 1323 1563 1379 actus
1598 1316 1749 1379 vitio
1784 1315 2166 1380 intrinsecus
2212 1315 2483 1381 infectus
2529 1336 2661 1380 non
2712 1323 2810 1380 est
2841 1316 3211 1397 simpliciter

590 1424 820 1488 bonuS.
871 1421 1178 1487 Concedit
1210 1429 1426 1487 tamen
1460 1419 1768 1486 Suarez
1801 1422 1927 1500 XII,
1961 1427 2020 1499 4,
2055 1442 2246 1505 posse
2281 1424 2450 1487 actui
2482 1423 2655 1487 bono
2690 1423 2789 1488 vel
2821 1423 3012 1490 simul
3047 1431 3207 1488 tem-

590 1548 749 1612 pore
779 1529 880 1593 vel
911 1547 1216 1593 successu
1248 1529 1552 1610 temporis
1586 1524 1846 1609 adjungi
1878 1534 2059 1593 actus
2092 1546 2241 1593 vere
2262 1530 2375 1593 sed
2397 1528 2728 1595 venialiter
2748 1530 2956 1593 malos
2980 1549 3208 1595 nume-

588 1639 718 1702 rice
751 1637 1084 1700 distinctos
1117 1635 1199 1698 ab
1234 1642 1381 1698 actu
1413 1635 1604 1710 bon0,
1637 1634 1744 1716 qui
1778 1652 1909 1698 non
1940 1635 2290 1716 impediant
2321 1644 2503 1701 actus
2537 1636 2690 1700 boni
2719 1636 3040 1700 meritum.

768 1764 831 1830 4.
864 1759 1246 1842 Requiritur‚
1280 1765 1350 1823 ut
1383 1766 1564 1822 actus
1618 1758 1984 1822 meritorius
2017 1775 2057 1820 a
2088 1758 2295 1838 gratia
2328 1759 2636 1846 procedat
2668 1766 2731 1823 et
2762 1759 2977 1842 aliquo
3011 1760 3208 1824 modo

585 1870 670 1932 sit
704 1865 1394 1950 supernaturaliS,
1428 1871 1527 1928 est
1541 1865 1711 1928 enirn
1734 1871 1918 1927 actus
1938 1864 2254 1927 salutaris
2288 1865 2388 1929 Ad
2423 1865 2768 1947 quemlibet
2795 1884 2953 1930 vero
2990 1874 3207 1930 actum

588 1975 937 2039 salutarem
970 1972 1309 2056 requiritur
1339 1972 1560 2053 gratia.
1593 1972 1731 2035 Huc
1765 1971 1985 2036 referri
2015 1978 2227 2052 potest
2258 1979 2513 2054 patrum
2547 1971 2803 2048 dictum,
2838 1973 3030 2039 fidem
3064 1993 3205 2038 esse

586 2082 835 2146 initium
869 2085 933 2144 et
962 2080 1247 2144 radicem
1279 2079 1513 2155 meriti3
1547 2079 1715 2143 siout
1744 2078 1874 2142 scil.
1908 2096 2185 2160 operans
2219 2078 2463 2161 absque
2484 2077 2609 2142 fide
2629 2076 2882 2159 placere
2902 2098 3036 2143 non
3055 2088 3202 2161 pot-

584 2196 685 2253 est
717 2188 903 2252 Hebr.
944 2193 1045 2261 11,
1076 2194 1134 2263 6,
1170 2189 1258 2251 ita
1290 2204 1407 2252 nec
1441 2205 1602 2267 opus
1633 2186 1698 2249 in
1732 2186 1956 2249 ordine
1990 2185 2071 2249 ad
2104 2187 2459 2265 praemium
2490 2188 2980 2269 supernaturale
3014 2205 3203 2251 acce-

585 2306 768 2379 ptum
801 2318 943 2363 esse
974 2304 1190 2379 potest
1221 2298 1357 2361 sine
1389 2296 1631 2360 influxu
1664 2296 1809 2361 fidei
1830 2316 1944 2361 seu
1964 2299 2208 2379 gratiae
2230 2297 2799 2378 illustranti5,quae
2822 2295 2905 2358 ad
2925 2296 3200 2376 gratiam

586 2405 731 2469 fidei
765 2406 1021 2469 demum
1054 2409 1409 2468 revocatur.
1476 2402 1882 2485 Quapropter
1927 2424 2087 2486 opus
2119 2404 2220 2469 vel
2253 2404 2315 2466 in
2349 2422 2418 2467 se
2450 2404 2551 2469 vel
2581 2402 2832 2467 ratione
2866 2410 3047 2466 actus
3083 2402 3201 2465 im-

584 2513 867 2593 perantis
901 2510 1389 2593 supernaturale
1427 2527 1568 2574 esse
1602 2509 1809 2574 debet.
1874 2510 1961 2574 Cs.
2008 2509 2507 2575 Miillendort
2547 2510 2846 2574 Zeitschr.
2894 2508 2994 2572 fiir
3024 2510 3199 2572 kath.

581 2618 801 2686 Theol.
839 2623 1011 2689 1893
1045 2638 1101 2700 p.
1135 2621 1431 2691 42—78;
1464 2620 1835 2686 496—520.

763 2746 826 2813 5.
860 2743 1243 2825 Requiritur,
1281 2748 1351 2804 ut
1383 2748 1566 2805 actus
1617 2742 1981 2806 meritorius
2015 2742 2359 2824 aliquando
2408 2760 2635 2807 revera
2681 2745 2978 2818 exsistat;
3028 2744 3201 2826 quod

583 2873 630 2913 s,
666 2850 1180 2930 Augustinus
1214 2847 1293 2912 de
1328 2848 1543 2929 praed.
1579 2845 1687 2911 SS.
1722 2867 1773 2911 c.
1816 2853 1893 2916 12
1944 2855 2162 2912 tuetur
2204 2856 2429 2913 contra
2475 2849 3199 2932 semipelagianos

577 2957 690 3039 qui
721 2957 930 3022 meriti
948 2955 1265 3018 rationem
1285 2953 1696 3018 vindicabant
1715 2955 1908 3018 etiarn
1932 2955 2178 3018 actibus
2194 2955 2313 3019 sub
2335 2955 2701 3019 conditione
2727 2975 3059 3039 nunquam
3080 2977 3197 3040 po-

577 3063 791 3126 nenda
825 3062 1062 3125 futuris

756 3189 824 3254 6.
859 3184 1238 3268 Requiritur,
1272 3194 1344 3250 ut
1373 3205 1534 3267 opus
1567 3187 1962 3251 meritorium
1997 3187 2076 3250 de
2109 3187 2423 3267 condigno
2456 3188 2698 3252 habeat
2726 3190 3009 3272 aliquam
3040 3210 3191 3272 pro-

577 3295 939 3375 portionem
971 3298 1036 3357 et
1057 3294 1514 3376 aequalitatem
1532 3311 1679 3357 cum
1700 3294 2020 3375 praemio;
2053 3312 2260 3376 neque
2283 3295 2454 3359 enim
2476 3296 2726 3361 admitti
2746 3303 2960 3378 potest
2981 3296 3193 3379 operis

569 3419 721 3464 curn
753 3399 1032 3463 scotistis
1065 3400 1566 3481 condignitatem
1597 3401 1785 3464 unice
1816 3401 2096 3481 pendere
2117 3418 2157 3463 a
2177 3400 2292 3464 Dei
2312 3403 2790 3483 acceptatione;
2823 3422 2955 3466 non
2972 3408 3191 3467 tamen

574 3506 918 3589 requiritur
963 3507 1319 3589 aequalitas
1370 3508 1846 3582 mathematica,
1899 3506 2013 3571 sed
2065 3505 2295 3571 sufficit
2340 3508 2695 3590 aequalitas
2741 3511 3191 3591 proportionis

571 3632 738 3696 quae
771 3633 903 3677 non
934 3614 1141 3678 solum
1175 3614 1257 3677 ab
1291 3633 1502 3695 opere,
1536 3614 1648 3679 sed
1683 3621 1745 3677 et
1778 3613 1861 3677 ab
1907 3613 2226 3695 adJunctis
2274 3621 2337 3679 et
2381 3616 2799 3695 praemiantis
2847 3616 3190 3698 maiestate

573 3721 823 3802 pendet.
887 3719 1110 3785 Merito
1148 3722 1295 3784 hinc
1329 3721 1553 3785 statuit
1586 3720 1879 3801 Ripald
1901 3738 1942 3783 a
1972 3720 2031 3783 d.
2071 3728 2148 3790 16
2183 3741 2229 3783 s,
2265 3726 2337 3789 9:
2407 3722 2741 3802 ,Magnam
2787 3722 3191 3789 latitudinem

566 3827 848 3891 admittit
880 3827 1067 3913 (haec
1101 3827 1453 3910 aequalitas
1485 3828 1962 3913 proportionis),
1995 3825 2295 3910 nullaque
2316 3829 2379 3892 in
2401 3847 2595 3909 opere
2630 3829 2795 3893 facta
2827 3831 3186 3896 variatione

573 3934 706 3997 lieri
738 3939 968 4014 potest,
1004 3940 1075 3997 ut
1107 3933 1274 3997 idem
1308 3953 1468 4017 opus
1502 3951 1671 3997 nunc
1702 3934 1989 4015 praemio
2040 3935 2286 4016 majori,
2337 3954 2509 3998 nunc
2561 3937 2788 4000 minori
2831 3937 2976 4018 jure
3007 3957 3186 4001 com-

571 4048 892 4121 pensetur,
929 4059 1022 4104 ex.
1058 4060 1144 4122 gr.
1181 4041 1388 4106 eidem
1419 4041 1703 4123 poemati
1735 4040 1819 4104 ab
1853 4041 2297 4124 inaequalibus
2328 4043 2718 4125 principibus
2738 4046 2802 4107 in
2825 4045 3054 4108 eadem
3077 4063 3186 4109 oc-

565 4148 830 4211 casione
865 4154 927 4211 et
962 4147 1043 4210 ab
1079 4148 1307 4213 eodem
1339 4149 1624 4230 principe
1658 4149 1720 4211 in
1755 4147 2021 4213 diversis
2054 4148 2500 4212 occasionibus
2533 4151 2897 4233 inaequalia
2915 4170 3186 4218 munera

555 4255 728 4334 juste
762 4253 1018 4334 quidem
1050 4255 1376 4320 reddenda
1406 4256 1677 4337 proponi
1710 4261 2037 4336 possunt«
2109 4254 2194 4318 Cf.
2231 4253 2536 4319 Suarez
2568 4256 2694 4333 XII,
2736 4264 2831 4325 17.

748 4393 891 4445 227.
930 4385 1290 4443 Condiciones
1322 4405 1466 4461 quae
1498 4405 1611 4442 non
1642 4388 2042 4462 requiruntur.
2076 4418 2159 4428 —-
2213 4383 2271 4449 l.
2320 4387 2454 4445 Non
2499 4388 2846 4464 requiritur,
2894 4396 2964 4446 ut,
3012 4393 3181 4449 actus

565 4473 906 4531 meritorius
941 4474 1021 4531 sit
1051 4475 1796 4550 supererogatorius
1840 4493 1944 4533 seu
1978 4493 2095 4532 non
2126 4481 2494 4551 praeceptus,
2544 4478 2700 4551 quod
2732 4478 3056 4536 tenendum
3092 4483 3181 4538 est

560 4569 768 4620 contra
800 4565 1216 4637 protestante&
1253 4564 1356 4638 qui
1391 4564 1442 4620 si
1475 4564 1633 4638 quod
1667 4564 1947 4621 meritum
1970 4564 2317 4635 concedunt,
2351 4566 2614 4642 exigunt,
2648 4569 2718 4624 ut
2750 4585 2900 4641 opus
2933 4568 3177 4626 merito-

559 4651 715 4708 rium
748 4651 912 4709 nullo
944 4652 1060 4709 alio
1092 4653 1271 4710 titulo
1304 4652 1385 4710 sit
1417 4652 1704 4715 debitum.
1750 4652 2073 4711 Evidenter
2103 4653 2261 4711 enim
2282 4658 2515 4713 constat
2546 4674 2616 4713 ex
2637 4655 2957 4731 Scriptura,
2990 4658 3177 4731 patri-

561 4739 673 4797 bus
707 4744 767 4797 et
797 4741 1044 4798 concilio
1076 4742 1179 4798 tri
1199 4741 1255 4804 d.
1288 4759 1430 4799 sess.
1468 4751 1501 4802 6
1538 4760 1585 4799 c.
1615 4752 1709 4812 16,
1735 4742 1936 4816 justos
1969 4760 2073 4818 per
2091 4743 2289 4800 omnia
2308 4761 2484 4820 opera
2504 4744 2673 4814 bona,
2709 4744 2962 4819 ideoque
2994 4745 3171 4804 etiam
