3538 5364
681 275 883 329 'rhesis
911 274 1118 329 CCXII.
1147 275 1389 329 Sacram.
1419 275 1580 327 valor
1606 289 1721 326 non
1749 271 1959 341 pendet
1985 288 2017 322 a
2049 269 2300 324 ministri
2328 268 2548 339 probita
2560 274 2630 321 te.
2830 278 2957 337 ⁴251

347 462 529 520 terius
562 462 803 520 nomine
836 462 1269 518 sacramentum
1299 458 1743 517 ministraretur
1773 454 1868 537 (cf.
1900 468 1946 518 l.
1968 456 2091 516 Cor.
2124 467 2170 524 1,
2204 464 2275 517 12
2302 453 2422 531 ss.)‚
2458 472 2636 530 quam
2668 453 2959 512 rationem

345 555 478 627 post
508 549 1042 627 Augustinum
1075 548 1169 622 (cf.
1203 567 1260 606 n.
1298 548 1483 624 289²)
1529 547 1811 623 proponit
1854 546 2174 604 Thomas
2220 544 2259 603 1.
2306 563 2351 602 c.
2385 563 2433 604 a.
2470 554 2505 605 4
2541 542 2613 601 ad
2656 554 2722 613 l;
2770 539 2841 605 b.
2891 550 2959 600 ut

343 644 500 699 esset
545 640 740 716 magis
787 638 1017 697 stabilis
1061 641 1122 695 et
1166 637 1334 695 firma
1377 637 1578 695 unitas
1615 636 1854 694 ritualis
1887 653 2007 694 non
2039 634 2292 692 habente
2324 632 2580 691 Ecclesia
2612 635 2962 707 potestatem

337 728 617 787 mutandi
647 732 1012 787 sacramenta
1040 726 1235 802 quoad
1267 726 1691 795 substantiam;
1739 740 1801 788 (3.
1834 723 2049 793 decuit,
2094 727 2166 781 ut
2197 722 2462 780 Christus
2494 721 2791 780 Ecclesiae
2823 738 2963 779 auc-

337 824 436 877 tor
466 822 530 876 et
576 823 761 893 caput
792 816 1057 893 ejusdem
1087 816 1474 874 fundamenta
1504 816 1822 891 praecipua
1853 813 1979 889 ipse
2012 816 2288 887 poneret;
2335 807 2405 875 d.
2449 811 2635 887 exigit
2682 811 2789 869 hoc
2833 808 2963 885 ipsa

336 909 844 965 sacramentorum
878 905 1159 982 dignitas,
1202 923 1352 980 quae
1385 921 1506 963 non
1535 908 1735 963 essent
1765 903 2023 978 amplius
2056 901 2316 961 actiones
2349 900 2565 959 Christi
2598 899 2866 967 vicariae,
2912 900 2965 957 si

335 997 636 1055 humanae
667 994 1084 1064 institutionis,
1116 993 1368 1070 ideoque
1399 994 1714 1070 dignitatis
1746 991 2015 1061 minoris,
2048 1010 2189 1066 prae
2222 1009 2285 1049 se
2317 990 2541 1049 ferrent
2572 989 2844 1064 speciem.

524 1129 669 1183 287.
700 1114 1213 1184 corollarium.
1277 1118 1361 1177 Eo
1394 1119 1527 1193 ipso
1559 1120 1777 1184 autem,
1813 1116 1972 1192 quod
2006 1116 2276 1175 Christus
2308 1113 2689 1172 immediatus
2721 1113 2839 1172 fuit
2872 1131 2965 1171 sa-

335 1212 779 1269 cramentorum
812 1213 1032 1277 auctor,
1080 1207 1371 1282 sequitur,
1417 1226 1553 1267 eum
1595 1208 1835 1266 illorum
1867 1222 2104 1282 quoque
2137 1203 2535 1262 substantiam
2570 1203 2607 1260 i.
2640 1222 2688 1262 e.
2720 1206 2870 1260 mat
2890 1221 2919 1259 e
2941 1235 2963 1246 -

337 1301 531 1357 riam
591 1304 653 1357 et
711 1298 1021 1357 formam
1078 1299 1577 1356 sacramentorum
1636 1296 2075 1356 determinasse.
2159 1292 2308 1352 Vero
2359 1293 2467 1351 hoc
2513 1310 2635 1350 non
2687 1290 2966 1350 obstante

336 1388 477 1446 licet
508 1388 686 1457 tueri,
720 1406 854 1445 eum
887 1386 952 1444 in
981 1385 1288 1444 nonnullis
1320 1385 1559 1461 quidem
1582 1384 1962 1444 sacramentis
1985 1382 2289 1441 materiam
2323 1385 2385 1440 et
2416 1381 2661 1440 formam
2695 1384 2966 1439 accurate

337 1496 445 1535 seu
477 1481 550 1534 ut
581 1476 792 1534 dicunt
821 1476 884 1533 in
918 1476 1108 1551 specie
1139 1474 1343 1533 infima
1375 1475 1818 1543 determinasse,
1866 1474 1930 1531 in
1976 1472 2108 1531 aliis
2155 1472 2217 1529 in
2264 1490 2478 1548 genere
2516 1474 2771 1537 tantum,
2820 1469 2963 1527 adeo

338 1570 409 1624 nt
441 1565 739 1624 Ecclesiae
770 1564 1108 1640 permiserit
1138 1564 1400 1631 arbitrio,
1448 1582 1577 1622 eam
1610 1563 1942 1622 accuratius
1975 1562 2351 1621 constituere.
2417 1559 2549 1638 Nisi
2581 1556 2738 1617 enim
2773 1577 2963 1634 quan-

338 1655 476 1712 dam
511 1653 915 1713 institutionis
936 1653 1314 1711 latitudinem
1335 1653 1727 1723 admittimus,
1760 1658 1822 1710 et
1853 1652 1904 1710 si
1936 1651 2153 1719 omnia,
2186 1668 2338 1725 quae
2360 1649 2664 1707 materiam
2686 1648 2960 1707 formam-

338 1762 456 1818 que
490 1745 780 1817 spectant,
814 1763 847 1800 a
878 1742 1058 1817 priori
1096 1761 1165 1800 ex
1198 1742 1558 1817 quibusdam
1587 1740 1999 1818 congruentiis
2031 1745 2093 1798 et
2125 1739 2452 1797 subtilibus
2477 1734 2966 1797 considerationi·

340 1834 455 1890 bus
488 1831 736 1891 definire
781 1832 1077 1900 volumuS,
1124 1832 1185 1888 in
1229 1849 1439 1907 graves
1485 1831 1801 1889 incidimus
1847 1830 2230 1888 difficultates
2276 1846 2344 1887 ex
2391 1828 2519 1903 ipsa
2567 1824 2815 1885 historia
2862 1826 2964 1883 ad·

340 1920 802 1979 ministrationis
835 1922 1335 1978 sacramentorum
1366 1919 1598 1996 petitas.
1661 1920 1740 1978 Of.
1775 1938 1817 1981 s,
1850 1919 2174 1977 Thomas
2212 1926 2266 1979 3.
2303 1936 2356 1990 q.
2394 1927 2472 1979 60
2510 1936 2557 1978 a.
2594 1924 2659 1978 5:
2714 1915 2969 1973 Billot

338 2010 424 2069 th.
464 2020 535 2081 2;
567 2010 861 2068 Harent
895 2009 950 2067 S.
985 2009 1039 2067 J.
1071 2008 1523 2073 Etudes1s97.
1559 2018 1658 2078 73,
1698 2017 2062 2071 315—337.

507 2154 655 2217 288.
690 2149 945 2216 'rhesis
974 2145 1251 2215 CCXII.
1291 2168 1901 2222 &aeramentorum
1942 2168 2141 2220 vulm-
2170 2181 2313 2222 vion
2344 2165 2601 2232 pendet
2633 2180 2679 2217 (ι
2706 2168 2965 2218 sanct-6-

340 2263 485 2312 tate
524 2258 631 2312 vel
660 2259 803 2322 fide
841 2259 1174 2311 ministri.

521 2381 967 2449 Declaratlo.
1030 2379 1368 2462 Reliquum
1413 2387 1526 2454 est,
1575 2386 1643 2443 ut
1675 2379 1891 2461 aliqua
1923 2379 2213 2442 dicamus
2246 2377 2325 2442 de
2360 2394 2561 2440 causa
2595 2374 2963 2438 ministe-

340 2487 535 2551 riali
580 2506 697 2551 seu
729 2488 807 2552 de
840 2485 1160 2561 ministriS,
1206 2504 1321 2568 per
1365 2504 1527 2568 quos
1558 2495 1967 2549 sacramenta
1996 2484 2363 2549 hominibus
2410 2482 2962 2546 administrantur.

341 2594 474 2657 Hos
508 2612 651 2658 esse
682 2594 1054 2657 homines
1086 2611 1164 2657 ex
1198 2593 1497 2657 universa
1528 2593 1842 2672 colligitur
1872 2591 2268 2656 revelatione
2299 2598 2364 2656 et
2386 2588 2567 2671 praxi
2591 2587 2961 2651 christiana.

339 2700 473 2765 Imo
506 2700 666 2765 soli
699 2700 990 2765 homines
1011 2699 1329 2764 ordinarie
1351 2699 1600 2763 illorum
1621 2706 1769 2763 sunt
1805 2698 2093 2774 ministri,
2134 2697 2316 2779 cujus
2356 2695 2771 2759 institutionis
2794 2693 2963 2756 hanc

340 2807 549 2872 reddit
579 2827 628 2870 s,
661 2807 1011 2872 Thomas
1042 2808 1359 2872 rationem
1390 2807 1456 2870 in
1486 2811 1546 2874 4.
1579 2806 1636 2870 d.
1671 2810 1712 2874 5
1744 2826 1801 2889 q.
1837 2811 1876 2873 2
1911 2824 1965 2869 a.
2002 2810 2042 2873 3
2076 2803 2195 2887 qcl.
2238 2812 2263 2872 1
2307 2802 2423 2866 sol.
2466 2808 2534 2869 1:
2578 2801 2963 2882 ‚Dispensa-

342 2914 432 2978 tio
464 2921 1021 2979 sacramentorum
1053 2933 1183 2978 non
1216 2921 1314 2979 est
1345 2932 1657 2978 concessa
1689 2913 1812 2977 nisi
1830 2911 2217 2986 hominibuS,
2252 2907 2358 2992 qui
2390 2909 2787 2974 conveniunt
2815 2925 2960 2969 cum

343 3020 557 3085 Verbo
590 3021 942 3097 incarnatO,
975 3040 1014 3085 a
1046 3040 1173 3105 quo
1195 3026 1605 3085 sacramenta
1626 3020 1964 3095 fluxerunt,
1986 3019 2047 3082 in
2070 3024 2305 3081 natura
2328 3021 2661 3097 assumpta
2682 3020 2746 3078 et
2765 3015 2963 3078 etiam

344 3146 491 3190 cum
522 3129 961 3204 sacramentiS,
993 3129 1057 3191 in
1089 3128 1318 3210 quibus
1351 3136 1450 3193 est
1480 3128 1822 3209 spiritualis
1857 3127 2055 3191 virtus
2080 3126 2143 3188 in
2165 3123 2501 3206 corporeis
2523 3121 2853 3188 elementis
2876 3121 2961 3183 si-

344 3240 452 3297 cut
483 3240 548 3299 et
580 3235 872 3299 homines
904 3253 983 3299 ex
1015 3241 1247 3299 natura
1267 3234 1578 3316 spirituali
1600 3241 1665 3298 et
1684 3232 2003 3314 corporali
2023 3231 2360 3313 compositi
2380 3237 2585 3294 sunt<
2629 3268 2712 3276 -—
2746 3226 2967 3307 Quare
3041 3237 3047 3244 ’

345 3339 555 3420 angeli
585 3358 700 3422 per
729 3358 800 3404 se
832 3349 1156 3424 nequeunt
1187 3342 1394 3406 valido
1426 3347 1841 3405 sacramenta
1875 3339 2363 3403 administrare:
2400 3338 2695 3420 quamvis
2730 3342 2793 3402 et
2815 3336 2969 3416 ipsis

347 3448 646 3513 divinitus
691 3448 854 3513 haec
901 3450 1101 3513 virtus
1151 3448 1639 3512 administrandi
1689 3453 2107 3510 sacramenta
2161 3453 2380 3527 posset
2425 3443 2714 3508 conferri.
2779 3441 2866 3506 Cf.
2917 3463 2965 3504 s.

346 3556 696 3619 Thomas
731 3559 770 3622 3
804 3574 859 3637 q.
893 3559 979 3623 64
1001 3573 1056 3617 a.
1082 3560 1137 3620 7.
1158 3594 1244 3602 —
1265 3553 1409 3618 Non
1442 3573 1593 3619 vero
1629 3572 1910 3617 omnes
1944 3554 2238 3617 homines
2272 3553 2557 3616 omnium
2594 3569 2968 3614 sacramen-

351 3671 559 3726 torum
590 3668 740 3725 sunt
769 3661 1055 3738 ministri,
1101 3662 1215 3726 sed
1260 3662 1364 3724 alii
1409 3680 1525 3743 pro
1561 3661 1716 3736 aliis,
1764 3667 1834 3724 ut
1865 3661 1944 3725 de
1979 3659 2247 3741 singulis
2296 3666 2557 3740 agentes
2592 3657 2964 3721 videbimus.

350 3769 461 3832 Hic
494 3786 575 3832 ea
607 3773 856 3832 tantum
891 3768 1293 3849 attingemuS,
1327 3786 1493 3849 quae
1527 3768 1825 3831 omnibus
1858 3767 2181 3842 ministriS,
2216 3767 2575 3848 quicunque
2621 3765 2662 3827 ii
2709 3764 2966 3827 demum

349 3876 489 3951 sint,
523 3875 892 3938 communia
921 3883 1087 3940 sunt.
1121 3875 1188 3938 In
1219 3876 1439 3956 primis
1470 3894 1621 3956 ergo
1654 3880 1930 3950 notetur,
1962 3875 2262 3938 virtutem
2295 3871 2660 3938 conferendi
2694 3871 2967 3951 gratiam

349 3981 468 4063 ipsi
497 3982 709 4047 inesse
740 3981 888 4045 ritui
917 3999 1032 4045 seu
1076 3982 1257 4061 signo
1302 3982 1754 4048 sacramentali
1804 3983 1889 4068 (n.
1924 3985 2097 4067 258).
2164 3981 2323 4044 Hinc
2374 3999 2523 4043 cum
2556 3985 2967 4042 sacramenta

349 4106 463 4169 per
491 4089 784 4154 homines
816 4089 943 4151 sint
987 4088 1424 4164 ministranda,
1473 4107 1587 4171 per
1636 4088 1776 4153 illos
1827 4088 1976 4163 scil„
2028 4089 2135 4170 qui
2185 4105 2305 4168 pro
2339 4086 2595 4150 Christo
2642 4085 2965 4164 legatione

351 4194 712 4275 funguntur,
775 4202 1065 4276 potestas
1112 4196 1353 4259 vicaria
1402 4196 1670 4259 ministri
1715 4196 2084 4259 immediate
2136 4194 2416 4275 pertinet
2465 4194 2547 4256 ad
2599 4192 2965 4274 ponendum

350 4301 557 4381 ipsum
589 4302 859 4382 signum,
891 4310 1207 4384 quatenus
1240 4311 1339 4368 est
1369 4303 1839 4367 sacramentale
1874 4310 1941 4366 et
1974 4300 2199 4365 efficax
2222 4301 2485 4380 gratiae.
2516 4300 2793 4364 mediate
2815 4317 2964 4376 ergo

352 4413 602 4472 tantum
653 4410 690 4471 i.
742 4428 793 4474 e.
845 4427 957 4490 per
1000 4411 1206 4491 ipsam
1255 4409 1549 4474 videlicet
1599 4410 1921 4473 actionem
1972 4410 2508 4474 sacramentalem
2556 4407 2830 4488 pertinet
2886 4405 2967 4467 ad

349 4516 597 4596 gratiae
629 4515 1072 4581 collationem:
1117 4515 1391 4598 ideoque
1423 4516 1711 4580 minister
1742 4523 2011 4580 eatenus
2046 4520 2295 4578 tantum
2344 4533 2543 4578 causa
2575 4520 2672 4578 est
2705 4511 2967 4593 gratiae.

349 4628 669 4704 quatenus
719 4629 1041 4704 potestate
1092 4622 1215 4685 sibi
1260 4641 1301 4685 a
1346 4621 1597 4686 Christo
1648 4621 1885 4685 collata
1935 4621 2182 4702 sibique
2233 4620 2605 4685 inhaerente
2638 4620 2834 4683 utitur
2886 4619 2965 4681 ad

349 4729 721 4810 ponendum
753 4730 1002 4809 signum
1036 4728 1258 4794 efficax
1290 4731 1549 4810 gratiae.
1612 4729 1800 4808 Quod
1831 4748 1977 4792 cum
2009 4747 2128 4792 em.
2176 4728 2345 4791 card.
2396 4726 2828 4791 Franzelin
2878 4726 2969 4788 ita
