3538 5364
1403 362 1484 416 De
1505 362 1927 433 jurisdictione.
2841 368 2972 432 491

357 551 574 610 Verum
599 550 723 624 jam
756 570 789 608 a
822 569 932 608 sec.
965 548 1119 608 XIII.
1152 567 1360 625 graves
1393 552 1661 607 auctores
1693 549 1875 620 hujus
1908 546 2289 606 confessionis
2320 547 2731 606 necessitatem
2764 565 2972 623 repro·

354 640 592 710 barnnt,
626 639 888 698 contenti
923 639 1194 698 consilio:
1229 638 1332 696 sed
1363 641 1424 696 et
1455 638 1563 696 hoc
1595 637 1837 697 demum
1868 637 2099 695 invenit
2130 635 2611 705 contradictores,
2644 636 2804 695 unde
2835 655 2973 713 gra·

355 730 538 787 datim
570 749 603 787 a
637 746 747 787 sec.
779 728 899 790 XV.
932 729 1071 786 haec
1105 727 1297 803 praxis
1328 727 1591 786 evanuit.
1659 724 1814 794 Quid
1859 726 1932 784 de
1977 726 2085 784 hac
2129 724 2293 801 praxi
2340 725 2421 784 sit
2463 724 2804 795 tenendum,
2846 726 2972 800 jam

353 818 556 894 paucis
588 818 870 880 dicamus.
919 818 1061 876 Ideo
1093 816 1316 875 scilicet
1344 831 1409 880 a.
1440 815 1700 892 theologi
1737 815 2230 874 commendarunt
2278 814 2568 890 peccatori
2600 813 2703 873 illo
2736 813 2800 872 in
2832 832 2976 873 casu

352 906 719 966 necessitatis
748 906 1175 965 confessionem
1209 905 1362 964 laico
1393 904 1734 974 faciendam,
1781 903 1942 980 quod
1974 903 2233 979 quilibet
2263 903 2327 961 in
2357 902 2649 979 ejusmodi
2683 907 2864 972 statu,
2912 903 2976 961 in

354 1014 473 1072 quo
504 997 704 1072 agitur
736 996 808 1054 de
840 995 1035 1053 salute
1068 999 1326 1063 aeterna,
1358 996 1600 1052 tenetur
1631 993 1818 1052 facere
1848 991 2143 1068 quidquid
2178 994 2394 1068 potest.
2453 992 2640 1069 Atqui
2675 992 2977 1051 sacerdote

354 1086 615 1152 absente,
651 1089 959 1159 praesente
992 1103 1129 1142 vero
1165 1083 1329 1153 laicO,
1365 1081 1760 1141 moribundus
1793 1082 1931 1140 huic
1963 1081 2170 1140 saltem
2194 1081 2461 1140 confiteri
2494 1083 2707 1157 potest.
2755 1080 2977 1140 Tamen

353 1171 426 1237 l).
460 1193 577 1232 non
620 1177 1000 1241 censuerunt,
1047 1172 1474 1232 confessionem
1507 1172 1656 1229 hanc
1688 1189 1818 1229 esse
1851 1171 2350 1240 sacramentalem,
2399 1171 2492 1229 vel
2538 1170 2756 1230 laicum
2801 1188 2978 1247 posse

354 1264 674 1326 absolvere,
737 1262 957 1322 Verum
990 1277 1051 1325 c.
1085 1261 1444 1320 sacerdotem
1477 1260 1860 1328 invisibilem,
1911 1259 2231 1328 Christum,
2279 1259 2388 1317 tali
2435 1259 2498 1317 in
2544 1277 2684 1318 casu
2730 1259 2806 1319 ob
2853 1260 2974 1319 sin-

354 1370 554 1411 cerum
584 1351 897 1411 confitendi
931 1351 1217 1411 sacerdoti
1250 1350 1604 1409 desiderium
1638 1348 2076 1409 absolutionem
2096 1349 2406 1424 impertiri.
2442 1349 2538 1407 Ita
2567 1352 2767 1408 tamen
2798 1344 2872 1412 (l.
2907 1353 2975 1408 ut

352 1445 622 1516 peccator
654 1442 984 1518 periculum
1016 1440 1252 1515 elapsus
1284 1442 1560 1498 teneatur
1605 1438 1809 1497 eadem
1858 1441 2096 1514 peccata
2139 1437 2432 1496 sacerdoti
2477 1437 2761 1496 confiteri.
2828 1438 2978 1496 Inde

354 1549 493 1589 vero
527 1545 589 1593 c.
620 1530 899 1607 colligere
933 1529 1090 1599 licet,
1137 1548 1315 1604 quam
1347 1527 1514 1585 firma
1546 1527 1730 1586 fuerit
1761 1527 2071 1602 persuasio
2104 1526 2176 1584 de
2207 1528 2556 1586 necessitate
2588 1526 2976 1586 consessionis

352 1619 426 1677 ad
474 1620 742 1678 salutem.
807 1618 1182 1677 Recentiores
1228 1636 1367 1675 vero
1415 1616 1678 1693 theologi
1728 1620 1989 1685 censent,
2037 1634 2195 1674 nunc
2224 1616 2509 1691 temporis
2543 1615 2819 1675 illicitum
2852 1634 2978 1675 esse

352 1709 501 1766 laico
536 1708 822 1776 confiteri,
857 1726 932 1767 ne
965 1706 1276 1765 videamur
1310 1706 1508 1763 favere
1540 1711 1895 1764 novatorum
1927 1704 2112 1763 errori
2147 1699 2232 1785 (n.
2270 1700 2441 1787 506).

529 1832 677 1896 510.
711 1828 1060 1896 Scholion
1096 1827 1196 1896 11.
1259 1825 1356 1889 De
1403 1826 1857 1908 jurisdictione..
1903 1863 1989 1872 —
2038 1823 2117 1887 Ut
2167 1831 2384 1889 tamen
2430 1823 2734 1889 sacerdos
2767 1823 2977 1888 valide

350 1935 554 2016 possit
587 1934 943 2009 absolvere,
971 1939 1229 2014 praeter
1250 1937 1642 2013 potestatem
1663 1931 1908 1995 ordinis
1927 1931 2258 2012 praeditus
2281 1949 2422 1996 esse
2442 1930 2634 1996 debet
2652 1936 2978 2013 potestate

346 2041 991 2122 jurisdictionis
1024 2041 1096 2103 111·
1122 2039 1258 2103 soro
1293 2039 1565 2102 interno.

528 2170 825 2245 Duplex
860 2169 1257 2245 distinguitur
1287 2172 1569 2244 potestas
1603 2168 1912 2226 ordinis
1944 2167 2070 2230 scil.
2102 2167 2816 2242 etjurisdictionis.
2863 2167 2975 2225 Po·

359 2263 535 2317 testas
569 2258 795 2316 ordinis
827 2263 921 2316 est
951 2262 1217 2335 potestas
1250 2256 1597 2316 conficiendi
1630 2275 1840 2333 corpus
1874 2256 2090 2315 Christi
2137 2256 2598 2315 eucharisticum
2644 2259 2706 2313 et
2752 2256 2972 2314 sancti·

356 2347 561 2406 ficandi
583 2365 799 2422 corpus
821 2347 1037 2407 Christi
1057 2347 1374 2423 mysticum
1408 2365 1514 2420 per
1545 2345 1738 2404 media
1766 2346 2010 2423 gratiae.
2061 2346 2334 2404 Potestas
2369 2362 2507 2404 vero
2531 2344 2974 2420 jurisdictionis

349 2442 442 2495 est
469 2440 736 2513 potestas
767 2436 1012 2513 regendi
1045 2436 1246 2494 fideles
1279 2435 1552 2493 subditos
1573 2434 1633 2493 in
1655 2435 1745 2503 iis,
1780 2453 1933 2510 quae
1963 2434 2270 2510 pertinent
2299 2434 2372 2493 ad
2405 2434 2581 2493 finem
2614 2443 2973 2510 supernatu-

350 2527 530 2585 ralem
547 2524 613 2606 ¹).
679 2525 990 2600 Multiplex
1025 2543 1164 2584 vero
1197 2527 1288 2583 est
1320 2523 1638 2582 discrimen
1669 2523 1828 2582 inter
1860 2527 2180 2599 utramque
2211 2527 2600 2600 potestatem:
2636 2523 2748 2581 llla
2780 2538 2845 2585 8.
2880 2529 2971 2581 est

349 2615 708 2692 principium
741 2614 985 2673 effectus
1007 2613 1446 2672 sacramentalis
1478 2611 1552 2671 ad
1585 2611 1857 2672 ordinem
1889 2613 2113 2691 gratiae
2148 2613 2500 2689 spectantis:
2534 2613 2675 2670 haec
2706 2616 2974 2689 potestas

352 2705 650 2782 dirigendi
701 2709 762 2762 et
809 2703 1124 2763 efficaciter
1168 2702 1421 2780 urgendi
1469 2703 1728 2762 actiones
1776 2702 2043 2761 fidelium
2092 2703 2155 2762 in
2204 2702 2381 2761 finem
2428 2702 2972 2778 supernaturalem3

351 2794 490 2852 hinc
534 2794 640 2852 illa
682 2793 940 2852 refertur
971 2794 1307 2851 immediate
1338 2793 1411 2851 ad
1459 2792 1722 2851 fidelium
1756 2792 2297 2862 sanctificationem,
2345 2792 2483 2850 haec
2529 2790 2602 2849 ad
2648 2790 2971 2850 eorundem

352 2883 768 2942 directionem:
807 2883 1072 2957 adeoque
1103 2882 1378 2940 consistit
1409 2881 1474 2940 in
1505 2882 1761 2957 quadam
1793 2881 2222 2956 superioritate‚
2271 2880 2330 2940 vi
2377 2881 2548 2955 cujus
2593 2879 2728 2956 quis
2775 2884 2971 2955 potest

351 2972 704 3048 praecipere,
752 2970 1082 3047 prohibere,
1130 2970 1392 3047 obligare
1425 2975 1565 3039 etc.;
1612 2971 1779 3028 illius
1825 2970 2069 3028 effectus
2101 2972 2329 3045 spectat
2358 2970 2433 3028 ad
2465 2969 2730 3028 ordinem
2764 2972 2976 3027 onoto·

353 3062 627 3138 logicum‚
680 3060 859 3135 hujus
908 3060 982 3119 ad
1032 3060 1300 3118 ordinem
1330 3060 1645 3129 moralem;
1695 3059 1802 3117 illa
1852 3056 1923 3121 b.
1975 3059 2263 3135 supponit
2293 3059 2632 3134 subjectum
2664 3058 2973 3117 idoneum:

351 3150 492 3208 haec
526 3149 865 3218 subditum;
913 3150 1018 3207 illa
1063 3164 1127 3214 c.
1176 3148 1478 3208 confertur
1508 3148 1850 3207 immediate
1881 3167 1917 3206 a
1948 3149 2085 3218 Dec,
2119 3152 2483 3207 sacramento
2513 3148 2786 3224 quidem:
2835 3147 2977 3206 haec

352 3244 516 3297 extra
547 3243 605 3297 et
638 3242 873 3314 praeter
905 3238 1340 3296 sacramentum
1371 3237 1445 3295 ab
1476 3236 1755 3306 Ecclesia,
1804 3238 1853 3295 si
1887 3237 2224 3312 pontificem
2256 3237 2530 3313 excipiaS,
2565 3237 2672 3311 qui
2703 3255 2831 3295 eam
2864 3236 2977 3295 im-

353 3327 605 3386 mediate
650 3346 685 3385 a
728 3328 849 3386 Deo
895 3327 1139 3404 accipit;
1193 3326 1296 3384 illa
1347 3323 1414 3391 d.
1465 3329 1675 3401 utpote
1707 3345 1841 3384 cum
1875 3326 2208 3384 charactere
2240 3343 2503 3385 connexa
2546 3328 2640 3384 est
2688 3324 2977 3383 inamissi-

350 3416 507 3486 bilis,
541 3421 604 3475 et
633 3416 698 3474 in
729 3416 1008 3475 omnibus
1040 3415 1303 3491 ejusdem
1338 3415 1562 3474 ordinis
1593 3415 1891 3490 aequalis:
1937 3415 2079 3474 haec
2117 3415 2462 3473 amissibilis
2495 3419 2556 3474 et
2587 3415 2704 3473 alia
2733 3415 2796 3472 in
2828 3414 2978 3473 aliis.

352 3506 508 3565 Hinc
540 3521 602 3568 e.
639 3506 746 3563 hae
780 3504 930 3563 duae
960 3508 1289 3581 potestates
1321 3509 1572 3579 possunt
1604 3503 1840 3562 divisim
1872 3504 1945 3562 ab
1979 3504 2231 3563 invicem
2252 3505 2556 3563 exsistere.
2612 3502 2981 3578 Quandoque

351 3596 643 3653 alterutra
675 3593 896 3652 sufficit
926 3594 1000 3653 ad
1032 3612 1209 3653 8111118
1241 3593 1515 3652 effectum
1537 3593 2002 3669 producendum,
2039 3592 2395 3669 quandoque
2426 3593 2747 3667 utriusque
2779 3592 2978 3667 requi-

352 3685 511 3742 ritur
529 3700 868 3745 concursus,
919 3684 1099 3742 Porro
1119 3686 1380 3759 potestas
1395 3682 1833 3757 jurisdictionis
1856 3681 2072 3757 duplex
2105 3686 2199 3740 est
2228 3701 2335 3758 pro
2357 3681 2580 3758 duplici
2601 3681 2758 3740 foro:
2792 3681 2979 3739 altera

352 3773 637 3831 nimirum
669 3773 733 3830 in
763 3772 888 3831 foro
921 3778 1275 3841 extern0‚
1309 3772 1498 3830 altera
1529 3772 1589 3829 18
1620 3771 1747 3830 foro
1781 3771 2112 3830 interno.
2162 3771 2425 3846 Utraque
2444 3770 2690 3846 quidem
2711 3769 2979 3829 consistit

353 3862 418 3919 in
463 3862 716 3936 quadam
751 3861 1169 3937 superioritate
1200 3865 1262 3920 et
1302 3860 1534 3937 obligat
1567 3861 1629 3919 in
1662 3860 2051 3919 conscientia:
2101 3861 2200 3919 sed
2248 3860 2353 3918 illa
2396 3859 2653 3918 refertur
2699 3859 2771 3917 ad
2820 3876 2978 3917 com-

353 3951 712 4009 munitatem
744 3968 850 4008 888
881 3950 952 4008 ad
985 3950 1204 4021 fideles,
1238 3953 1536 4025 quatenus
1569 3949 1952 4008 constituunt
1984 3955 2215 4008 coetum
2247 3949 2568 4019 visibilem,
2602 3947 2857 4023 ideoque
2888 3954 2980 4006 est

354 4038 616 4115 legifera,
642 4038 962 4115 judicialis,
996 4039 1284 4098 coactiva:
1334 4039 1473 4097 haec
1505 4038 1579 4098 ad
1611 4037 1952 4108 individua3
2002 4038 2107 4096 illa
2151 4038 2393 4114 respicit
2422 4038 2684 4097 actiones
2715 4036 2981 4094 fidelium

581 4278 615 4341 ¹)
645 4270 1031 4325 Catechismus
1059 4270 1190 4324 trid.
1219 4289 1271 4340 p.
1303 4272 1353 4324 11
1380 4288 1425 4326 8.
1453 4276 1486 4327 7
1512 4292 1564 4326 n.
1598 4276 1657 4323 11
1688 4269 1997 4323 discrimen
2018 4269 2101 4323 ita
2122 4268 2402 4339 explicat:
2447 4268 2709 4331 „Ordinis
2731 4271 2982 4340 potestas

356 4351 428 4403 ad
462 4367 638 4405 veru
656 4370 712 4405 m
740 4350 954 4405 Christi
980 4350 1212 4405 Domini
1239 4368 1445 4422 corpus
1472 4350 1532 4404 in
1562 4353 1921 4403 sacrosancta
1947 4347 2296 4403 eucharistia
2321 4349 2579 4403 refertur.
2624 4347 2985 4403 Jurisdictio-

357 4430 446 4484 nis
476 4449 607 4485 vero
635 4434 887 4501 potestas
914 4433 1037 4485 tota
1063 4432 1123 4484 in
1153 4430 1364 4485 Christi
1392 4447 1625 4501 corpore
1652 4449 1707 4482 m
1724 4448 1760 4497 y
1780 4448 1804 4483 8
1821 4429 1926 4483 tic
1944 4447 1974 4482 o
2004 4432 2293 4487 versatum
2331 4429 2404 4482 ad
2432 4445 2557 4483 eam
2583 4430 2737 4482 enim
2766 4430 2984 4499 spectat

356 4509 733 4564 christianum
761 4511 1039 4581 populum
1067 4512 1386 4581 gubernare
1413 4514 1472 4564 et
1497 4509 1780 4565 moderari
1807 4514 1864 4563 et
1888 4510 1961 4562 ad
1988 4512 2276 4562 aeternam
2299 4510 2713 4578 coelestemque
2740 4507 2983 4562 beatitu-

357 4590 554 4644 dinem
581 4588 879 4659 dirigere.“
939 4589 1069 4643 Mox
1097 4590 1256 4644 illam
1283 4590 1516 4644 uberius
1544 4588 1835 4660 explicans
1862 4606 1917 4644 n.
1948 4595 2012 4644 12
2056 4586 2220 4641 addit
2264 4588 2566 4658 potestatis
2606 4588 2824 4642 ordinis
2867 4605 2985 4641 non

357 4670 547 4723 8011118
576 4686 694 4723 8888
721 4669 835 4724 vim
864 4670 1250 4733 consecrandi,
1292 4670 1387 4723 sed
1417 4673 1474 4723 et
1504 4669 1607 4729 „ad
1635 4686 1758 4723 eam
1786 4666 2233 4741 (eucharistiam)
2259 4668 2653 4739 accipiendam
2683 4668 2984 4722 hominum

357 4749 579 4803 animos
607 4765 947 4820 praeparare
990 4759 1047 4802 et
1084 4749 1321 4804 idoneos
1347 4750 1579 4803 reddere
1607 4752 1908 4817 ceteraque
1938 4747 2127 4801 omnia
2155 4748 2455 4820 complecti
2496 4765 2642 4817 quae
2684 4749 2755 4801 ad
2784 4748 2984 4802 eucha-

358 4829 579 4883 ristiam
608 4829 813 4898 quovis
842 4830 1006 4884 modo
1034 4829 1232 4884 referri
1261 4832 1549 4901 possunt-⁶
