3538 5364
1423 240 1529 292 sub
1558 242 1802 307 utraque
1829 238 2033 308 specie.
2904 246 3028 308 377

419 417 628 497 gratia
662 416 744 479 ad
775 417 1049 481 salutem
1082 420 1449 482 necessaria
1464 421 1544 505 1);
1591 437 1790 501 quare
1822 417 1998 482 nulla
2029 437 2107 483 ex
2141 419 2524 483 sacramenti
2557 425 2788 482 natura
2820 420 3033 500 sequi-

417 531 522 587 tur
553 524 905 588 necessitas
938 526 1409 589 communionis
1454 526 1575 589 sub
1622 535 1897 607 utraque
1943 527 2185 607 specie:
2233 543 2398 607 quae
2431 531 2531 589 est
2562 527 3032 606 argumentatio

419 630 673 693 concilii
707 630 885 693 trid.
919 649 1073 695 5555.
1109 638 1186 700 21
1227 650 1364 713 cap.
1400 637 1457 701 3.

596 755 662 821 3.
697 755 1020 819 Probatur
1052 756 1345 819 doctrina
1386 755 1701 820 catholica
1746 776 1827 821 ex
1876 758 2105 839 praxi
2156 756 2462 839 antiquae
2494 755 2833 833 Ecclesiae,
2867 776 3032 839 quae

418 861 709 943 quamvis
760 862 1000 928 soleret
1050 863 1132 926 ad
1183 882 1308 928 sec.
1360 882 1563 946 usque
1612 862 1738 927 XII.
1791 864 2314 928 communionem
2363 864 2483 927 sub
2516 871 2789 946 utraque
2821 864 3033 945 specie

416 966 706 1032 fidelibus
740 969 1059 1043 exhibere,
1092 971 1266 1034 baud
1297 988 1445 1034 raro
1480 970 1650 1035 illam
1685 972 1879 1036 etiam
1930 971 2048 1034 sub
2084 989 2214 1034 una
2245 970 2598 1035 distribuit:
2646 979 2716 1035 ut
2746 977 2924 1052 patet
2956 988 3032 1035 ex

416 1076 867 1140 communione
917 1075 1269 1154 infantium,
1302 1078 1409 1160 qui
1459 1077 1673 1142 idonei
1723 1097 1854 1142 non
1908 1084 2109 1154 erant,
2156 1085 2225 1142 ut
2275 1078 2394 1141 sub
2427 1078 2612 1159 panis
2643 1079 2855 1159 specie
2888 1096 3032 1143 eam

418 1181 813 1263 acciperent;
848 1201 927 1247 ex
962 1184 1413 1248 communione
1447 1184 1804 1249 domestica
1838 1192 1902 1249 et
1937 1184 2366 1259 infirmorum;
2402 1203 2610 1267 neque
2631 1185 2800 1249 enim
2823 1202 3032 1248 asser-

417 1289 692 1353 vabatur
742 1290 1004 1369 sanguis
1057 1289 1338 1365 Domini;
1403 1310 1481 1355 ex
1534 1292 1630 1365 iis,
1682 1310 1848 1374 quae
1900 1312 1946 1354 5.
1999 1292 2127 1357 Leo
2179 1292 2258 1357 de
2308 1291 2701 1355 manichaeis
2763 1297 3036 1355 testatur

416 1416 602 1460 serm.
634 1400 738 1464 49.
773 1395 999 1460 Plures
1032 1397 1204 1460 enim
1236 1397 1342 1460 diu
1376 1397 1621 1461 Romae
1653 1397 1984 1462 latitantes
2030 1417 2176 1460 cum
2225 1397 2482 1479 reliquis
2514 1396 2805 1461 fidelibus
2838 1397 3033 1460 inter-

419 1509 609 1566 erant
640 1502 840 1566 sacris
874 1502 1227 1584 synaxibus
1250 1511 1446 1585 atque
1467 1504 1662 1568 etiam
1684 1504 1767 1568 ad
1791 1521 2045 1567 sacram
2067 1503 2464 1568 accedebant
2483 1504 3033 1567 communionem:

417 1609 829 1674 abstinebant
859 1628 1014 1674 vero
1047 1628 1088 1673 a
1119 1609 1317 1673 calice
1351 1610 1433 1674 ob
1468 1630 1657 1673 suum
1692 1629 1994 1686 errorem,
2017 1609 2234 1674 vinum
2256 1617 2478 1692 utpote
2500 1619 2862 1676 creaturam
2884 1611 3034 1674 mali

415 1716 703 1797 principii
735 1736 876 1782 esse
909 1716 1165 1780 malum.
1230 1716 1424 1799 Atqui
1468 1718 1725 1784 latitare
1772 1736 1902 1781 non
1935 1719 2314 1799 potuissent,
2367 1718 2419 1781 si
2453 1716 2743 1782 fidelibus
2776 1736 3033 1799 semper

416 1824 570 1886 data
602 1824 823 1887 fuisset
854 1844 900 1886 s.
937 1824 1305 1887 communio
1351 1824 1471 1887 sub
1506 1832 1776 1906 utraque
1821 1826 2052 1906 specie.
2117 1824 2329 1904 Quare
2363 1825 2554 1889 etiam
2589 1825 2673 1889 ad
2705 1843 2816 1890 eos
2849 1824 3031 1890 dete-

416 1929 659 2008 gendos
694 1931 1020 2011 praecepit
1052 1929 1351 2011 pontifex,
1402 1939 1473 1995 ut
1504 1930 1720 1995 fideles
1773 1931 2195 1997 observarent
2242 1932 2400 2007 11105,
2453 1932 2560 2014 qui
2610 1950 2864 2012 semper
2913 1930 3032 1994 sub

416 2052 546 2098 una
578 2042 828 2100 tantum
861 2038 1414 2101 communicarent
1445 2039 1674 2119 specie.
1708 2037 1972 2102 Censuit
1992 2058 2146 2119 ergo
2167 2038 2454 2103 Ecclesia
2475 2039 2705 2120 quovis
2727 2045 3033 2119 tempore,

414 2161 623 2224 neque
655 2144 734 2207 de
766 2144 1149 2209 necessitate
1182 2145 1422 2220 salutis,
1456 2163 1664 2227 neque
1698 2164 1775 2209 ex
1808 2153 2156 2226 praecepto
2192 2145 2402 2209 divino
2437 2146 2868 2210 necessariam
2890 2164 3031 2209 esse

415 2250 934 2317 communionem
969 2252 1089 2315 sub
1124 2259 1394 2334 utraque
1426 2252 1717 2337 specie-22).

596 2391 736 2443 396.
771 2383 916 2440 Cum
947 2381 1147 2440 fideles
1167 2381 1463 2457 gradatim
1482 2383 1905 2441 renunciarent
1936 2399 2045 2441 5110
2077 2382 2389 2458 privilegio
2421 2380 2692 2440 sumendi
2726 2381 2838 2438 sub
2872 2388 3032 2437 utra-

418 2488 533 2543 que
567 2470 759 2544 specie
791 2470 1220 2540 eucharistiam,
1273 2489 1390 2544 quo
1442 2489 1510 2529 ex
1560 2472 1804 2547 vigente
1850 2471 2145 2530 Ecclesiae
2191 2471 2353 2547 praxi
2391 2471 2515 2546 jam
2562 2489 2596 2527 a
2639 2470 3033 2527 remotissima

413 2563 606 2617 aetate
638 2559 996 2635 gaudebant,
1045 2559 1188 2618 adeo
1220 2562 1291 2617 ut
1320 2579 1354 2617 a
1385 2577 1498 2618 sec.
1531 2561 1659 2624 XlI.
1692 2560 2124 2620 consuetudine
2148 2561 2272 2635 jam
2305 2564 2464 2618 esset
2496 2559 2738 2617 inducta
2769 2577 3029 2616 commu-

412 2648 513 2707 nio
559 2649 671 2707 sub
712 2667 832 2707 una
860 2653 1098 2708 tantum
1131 2648 1342 2724 specie,
1389 2649 1807 2710 accedentibus
1839 2650 1973 2710 aliis
2005 2650 2289 2727 gravibus
2322 2648 2654 2708 rationibus
2687 2647 2888 2706 eadem
2924 2647 3029 2705 Ec-

415 2737 594 2796 clesia
637 2756 744 2813 pro
787 2743 1081 2814 potestate
1125 2739 1412 2797 divinitus
1450 2739 1565 2797 sibi
1597 2740 1752 2798 facta
1784 2741 1935 2799 hanc
1963 2740 2187 2816 praxim
2221 2740 2352 2815 lege
2385 2739 2656 2797 sancivit.
2722 2737 3027 2812 Ejusmodi

416 2827 673 2885 rationes
705 2845 833 2886 esse
865 2830 1142 2902 poterant
1184 2842 1246 2893 a.
1291 2828 1626 2904 periculum
1657 2829 1964 2888 effusionis
1995 2829 2305 2906 sanguinis
2336 2829 2398 2886 in
2432 2846 2646 2904 magna
2677 2827 2882 2902 populi
2915 2825 3027 2884 sre-

417 2916 687 2989 quentia;
721 2913 789 2981 b.
822 2917 1214 2993 plurimorum
1248 2917 1341 2975 vel
1372 2936 1593 2976 nausea
1612 2918 1856 2978 bibendi
1890 2937 2024 2977 cum
2057 2918 2190 2976 aliis
2223 2937 2292 2976 ex
2323 2918 2527 2976 50115111
2546 2916 2744 2984 calice,
2780 2915 2872 2973 vel
2907 2915 3031 2972 vini

416 3004 751 3070 fastidiumz
789 3020 853 3069 e.
886 3006 1137 3082 penuria
1170 3006 1292 3064 vini
1327 3007 1387 3064 in
1421 3007 1631 3066 multis
1663 3008 2007 3085 regionibus
2039 3012 2100 3065 et
2131 3007 2511 3065 ecclesiarum
2545 3005 2745 3082 inopia
2774 3005 2847 3064 ad
2881 3003 3031 3062 illud

638 3188 673 3256 ¹)
701 3183 1023 3249 Quaeritur,
1039 3203 1177 3241 num
1193 3186 1390 3240 saltem
1407 3186 1588 3255 major
1603 3185 1792 3255 gratia
1808 3186 2150 3250 conferatur,
2171 3185 2217 3238 si
2241 3188 2483 3254 utraque
2503 3184 2784 3255 accipitur
2805 3183 3034 3254 51155155.

419 3263 1186 3333 NegantBellarminus
1216 3266 1309 3330 IV,
1336 3271 1435 3324 23;
1463 3266 1755 3330 Suarez,
1786 3266 2028 3320 Billot
2053 3266 2135 3321 th.
2163 3272 2231 3322 36
2260 3269 2396 3325 515.;
2435 3266 2727 3318 affirmant
2752 3264 2952 3334 Lugo
2979 3263 3033 3317 d.

422 3351 483 3399 12
512 3361 552 3397 s.
582 3351 632 3406 3,
659 3344 701 3398 V
724 3361 853 3414 asq
871 3364 909 3398 u
926 3362 955 3399 5
972 3364 1001 3399 z
1027 3349 1133 3402 etc,
1159 3346 1452 3400 Sententia
1479 3346 1635 3417 prior
1662 3363 1759 3401 seu
1790 3363 2005 3416 negans
2034 3345 2260 3399 videtur
2287 3346 2673 3416 praeferenda.
2702 3344 2862 3399 Sicut
2881 3344 3034 3397 enim

423 3425 737 3495 baptismus
764 3425 917 3479 trina
960 3425 1320 3480 immersione
1365 3427 1623 3490 collatus,
1651 3426 1757 3479 5151
1786 3426 2207 3496 significantius
2247 3426 2527 3497 exprimat
2553 3426 3034 3487 emundationem,

417 3523 532 3560 11011
560 3506 690 3574 111115
715 3507 937 3561 confert
964 3524 1136 3575 quam
1164 3506 1483 3576 baptismus
1510 3507 1629 3561 sola
1656 3506 1945 3561 infusione
1973 3507 2231 3571 collatus,
2260 3506 2341 3559 ita
2361 3508 2420 3559 51
2438 3506 2650 3576 duplex
2679 3504 2909 3575 species,
2931 3505 3036 3557 etsi

417 3586 627 3639 clarius
655 3586 942 3656 significet
966 3587 1189 3642 animae
1218 3587 1601 3650 refectionem,
1630 3604 1745 3640 non
1766 3587 1898 3658 plus
1926 3588 2178 3642 conferre
2206 3587 2436 3641 videtur
2464 3603 2636 3655 quam
2664 3603 2780 3639 una
2804 3584 3034 3656 species.

420 3669 503 3719 Ita.
529 3666 703 3720 etiam
732 3666 781 3720 si
807 3666 939 3735 quis
958 3667 1099 3721 duas
1119 3667 1367 3738 accipiat
1386 3667 1697 3738 particulas
1718 3671 2089 3730 consecratas,
2110 3685 2224 3721 non
2246 3668 2375 3738 plus
2397 3668 2774 3735 consequetur
2799 3663 3037 3735 gratiae.

417 3745 475 3799 M
492 3747 648 3803 11115
666 3766 703 3800 11
720 3748 756 3801 11
773 3764 805 3800 0
822 3748 889 3801 rf
910 3747 1149 3813 Qtlschr.
1178 3748 1315 3801 Linz
1348 3754 1477 3805 1901
1508 3749 1643 3802 fasc.
1671 3757 1719 3803 ⁶2.

632 3831 672 3899 ²)
701 3826 781 3882 Cf.
811 3827 994 3881 Lain
1011 3844 1084 3881 ez
1124 3827 1186 3881 in
1228 3829 1470 3883 consult.
1511 3829 1580 3882 de
1608 3829 1783 3882 calice
1825 3827 1987 3881 laicis
2016 3827 2358 3898 porrigendo
2386 3829 2446 3879 in
2473 3827 2591 3879 suis
2619 3825 2764 3894 disp.
2791 3823 2920 3877 trid.
2948 3821 3035 3876 ed.

418 3906 684 3962 Grisar
710 3908 1027 3980 Oeniponte
1059 3914 1211 3966 1886.
1239 3909 1307 3972 11,
1336 3916 1549 3967 24-74
1573 3909 1678 3963 col.
1705 3908 1924 3979 proleg.
1956 3912 2241 3966 13⁶—42·;
2269 3908 2357 3961 Pe
2374 3925 2443 3960 rr
2460 3925 2491 3961 o
2509 3925 2544 3960 n
2563 3923 2591 3960 e
2619 3924 2674 3975 p.
2707 3914 2729 3961 1
2761 3921 2807 3957 c.
2842 3910 2875 3959 3
2895 3921 2950 3972 p.
2974 3912 3035 3959 5:

417 3985 463 4037 B
479 4005 508 4040 e
525 4005 552 4041 c
570 4005 603 4041 a
620 4007 659 4042 11
675 4006 713 4042 11
733 4007 758 4042 5
784 3988 845 4042 111
873 4006 966 4058 011.
991 3989 1059 4042 115
1078 3989 1477 4044 50111111111110115
1496 3991 1602 4044 sub
1619 3991 1866 4057 utraque
1883 3988 2086 4059 specie.
2114 3988 2156 4041 L
2174 3988 2240 4042 51
2263 3990 2294 4042 b
2310 3987 2384 4043 111
2402 3989 2427 4039 t
2441 4006 2468 4040 z
2485 3985 2505 4038 i
2523 4005 2559 4039 u
2572 4004 2596 4038 s
2624 3985 2684 4038 in
2706 3986 2840 4051 syst.
2862 3983 3035 4037 theol.

418 4067 618 4121 iisdem
644 4068 761 4123 fere
787 4069 1143 4139 argumentis
1169 4072 1228 4123 51
1253 4070 1377 4123 fuse
1404 4071 1610 4140 probat
1636 4068 2094 4124 communionem
2124 4072 2230 4122 sub
2265 4071 2509 4135 utraque
2542 4066 2728 4136 specie
2763 4083 2877 4120 non
2917 4080 3036 4118 esse

418 4148 788 4202 necessariam
825 4148 1390 4219 disputationemque
1417 4149 1499 4203 ita
1525 4148 1803 4204 absolvit:
1834 4149 1962 4210 ..Nil
1991 4148 2421 4211 autemdubito‚
2439 4147 2507 4200 de
2523 4148 2689 4200 rebus
2707 4143 3037 4214 hujusmodi

417 4230 665 4281 statuere
692 4244 853 4297 posse
883 4244 993 4293 eos,
1023 4228 1125 4297 qui
1146 4232 1438 4298 praesunt,
1464 4228 1652 4298 iisque
1679 4230 1996 4300 parendum
2018 4229 2210 4300 potius
2238 4245 2410 4297 quam
2439 4227 2682 4281 schisma
2709 4226 3036 4282 faciendum

416 4324 549 4366 esse,
572 4308 725 4375 quod
743 4324 915 4378 super
934 4309 1127 4362 omnia
1144 4325 1286 4379 pene
1308 4311 1457 4362 mala
1477 4326 1651 4380 grave
1685 4312 1899 4364 malum
1923 4308 2282 4379 Augustinus
2313 4308 2578 4363 ostendit.
2606 4307 2886 4363 Ecclesiae
2916 4308 3037 4376 qui-

416 4388 543 4441 dem
572 4390 822 4458 potestas
848 4388 1159 4442 definiendi
1200 4390 1311 4443 late
1353 4390 1687 4460 porrigitur,
1728 4391 1800 4442 ad
1842 4407 1908 4443 ea
1948 4389 2120 4443 etiam
2144 4389 2260 4458 (sed
2289 4392 2440 4444 certo
2474 4389 2682 4461 modo),
2722 4405 2868 4458 quae
2888 4387 3038 4459 juris

415 4466 600 4521 divini
627 4467 860 4538 positivi
888 4471 1039 4532 sunt,
1068 4471 1135 4522 ut
1160 4472 1319 4539 patet
1343 4487 1410 4522 ex
1440 4469 1756 4524 mutatione
1786 4468 2012 4522 sabbati
2031 4469 2092 4523 in
2113 4468 2457 4524 dominicam
2480 4469 2645 4533 diem,
2668 4469 3037 4539 permissione

416 4546 713 4618 sanguinis
739 4551 797 4601 et
821 4549 1085 4604 suffocati
1108 4592 1119 4605 .
1143 4589 1155 4602 .
1173 4589 1186 4601 .
1212 4551 1486 4620 abrogata
1514 4549 1871 4604 immersione
1897 4549 1959 4601 in
1988 4548 2271 4619 baptismo
2300 4549 2768 4617 matriinoniique
2802 4548 3037 4619 impedi-

414 4628 640 4692 mentis,
659 4644 804 4696 quae
828 4630 1037 4700 partim
1060 4629 1172 4700 ipsi
1192 4633 1573 4700 protestantes
1593 4630 1713 4683 sola
1735 4629 2017 4682 Ecclesiae
2051 4628 2412 4692 auctoritate,
2448 4646 2620 4696 quam
2655 4629 2718 4682 in
2737 4630 2869 4684 aliis
2891 4645 3038 4698 sper·

416 4711 583 4771 nunt,
611 4707 726 4762 tuti
752 4712 1122 4777 sequuntur.“
1180 4710 1260 4763 Cf.
1289 4709 1620 4780 Perpetuite
1649 4713 1752 4764 etc.
1781 4709 1848 4771 V,
1876 4716 1910 4764 8
1936 4726 1981 4761 5.
2014 4717 2037 4765 1
2069 4726 2138 4761 ss.
