3538 5364
556 195 590 257 7
597 197 682 260 08
1771 187 1960 246 Index.

560 454 754 508 'rhesis
783 458 905 509 278.
934 452 1268 508 Chilinsmus
1295 454 1475 507 omnis
1503 453 1658 523 rejici
1685 452 1854 521 debet
1912 493 1924 511 .

910 543 988 598 De
1011 543 1224 618 judicio
1251 541 1557 599 universali·
1576 543 1757 610 deque
1787 528 1979 600 mundi
2007 542 2484 597 consummatione
2551 582 2563 595 .

908 635 990 689 De
1017 634 1213 687 mundi
1241 632 1725 688 consummatione

1557 789 1844 876 Sect'io
1894 812 2165 876 tertia.

1299 922 1402 988 De
1435 922 1949 988 communione
1983 922 2425 988 sanctorum.

908 1024 989 1079 De
1016 1026 1405 1080 communione
1431 1027 1749 1080 sanctorum

556 1112 748 1166 'rhesis
775 1115 895 1168 279.
921 1114 1079 1169 Bona
1104 1118 1160 1170 et
1185 1116 1341 1170 utilis
1367 1118 1451 1170 est
1475 1116 1753 1170 invocatio
1782 1116 2103 1177 sanctorum

553 1202 745 1255 'rhesis
770 1207 890 1262 280.
918 1203 1005 1259 Ad
1025 1221 1257 1271 examen
1280 1208 1547 1260 vocantur
1565 1204 1907 1275 objectiones
1929 1209 2122 1258 contra
2140 1204 2547 1258 invocationem
2566 1205 2879 1257 sanctorum

553 1292 749 1346 Thesis
777 1297 897 1347 281.
923 1292 1256 1348 Sanctorum
1283 1294 1466 1348 cultus
1491 1296 1575 1348 est
1600 1294 1793 1348 licitus
1904 1334 1916 1347 .

551 1379 745 1435 'rhesis
774 1385 894 1436 282.
922 1382 1304 1451 Reliquiarum
1332 1384 1512 1437 cultus
1537 1384 1663 1453 pius
1689 1366 2084 1452 comprobatur

980 1470 1240 1525 Coroll.
1293 1471 1333 1525 I.
1360 1471 1440 1526 De
1467 1486 1625 1526 cruce
1652 1471 1937 1525 dominica
2029 1486 2033 1492 ·
2069 1512 2082 1524 .

979 1560 1245 1615 Coroll.
1273 1560 1339 1614 II.
1367 1561 1449 1615 De
1474 1559 2017 1641 peregrinationibus
2072 1556 2082 1617 ’.

549 1647 746 1702 'Pb'esie
774 1653 892 1703 283.
922 1648 1001 1704 Ss.
1029 1649 1339 1720 imaginum
1366 1650 1548 1704 cultus
1573 1638 1895 1704 vindicatur

908 1739 1282 1793 Scholion.
1311 1739 1389 1794 De
1416 1740 1590 1794 crucis
1617 1739 1777 1810 signo

907 1827 941 1880 S
959 1828 1038 1882 ch
1055 1827 1156 1881 011
1177 1843 1210 1881 o
1228 1846 1264 1880 n
1290 1844 1461 1897 prae
1477 1828 1532 1882 t
1517 1847 1536 1881 1
1554 1846 1583 1883 c
1600 1847 1635 1881 ιι
1653 1846 1725 1900 m.
1753 1822 2092 1882 Concionum
2121 1828 2511 1892 argumentum
2546 1866 2557 1876 .

3075 457 3185 508 659

3075 545 3182 597 666

3073 632 3179 684 667

3072 1026 3179 1075 6258

3067 1115 3172 1168 670

3066 1204 3172 1256 675

3063 1293 3168 1344 677

3069 1384 3140 1434 68
3151 1388 3166 1434 Ι

3070 1472 3176 1522 684

3068 1560 3179 1611 685

3067 1737 3175 1789 690

3067 1826 3179 1877 692
