3538 5364
877 241 1061 305 Tract.
1085 240 1236 294 Vm.
1263 241 1334 296 de
1360 239 1578 311 gratia.
1605 238 1899 306 Quomodo
1927 238 2094 295 Pater
2120 240 2332 295 trabat.
2525 288 2530 297 .
2790 249 2913 317 113

273 428 467 504 ponit,
500 426 807 489 hominem
838 428 996 489 trahi
1027 427 1455 503 multipliciter,
1491 427 1853 487 revelatione
1900 426 2141 486 interna
2171 426 2476 495 veritatis,
2511 426 2911 502 persuasione,

275 519 625 594 operatione
656 517 1094 584 miraculorum,
1131 516 1457 586 blanditiis,
1486 516 1829 575 admirabili
1863 514 2260 575 delectatione
2294 520 2356 575 et
2375 534 2584 574 amore
2617 515 2911 584 veritati&

276 606 335 664 d.
368 607 675 666 Bonave
695 610 927 665 utura
956 606 1020 664 iu
1052 606 1222 667 Joau.
1259 616 1293 668 6
1330 606 1537 664 divina
1567 605 1944 674 revelatione,
1980 604 2285 665 doctrinae
2326 622 2527 663 sacrae
2558 603 2913 671 eruditione,

276 695 622 755 dilectionis
654 695 893 757 divinae
924 694 1239 765 infusione,
1273 694 1488 754 coelica
1518 693 1940 763 consolatione,
1977 694 2225 769 praemii
2259 693 2716 769 promissione.‘

457 819 754 895 Inprimis
770 817 1103 877 audiendus
1125 822 1215 876 est
1245 818 1292 875 P
1309 835 1385 876 ro
1401 835 1429 875 s
1445 837 1484 893 p
1499 836 1530 875 e
1546 837 1577 876 r
1598 817 1769 875 *hunc
1789 820 2050 876 tractum
2072 817 2309 895 egregie
2331 818 2630 893 explicans
2644 835 2691 875 c.
2709 818 2914 877 Collat.

279 927 328 967 c.
365 918 435 969 7:
472 908 727 977 ‚Trahit
757 907 947 984 igitur
976 907 1049 966 ad
1085 908 1272 966 Deum
1305 906 1734 981 contemplatio
1766 906 2200 965 elementorum
2231 908 2634 982 omniumque,
2669 926 2820 982 quae
2853 908 2915 966 in

280 998 366 1055 eis
400 1003 565 1066 sunt,
599 997 1044 1055 ordinatissima
1073 995 1456 1072 pulchritudo
1468 1016 1487 1053 ·:
1524 996 1851 1054 Invisibilia
1884 997 2035 1053 enim
2067 996 2190 1070 ejus
2221 1015 2260 1054 a
2290 1004 2562 1054 creatura
2581 998 2788 1055 mundi
2809 1015 2917 1071 per

280 1104 365 1155 ea,
399 1106 548 1162 quae
573 1087 742 1159 facta
772 1093 927 1160 sunt,
960 1086 1237 1144 intellecta
1269 1086 1705 1160 conspiciuntur
1738 1079 1929 1165 (Rom.
1961 1096 2011 1151 l,
2039 1080 2184 1166 20);
2220 1085 2468 1143 trahunt
2497 1103 2697 1143 rerum
2717 1090 2915 1162 gesta-

281 1195 418 1233 rum
453 1175 768 1243 relatores,
792 1175 1066 1233 ‘animum
1100 1173 1399 1232 audientis
1430 1174 1803 1233 inflammant
1851 1181 2164 1232 narranus
2213 1175 2415 1232 laudes
2453 1174 2687 1232 Domini
2719 1182 2768 1231 et
2799 1178 2914 1233 vir·

282 1272 428 1322 tutes
472 1271 522 1320 et
567 1264 865 1322 mirabilia
896 1264 1036 1338 ejus,
1083 1282 1230 1341 quac
1269 1263 1404 1337 fecit
1432 1257 1554 1344 (Ps.
1593 1273 1695 1332 77,
1732 1258 1833 1343 4);
1887 1263 2078 1321 trahit
2106 1263 2304 1332 timor,
2348 1266 2710 1339 principium
2755 1265 2915 1323 enim

280 1355 605 1426 sapientiae
634 1354 812 1411 timor
841 1352 1083 1411 Domini
1114 1351 1309 1433 (Prov.
1353 1364 1403 1422 1,
1443 1346 1546 1433 7);
1597 1351 1783 1409 trahit
1820 1351 2064 1421 laetitia,
2099 1352 2377 1426 quoniam
2413 1353 2663 1410 laetatus
2691 1371 2820 1411 sum
2852 1357 2916 1413 in

279 1443 391 1519 his,
445 1460 592 1518 quae
634 1442 791 1499 dicta
833 1449 968 1500 sant
1012 1443 1174 1516 mihi,
1222 1444 1285 1500 in
1333 1442 1569 1499 domum
1603 1442 1841 1499 Domini
1885 1441 2092 1499 ibimus
2126 1437 2248 1523 (ΡΒ.
2295 1438 2471 1521 121);
2520 1442 2708 1500 trahit
2759 1443 2913 1502 desi·

279 1531 539 1605 derium,
573 1531 855 1606 quoniam
885 1533 1232 1606 concupiscit
1263 1538 1314 1589 et
1344 1530 1531 1603 deficit
1558 1531 1762 1588 anima
1795 1550 1920 1589 mea
1952 1532 2013 1588 in
2043 1534 2203 1589 atria
2235 1530 2475 1589 Domini
2508 1528 2627 1615 (Ps.
2662 1542 2772 1597 83,
2813 1528 2908 1615 3);

280 1621 538 1678 trahunt
557 1619 794 1678 divinae
816 1619 1115 1691 lectione8‚
1147 1639 1320 1697 quam
1340 1620 1535 1678 dulcia
1552 1620 1707 1677 enim
1722 1620 1992 1693 faucibus
2023 1622 2161 1678 meis
2190 1621 2408 1696 eloquia
2438 1627 2556 1691 tua,
2588 1640 2776 1696 super
2807 1623 2918 1682 md

280 1717 331 1767 et
359 1711 567 1785 favam
600 1710 693 1766 ori
722 1727 843 1766 meo
873 1704 995 1789 (Ps.
1038 1720 1176 1779 118,
1223 1708 1388 1788 103).
1449 1709 1525 1767 Et
1571 1708 1705 1784 quis
1749 1708 2082 1784 perspicere
2113 1713 2220 1768 aut
2253 1728 2524 1767 enarrare
2557 1712 2762 1784 possit,
2808 1731 2918 1788 per

281 1817 436 1873 quos
469 1797 721 1856 affectus
756 1798 1021 1856 visitatio
1058 1796 1162 1856 Dei
1191 1798 1459 1856 animum
1489 1797 1668 1856 ducet
1701 1797 2045 1868 humanum,
2081 1802 2152 1857 ut
2183 1817 2336 1873 quae
2370 1798 2654 1875 fugiebat,
2705 1820 2913 1876 sequa-

280 1890 413 1956 tur;
449 1905 606 1962 quae
637 1886 861 1955 oderat,
896 1886 1139 1962 diligst3
1186 1905 1339 1962 quae
1385 1886 1740 1955 fastidiebat,
1791 1888 2044 1957 esuriat3
2092 1904 2159 1946 ac
2205 1888 2406 1946 subito
2453 1892 2916 1949 commutatione

279 1976 575 2047 mirabili,
624 1995 776 2051 quae
807 1976 1006 2034 clausa
1036 1975 1092 2034 ei
1124 1976 1378 2046 fuerant,
1429 1975 1575 2033 fiant
1606 1978 1842 2050 aperta3
1893 1995 2049 2050 quae
2080 1995 2342 2048 onerosa,
2379 1977 2503 2035 sint
2533 1979 2716 2049 levia3
2764 1998 2915 2055 quae

280 2084 500 2137 amara,
536 2059 916 2133 sint‘dulcia3
950 2084 1101 2140 quae
1120 2065 1391 2136 obscura,
1427 2066 1551 2123 sint
1570 2064 1810 2123 lucida?
1859 2065 2017 2124 Haec
2037 2074 2227 2124 autem
2248 2069 2444 2125 omnia
2464 2075 2746 2140 operatur
2763 2087 2916 2126 unus

282 2163 458 2231 atque
488 2156 645 2212 idem
678 2153 938 2228 Spiritus
967 2154 1229 2212 dividens
1258 2155 1505 2231 sinqulis
1530 2162 1705 2229 prout
1736 2155 1854 2212 vult
1886 2148 1973 2236 (1.
2006 2155 2128 2215 Cor.
2171 2164 2266 2223 12,
2310 2167 2330 2217 1
2357 2151 2475 2238 ἡ(
2525 2157 2684 2225 Quae
2717 2158 2917 2216 omnia

281 2246 544 2302 tractum
580 2244 878 2313 moralem,
912 2243 1291 2318 objectivum,
1324 2243 1672 2302 nullatenus
1705 2245 2178 2311 necessitantem,
2228 2263 2420 2319 neque
2451 2247 2915 2320 praemotionem

282 2333 602 2409 physicam
636 2332 991 2408 significant.
1053 2332 1130 2390 Et
1176 2350 1318 2391 sane
1364 2331 1540 2390 etiam
1574 2334 1838 2391 oratores
1871 2335 1933 2391 et
1963 2333 2400 2391 concionatores
2433 2333 2721 2393 dicuntur
2749 2339 2912 2394 tra·

284 2424 369 2479 he
390 2440 501 2491 re,
538 2422 658 2479 imo
691 2428 753 2478 et
783 2439 985 2496 rapere
1018 2438 1158 2480 snos
1190 2421 1492 2480 auditores
1523 2421 1595 2479 ad
1628 2421 1689 2478 id
1721 2421 1880 2495 quod
1902 2421 2244 2492 intendunt,
2279 2423 2425 2496 quin
2446 2427 2647 2481 tamen
2666 2428 2918 2484 utantur

284 2511 697 2586 praemotione
722 2510 966 2586 physica
998 2510 1093 2570 vel
1124 2511 1335 2569 mediis
1365 2509 1849 2569 irresistibilibus
1883 2510 2008 2569 sive
2040 2529 2107 2568 ex
2140 2529 2266 2570 sese
2299 2511 2651 2571 efficacibus.
2701 2514 2916 2582 Quam·

283 2601 372 2659 vis
406 2617 555 2657 vero
589 2599 729 2657 huic
757 2600 973 2658 tractui
1005 2600 1207 2658 resisti
1228 2600 1420 2675 possit
1439 2593 1641 2680 (docet
1659 2600 1818 2658 enim
1842 2600 2158 2658 concilium
2191 2618 2591 2661 senonense
2623 2601 2776 2663 decr.
2809 2613 2913 2665 15:

287 2690 454 2759 ,Nec
498 2690 625 2747 tale
669 2707 795 2748 esse
842 2689 1183 2764 hujusmodi
1218 2691 1323 2749 Dei
1366 2689 1659 2748 trahentis
1692 2689 2002 2760 auxilium,
2054 2689 2150 2749 cui
2201 2690 2400 2749 resisti
2451 2709 2571 2749 non
2622 2691 2914 2766 possit‘):

284 2779 491 2855 negari
525 2783 730 2837 tamen
764 2779 989 2853 nequit,
1037 2780 1283 2837 verbum
1315 2779 1628 2837 trahere
1662 2778 1981 2837 admodum
2015 2797 2140 2837 esse
2174 2785 2400 2856 aptum,
2442 2783 2515 2838 ut
2545 2779 2917 2856 significetur

285 2873 415 2927 tum
447 2868 665 2945 gratia,
698 2886 849 2942 quae
882 2867 1224 2943 praeveniat
1254 2868 1643 2936 voluntatem,
1689 2869 1819 2925 tum
1867 2869 2096 2944 gratiae
2129 2869 2383 2927 efficacia
2411 2887 2478 2927 ac
2508 2870 2718 2940 virtus,
2767 2889 2916 2945 quae

285 2956 652 3032 quandoque
684 2957 780 3016 vel
811 2962 1106 3016 momento
1138 2962 1472 3033 peccatores
1504 2958 1685 3018 etiam
1718 2957 2053 3015 obstinatos
2096 2960 2417 3020 convertat.
2483 2958 2563 3017 cf.
2613 2958 2797 3017 Ruiz
2844 2959 2916 3018 de

286 3046 486 3123 praed.
519 3045 677 3121 disp.
711 3054 813 3117 28,
847 3046 1197 3121 praesertim
1231 3064 1275 3104 s.
1312 3056 1371 3110 8.
1407 3056 1462 3109 9.

472 3197 619 3250 125.
670 3184 812 3252 111.
860 3190 1078 3249 Verum
1111 3192 1206 3248 est
1237 3189 1488 3247 salutem
1522 3191 1786 3248 nostram
1819 3206 1932 3247 non
1965 3207 2081 3246 esse
2115 3190 2345 3247 volentis
2377 3197 2427 3247 et
2457 3193 2762 3265 currentis,
2813 3190 2915 3249 sed

288 3279 618 3335 miserentis
650 3277 759 3335 Dei
792 3278 951 3338 Rom.
988 3289 1044 3347 9,
1086 3289 1195 3341 16:
1243 3297 1364 3337 non
1407 3282 1607 3336 tamen
1652 3278 1754 3346 ita,
1805 3281 1876 3336 ut
1919 3278 2268 3335 excludatur
2315 3278 2570 3337 hominis
2603 3297 2810 3337 cursus
2842 3280 2914 3337 li·

287 3366 548 3441 beraque
581 3368 933 3441 cooperatio,
966 3371 1037 3425 ut
1067 3372 1232 3442 patet
1263 3386 1331 3425 ex
1364 3366 1559 3425 dictis.
1612 3365 1781 3425 Unde
1812 3367 2089 3424 hortatur
2118 3366 2244 3442 ipse
2266 3367 2518 3425 Paulus:
2554 3368 2649 3425 Sic
2680 3370 2912 3443 cur-rite,

288 3463 348 3513 ut
378 3452 889 3528 comprehendatis
920 3452 1201 3538 (palmam
1234 3456 1548 3515 coelestem
1590 3467 1639 3518 1.
1673 3456 1798 3514 Cor.
1837 3466 1891 3525 9,
1931 3454 2056 3537 24),
2102 3459 2417 3531 speratque
2461 3463 2703 3532 propter
2740 3476 2915 3515 suum

289 3563 604 3603 cursum
638 3546 701 3602 et
731 3545 902 3604 fidem
935 3564 1208 3605 coronam
1235 3546 1508 3620 justitiae
1540 3565 1574 3603 a
1596 3545 1766 3621 justo
1792 3545 1992 3620 judice
2029 3555 2082 3607 2.
2104 3544 2251 3603 Tim.
2274 3555 2332 3615 4,
2372 3556 2402 3607 7
2441 3563 2485 3604 s.
2535 3545 2725 3614 Quare
2759 3546 2916 3626 hisce

291 3633 489 3691 verbis
521 3633 913 3709 significatur,
962 3635 1218 3693 salutem
1260 3653 1379 3693 non
1411 3653 1540 3692 esse
1572 3652 1721 3709 opus
1751 3638 2015 3704 naturae,
2063 3632 2165 3690 sed
2212 3633 2439 3708 gratiae
2483 3633 2762 3705 fructum,
2810 3653 2917 3694 seu

292 3722 639 3780 excluditur
669 3728 913 3781 conatus
934 3741 1263 3799 cursusque
1293 3723 1608 3782 natural
1627 3724 1690 3780 is
1722 3726 1786 3780 et
1816 3722 2034 3797 duplex
2056 3721 2390 3781 inculcatur
2407 3724 2632 3799 gratiae
2652 3723 2915 3799 proprie-

291 3813 400 3883 tas,
450 3829 689 3870 summa
733 3813 862 3888 ejus
906 3812 1350 3872 necessitas
1396 3817 1457 3871 et
1502 3811 1841 3870 omnimoda
1884 3811 2305 3888 gratuitas.
2369 3811 2602 3868 Gratiae
2635 3815 2728 3869 est
2758 3813 2916 3871 enim

292 3900 639 3975 praevenire
672 3900 927 3960 hominis
973 3902 1373 3960 voluntatem:
1421 3919 1542 3959 non
1588 3901 1846 3959 hominis
1892 3905 1985 3959 est
2029 3900 2287 3975 incipere
2333 3900 2395 3958 in
2438 3899 2642 3960 ordine
2687 3902 2914 3961 salutis.

294 3988 460 4057 Quod
495 3989 798 4064 praeclara
830 3990 1223 4049 similitudine
1246 3990 1516 4049 'illustrat
1555 3990 1973 4048 Anselmus
2006 3989 2077 4048 de
2111 4007 2270 4050 conc.
2295 4007 2382 4066 gr.
2420 3996 2480 4046 et
2511 3989 2612 4052 lib.
2633 3990 2752 4049 arb.
2774 4008 2821 4050 c.
2846 4001 2914 4053 5:

296 4077 483 4145 ,Cum
517 4079 624 4148 ait,
657 4097 834 4155 neque
864 4081 1112 4152 volentis,
1147 4098 1323 4156 neque
1352 4082 1642 4138 currentis
1672 4086 1771 4154 est,
1820 4078 2296 4137 subaudiendum
2332 4081 2439 4148 est,
2487 4078 2646 4153 quod
2694 4080 2824 4138 vult
2854 4082 2916 4139 et

294 4170 512 4234 currit;
562 4167 732 4226 velut
761 4187 895 4227 cum
930 4168 1148 4244 aliquis
1178 4170 1358 4240 nude,
1405 4169 1501 4227 cui
1534 4168 1687 4226 nihil
1718 4168 1910 4238 debet,
1946 4173 2006 4227 et
2038 4168 2143 4243 qui
2174 4167 2411 4226 nullum
2441 4187 2477 4225 a
2506 4186 2566 4226 se
2598 4172 2796 4243 potest
2824 4169 2913 4227 in-

296 4255 654 4314 dumentum
695 4257 924 4327 habere,
975 4257 1080 4316 dat
1125 4262 1380 4317 vestem:
1433 4276 1554 4315 non
1597 4260 1758 4327 tunc,
1811 4258 2081 4333 quamvis
2128 4255 2255 4332 ipse
2302 4256 2512 4314 habeat
2557 4261 2915 4331 potestatem

296 4344 505 4402 utendi
541 4345 637 4402 vel
669 4364 788 4404 non
811 4346 1019 4405 utendi
1041 4352 1202 4405 veste
1221 4350 1474 4423 accepta,
1507 4347 1554 4404 si
1588 4365 1656 4404 ea
1688 4347 1900 4413 utitur,
1935 4344 2356 4421 imputandum
2386 4349 2480 4405 est
2511 4346 2739 4415 induto,
2774 4347 2916 4421 quia

297 4432 548 4491 indutus
568 4437 678 4505 est,
713 4435 814 4493 sed
836 4435 999 4493 danti
1019 4442 1260 4495 vestem.
1311 4434 1682 4510 Quapropter
1710 4436 1800 4494 ita
1830 4434 1946 4492 dici
1977 4437 2204 4510 potest:
2238 4453 2358 4493 non
2390 4438 2484 4492 est
2512 4434 2725 4504 induti,
2760 4435 2914 4509 quod

298 4526 388 4580 est
416 4522 691 4595 indutus,
740 4523 844 4583 sed
888 4525 1228 4583 miserentis
1261 4524 1298 4588 i.
1331 4543 1379 4582 e.
1416 4530 1640 4582 vestem
1673 4524 1932 4582 dantis‘
1997 4523 2133 4582 Non
2177 4526 2374 4582 tamen
2421 4528 2732 4598 propterea
2776 4524 2917 4581 licet

297 4611 600 4670 invertere
620 4613 1080 4687 propositionem
1113 4616 1175 4672 et
1206 4613 1432 4672 dicere:
1467 4613 1600 4671 Non
1632 4618 1726 4672 est
1748 4613 2086 4671 miserentis
2112 4613 2235 4683 Dei,
2266 4612 2368 4671 sed
2400 4612 2656 4672 volentis
2690 4615 2752 4669 et
2782 4630 2915 4670 cur-

300 4701 489 4758 rentis
522 4701 793 4772 hominis,
827 4702 973 4777 quia
999 4704 1151 4761 Deus
1182 4709 1274 4761 est
1304 4721 1482 4762 causa
1511 4701 1788 4777 princeps
1819 4706 2056 4761 nostrae
2088 4702 2317 4772 salutis,
2350 4703 2627 4760 voluntas
2660 4702 2918 4786 humana

516 4808 789 4872 Hortor,
827 4809 1076 4869 compend.
1115 4811 1377 4867 theologiae
1414 4811 1500 4865 111,
1546 4812 1625 4856 11.
1663 4810 1736 4856 ed.
2563 4806 2597 4853 8
