3538 5364
546 990 634 1058 N.
668 990 750 1057 B.
798 986 1252 1054 Satisfacturus
1283 988 1601 1054 desiderio
1633 989 2056 1073 quorundam.
2103 990 2211 1071 qui
2253 1010 2398 1053 curn
2433 991 2793 1071 theologiae
2825 992 2975 1073 dog·

366 1097 643 1162 maticae
675 1094 885 1161 studio
935 1095 1271 1161 lectionem
1318 1097 1699 1178 scriptorum
1732 1115 1814 1159 ss.
1849 1102 2103 1178 patrum
2143 1097 2412 1179 jungere
2455 1105 2696 1179 optant,
2743 1098 2973 1163 horum

365 1204 674 1286 opuscula
706 1223 747 1267 a
778 1221 882 1268 me
912 1204 1225 1268 hactenus
1256 1203 1444 1280 edita,
1478 1222 1645 1285 quae
1676 1203 1939 1285 singulis
1973 1202 2505 1285 disputationibus
2526 1207 2975 1287 respondeant,

366 1312 734 1394 designab0‚
783 1320 853 1377 ut
883 1330 963 1377 ea
996 1332 1162 1395 quae
1193 1316 1358 1377 inter
1387 1312 1771 1378 studendum
1819 1331 1974 1395 prae
2007 1315 2237 1378 ceteris
2268 1316 2395 1377 sint
2426 1315 2819 1379 consulenda
2851 1317 2974 1380 uti-

365 1421 635 1503 literque
665 1419 954 1501 legenda,
987 1426 1395 1502 cognoscant.

472 1617 619 1685 Pro
651 1616 835 1701 disp.
870 1616 929 1684 I.
962 1616 1052 1684 de
1082 1617 1418 1702 apologia
1450 1616 1834 1700 religionis
1868 1617 2313 1685 christianae
2346 1619 2855 1687 consulantur:

577 1740 627 1796 S.
658 1741 959 1808 Augustini
986 1740 1022 1794 l.
1050 1740 1119 1793 de
1154 1740 1404 1795 utilitate
1443 1738 1697 1793 credendi
1738 1741 1796 1793 et
1834 1741 1867 1793 l.
1897 1740 1966 1795 de
2007 1739 2114 1793 fide
2146 1755 2348 1804 rerum,
2383 1757 2528 1809 quae
2567 1755 2679 1795 non
2718 1742 2976 1796 videntur

366 1846 550 1899 opusc.
591 1834 633 1884 t.
670 1828 763 1883 VI.
796 1860 859 1869 -—
887 1828 939 1889 S.
969 1829 1235 1899 Cypriani
1274 1830 1308 1882 l.
1351 1830 1423 1882 ad
1461 1828 1881 1883 Demetrianum
1928 1830 1969 1883 t.
2010 1828 2051 1882 1.
2090 1861 2158 1870 —
2185 1828 2418 1882 Minucii
2459 1829 2656 1883 Felicis
2697 1829 2976 1896 Octavius,

364 1920 419 1973 S.
446 1920 605 1973 Joan.
634 1919 1012 1988 Chrysostomi
1047 1920 1466 1982 demonstratio,
1495 1918 1645 1989 quod
1671 1919 1924 1974 Christus
1963 1921 2039 1973 sit
2064 1919 2225 1984 Deus,
2254 1919 2507 1989 Epistola.
2546 1922 2616 1975 ad
2644 1921 2975 1992 Diognetem

364 2012 404 2061 t.
446 2009 563 2063 XV.
607 2040 676 2049 ——
714 2008 1045 2063 Tertulliani
1086 2008 1513 2078 Apologeticnm
1553 2011 1594 2062 t.
1635 2008 1781 2062 XIX.
1823 2041 1889 2049 —-
1930 2009 1983 2063 S.
2023 2010 2236 2063 Aurelii
2293 2010 2581 2064 Prudentii
2623 2012 2972 2080 Apotheosis,

364 2098 578 2153 Scdulii
607 2115 828 2154 carmen
855 2100 1117 2169 paschale
1142 2103 1184 2154 t.
1213 2099 1456 2157 XXXIII.
1486 2102 1545 2154 et
1569 2117 1609 2153 s.
1639 2100 1934 2153 Athanasii
1961 2105 2099 2153 orat.
2126 2099 2268 2154 duae
2294 2102 2334 2153 t.
2362 2099 2550 2154 XLIV.

738 2282 886 2349 Pro
918 2282 1103 2367 disp.
1140 2281 1243 2347 ΙΙ.
1280 2281 1370 2348 de
1403 2281 1698 2348 divinae
1734 2281 2209 2348 revelationis
2244 2280 2613 2350 fontibus:

581 2405 863 2459 Vincentii
889 2404 1034 2459 lirin.
1067 2404 1567 2466 commonitorium,
1595 2401 1929 2457 Tertulliani
1957 2403 1994 2457 l.
2023 2402 2090 2456 de
2117 2404 2651 2474 praescriptionibus
2678 2407 2716 2459 t.
2747 2405 2834 2457 IX.

702 2586 850 2655 Pro
884 2587 1068 2671 disp.
1103 2586 1246 2653 ΠΙ.
1280 2587 1367 2653 de
1402 2585 1728 2653 Ecclesia
1763 2584 1855 2670 (et
1885 2584 1963 2648 de
1997 2601 2268 2648 romano
2302 2583 2658 2670 pontifice):

577 2707 629 2760 S.
684 2708 948 2777 Cypriani
987 2706 1023 2761 l.
1064 2708 1131 2762 de
1171 2708 1385 2761 unitate
1424 2706 1699 2760 Ecclesiae
1737 2714 1779 2759 t.
1819 2706 1857 2759 Ι.
1899 2737 1966 2745 -
2005 2706 2056 2760 8.
2097 2707 2402 2776 Augustini
2455 2707 2724 2775 opuscula
2774 2708 2979 2760 selecta

364 2799 431 2851 de
474 2798 729 2851 Ecclesia
764 2801 807 2852 t.
845 2798 1065 2856 XXVII.
1105 2831 1171 2838 —
1212 2797 1588 2850 Romanorum
1626 2796 1950 2866 pontificum
1990 2796 2261 2866 epistolae
2299 2800 2340 2850 t.
2367 2795 2536 2850 XVII.
2577 2795 2771 2850 XVIII.
2810 2796 2978 2850 XXV.

359 2887 566 2948 XXVI:
604 2906 645 2944 s.
676 2888 942 2942 Bernardi
981 2887 1040 2942 11.
1078 2895 1108 2940 5
1150 2887 1219 2941 de
1256 2886 1695 2941 consideratione
1735 2889 1777 2942 t.
1817 2887 2029 2943 XLVII.
2073 2919 2139 2927 -
2181 2886 2231 2941 S.
2261 2886 2452 2956 optati
2495 2885 2802 2940 milevitani
2849 2888 2904 2938 ll.
2946 2891 2977 2940 7

358 2977 427 3030 de
458 2977 761 3030 schismate
785 2976 977 3031 donat.
1004 2979 1045 3033 t.
1073 2977 1137 3030 X.

996 3157 1145 3225 Pro
1177 3159 1361 3243 d1sp.
1396 3158 1476 3225 V.
1509 3159 1596 3225 de
1634 3158 1785 3226 Deo
1821 3177 1965 3226 uno
2000 3159 2075 3224 et
2108 3159 2342 3226 trino:

578 3281 628 3334 S.
657 3281 905 3335 Anselmi
932 3279 1315 3350 monologium
1339 3282 1381 3334 t.
1410 3278 1657 3334 XXVIII.
1683 3311 1750 3319 -
1777 3280 1829 3335 S.
1857 3283 2017 3338 Joan.
2062 3282 2439 3351 Chrysostomi
2483 3299 2557 3336 or.
2597 3287 2628 3336 5
2666 3281 2733 3335 de
2774 3283 2980 3337 incom-

356 3369 737 3441 prehensibili,
778 3371 830 3426 S.
872 3371 1035 3439 Greg.
1074 3369 1410 3424 Nazianzeni
1453 3385 1533 3423 or.
1574 3377 1604 3424 5
1646 3371 1998 3441 theologicae
2039 3373 2077 3423 t.
2119 3369 2315 3425 XXIX.
2359 3402 2424 3411 —
2464 3369 2518 3426 S.
2554 3371 2834 3426 Ambrosii
2862 3370 2920 3424 ll.
2950 3379 2980 3427 5

358 3462 427 3514 de
455 3459 565 3512 fide
591 3461 633 3513 t.
671 3457 916 3513 XXXIII.
956 3489 1023 3498 —
1061 3457 1114 3511 S.
1154 3458 1348 3511 Basilii
1386 3458 1422 3512 1.
1466 3458 1534 3512 de
1571 3457 1785 3528 Spiritu
1825 3475 1867 3512 s.
1906 3461 1946 3512 t.
1986 3458 2180 3513 XXXI.
2209 3490 2275 3498 —
2303 3459 2355 3514 S.
2393 3459 2677 3528 Fuigentii
2716 3460 2753 3515 1.
2780 3460 2847 3513 (le
2875 3459 2980 3512 fide

361 3549 433 3603 ad
474 3549 702 3603 Petrum
726 3550 767 3602 t.
794 3547 938 3602 XVI.
968 3580 1034 3588 —-
1061 3548 1112 3604 S.
1142 3549 1445 3618 Augustini
1484 3548 1553 3600 de
1571 3549 1846 3602 Trinitate
1871 3548 1930 3601 ll.
1955 3552 2019 3603 15
2041 3551 2080 3604 t.
2102 3547 2261 3601 XLII.
2289 3550 2346 3602 et
2370 3567 2410 3602 s.
2436 3549 2519 3602 J0.
2548 3548 2864 3602 Damasceni
2905 3549 2974 3601 de

356 3640 468 3693 fide
495 3638 804 3693 orthodoxa.
831 3637 890 3691 ll.
917 3646 950 3692 4
976 3642 1015 3691 t.
1045 3637 1180 3694 XLI.
1210 3671 1274 3677 —
1304 3637 1356 3693 8.
1384 3638 1583 3691 Hilarii
1615 3639 1671 3691 ll.
1698 3637 1802 3691 XII
1829 3639 1897 3691 de
1922 3637 2196 3690 'l'rinitate
2222 3639 2261 3690 t.
2293 3637 2382 3691 IV.
2412 3654 2514 3692 ser.
2544 3638 2607 3691 II.

983 3819 1132 3887 Pro
1166 3820 1348 3905 disp.
1385 3819 1551 3886 VII.
1586 3819 1675 3886 de
1710 3819 2254 3886 incarnatione:

574 3939 821 3995 Cassiani
858 3939 918 3994 Il.
954 3943 990 3997 7
1028 3940 1095 3994 de
1132 3941 1515 3995 incarnatione
1552 3942 1594 3994 t.
1632 3939 1855 3994 XXXII.
1895 3971 1964 3979 —
1990 3940 2043 3993 S.
2083 3939 2279 3993 Leonis
2319 3940 2390 3997 M.
2432 3957 2707 3996 sermones
2746 3943 2786 3995 t.
2827 3940 2970 3993 XIV.

354 4065 423 4072 —
451 4031 506 4087 S.
535 4032 834 4102 Augustini
874 4031 942 4086 de
980 4032 1086 4084 fide
1123 4034 1181 4085 et
1219 4030 1488 4099 symbolo,
1526 4030 1579 4084 S.
1617 4030 1864 4085 Thomae
1903 4030 2176 4099 expositio
2219 4031 2278 4084 in
2319 4033 2496 4100 symb.
2537 4035 2578 4085 t.
2622 4031 2723 4092 VI;
2766 4049 2807 4084 s.
2839 4034 2971 4100 Aug

352 4121 718 4177 Euchiridion
756 4126 796 4177 t.
835 4122 979 4176 XVI.

1352 4302 1498 4370 Pro
1530 4302 1989 4385 HariologIa:

566 4424 659 4478 SS.
690 4425 915 4478 Pati-um
942 4425 1209 4494 opuscula
1234 4425 1301 4478 de
1327 4426 1571 4494 gloriosa
1595 4424 1693 4478 Dei
1722 4424 2001 4479 Genitrice
2027 4426 2067 4478 t.
2097 4425 2214 4478 XII.
2245 4429 2299 4478 et
2328 4424 2572 4478 XXXIV.
