3538 5364
552 269 682 333 292
790 261 880 314 Tr.
909 262 1000 313 Lx
1029 261 1097 313 de
1124 260 1487 313 eucharistia.
1522 259 1691 315 lssuch.
1733 259 2053 313 incarnatio
2082 260 2501 328 quadamtenus
2526 260 2915 314 continuatur.

552 448 796 508 modum
828 446 1208 517 subsistendi,
1256 445 1358 506 sed
1405 445 1859 505 sustentabatur
1900 466 1934 504 a
1973 445 2181 516 verbe,
2233 445 2319 504 ita
2362 446 2585 522 species
2634 464 2757 505 non
2807 447 3029 512 habent
3076 447 3176 505 hic

551 557 727 598 suum
756 537 1089 596 naturalem
1137 534 1379 594 modum
1422 534 1766 605 exsistendi,
1813 534 1917 594 sed
1961 535 2345 594 continentur
2387 534 2613 594 virtute
2658 537 2921 611 corporis
2952 536 3170 596 Christi

554 645 662 686 seu
693 625 1009 685 divinitate
1040 626 1206 683 extra
1238 642 1416 683 suum
1446 625 1721 683 naturale
1740 622 2091 699 subjectum.
2126 640 2194 702 g.
2227 623 2397 683 Sicut
2425 625 2594 683 nulla
2626 624 2713 683 vis
2745 628 2938 684 creata
2971 626 3178 701 potest

550 716 718 774 illam
747 716 1030 773 unionem
1062 713 1407 787 dissolvere,
1437 713 1522 772 ita
1552 731 1659 772 nec
1692 714 1861 783 hanc,
1896 713 2182 788 quamdiu
2213 713 2435 788 species
2468 713 2663 772 salvae
2695 718 2953 777 manent.
2970 724 2997 751 «

731 853 794 918 7.
829 852 961 915 Imo
994 870 1125 915 non
1157 850 1368 915 solum
1399 851 1757 915 incarnatio
1781 851 1905 915 hoc
1925 852 2229 932 mysterio
2252 850 2694 928 adumbratur,
2717 851 2830 916 sed
2851 851 3170 934 quadam-

550 968 738 1026 tenus
768 959 1198 1024 continuatur.
1229 956 1366 1021 Hoc
1397 956 1570 1021 enim
1600 962 2013 1020 sacramento
2047 954 2338 1020 Christus
2369 957 2591 1021 intime
2629 976 2699 1022 se
2728 956 3019 1023 fidelibus
3036 959 3172 1022 sin-

549 1067 710 1147 gulis
740 1066 1023 1130 insinuat
1053 1081 1293 1146 eosque
1334 1081 1454 1127 sua
1498 1063 1727 1127 imbuit
1774 1062 1908 1126 vita
1951 1062 2306 1128 secundum
2355 1063 2463 1127 illa
2492 1064 2677 1128 Joan.
2715 1070 2773 1139 6,
2808 1070 2929 1134 68:
2991 1066 3170 1130 Sicut

549 1175 720 1238 misit
749 1192 845 1235 me
876 1177 1081 1236 vivens
1111 1174 1332 1254 Pater,
1363 1177 1420 1233 et
1450 1190 1556 1253 eyo
1587 1171 1721 1233 vivo
1744 1176 2009 1253 propter
2042 1170 2340 1236 Patrem:
2388 1176 2445 1233 et
2475 1172 2583 1254 qui
2614 1172 2955 1236 manducat
2985 1192 3080 1234 me
3111 1178 3171 1234 et

547 1282 681 1364 ipse
710 1281 865 1343 vivet
885 1287 1148 1365 propter
1177 1298 1293 1359 me,
1326 1277 1490 1342 adeo
1522 1282 1594 1340 ut
1625 1277 1853 1341 merito
1888 1277 2117 1356 singuli
2147 1275 2369 1342 fideles
2420 1277 2632 1342 dicere
2665 1279 2943 1358 possint:
3019 1279 3171 1342 Vivo

550 1394 780 1470 autem,
794 1387 942 1470 jam
974 1405 1099 1448 non
1131 1404 1259 1468 eqo,
1290 1386 1435 1447 vivit
1466 1403 1609 1447 vero
1639 1385 1706 1446 in
1738 1405 1835 1447 me
1857 1383 2138 1447 Christus
2164 1381 2325 1469 (Gal.
2362 1388 2422 1459 2,
2457 1384 2585 1470 20).
2635 1382 2780 1463 Qua
2814 1385 3039 1448 intima
3068 1385 3168 1448 in-

549 1494 911 1558 sinuatione
942 1491 1159 1557 fideles
1192 1490 1585 1572 penitissime
1631 1490 1751 1554 sibi
1784 1490 2065 1554 devincit
2097 1489 2405 1567 ChristuS,
2452 1491 2617 1555 sicut
2659 1491 2806 1555 vitis
2854 1493 3169 1573 palmiteS,

551 1606 746 1681 caput
777 1599 1067 1664 membra
1099 1616 1248 1661 sua:
1282 1604 1348 1662 et
1377 1615 1509 1661 non
1540 1598 1750 1660 solum
1782 1595 2001 1662 fideles
2034 1598 2390 1663 arctissime
2411 1597 2533 1661 sibi
2552 1597 2850 1674 devincit,
2871 1599 2984 1663 sed
3005 1600 3177 1663 inter

551 1725 622 1771 se
656 1724 911 1789 quoque
943 1706 1270 1787 conjungit
1301 1711 1493 1787 atque
1514 1706 1578 1768 in
1599 1723 1797 1768 unum
1818 1704 2195 1785 constringit
2215 1723 2484 1786 corpus:
2517 1725 2717 1768 unum
2736 1725 2962 1789 corpus
2982 1708 3165 1770 multi

547 1832 781 1890 sumus‘,
814 1832 1022 1876 omnes
1051 1813 1158 1898 qui
1190 1813 1265 1875 de
1295 1832 1419 1875 uno
1445 1800 1616 1896 fiune
1637 1813 2109 1896 participamus
2141 1812 2225 1899 (1.
2262 1811 2401 1876 Cor.
2441 1817 2541 1888 10,
2582 1813 2708 1898 17).

727 1942 992 2012 Quantae
1023 1959 1163 2001 vero
1195 1940 1439 2000 virtutis
1470 1939 1555 1999 sit
1585 1941 1696 1999 hoc
1717 1940 2027 2000 vinculum
2045 1940 2184 1999 inde
2203 1943 2389 2018 patet,
2426 1942 2585 2016 quod
2607 1961 2796 2001 unum
2816 1960 2935 2001 non
2955 1943 3170 2020 specie,

550 2032 655 2090 sed
684 2049 932 2091 numero
964 2048 1178 2106 corpus
1210 2030 1426 2088 Christi
1472 2029 1553 2088 sit
1595 2030 1659 2087 in
1704 2030 1979 2088 omnibus
2025 2028 2319 2101 fidelibus,
2371 2032 2479 2106 qui
2528 2030 2601 2090 de
2650 2032 2759 2091 hoc
2808 2032 3168 2107 participant

549 2139 730 2195 pane:
777 2139 899 2196 qua
944 2119 1016 2180 de
1061 2139 1124 2179 re
1170 2119 1405 2196 egregie
1450 2119 1694 2178 disserit
1724 2118 2060 2195 Algerus
2109 2118 2181 2181 de
2227 2119 2609 2179 sacramentis
2641 2120 2906 2196 corporis
2937 2124 2999 2180 et
3030 2139 3165 2180 san-

548 2209 753 2286 guinis
783 2209 1066 2269 dominici
1096 2210 1143 2281 Ι,
1181 2218 1216 2271 3
1252 2204 1479 2289 (opusc.
1508 2211 1551 2266 t.
1572 2202 1813 2289 XXIII),
1846 2211 1907 2266 et
1938 2207 2241 2284 ingeniose
2272 2208 2588 2268 admodum
2622 2210 2705 2268 Sc
2724 2208 2908 2269 heeb
2926 2230 3029 2281 en,
3064 2211 3169 2285 qui

548 2298 879 2376 analogiam
909 2307 970 2357 et
999 2296 1351 2357 affinitatem
1380 2297 1566 2355 trium
1598 2314 1969 2355 summorum
1997 2297 2421 2373 mysteriorum
2451 2297 2757 2377 religionis
2791 2299 3165 2369 christianae,

550 2407 623 2451 ss.
669 2387 991 2458 Trinitatis,
1043 2386 1468 2446 incarnationis
1517 2388 1579 2445 et
1621 2385 2011 2444 eucharistiae
2056 2387 2352 2461 praeclare
2395 2387 2674 2446 illustrat.
2753 2387 2963 2447 Omnia
3007 2389 3165 2447 enim

548 2477 666 2536 tria
696 2477 951 2536 eundem
980 2477 1155 2536 nobis
1188 2475 1514 2535 ostendunt
1531 2474 1751 2534 Filium
1772 2474 1898 2546 Dei,
1932 2474 2193 2550 primum
2227 2475 2290 2534 in
2322 2477 2461 2535 sinu
2479 2476 2674 2536 Patris
2707 2478 2951 2547 aeterni,
2983 2497 3018 2535 a
3050 2497 3173 2551 quo

547 2566 927 2643 generatione
947 2570 1187 2625 aeterna
1207 2565 1505 2640 procedit;
1539 2563 1792 2623 alterum
1827 2564 1891 2622 in
1922 2564 2060 2622 sinu
2090 2565 2319 2637 matris,
2353 2584 2384 2624 e
2417 2585 2536 2641 quo
2567 2565 2827 2626 visibilis
2861 2566 3165 2644 ingressus

547 2658 642 2715 est
671 2656 829 2715 hunc
861 2655 1185 2726 mundum;
1230 2654 1477 2714 tertium
1510 2653 1573 2712 in
1607 2653 1745 2712 sinu
1777 2653 2090 2726 Ecclesiae,
2138 2654 2201 2713 in
2234 2673 2353 2730 qua
2375 2655 2608 2732 jugiter
2636 2673 2915 2732 praesens
2947 2658 3043 2716 est
3073 2674 3165 2715 se-

547 2763 665 2821 que
696 2763 831 2806 cum
864 2744 1120 2821 singulis
1150 2743 1464 2820 conjungit
1494 2738 1592 2826 (cf.
1623 2743 1778 2801 infra
1807 2763 1866 2801 n.
1904 2753 2026 2808 387
2062 2740 2167 2826 s.);
2209 2744 2436 2820 ubique
2467 2748 2668 2804 tamen
2697 2747 2960 2821 corporis
2992 2746 3167 2804 oculo

547 2838 609 2892 et
638 2833 885 2893 rationis
905 2833 1121 2892 lumini
1139 2832 1496 2907 impervius:
1529 2851 1668 2890 nam
1687 2851 1881 2907 neque
1914 2853 2019 2908 per
2048 2852 2133 2903 ea,
2169 2852 2320 2908 quae
2349 2834 2505 2892 facta
2525 2837 2686 2906 sunt,
2719 2835 3163 2911 generationem

547 2927 866 2994 aeternam,
898 2941 1091 2998 neque
1122 2922 1188 2980 in
1216 2921 1588 2980 humanitate
1620 2921 1848 2980 visibili
1866 2922 2149 2981 unionem
2170 2923 2618 2998 hypostaticam,
2652 2941 2847 2998 neque
2880 2924 2994 2982 sub
3027 2941 3162 2999 spe-

548 3011 751 3070 ciebus
783 3011 1192 3070 eucharisticis
1226 3010 1441 3069 Christi
1479 3010 1870 3085 praesentiam
1919 3012 2013 3069 vel
2058 3011 2426 3087 conjiciendo
2472 3015 2876 3088 assequimur:
2926 3013 3026 3073 sed
3071 3032 3164 3071 re-

548 3100 860 3159 velationis
892 3102 1130 3158 tantum
1159 3100 1386 3158 lumine
1418 3103 1479 3158 et
1509 3098 1625 3157 fide
1656 3099 2030 3176 attingimus,
2064 3103 2124 3159 et
2154 3100 2269 3158 fide
2301 3117 2422 3160 non
2454 3119 2828 3177 quacunque,
2877 3103 2977 3160 sed
3011 3121 3170 3178 quae

549 3192 796 3264 superat
841 3189 1015 3264 plane
1061 3189 1310 3248 rationis
1355 3190 1593 3265 captum
1638 3191 1819 3264 atque
1864 3189 2215 3248 adversatur
2257 3190 2624 3261 notionibus,
2671 3191 2892 3267 quibus
2939 3192 3163 3250 assueti

548 3295 774 3336 sumus.
837 3277 1102 3336 Rationis
1135 3278 1295 3337 enim
1325 3278 1551 3337 lumine
1583 3278 1995 3354 cognoscimus
2040 3279 2101 3337 in
2148 3278 2438 3355 singulari
2466 3281 2681 3338 natura
2710 3298 2892 3338 unam
2924 3283 3164 3339 tantum

546 3384 884 3442 personam3
932 3386 1262 3443 personam,
1310 3386 1461 3443 quae
1494 3367 1675 3425 unius
1707 3368 1943 3425 tantum
1991 3368 2074 3426 sit
2109 3371 2385 3436 naturae3
2433 3368 2775 3440 accidentia,
2824 3388 2975 3444 quae
3021 3388 3169 3428 suae

547 3454 894 3515 inhaereant
925 3455 1311 3516 substantiae.
1373 3457 1444 3514 In
1488 3455 1649 3514 hisce
1693 3474 1833 3514 vero
1866 3456 2170 3532 mysteriis
2203 3456 2556 3516 exhibentur
2585 3457 2757 3517 nobis
2789 3461 2852 3516 et
2881 3475 3164 3534 persona-

549 3563 683 3602 rum
714 3545 1026 3620 pluralitas
1059 3547 1124 3603 in
1156 3546 1579 3622 singularitate
1611 3548 1876 3616 naturae,
1915 3549 1975 3603 et
2006 3563 2289 3621 personae
2320 3547 2520 3605 unitas
2553 3546 2617 3604 in
2648 3547 2880 3605 duabus
2910 3547 3165 3624 integris

546 3634 797 3705 naturis,
832 3636 894 3692 et
923 3635 1262 3706 accidentia,
1312 3653 1462 3708 quae
1496 3637 1699 3692 carent
1730 3633 1998 3709 subjecto
2031 3635 2418 3706 connaturali,
2466 3639 2527 3694 et
2573 3651 2783 3712 corpus
2816 3636 2890 3694 ad
2920 3635 3163 3695 modum

549 3723 800 3798 spiritus
834 3723 946 3782 sub
978 3724 1191 3783 alienis
1224 3724 1515 3782 exsistens
1552 3723 1877 3799 speciebus.
1942 3723 2107 3782 Unde
2139 3724 2410 3783 notiones
2441 3724 2914 3784 fundamentales
2945 3731 3163 3783 natu-

546 3831 693 3882 rae,
729 3831 1128 3889 personae,
1163 3813 1683 3882 substantiae,
1719 3813 2190 3883 accidentis,
2224 3813 2445 3888 quibus
2478 3814 2759 3873 universa
2788 3814 3164 3891 philosophia

546 3901 855 3960 rationalis
888 3902 1188 3971 innititur,
1238 3901 1301 3960 in
1347 3901 1557 3960 horum
1599 3902 2023 3976 mysteriorum
2055 3902 2282 3959 lumine
2314 3903 2531 3961 mirum
2578 3903 2643 3961 in
2688 3902 2932 3961 modum
2979 3903 3161 3962 corri-

547 3993 792 4065 guntur,
823 3991 1228 4066 perficiuntur,
1261 3991 1630 4065 ampliantur
1643 3986 1710 4070 ¹).

766 4255 804 4319 ²)
851 4248 1039 4303 Daher
1082 4251 1272 4314 fallen,
1319 4250 1610 4306 concludit
1652 4254 1853 4306 auctor
1896 4252 2203 4320 Mysterien
2250 4253 2348 4305 des
2393 4252 2740 4307 Christenth.
2787 4261 2814 4318 ξ
2859 4259 2944 4310 69,
3009 4253 3165 4307 diese

548 4328 856 4396 Mysterien
881 4329 1031 4382 auch
1057 4347 1160 4400 gar
1185 4331 1349 4385 nicht
1373 4331 1434 4384 in
1475 4331 1567 4384 die
1596 4331 1962 4401 Metaphysik
1996 4331 2098 4386 der
2137 4333 2330 4386 reinen
2362 4331 2666 4393 Vernunft,
2708 4330 2765 4384 in
2795 4330 2889 4384 die
2916 4329 3163 4401 philoso-

545 4408 783 4478 phische
801 4408 1195 4479 Metaphysikz
1225 4411 1303 4465 sie
1321 4411 1516 4466 bilden
1533 4411 1625 4464 ein
1644 4410 1865 4479 System
1880 4411 2038 4465 einer
2055 4428 2240 4466 neuen
2256 4411 2762 4465 {ibernatfirlichen
2780 4410 3160 4482 Metaphysik,

545 4489 790 4543 welches
817 4490 936 4544 sich
974 4508 1043 4543 zu
1085 4490 1184 4544 der
1209 4490 1573 4546 natfirlichen
1616 4491 1730 4545 fast
1773 4492 1979 4546 ebenso
2025 4493 2262 4557 verhalt,
2307 4492 2415 4545 wie
2454 4491 2607 4546 diese
2648 4508 2750 4545 zur
2776 4490 3023 4559 Physik:
3067 4490 3158 4543 ein

544 4568 764 4624 reiches
792 4570 909 4623 und
937 4570 1359 4625 harmonisches
1385 4572 1622 4639 System,
1649 4589 1716 4624 zu
1746 4571 1873 4625 dem
1903 4570 1995 4624 die
2023 4572 2294 4626 Wurzeln
2335 4573 2473 4626 aller
2499 4569 2848 4640 Kategorien
2874 4570 3021 4624 nach
3048 4569 3159 4624 den

548 4649 1038 4704 verschiedensten
1084 4650 1272 4705 Seiten
1319 4651 1380 4704 in
1425 4651 1518 4704 ein
1562 4668 1736 4704 neues
1763 4650 1932 4704 Licht
1957 4653 2158 4716 treten,
2205 4651 2267 4705 in
2311 4652 2438 4704 dem
2484 4650 2578 4704 ein
2606 4649 2771 4703 Glied
2813 4649 2915 4703 das
2952 4648 3163 4703 andere

550 4729 881 4785 wesentlich
910 4734 1145 4800 erganzt
1169 4730 1287 4783 und
1316 4730 1581 4787 erklart.“
