3538 5364
1355 316 1679 367 sanctorum
1706 331 1811 382 pro
1840 314 2018 368 nobis.
2862 323 2987 387 671

369 498 602 563 cedere
634 515 751 578 pro
783 494 972 559 nobis
1004 496 1213 558 sancti
1261 495 1326 557 in
1377 494 1596 569 coeliS,
1648 501 1711 558 et
1762 494 2020 576 quidem
2073 512 2113 557 a
2162 494 2509 569 fortiori,
2561 512 2707 558 cum
2740 502 2994 560 constet

374 605 624 668 illorum
657 602 929 684 gratiam
963 602 1133 684 apud
1164 601 1368 665 Deum
1400 619 1549 664 cum
1571 600 1771 680 gloria
1792 618 2098 678 crescere,
2120 619 2472 682 eorumque
2495 601 2593 665 vel
2614 601 2988 666 memoriam

375 710 510 775 Deo
544 710 707 775 adeo
740 727 884 773 esse
914 715 1266 790 acceptam,
1297 715 1371 771 ut
1402 725 1482 772 ea
1512 708 1595 771 ad
1629 706 1941 772 beneficia
1961 705 2353 773 conserenda
2383 714 2800 788 provocetur:
2833 705 2994 769 Pro-

371 825 577 900 teqam
611 817 820 880 urbem
853 816 1016 880 hanc
1049 823 1104 878 et
1123 814 1374 879 salvabo
1395 834 1532 878 eam
1542 822 1812 898 propter
1830 836 1923 876 me
1944 821 1997 877 et
2010 821 2278 901 propter
2297 814 2509 878 David
2528 834 2770 877 sermm
2791 834 2993 876 meum

367 930 433 991 4.
468 924 617 1003 Reg.
658 928 757 998 19,
790 928 909 997 342
943 921 1017 987 cf.
1050 929 1115 987 et
1145 921 1301 985 Dan.
1337 927 1397 996 3,
1433 926 1554 997 353
1587 938 1734 984 cum
1767 927 2023 985 constet
2054 938 2186 985 non
2219 920 2513 1002 abrumpi
2546 920 2818 996 vincula,
2853 922 2993 1002 qui-

375 1030 496 1093 bus
529 1029 865 1093 nobiscum
892 1030 1245 1110 junguntur
1277 1029 1363 1114 (n.
1401 1029 1574 1115 717).
1625 1028 1739 1092 sed
1772 1028 1988 1109 potius
2021 1046 2169 1092 cum
2201 1027 2486 1091 caritatis
2518 1027 2856 1092 beatificae
2890 1046 2993 1092 ar-

371 1138 531 1200 dore
564 1135 808 1201 intendi
839 1135 1190 1200 eorundem
1222 1135 1289 1197 in
1320 1154 1441 1199 nos
1478 1135 1795 1199 affectum.

557 1263 662 1331 ,Si
707 1263 978 1339 apostoli,
1025 1263 1228 1338 inquit
1270 1264 1793 1339 Hieronymus
1824 1264 1955 1323 adv.
1987 1263 2166 1339 vigil.
2199 1284 2257 1323 11.
2293 1275 2349 1332 6,
2384 1267 2445 1323 et
2476 1268 2764 1340 martyres
2797 1264 2990 1322 adhuc

381 1353 445 1411 in
477 1372 646 1411 carne
679 1353 993 1411 constituti
1012 1357 1265 1427 possunt
1285 1371 1448 1411 orare
1483 1372 1591 1429 pro
1625 1353 1855 1424 ceteris,
1890 1353 2127 1427 quando
2160 1372 2267 1429 pro
2301 1371 2363 1411 se
2396 1352 2586 1411 adhuc
2620 1354 2838 1411 debent
2870 1371 2995 1412 esse

375 1441 649 1500 solliciti:
701 1444 924 1517 quanto
972 1441 1160 1519 magis
1211 1445 1345 1516 post
1394 1461 1655 1511 coronaS,
1717 1442 1993 1501 victorias
2044 1444 2104 1500 et
2151 1443 2525 1517 triumphos?
2608 1442 2772 1501 Unus
2822 1443 2996 1500 homo

375 1530 612 1606 Moyses
659 1528 945 1589 sexcentis
990 1530 1258 1589 millibus
1306 1535 1669 1589 armatorum
1700 1532 1982 1607 impetrat
2014 1551 2048 1588 a
2080 1532 2199 1589 Deo
2244 1533 2496 1602 veniam,
2547 1533 2608 1589 et
2658 1531 2995 1608 Stephanus

373 1666 392 1677 .
427 1664 440 1677 .
475 1662 488 1677 .
519 1639 628 1695 pro
662 1620 1141 1694 persecutoribus
1175 1620 1408 1678 veniam
1441 1620 1808 1697 deprecatur,
1842 1623 1904 1678 et
1935 1622 2254 1697 postquam
2285 1639 2416 1679 cum
2441 1620 2671 1678 Christo
2704 1639 2833 1679 esse
2864 1639 2993 1679 coe-

377 1709 595 1783 perint,
630 1709 829 1767 minus
861 1708 1190 1767 valebunt?
1226 1710 1445 1768 Paulus
1478 1729 1569 1785 ap.
1591 1709 1876 1768 ducentas
1897 1710 2274 1786 septuaginta
2294 1728 2392 1768 sex
2413 1710 2525 1767 sibi
2548 1709 2694 1768 dicit
2715 1704 2868 1789 (Act.
2898 1726 2924 1770 ·.’
2941 1721 2993 1779 Τ,

383 1794 493 1877 24)
527 1798 591 1855 in
621 1798 757 1855 navi
788 1798 1012 1856 animas
1046 1798 1442 1857 condonatas:
1477 1808 1538 1856 et
1570 1801 1888 1873 postquam
1919 1798 2217 1856 resolutus
2250 1817 2376 1856 esse
2408 1799 2687 1875 coeperit,
2719 1802 2866 1857 tunc
2898 1817 2998 1857 ora

371 1887 689 1945 clausurus
730 1890 820 1945 est
862 1891 922 1945 et
965 1904 1073 1963 pro
1117 1886 1228 1958 his,
1275 1888 1380 1962 qui
1428 1888 1491 1945 in
1535 1892 1662 1947 toto
1694 1888 1836 1946 orbe
1867 1887 1940 1945 ad
1973 1906 2147 1945 suum
2179 1887 2570 1964 Evangelium
2602 1888 2996 1955 crediderunt,

377 1976 600 2033 mutire
631 1994 753 2033 non
783 1977 1093 2052 poterit?‘
1127 2009 1213 2019 —
1245 1976 1451 2034 Utitur
1485 1977 1591 2036 hoc
1621 1979 1973 2054 argumento
2006 1976 2188 2033 etiam
2218 1977 2533 2034 concilium
2566 1994 2995 2035 senonense

374 2084 432 2123 a.
472 2073 634 2127 1528
671 2065 825 2125 decr.
869 2074 941 2127 13
977 2064 1047 2123 de
1080 2064 1223 2135 fide3
1269 2066 1666 2141 pulcherrime
1717 2084 1853 2123 vero
1900 2064 2414 2123 Hildebertus
2446 2083 2667 2129 cenom.
2702 2062 2764 2146 (†
2808 2065 2996 2143 1134)

381 2154 553 2229 epist.
599 2154 637 2210 l.
689 2165 722 2216 2
771 2173 861 2230 ep.
899 2163 976 2216 23
1024 2154 1184 2211 inter
1228 2155 1344 2213 alia
1391 2156 1477 2212 ita
1521 2155 1815 2229 quendam
1850 2153 2208 2212 haereticum
2241 2154 2551 2231 Vigilantii
2581 2153 2832 2230 vestigia
2862 2173 2996 2229 pre-

378 2247 639 2301 mentem
672 2244 988 2319 impugnat
1020 2238 1297 2323 (Migne
1338 2255 1478 2313 171,
1519 2240 1702 2322 241):
1739 2243 1927 2312 ,Cum
1959 2243 2132 2312 enim,
2166 2245 2321 2300 teste
2344 2242 2638 2320 GregoriO,
2671 2243 2822 2301 nihil
2852 2243 2997 2301 foris

385 2333 465 2389 sit
511 2332 665 2407 quod
697 2332 976 2408 ignorent
1006 2332 1232 2390 animae
1265 2336 1623 2403 sanctorum,
1672 2352 1824 2409 quae
1856 2332 2140 2390 scientem
2171 2331 2366 2390 omnia
2398 2332 2613 2404 sciunt,
2660 2330 2795 2405 quis
2841 2332 2997 2390 dicet

379 2421 458 2478 ab
490 2422 574 2479 eis
605 2421 940 2498 proximum
974 2420 1165 2497 diligi,
1199 2422 1303 2496 qui
1326 2421 1578 2497 proximi
1600 2423 1883 2481 clamores
1904 2421 2178 2492 audiunt,
2212 2424 2273 2478 et
2304 2440 2613 2495 nunquam
2633 2420 2997 2479 exaudiunt?

384 2511 609 2585 pulsari
642 2510 843 2569 sciunt
885 2512 946 2567 et
991 2510 1221 2585 aperire
1253 2511 1591 2586 despiciunt
1619 2511 1713 2570 vel
1746 2512 2067 2569 nesciunt?
2113 2510 2421 2586 angustias
2452 2509 2655 2567 vident
2686 2512 2747 2567 et
2776 2510 2999 2568 viscera

380 2599 718 2662 claudunt?
751 2598 905 2667 Quid
925 2599 1157 2658 caritati
1189 2603 1282 2658 est
1312 2600 1418 2671 eiS,
1458 2600 1681 2675 quibus
1713 2600 2065 2658 afflictorum
2098 2599 2355 2675 gemitus
2385 2599 2613 2657 nullam
2646 2601 3000 2673 extorquent

377 2689 916 2766 compunctionem,
949 2689 1185 2747 nullum
1204 2690 1494 2767 lacrymae
1514 2695 1899 2761 momentum,
1932 2708 2086 2765 quae
2114 2690 2273 2746 inter
2292 2692 2516 2747 ceteras
2537 2689 2999 2765 supplicationes

376 2779 782 2854 principatum
814 2779 929 2836 sibi
960 2778 1266 2837 vindicant
1297 2779 1699 2855 impetrandi?
1747 2779 1898 2848 Quia
1928 2778 2116 2856 igitur
2147 2778 2232 2836 eis
2266 2778 2431 2836 deest
2462 2777 2697 2835 dilectio
2729 2778 2998 2854 proximi,

373 2867 548 2925 deest
579 2872 640 2925 et
673 2867 810 2936 Dei;
856 2885 1050 2942 neque
1081 2868 1240 2925 enim
1271 2868 1365 2926 vel
1401 2868 1529 2926 sine
1563 2868 1830 2943 proximo
1864 2868 2021 2926 Deus
2053 2868 2148 2925 vel
2180 2867 2306 2925 sine
2338 2868 2457 2925 Deo
2490 2867 2793 2942 proximus
2826 2867 2998 2944 diligi

375 2959 578 3031 potest
599 3000 613 3013 .
636 3006 647 3018 .
670 3003 684 3017 .
718 2955 871 3013 Satis
895 2957 1037 3031 jam,
1071 2956 1187 3014 nisi
1217 2956 1411 3026 fallor,
1446 2957 1887 3026 animadvertis,
1921 2976 2039 3031 quo
2071 2961 2177 3014 tua
2196 2959 2483 3034 evagetur
2502 2956 2787 3026 doctrina,
2822 2976 3000 3031 quam

379 3045 742 3103 lutulentam
761 3043 926 3103 bibas
947 3065 1177 3120 aquam,
1214 3045 1300 3103 ibi
1333 3045 1639 3104 caritatem
1667 3046 1933 3104 excidere
1963 3046 2280 3116 somnianS,
2317 3045 2673 3104 ubi.caritas
2691 3064 3000 3119 nunquam

372 3133 592 3192 excidit
624 3129 707 3214 (1.
742 3134 867 3192 Cor.
910 3144 1004 3204 13,
1043 3130 1125 3215 8),
1172 3134 1278 3192 ubi
1324 3135 1610 3212 gaudium
1658 3137 1752 3193 est
1784 3153 1890 3211 pro
1923 3135 2329 3210 peccatoribus
2363 3134 2663 3193 conversis
2698 3134 2860 3212 (Luc.
2904 3144 2997 3202 15,

391 3219 492 3299 10)
527 3265 540 3279 .
573 3266 585 3279 .
619 3267 632 3279 .
664 3223 963 3298 Resipisce
995 3223 1206 3298 igitur,
1255 3226 1317 3281 et
1350 3224 1400 3281 si
1433 3228 1742 3298 peccatum
1774 3243 1895 3282 non
1928 3223 2158 3282 invenis
2190 3223 2346 3298 apud
2379 3228 2457 3293 te,
2500 3242 2619 3298 quo
2651 3241 2890 3282 necesse
2922 3223 3001 3281 sit

379 3329 547 3368 orare
579 3314 830 3381 sanctos,
864 3314 936 3369 ut
967 3314 1139 3370 orent
1171 3331 1278 3386 pro
1311 3317 1402 3370 te:
1449 3313 1573 3370 noli
1604 3312 1893 3371 insultare
1926 3312 2096 3370 nobis
2127 3313 2456 3381 orantibuS,
2504 3318 2577 3370 ut
2608 3316 2779 3371 orent
2809 3312 3000 3370 sancti

380 3417 487 3474 pro
533 3400 761 3458 nobiS.‘
847 3400 1068 3470 Patres,
1121 3401 1227 3476 qui
1277 3401 1529 3459 eundem
1583 3401 1703 3460 fere
1754 3403 1818 3459 in
1867 3419 2104 3460 sensum
2153 3405 2667 3478 argumentantur,
2719 3401 2790 3463 cf.
2841 3401 2999 3477 apud

375 3488 955 3547 Thomassinum
989 3487 1063 3546 de
1092 3489 1381 3551 incarnat.
1416 3490 1513 3559 XI,
1548 3500 1580 3551 7
1617 3511 1658 3548 s.

563 3596 704 3659 719.
739 3591 803 3660 ⁶2..
835 3590 1063 3654 Mirum
1108 3610 1335 3656 revera
1384 3600 1483 3655 est
1528 3610 1728 3656 sanae
1777 3592 2009 3656 mentis
2055 3592 2381 3656 hominem
2414 3592 2804 3674 sincerisque
2852 3591 2999 3656 reli·

371 3697 584 3776 gionis
617 3697 1002 3762 christianae
1035 3698 1362 3779 principiis
1414 3698 1731 3762 imbutum
1764 3699 1844 3762 de
1878 3699 2000 3762 hac
2032 3699 2487 3763 intercessione
2520 3698 2868 3762 dubitasse.
2933 3696 3001 3761 Si

372 3803 550 3867 enim
583 3803 803 3868 fideles
835 3804 1127 3868 membra
1170 3796 1585 3869 sunt'Christi
1616 3824 1944 3887 unumque
1996 3806 2131 3887 ejus
2164 3822 2399 3886 corpus
2430 3807 2827 3869 constituunt
2860 3824 2999 3885 my-

374 3909 645 3983 sticum3
682 3910 735 3972 si
769 3909 851 3972 ad
883 3911 1007 3974 hoc
1041 3928 1278 3992 corpus
1312 3919 1646 3994 tamquam
1693 3912 1987 3976 membra
2033 3918 2329 3992 spectant
2378 3930 2509 3976 non
2541 3913 2750 3974 solum
2783 3911 3000 3976 fideles

379 4015 675 4092 viatoreS,
709 4017 821 4081 sed
855 4023 914 4081 et
950 4016 1123 4081 beati
1157 4020 1747 4101 comprehensores,
1801 4037 2008 4101 neque
2061 4019 2230 4082 enim
2279 4018 2497 4099 plures
2543 4025 2693 4082 sunt
2726 4037 2999 4100 corpora

376 4120 613 4186 Christi
644 4122 947 4205 mystica3
980 4125 1034 4188 si
1068 4126 1237 4191 inter
1267 4124 1504 4203 fideles,
1556 4126 1722 4191 inter
1766 4126 2060 4190 membra
2107 4124 2394 4207 ejusdem
2444 4127 2733 4207 corporis
2776 4133 2999 4188 mutua

377 4229 592 4308 vigere
626 4230 818 4295 debet
851 4233 1110 4306 caritas,
1145 4250 1310 4314 quae
1344 4239 1504 4298 teste
1539 4232 1739 4296 Paulo
1791 4235 1876 4317 (1.
1912 4231 2053 4296 Cor.
2094 4237 2193 4309 12,
2228 4235 2338 4319 26)
2387 4231 2593 4306 efficit,
2640 4238 2711 4295 ut
2761 4231 2816 4293 si
2849 4232 2999 4313 quid

377 4335 617 4415 patitur
663 4355 861 4400 unum
903 4337 1282 4413 membrum,
1337 4338 1815 4420 compatiantur
1866 4340 2085 4403 omnia
2134 4338 2459 4414 membra3
2511 4338 2644 4402 sive
2696 4338 3000 4417 gloriatur

380 4460 578 4505 unum
610 4443 988 4519 membrum,
1023 4445 1479 4524 congaudeant
1513 4447 1731 4508 omnia
1764 4445 2082 4521 membra3
2133 4446 2187 4509 si
2218 4453 2425 4510 morte
2458 4446 2692 4511 caritas
2724 4462 2853 4507 non
2887 4463 2998 4509 ex-

379 4548 734 4629 stinguitur,
766 4551 880 4614 sed
913 4551 1124 4632 potius
1161 4570 1200 4614 a
1235 4553 1460 4633 quovis
1493 4570 1699 4615 naevo
1755 4553 2157 4629 emundatur,
2210 4559 2494 4632 augetur,
2546 4551 2895 4633 perficitur:
2946 4552 3000 4614 si

379 4653 561 4733 haec,
593 4657 872 4739 inquam,
905 4676 1063 4721 vera
1094 4665 1261 4735 sunt,
1301 4659 1392 4721 uti
1423 4665 1588 4734 sunt,
1623 4659 1996 4724 incredibile
2029 4658 2219 4741 plane
2252 4666 2367 4735 est,
2419 4658 2704 4722 caritatis
2736 4664 2999 4721 mutuae

373 4781 640 4842 germen
672 4765 1017 4844 genuinum
1050 4773 1112 4829 et
1144 4766 1473 4846 proprium
1504 4765 1727 4829 ssorem
1749 4765 2167 4848 fructumque,
2190 4767 2297 4849 qui
2318 4774 2415 4831 est
2447 4766 2654 4830 oratio
2688 4784 2805 4846 pro
2840 4764 2998 4828 alio-
