3538 5364
586 282 705 346 122
1025 270 1211 324 Tract.
1243 270 1388 324 Vm.
1415 271 1485 323 de
1504 268 1940 339 justificatione.
1967 269 2376 339 Dispositiouis
2407 269 2727 324 necessitas.

578 461 851 518 bracos
882 480 916 519 a
948 458 1248 519 sacrificiis
1279 457 1568 520 mosaicis,
1624 456 1788 516 Idem
1820 453 1885 518 2.
1921 456 2209 531 probatur
2241 455 2546 532 speciatim
2580 474 2648 514 ex
2682 455 2862 514 variis
2896 455 3198 515 doctrinae

577 549 872 624 capitibus
905 548 1169 625 ejusdem
1203 547 1476 624 apostoli,
1513 546 1638 605 sive
1669 566 1802 605 cum
1838 561 1900 611 a.
1933 545 2103 604 docet
2125 546 2247 606 Gal.
2273 554 2330 616 ⁶2,
2366 555 2436 607 21
2466 565 2480 602 z
2515 545 2583 603 Si
2603 562 2717 618 per
2748 547 2919 623 leqem
2938 546 3195 623 justitia,

577 657 709 714 erqo
736 640 928 716 qratia
963 635 1229 695 Christus
1259 644 1522 695 mortuus
1553 643 1675 707 e-oet,·
1722 636 1849 694 sive
1896 654 2028 694 cum
2079 631 2150 697 b.
2197 634 2381 693 infert
2428 634 2552 692 Gal.
2590 642 2647 699 3,
2704 645 2812 698 18:
2862 634 2931 693 Si
2975 654 3048 692 ex
3090 636 3201 711 leye

575 728 878 802 hereditas),
899 728 1032 800 jam
1065 746 1179 785 non
1209 746 1281 785 ex
1310 727 1712 804 promissione.
1763 724 2042 784 Abrahae
2072 731 2263 782 autem
2284 741 2400 797 per
2428 726 2936 798 repromissionem
2968 725 3201 782 donavit

577 816 769 891 Deus;
799 817 924 874 sive
958 834 1092 875 cum
1127 830 1191 879 c.
1227 820 1423 891 negat,
1457 814 1644 889 legem
1677 831 1854 889 posse
1886 813 2181 872 vivificare
2214 813 2339 874 Gal.
2366 823 2422 882 3,
2460 822 2530 875 21
2562 834 2577 883 3
2609 813 2780 871 litera
2813 815 2964 871 enim
2996 808 3198 892 (legis)

572 907 776 963 occidit
810 915 845 967 2
881 904 1006 965 Cor.
1045 916 1099 975 3,
1137 916 1207 975 63
1259 906 1351 962 Iex
1393 906 1545 962 enim
1588 906 1744 961 iram
1791 909 2072 977 operatur
2116 902 2191 960 ob
2237 901 2494 960 hominis
2526 920 2594 959 ex
2629 919 2758 960 sese
2791 898 2947 982 (sine
2979 897 3196 983 gratia)

576 994 960 1071 fragilitatem
994 994 1153 1054 Rom.
1191 1005 1246 1061 4,
1291 1003 1400 1062 153
1447 994 1593 1051 nihil
1624 993 1702 1050 ad
1732 994 2047 1067 perfectum
2079 992 2325 1050 adduxit
2359 991 2536 1050 Hebr.
2572 1000 2628 1063 7,
2672 1001 2783 1059 193
2833 992 2951 1048 imo
2984 986 3053 1055 d.
3085 992 3198 1049 im·

575 1084 862 1159 possibile
894 1090 1022 1142 erat
1052 1083 1188 1159 legi,
1222 1102 1330 1142 nos
1366 1082 1614 1151 liberare
1645 1101 1679 1139 a
1712 1082 1841 1157 lege
1875 1080 2097 1155 peccati
2131 1086 2194 1139 et
2224 1080 2452 1149 mortiS,
2493 1099 2562 1139 eo
2593 1078 2756 1155 quod
2785 1080 3200 1138 infirmabatur

576 1191 680 1246 per
710 1191 942 1231 carnem
977 1172 1487 1248 concupiscentiae
1518 1170 1863 1229 obnoxiam:
1911 1169 2070 1228 unde
2109 1170 2440 1228 necessaria
2483 1172 2612 1227 erat
2656 1168 2859 1227 missio
2890 1169 3046 1234 Filii,
3099 1168 3204 1244 qui

577 1262 647 1320 de
681 1270 919 1336 peccato
951 1261 1257 1320 damnaret
1289 1268 1591 1336 peccatum
1627 1260 1691 1318 in
1723 1278 1898 1318 carne
1932 1259 1970 1316 i.
1991 1277 2041 1319 e.
2077 1258 2379 1317 oblatione
2399 1258 2592 1318 carnis
2613 1277 2771 1328 suae,
2806 1277 2957 1333 quae
2990 1257 3202 1316 similis

576 1356 702 1409 erat
734 1350 899 1410 carni
928 1351 1239 1425 peccatrici
1274 1354 1511 1408 nostrae
1543 1354 1604 1407 et
1649 1368 1718 1407 ex
1766 1348 1939 1406 nobis
1971 1351 2293 1424 assumpta,
2327 1347 2392 1405 in
2422 1366 2592 1406 crure
2626 1347 2781 1405 sacta
2811 1347 3040 1405 deleret
3069 1365 3203 1423 reg-

574 1459 721 1497 num
752 1441 976 1515 peccati
1023 1444 1084 1497 et
1131 1440 1337 1497 mortis
1372 1439 1531 1502 Rom.
1569 1448 1624 1503 8,
1664 1447 1696 1499 2
1735 1456 1813 1496 ss.
1878 1435 2068 1506 Quare
2116 1452 2176 1502 e.
2223 1436 2618 1513 peremptorie
2651 1437 3007 1513 pronunciat
3038 1435 3200 1493 Rom.

579 1538 634 1595 3,
674 1537 786 1589 20:
838 1529 932 1587 Ea:
975 1529 1241 1603 operibus
1284 1530 1423 1603 leqis
1466 1546 1580 1584 non
1611 1526 2036 1601 justificabitur
2065 1529 2250 1584 omnis
2279 1545 2418 1584 caro
2447 1545 2646 1584 coram
2677 1526 2775 1584 illo
2806 1526 2996 1600 (Deo),
3048 1544 3199 1600 quae

577 1618 801 1693 repetit
833 1617 956 1679 Gal.
981 1626 1035 1686 2,
1077 1628 1173 1680 16.
1224 1617 1301 1675 Et
1331 1635 1468 1674 sane
1499 1612 1565 1679 3.
1600 1624 1795 1674 totum
1821 1615 2174 1673 institutum
2195 1615 2519 1673 mosaicum
2553 1615 2627 1673 ad
2659 1614 2912 1692 gratiam
2944 1616 3202 1673 revocari

573 1710 776 1778 potest
806 1710 1123 1764 externam.
1175 1705 1364 1781 Atqui
1397 1705 1589 1782 gratia
1621 1712 1862 1763 externa
1892 1704 2118 1779 absque
2149 1705 2386 1764 interna
2416 1703 2491 1762 ad
2524 1704 2780 1786 salutem
2811 1722 2932 1762 non
2965 1702 3202 1762 sufficit.

478 1834 479 1837 η
576 1795 655 1853 ef.
687 1795 773 1853 th.
819 1804 970 1859 1733
1004 1814 1047 1854 S.
1080 1794 1400 1853 Thomas
1442 1807 1490 1856 1.
1529 1803 1582 1856 2.
1617 1813 1674 1868 q.
1716 1802 1836 1856 102
1871 1813 1921 1851 a.
1960 1804 2014 1854 2.

760 1921 902 1983 1256.
937 1915 1096 1978 Cum
1128 1912 1316 1992 igitur
1347 1912 1545 1975 homo
1577 1911 1799 1993 lapsus
1832 1929 2041 1993 neque
2077 1929 2155 1975 ex
2188 1929 2349 1987 sese,
2383 1929 2593 1993 neque
2624 1910 2809 1976 litera
2839 1911 2995 1991 legis
3016 1911 3200 1993 adju-

578 2029 679 2085 tus
712 2039 973 2102 surgere
1004 2026 1242 2102 posset,
1274 2019 1551 2101 ideoque
1586 2019 1651 2082 in
1682 2019 1922 2084 misera
1952 2018 2262 2100 pereundi
2295 2017 2679 2082 necessitate
2703 2018 2982 2099 jace-et:
3033 2018 3203 2082 Deus

576 2127 768 2193 Pater
798 2126 1239 2191 misericordia
1284 2133 1514 2203 motUS,
1552 2126 1781 2191 Filium
1829 2144 2019 2189 suum
2070 2125 2243 2188 misit
2287 2124 2371 2188 ad
2416 2124 2798 2189 salvandum
2848 2126 3203 2189 humanum

570 2252 774 2315 genus
804 2234 909 2317 (cf.
945 2233 992 2296 11
1024 2253 1082 2297 n.
1116 2236 1307 2320 440);
1343 2251 1543 2316 quare
1576 2253 1657 2298 ex
1690 2234 1921 2298 eodem
1953 2250 2131 2296 conc.
2165 2250 2302 2313 cap.
2338 2238 2396 2301 2.
2432 2237 2472 2300 3
2506 2233 2854 2297 tenendum
2886 2238 3002 2308 est,

752 2357 894 2427 111.
928 2357 1251 2421 Neminem
1284 2356 1548 2421 salutem
1579 2359 1866 2441 consequi
1889 2377 2087 2440 posse.
2125 2357 2251 2420 nisi
2265 2376 2385 2439 per
2406 2355 2724 2419 Christum
2744 2356 2979 2423 Jesum.
3010 2354 3199 2435 Quod

575 2464 827 2529 divinae
858 2462 1081 2528 literae
1128 2464 1363 2529 docent
1409 2470 1473 2529 et
1518 2463 1842 2528 diserte
1874 2462 2012 2527 Act.
2047 2467 2108 2536 4,
2147 2468 2259 2531 12:
2327 2462 2408 2525 Et
2451 2483 2575 2526 non
2608 2471 2694 2527 est
2723 2465 2793 2526 in
2828 2462 2958 2527 alio
2991 2463 3198 2548 aliquo

575 2572 782 2636 salus:
815 2584 1008 2655 neque
1037 2572 1197 2634 enim
1222 2571 1402 2634 aleud
1420 2590 1638 2633 nomen
1666 2575 1752 2632 est
1792 2569 1904 2632 sub
1939 2568 2100 2633 coelo
2134 2570 2353 2632 darum
2387 2569 2755 2652 hominibuS,
2791 2572 2854 2633 in
2876 2589 2995 2654 quo
3018 2589 3201 2656 opor-

574 2685 700 2744 teat
730 2681 843 2743 no's
871 2681 1076 2743 salvos
1116 2677 1299 2761 fieri;
1328 2678 1510 2744 Joan.
1552 2682 1650 2753 14,
1684 2682 1758 2745 6:
1823 2675 1957 2759 qu
2004 2697 2142 2739 sum
2187 2677 2288 2740 via
2335 2685 2390 2741 et
2432 2678 2664 2741 veritas
2709 2684 2764 2741 et
2795 2679 2942 2745 vita.
3009 2676 3202 2741 Nemo

571 2793 731 2850 venit
762 2788 849 2850 ad
881 2786 1159 2867 Patrem,
1192 2786 1315 2848 nisi
1335 2806 1458 2867 per
1492 2806 1619 2860 me;
1683 2784 1866 2848 Rom.
1903 2789 1963 2860 3,
1998 2790 2079 2851 21
2114 2803 2196 2847 S.:
2261 2783 2447 2848 Nunc
2490 2787 2621 2848 sine
2654 2784 2778 2869 leqe
2801 2785 3049 2865 justitia
3085 2783 3203 2849 Dei

570 2890 983 2973 manifestata
1014 2899 1102 2954 est
1149 2892 1210 2978 (i.
1246 2910 1299 2955 e.
1332 2890 1817 2955 manifestatum
1851 2897 1966 2968 est,
2000 2890 2327 2973 quomodo
2355 2890 2668 2972 justitiam
2713 2910 2937 2957 veram
2968 2908 3202 2955 conse-

571 2999 679 3081 qui
693 2999 1030 3079 possimuS,
1046 3015 1215 3080 quae
1231 2998 1369 3084 tuit)
1389 2997 1569 3079 testifi
1572 3004 1714 3062 cata
1731 3023 1773 3061 a
1789 2998 1915 3080 leqe
1930 3005 1985 3061 et
2002 3020 2040 3061 a
2047 2997 2388 3080 prophetis,
2413 2998 2677 3062 ,Iustitia
2690 3007 2895 3062 autem
2910 2997 3033 3061 Dei
3046 2999 3202 3084 (non

572 3123 702 3186 qua
733 3105 869 3185 ipse
894 3104 1105 3185 justus
1138 3111 1252 3180 est,
1285 3104 1400 3168 sed
1437 3123 1562 3186 qua
1593 3123 1713 3167 nos
1740 3105 1952 3186 justos
1986 3104 2163 3188 facit)
2191 3125 2311 3188 per
2338 3104 2524 3187 fidem
2556 3104 2620 3174 J.
2656 3104 2887 3168 Christi
2905 3106 2972 3169 in
2996 3124 3203 3169 omnes

570 3218 625 3274 et
674 3231 863 3293 super
910 3230 1139 3289 omnes,
1188 3212 1296 3295 qui
1345 3212 1604 3275 credunt
1647 3213 1717 3274 in
1749 3231 1888 3274 eum
1922 3218 2073 3285 ete.;
2123 3217 2187 3276 et
2238 3212 2899 3293 aequivalenter,
2951 3212 3204 3294 quoties

566 3323 892 3381 ‘testantur
924 3315 1245 3382 Christum
1278 3318 1671 3383 salvatorem
1719 3336 1863 3383 esse
1914 3319 2203 3382 omnium
2250 3318 2600 3395 hominum,
2632 3319 3107 3400 redemptorem
3141 3325 3205 3384 et

570 3423 1016 3500 mediatorem,
1067 3432 1395 3489 mortuum
1446 3444 1566 3506 pro
1622 3425 1940 3502 omnibuS,
1993 3444 2138 3489 esse
2188 3426 2709 3509 propitiationem
2758 3443 2875 3507 pro
2922 3426 3204 3506 peccatis

577 3530 766 3594 totius
799 3531 1017 3593 mundi
1052 3530 1151 3618 (cf.
1186 3532 1271 3596 th.
1309 3535 1464 3620 171)
1500 3540 1621 3598 etc.
1684 3531 1895 3612 Quam
1947 3533 2032 3597 ob
2083 3553 2221 3598 rem
2270 3552 2449 3597 conc.
2501 3533 3092 3597 arausicanum
3136 3532 3202 3596 11.

574 3655 711 3702 can.
755 3642 830 3707 16
865 3639 1120 3702 statuit:
1162 3637 1350 3712 ,Inde
1384 3639 1452 3726 (a
1486 3637 1772 3724 Christo)
1811 3639 2027 3715 habet,
2062 3640 2424 3721 quicunque
2455 3639 2652 3704 habet
2685 3638 2948 3726 (aliquid
2982 3638 3066 3702 ad
3098 3656 3207 3702 sa-

572 3745 769 3808 lutem
801 3745 1172 3831 pertinens).
1237 3743 1537 3828 Quisquis
1592 3751 1816 3809 autem
1868 3745 2019 3810 inde
2070 3765 2141 3810 se
2190 3746 2437 3811 habere
2487 3751 2697 3825 negat,
2749 3750 2860 3809 aut
2890 3763 3044 3810 vere
3073 3763 3204 3809 non

576 3849 784 3926 habet,
820 3855 934 3912 aut
964 3849 1045 3926 id,
1079 3850 1251 3932 quod
1285 3851 1499 3927 habet,
1537 3849 1872 3915 auferetur
1903 3852 1986 3916 ab
2021 3864 2155 3917 eo.⁴1
2225 3851 2313 3915 Cf.
2347 3869 2487 3915 can.
2521 3856 2623 3920 21.

760 3988 899 4041 137.
954 3974 1069 4044 lv.
1122 3980 1196 4038 Ut
1239 3980 1485 4038 adultus
1524 3979 1978 4055 justificationis
2009 3981 2263 4057 gratiam
2298 3984 2714 4056 consequatur,
2760 3983 3087 4040 necessaria
3123 3989 3205 4040 est

573 4068 770 4142 aliqua
799 4068 1116 4142 dispositio,
1166 4088 1236 4127 ex
1262 4071 1461 4146 qratia
1494 4077 1545 4126 et
1575 4070 1760 4129 libera
1794 4071 2045 4129 hominis
2074 4072 2471 4146 cooperatione
2494 4074 2776 4146 profecta.
2838 4070 2876 4128 J
2882 4071 3203 4129 ustificatio

570 4176 603 4214 a
633 4173 792 4214 conc.
824 4156 1275 4216 tridentino
1308 4177 1434 4233 cap.
1472 4168 1508 4219 4
1543 4157 1854 4217 definitur:
1908 4159 2286 4229 ,Translatio
2319 4160 2392 4217 ab
2426 4177 2495 4217 eo
2536 4165 2719 4232 statu,
2769 4159 2833 4217 in
2878 4178 2996 4234 quo
3029 4160 3206 4218 homo

571 4245 836 4303 nascitur
868 4245 1025 4303 filius
1060 4246 1234 4321 primi
1266 4247 1496 4312 Adami,
1546 4247 1609 4306 iu
1657 4251 1882 4306 statum
1915 4253 2141 4325 gratiae
2187 4252 2250 4307 et
2294 4248 2630 4323 adoptionis
2663 4247 2923 4307 filiorum
2960 4249 3067 4307 Dei
3097 4266 3205 4325 per

575 4333 897 4392 secundum
932 4334 1221 4394 Adamum
1257 4336 1467 4394 Jesum
1499 4336 1859 4395 Christum.‘
1926 4337 2018 4395 Ad
2051 4338 2199 4396 hanc
2230 4336 2459 4411 requiri

760 4454 818 4524 l,
850 4460 1107 4535 aliquam
1131 4459 1600 4536 dispositionem,
1634 4464 1803 4537 patet
1821 4480 1890 4519 ex
1914 4462 2242 4519 innumeris
2267 4461 2609 4536 Scripturae
2641 4461 2937 4529 effatis,
2971 4460 3036 4520 in
3069 4460 3203 4535 qui·

578 4550 690 4608 bus
711 4549 983 4608 remissio
1005 4557 1397 4624 peccatorum,
1423 4551 1667 4626 justitia
1698 4561 1826 4613 etc..
1862 4550 2082 4625 quibus
2106 4551 2459 4624 justificatio
2479 4550 2838 4620 continetur,
2876 4549 2948 4608 iis
2967 4554 3206 4608 tantum

578 4639 1034 4712 promittuntur,
1085 4640 1189 4714 qui
1222 4639 1424 4714 aliqua
1457 4641 1623 4716 prius
1658 4640 2087 4716 praestiterint.
2155 4640 2327 4701 Marc.
2372 4651 2466 4711 ln,
2512 4651 2618 4703 16:
2676 4640 2789 4711 Qui
2818 4640 3126 4697 crediderit
3154 4646 3208 4697 et

580 4728 905 4803 baptizatus
935 4729 1130 4805 fuerit,
1182 4730 1377 4787 salvus
1423 4732 1570 4787 erit:
1614 4731 1715 4805 qui
1758 4748 1890 4788 vero
1935 4747 2051 4787 non
2082 4730 2410 4803 crediderit,
2443 4728 2915 4787 condemnabitur
2945 4735 3086 4798 etc.;
3133 4746 3206 4786 ex
