3538 5364
1222 348 1713 404 Sacrameniorum
1741 348 2089 404 exsistentia.
2839 358 2915 421 21
2929 358 2969 422 3

524 545 675 598 251.
712 535 1222 593 sacramentorum
1254 534 1609 592 exsistentia.
1654 567 1725 577 -
1764 536 2046 611 Exposita
2078 537 2429 595 sacramenti
2462 537 2702 595 notione
2736 537 2967 613 quaeri·

329 628 457 694 tur,
493 644 638 683 num
670 624 872 700 aliqua
903 622 1197 698 ejusmodi
1227 630 1592 681 sacramenta
1623 631 1865 697 exstent,
1911 644 1985 684 ne
2032 627 2094 683 in
2127 643 2379 684 vacuum
2411 626 2484 683 de
2518 625 2664 701 ipsis
2697 625 2967 701 dispute-

335 733 492 777 mus.
575 714 686 773 Cui
731 712 1067 788 quaestioni
1112 715 1184 770 ut
1225 711 1626 787 respondeant
1670 713 1951 790 theologi,
2017 715 2296 773 dividunt
2340 715 2679 790 religiosum
2724 715 2972 773 humani

333 803 580 880 generis
612 802 925 861 historiam
955 803 1020 859 in
1051 820 1088 877 q
1108 804 1389 860 uatuor
1418 801 1709 876 periodos,
1743 802 1807 860 in
1840 804 2148 879 periodum
2181 804 2307 862 scil.
2330 804 2607 879 justitiae
2638 804 2966 881 originalis,

331 893 799 968 patriarchalem
832 909 939 949 seu
970 891 1122 966 legis
1155 894 1403 948 naturae
1420 885 1484 971 ¹),
1519 891 1835 949 mosaicam
1866 895 1928 951 et
1958 893 2356 951 christianam.

527 978 592 1043 l.
627 980 798 1050 Quod
830 979 1048 1038 attinet
1077 978 1384 1055 periodum
1419 978 1893 1057 originalem
1926 981 2194 1050 dicimus,
2241 983 2329 1040 nil
2362 983 2539 1051 certe,
2573 982 2691 1040 imo
2724 1000 2798 1041 ne
2830 1000 2970 1057 pro-

335 1071 629 1130 habiliter
659 1068 903 1146 quidem
933 1068 1121 1127 statui
1153 1067 1247 1126 vel
1278 1067 1558 1126 affirmari
1593 1087 1783 1144 posse,
1831 1069 2135 1129 fuerintne
2181 1072 2243 1129 in
2289 1090 2357 1130 ea
2402 1076 2784 1141 sacramenta,
2836 1089 2971 1128 cum

333 1178 467 1218 non
499 1160 604 1218 diu
635 1158 941 1217 duraverit
970 1158 1210 1233 fereque
1239 1157 1328 1215 nil
1362 1155 1433 1214 de
1465 1176 1534 1215 ea
1563 1157 1820 1217 habeant
1841 1160 2144 1237 Scriptura
2177 1163 2358 1236 atque
2390 1159 2652 1218 traditio,
2704 1161 2757 1222 S.
2790 1160 2969 1218 'rho-

335 1268 505 1308 mas
541 1258 577 1312 3
615 1267 668 1324 q.
707 1260 778 1311 61
822 1267 873 1305 a.
910 1256 943 1309 2
981 1246 1216 1305 illorum
1249 1245 1694 1305 institutionem
1738 1266 1844 1322 pro
1891 1268 1960 1308 eo
2006 1253 2170 1309 statu
2213 1253 2395 1326 negat
2434 1254 2738 1325 tamquam
2770 1249 2970 1307 minus

333 1339 816 1397 convenientem.
879 1336 1156 1395 Suarez
1205 1334 1356 1410 disp.
1391 1343 1427 1397 3
1482 1335 1545 1393 in
1598 1344 1633 1398 3
1684 1356 1740 1411 p.
1787 1356 1915 1395 eam
1960 1339 2226 1398 admittit
2271 1357 2376 1414 pro
2423 1339 2755 1414 hypothesi,
2808 1338 2970 1413 quod

336 1427 617 1486 Adamus
650 1447 768 1486 non
800 1428 1117 1501 peccasset,
1164 1423 1323 1499 quod
1358 1425 1538 1481 etiam
1570 1425 1768 1499 placet
1801 1425 1873 1485 de
1904 1428 2111 1505 Lugo
2144 1429 2298 1503 disp.
2335 1439 2368 1491 3
2405 1432 2543 1487 sect.
2587 1439 2637 1497 1,
2688 1428 2790 1486 sed
2836 1430 2970 1485 tan·

333 1522 480 1574 tum
514 1517 578 1575 in
625 1514 961 1592 hypothesi,
1005 1514 1055 1571 si
1102 1516 1246 1571 tunc
1294 1513 1498 1572 futura
1530 1514 1742 1573 fuisset
1773 1514 1951 1574 Verbi
1987 1517 2341 1576 incarnatio:
2389 1536 2507 1591 qua
2551 1536 2668 1575 non
2714 1516 2971 1575 admissa

333 1609 531 1682 negat
561 1605 692 1681 ipse
726 1606 1221 1663 sacramentorum
1256 1601 1692 1662 institutionem
1722 1623 1830 1679 pro
1862 1604 1964 1665 illo
1996 1610 2186 1676 statu;
2232 1610 2411 1683 negat
2442 1606 2693 1664 Billot
2725 1606 2796 1663 de
2828 1623 2971 1664 sacr.

329 1695 431 1753 th.
471 1705 527 1757 3.
593 1695 672 1753 cf.
705 1692 940 1752 Knoll
970 1691 1158 1751 instit.
1191 1691 1368 1750 theol.
1402 1691 1760 1752 theoreticae
1793 1697 1833 1751 t.
1873 1704 1906 1756 5
1941 1698 2014 1759 tr.
2057 1708 2078 1758 1
2122 1716 2171 1753 a.
2209 1705 2263 1757 2.

529 1780 593 1847 2.
627 1784 791 1842 Circa
821 1780 1126 1857 periodum
1158 1780 1697 1855 patriarchale
1719 1802 1774 1840 m
1806 1798 1868 1846 a.
1903 1785 2233 1843 communis
2265 1789 2358 1843 est
2387 1785 2802 1860 theologorum
2835 1802 2969 1841 sen-

333 1873 560 1942 tentia,
594 1872 829 1931 nemine
849 1870 969 1928 fere
990 1869 1396 1939 dissentiente,
1433 1871 1736 1930 exstitisse
1756 1873 2001 1947 aliquod
2023 1874 2368 1944 remedium,
2402 1892 2518 1948 quo
2551 1873 2808 1931 infantes
2842 1872 2971 1930 sine

341 1962 591 2038 propria
619 1960 1030 2036 cooperatione
1063 1958 1383 2034 participes
1415 1958 1542 2017 fieri
1576 1960 1882 2036 potuerint
1913 1964 2280 2022 remissionis
2313 1963 2537 2039 peccati
2571 1962 2877 2039 originalis
2910 1964 2972 2019 et

341 2050 857 2109 sanctificationis.
922 2048 1089 2117 ,Nec
1121 2047 1478 2106 credendum
1522 2053 1628 2119 est,
1676 2050 1880 2124 inquit
1925 2070 1969 2112 s.
2017 2053 2516 2128 Augustinus
2550 2070 2595 2110 c.
2628 2051 2751 2110 Jul.
2786 2050 2849 2120 V,
2890 2061 2961 2113 ll

341 2161 404 2198 n.
443 2150 548 2209 45,
599 2143 660 2197 et
708 2144 847 2197 ante
893 2138 1087 2195 datam
1135 2136 1640 2196 circumcisionem
1685 2139 1938 2199 famulos
1969 2141 2093 2210 Dei,
2144 2141 2628 2217 quandoquidem
2659 2141 2746 2199 eis
2777 2139 2974 2198 inerat

344 2229 693 2287 mediatoris
727 2228 872 2285 fides
902 2226 966 2284 in
998 2244 1170 2284 earne
1203 2226 1461 2296 venturi,
1501 2228 1668 2286 nullo
1702 2234 2069 2288 sacramento
2102 2232 2229 2305 eJus
2263 2231 2591 2305 opitulatos
2623 2229 2801 2287 fuisse
2836 2247 2970 2304 par-

344 2317 514 2377 vulis
559 2318 704 2391 suiS,
754 2316 1025 2392 quamvis
1059 2314 1205 2388 quid
1237 2315 1391 2373 illud
1429 2319 1603 2386 esset,
1653 2318 1856 2392 aliqua
1886 2319 2216 2377 necessaria
2244 2337 2422 2378 causa
2454 2319 2757 2395 Scriptura
2789 2318 2972 2375 latere

339 2407 670 2466 ‘voluerit‘
704 2440 794 2449 —
825 2404 1245 2481 Gregorius
1292 2404 1367 2462 M.
1417 2406 1620 2469 Moral,
1660 2407 1700 2464 l.
1735 2417 1771 2470 4
1806 2425 1853 2470 c.
1891 2417 1959 2471 3:
2011 2406 2220 2477 ,Quod
2269 2426 2406 2466 vero
2454 2408 2611 2482 apud
2658 2426 2766 2465 nos
2812 2406 2973 2465 valet

340 2516 507 2571 aqua
535 2495 933 2571 baptismatis,
978 2493 1084 2551 hoc
1129 2494 1256 2569 egit
1299 2493 1457 2568 apud
1490 2498 1720 2554 veteres
1767 2497 1863 2555 vel
1909 2516 2014 2571 pro
2061 2496 2325 2572 parvulis
2359 2496 2482 2555 sola
2513 2496 2674 2565 fides,
2724 2496 2820 2554 vel
2865 2514 2972 2571 pro

344 2585 676 2660 majoribus
714 2585 905 2642 virtus
939 2581 1222 2651 sacrificii,
1259 2582 1353 2639 vel
1384 2600 1490 2657 pro
1524 2583 1632 2654 his,
1676 2585 1781 2661 qui
1813 2605 1882 2644 ex
1915 2586 2183 2644 Abrahae
2217 2586 2401 2661 stirpe
2432 2584 2793 2659 prodierant,
2840 2603 2971 2659 my-

347 2674 607 2733 sterium
639 2671 1167 2733 circumcisionis.‘
1202 2706 1291 2714 —
1323 2672 1765 2733 Bernardus
1814 2695 2013 2752 opusc.
2057 2689 2130 2739 10
2181 2675 2253 2733 de
2298 2674 2594 2751 baptismo
2640 2693 2687 2732 c.
2729 2685 2749 2736 l
2806 2693 2863 2730 n.
2901 2684 2969 2735 4:

349 2768 481 2832 ,At
519 2783 658 2822 vero
706 2765 841 2839 quis
887 2762 1128 2831 nesciat,
1176 2765 1237 2820 et
1281 2761 1396 2819 alia
1442 2766 1673 2837 praeter
1713 2765 2081 2840 baptismum
2117 2768 2320 2824 contra
2350 2764 2637 2841 originale
2668 2765 2972 2838 peccatum

343 2852 614 2911 remedia
645 2853 910 2929 antiquis
943 2870 1062 2909 non
1110 2850 1367 2908 defuisse
1398 2853 1814 2926 temporibus?
1877 2853 2147 2913 Abrahae
2191 2854 2432 2929 quidem
2479 2857 2541 2911 et
2585 2852 2797 2910 semini
2840 2852 2970 2926 ejus

341 2942 821 3001 circumcisionis
855 2944 1287 2999 sacramentum
1321 2940 1384 2997 in
1416 2939 1526 2998 hoc
1557 2941 1755 3017 ipsum
1788 2943 2079 3001 divinitus
2110 2944 2399 3001 traditum
2431 2946 2539 3001 est.
2606 2943 2675 2999 In
2716 2940 2971 2999 nationi-

342 3031 468 3088 bus
499 3050 658 3100 ver0,
700 3033 996 3106 quotquot
1028 3029 1257 3088 inventi
1290 3032 1433 3087 sunt
1464 3030 1685 3102 fidele8‚
1733 3032 1970 3091 adultos
2003 3033 2242 3108 quidem
2276 3032 2390 3090 fide
2423 3035 2483 3089 et
2516 3030 2816 3089 sacrificiis
2848 3048 2970 3088 cre-

344 3120 551 3178 dimus
598 3121 884 3195 expiatos,
928 3119 1194 3195 parvulis
1226 3123 1426 3176 autem
1459 3119 1643 3178 solam
1678 3121 1989 3194 profuisse,
2039 3121 2155 3180 imo
2201 3125 2261 3180 et
2307 3121 2610 3179 suffecisse
2654 3122 2974 3195 parentum

343 3210 546 3267 fidem.
614 3210 795 3268 Porro
826 3211 936 3267 hoc
966 3209 1052 3267 ita
1083 3207 1324 3282 quidem
1356 3226 1548 3283 usque
1579 3209 1654 3267 ad
1684 3209 1966 3284 baptismi
1999 3215 2265 3286 tempora
2295 3211 2665 3285 perdurasse,
2700 3227 2818 3284 quo
2850 3227 2970 3267 uno

343 3299 686 3356 substituto
717 3316 953 3357 vacasse
984 3300 1251 3367 cetera;‘
1300 3314 1345 3357 e.
1396 3306 1429 3358 2
1480 3316 1536 3361 n.
1587 3308 1655 3366 6;
1702 3317 1746 3361 s.
1791 3299 2108 3358 Thomas
2154 3300 2225 3358 de
2257 3300 2410 3357 malo
2443 3319 2499 3375 q.
2535 3309 2571 3360 4
2607 3319 2655 3356 a.
2692 3308 2726 3361 8
2761 3298 2833 3356 ad
2877 3307 2974 3360 12.

345 3388 675 3462 Praecipua
703 3407 844 3446 vero
875 3387 1027 3446 ratio
1059 3384 1361 3444 asserendi
1393 3386 1681 3459 ejusmodi
1714 3388 2045 3446 remedium
2077 3394 2169 3447 est
2198 3408 2233 3447 a
2263 3389 2464 3464 priori,
2499 3389 2623 3446 scil.
2657 3407 2725 3446 ex
2760 3388 2971 3445 volun·

344 3476 495 3534 tatis
517 3476 623 3534 Dei
654 3477 996 3535 salutiferae
1027 3474 1478 3534 universalitate
1510 3477 1729 3550 petita3
1763 3476 1839 3534 ad
1871 3497 2050 3552 quam
2083 3479 2264 3536 etiam
2296 3481 2579 3553 provocat
2612 3478 2975 3534 Innocen-

344 3565 518 3623 tius
553 3566 674 3633 111„
707 3584 843 3623 cum
874 3566 940 3623 in
971 3583 1096 3640 cap.
1118 3564 1400 3639 ,Majores‘
1434 3566 1505 3623 de
1538 3565 1698 3640 bapt.
1729 3570 1792 3624 et
1823 3567 1950 3641 ejus
1981 3566 2166 3625 effect.
2200 3568 2237 3625 Ι.
2276 3575 2309 3628 3
2344 3567 2438 3625 tit.
2466 3575 2543 3627 42
2570 3584 2690 3640 cap.
2715 3574 2750 3627 3
2774 3565 2973 3623 docet:

351 3654 594 3724 ,Absit‚
627 3659 699 3713 ut
727 3654 994 3712 universi
1020 3653 1255 3729 parvuli
1276 3657 1538 3728 pereant,
1573 3673 1827 3729 quorum
1863 3655 2130 3731 quotidie
2162 3659 2329 3713 tanta
2359 3655 2684 3713 multitudo
2705 3654 2974 3723 moritur,

348 3744 502 3818 quin
522 3743 854 3802 misericors
877 3744 1052 3814 Deus,
1087 3742 1191 3817 qui
1223 3742 1520 3801 neminem
1551 3744 1687 3801 vult
1717 3744 1929 3818 perire,
1961 3743 2201 3818 aliquod
2223 3743 2549 3801 remedium
2571 3741 2977 3818 procuraverit

343 3832 425 3890 ad
459 3833 773 3891 salutem.‘
823 3832 903 3890 Cf.
938 3832 1003 3890 in
1033 3831 1240 3907 primis
1273 3831 1686 3890 Franzelin
1718 3833 1803 3890 th.
1843 3843 1897 3894 3.
1931 3866 2015 3875 -—
2048 3829 2117 3898 b.
2154 3834 2510 3909 Disputatur
2540 3835 2740 3889 tamen
2770 3832 2839 3888 de
2869 3850 2972 3888 ra·

345 3923 504 3979 tione
531 3922 706 3994 hujus
737 3922 992 3997 remedii,
1027 3940 1170 3979 num
1205 3920 1327 3983 scil.
1360 3921 1688 3979 necessario
1720 3921 1904 3980 fuerit
1934 3923 2247 3992 sensibile;
2295 3925 2355 3979 et
2400 3921 2450 3979 si
2498 3919 2798 3988 sensibile,
2846 3919 2972 3978 fue-

349 4011 512 4068 ritne
544 4010 838 4068 divinitus
871 4010 1350 4068 determinatum.
1417 4009 1728 4069 Probabile
1778 4014 1868 4069 est
1912 4012 2192 4087 parvulos
2237 4031 2271 4069 a
2303 4009 2555 4086 peccatis
2588 4009 2772 4067 fuisse
2803 4028 2977 4066 mun-

345 4099 524 4157 datos
556 4103 618 4157 et
661 4100 883 4176 populo
917 4099 1024 4157 Dei
1069 4099 1322 4156 insertos
1368 4099 1643 4169 aliorum,
1693 4100 1798 4174 qui
1846 4101 2108 4175 ipsorum
2142 4100 2380 4158 nomine
2428 4117 2491 4156 ac
2535 4099 2666 4172 jure
2711 4101 2974 4173 agerent,

348 4188 589 4246 actibus
620 4188 920 4265 religiosis
951 4188 1142 4263 iisque
1174 4187 1239 4245 in
1270 4187 1579 4246 individuo
1611 4207 1733 4246 non
1764 4189 2169 4248 determinatis
2202 4189 2444 4266 (Thom
2466 4205 2541 4245 as
2578 4197 2611 4249 3
2648 4206 2703 4262 q.
2741 4196 2816 4249 70
2852 4207 2901 4245 a.
2938 4196 2972 4248 2

576 4345 612 4408 ¹)
642 4341 838 4394 Status
864 4340 1011 4410 legis
1037 4343 1219 4394 natu
1236 4357 1310 4393 ru
1329 4357 1358 4393 e
1388 4358 1503 4396 non
1532 4340 1745 4394 dicitur
1772 4342 1844 4394 ad
1873 4339 2253 4394 exclusionem
2282 4345 2354 4411 (n.
2384 4344 2500 4411 70⁸)
2525 4339 2853 4411 gratiae,
2881 4338 2977 4391 scd

346 4420 421 4471 ad
453 4419 836 4473 exclusionem
865 4418 1012 4490 legis
1051 4439 1088 4490 p
1106 4437 1137 4473 ο
1155 4438 1179 4473 s
1195 4420 1215 4472 i
1231 4423 1258 4473 t
1273 4420 1292 4473 i
1308 4438 1340 4472 v
1358 4438 1390 4472 a
1407 4437 1435 4472 e
1478 4419 1757 4473 mosaicae
1802 4421 1861 4473 et
1898 4437 1925 4472 c
1944 4420 1981 4471 h
2001 4421 2060 4472 ri
2081 4439 2104 4472 s
2122 4422 2146 4471 t
2162 4419 2181 4471 i
2198 4436 2231 4470 a
2249 4437 2284 4470 n
2301 4435 2334 4470 a
2350 4435 2409 4478 e;
2451 4435 2633 4487 neque
2679 4418 2751 4471 ad
2796 4419 2977 4471 exclu-

347 4500 570 4552 sionem
599 4500 995 4569 cujuscunque
1023 4499 1166 4569 legis
1197 4499 1680 4570 supernaturalis:
1708 4518 1841 4554 nam
1863 4499 2000 4553 etin
2023 4516 2088 4552 eo
2107 4501 2260 4552 statu
2282 4502 2619 4569 praeceptae
2642 4501 2806 4553 erant
2827 4497 2977 4560 fides,

345 4595 497 4648 spes,
538 4581 764 4644 caritas,
811 4579 1169 4649 poenitentia
1213 4583 1319 4634 etc.
1371 4582 1422 4633 [s
1466 4583 1658 4633 autem
1703 4583 1887 4634 status
1931 4578 2163 4633 duravit
2206 4579 2359 4648 apud
2402 4580 2644 4648 judaeos
2684 4594 2864 4645 usque
2904 4577 2976 4629 ad

349 4658 618 4727 Moysem
648 4659 806 4730 apud
832 4659 977 4712 alias
1003 4663 1200 4730 gentes
1227 4676 1408 4728 usque
1450 4660 1522 4713 ad
1552 4660 1860 4724 Christum,
1901 4661 2016 4713 imo
2044 4675 2225 4727 usque
2268 4659 2338 4711 ad
2367 4659 2742 4728 Evangelium
2773 4656 2979 4710 suffici-

347 4741 513 4792 enter
568 4740 1017 4809 promulgatum,
1059 4755 1205 4806 quae
1247 4739 1637 4810 promulgatio
1678 4740 1990 4793 successive
2036 4740 2188 4792 facta
2238 4742 2339 4800 cst,
2404 4752 2470 4790 ut
2517 4737 2666 4789 infra
2724 4736 2976 4789 dicemus

348 4824 430 4891 (n.
458 4823 629 4890 317¹).
