3538 5364
609 318 741 383 324
1133 308 1317 362 Tract.
1347 309 1439 361 IX.
1467 309 1536 362 de
1564 308 1926 363 eucharistia..
1958 307 2157 362 Thesis
2183 307 2470 361 CCXXIV.
2496 308 2691 361 Patres

607 498 921 573 sumimm,
969 496 1070 555 sed
1117 495 1619 571 quemadmodum
1665 513 1772 569 per
1801 493 2050 552 verbum
2081 495 2190 552 Dei
2221 495 2551 554 carofactus
2583 495 2761 554 Jesus
2794 494 3066 553 Christus
3101 493 3228 552 Sal-

607 591 778 647 vator
808 589 1009 645 noster
1040 588 1101 643 et
1133 603 1366 643 carnem
1398 587 1460 642 et
1491 583 1844 660 sanguinem
1866 583 2074 641 habuit
2107 601 2212 659 pro
2243 588 2449 643 nostra
2478 585 2700 643 salute:
2731 584 2822 643 ita
2851 584 3035 643 etiam
3065 582 3231 641 illam

607 676 960 744 alimoniam,
995 694 1067 733 ex
1097 693 1218 749 qua
1250 674 1494 750 sanguis
1525 676 1588 732 et
1617 690 1823 731 carnes
1856 676 2095 732 nostrae
2129 691 2232 748 per
2262 673 2708 733 conversionem
2738 674 3003 743 aluntur,
3037 672 3235 731 edocti

608 784 833 835 summ,
881 782 1007 823 esse
1051 763 1346 821 incarnati
1391 762 1556 820 illius
1589 762 1737 820 Jesu
1769 765 1832 819 et
1864 780 2095 821 carnem
2130 765 2191 820 et
2223 762 2595 839 sanguinem,
2642 765 2959 838 postquam
2990 780 3060 820 ea
3092 757 3229 841 (ali-

607 852 830 931 monia)
863 872 969 928 per
997 871 1230 927 precem
1260 852 1439 910 verba
1470 853 1600 927 ejus
1633 851 2038 910 continentem
2070 850 2225 910 facta
2254 854 2348 911 est
2377 851 2799 929 eucharistia,‘
2838 852 2999 927 quod
3031 850 3231 908 allatis

607 942 1010 1002 institutionis
1042 941 1242 999 verbis
1275 941 1599 999 confirmat.
1665 940 1742 998 Ut
1780 959 1917 999 vero
1951 940 2270 999 verborum
2301 959 2346 1002 a.
2378 941 2418 999 J
2421 940 2610 999 ustini
2641 944 3010 1000 momentum
3040 938 3234 1017 magis

606 1034 905 1108 appareat,
941 1031 1148 1089 sedulo
1181 1030 1529 1088 attendatur
1558 1029 1917 1105 comparatio
1950 1047 2087 1087 cum
2116 1030 2542 1089 incarnationis
2575 1029 2872 1105 mysterio.
2939 1030 3023 1087 Ea
3052 1029 3230 1098 enim,

606 1122 728 1180 nisi
769 1121 994 1180 frustra
1037 1138 1071 1177 a
1114 1118 1153 1176 J
1168 1119 1438 1177 ustino
1488 1118 1749 1186 affertur,
1807 1118 2114 1177 evidenter
2158 1120 2388 1194 probat,
2435 1137 2556 1177 non
2602 1120 2803 1177 minus
2850 1137 2988 1177 vere
3018 1136 3231 1194 panem

607 1210 872 1270 converti
903 1212 965 1268 et
994 1207 1121 1266 fieri
1151 1208 1450 1267 mediante
1482 1207 1699 1266 Christi
1729 1208 1911 1266 verbo
1944 1225 2157 1283 corpus
2189 1208 2425 1279 Christi,
2472 1225 2537 1267 ac
2567 1227 2707 1266 vera
2736 1208 2856 1267 fuit
2885 1206 3235 1276 incarnatiO,

608 1301 672 1358 in
717 1318 835 1374 qua
879 1298 1103 1357 virtute
1149 1316 1194 1359 s.
1229 1297 1488 1373 Spiritus
1521 1315 1722 1355 veram
1754 1314 1991 1355 carnem
2022 1315 2352 1372 verumque
2388 1297 2747 1373 sanguinem
2780 1297 2887 1355 Dei
2919 1296 3108 1355 Filius
3137 1314 3232 1353 as-

607 1388 880 1463 sumpsit.
913 1386 1046 1445 Huc
1076 1388 1346 1461 spectant
1376 1380 1559 1443 etiam
1589 1386 1772 1444 verba
1802 1387 2155 1444 auctoris
2188 1404 2278 1463 op.
2313 1386 2385 1444 de
2418 1404 2560 1450 sacr.
2581 1387 2678 1459 VI,
2719 1399 2746 1449 1
2772 1405 2786 1444 :
2822 1386 3034 1455 ,Sicut
3054 1403 3237 1444 verus

608 1480 699 1537 est
728 1477 836 1536 Dei
855 1476 1044 1534 Filius
1075 1476 1142 1534 D.
1175 1474 1248 1534 N.
1281 1475 1336 1537 J.
1371 1474 1660 1545 Christus,
1695 1491 1815 1533 non
1849 1475 2348 1550 quemadmodum
2381 1476 2650 1534 homines
2683 1494 2791 1550 per
2821 1474 3092 1551 gratiam,
3129 1474 3233 1532 sed

608 1567 783 1642 quasi
801 1565 989 1624 Filius
1011 1583 1081 1623 ex
1101 1563 1437 1622 substantia
1453 1563 1674 1622 Patris:
1707 1564 1794 1622 ita
1823 1582 1965 1622 vera
1982 1582 2133 1635 caro,
2166 1564 2470 1640 sicutipse
2490 1564 2659 1635 dixit,
2688 1583 2868 1640 quam
2887 1563 3232 1639 accipimuS,

608 1659 669 1715 et
711 1673 891 1713 verus
937 1655 1067 1729 ejus
1112 1656 1206 1712 est
1248 1656 1426 1728 potus
1441 1650 1550 1733 ¹).‘
1616 1653 1800 1711 Aliud
1833 1652 1898 1710 in
1928 1652 2160 1711 Justini
2191 1653 2388 1712 verbis
2419 1654 2805 1712 annotatione
2837 1653 3089 1729 dignum
3119 1653 3230 1720 est,

608 1744 768 1820 quod
817 1744 892 1802 ad
940 1741 1366 1801 illustrandum
1411 1744 1614 1800 tantae
1660 1742 2065 1801 conversionis
2104 1742 2463 1801 miraculum
2511 1743 2577 1800 in
2626 1742 2968 1800 memoriam
3001 1744 3240 1799 revocet

610 1833 1018 1908 quotidianam
1048 1832 1504 1907 naturalemque
1536 1831 1981 1890 conversionem
2011 1831 2182 1906 panis
2229 1834 2291 1890 et
2318 1830 2443 1891 vini
2475 1831 2540 1890 in
2571 1831 2764 1891 nostri
2796 1830 3056 1906 corporis
3088 1829 3231 1888 sub-

610 1921 914 1992 stantiam,
960 1939 1080 1996 qua
1123 1920 1395 1997 analogia
1439 1919 1542 1977 alii
1588 1919 1773 1978 etiam
1816 1922 2017 1996 patres
2057 1922 2319 1979 utuntur
2353 1915 2437 2003 (n.
2475 1917 2647 2002 365).
2710 1921 2982 1979 Ceterum
3015 1918 3233 1977 summi

610 2031 739 2071 esse
768 2011 1104 2069 faciendum
1135 2009 1366 2068 Justini
1410 2009 1825 2068 testimonium
1872 2009 2066 2084 liquet
2111 2028 2178 2068 ex
2227 2011 2358 2086 ejus
2404 2009 2933 2084 antiquitate:
2980 2026 3052 2067 ex
3096 2007 3230 2078 viri,

611 2102 714 2177 qui
746 2100 867 2159 fuit
894 2099 1151 2176 insignis
1183 2098 1575 2175 philosophus
1606 2100 1668 2157 et
1698 2100 1944 2173 martyr,
1978 2098 2495 2165 celebritate:
2528 2117 2600 2158 ex
2631 2098 2938 2175 apologiae
2971 2114 3199 2172 scopo
3219 2141 3232 2165 ,

609 2190 840 2249 ratione
873 2187 1075 2247 habita
1103 2187 1494 2247 absurdarum
1526 2187 1981 2256 calumniarum,
2029 2206 2182 2263 quae
2227 2206 2298 2246 ex
2343 2187 2702 2246 eucharistia
2744 2188 2897 2245 male
2928 2186 3239 2245 intellecta

611 2280 675 2337 in
720 2279 940 2356 vulgus
986 2294 1224 2354 sparsae
1269 2278 1468 2347 erant:
1516 2275 1775 2352 denique
1821 2295 1891 2334 ex
1938 2295 2169 2341 summa
2214 2276 2505 2335 lectorum
2550 2276 2986 2353 dignitate,
3035 2275 3239 2334 oblata

612 2368 770 2427 enim
799 2367 919 2426 fuit
948 2366 1291 2442 imperatori
1321 2364 1625 2424 Antonino
1658 2366 1760 2425 Pio
1795 2367 2046 2441 ejusque
2076 2365 2236 2425 filiis.

790 2490 853 2555 6.
904 2484 1272 2551 Secundum
1316 2486 1859 2550 sacramentarios
1892 2485 2094 2549 verba
2137 2484 2417 2549 Christi:
2467 2483 2605 2548 Hoc
2635 2492 2722 2547 est
2754 2504 2979 2569 corpus
3010 2504 3235 2567 meum,

611 2596 701 2659 ita
732 2602 884 2659 sunt
914 2593 1326 2676 exponenda:
1357 2592 1495 2656 Hoc
1528 2601 1628 2658 est
1657 2592 1866 2673 figura
1897 2592 2023 2679 (vel
2054 2592 2322 2673 signum,
2354 2590 2742 2679 symbolum)
2765 2592 3058 2674 corporis
3076 2593 3225 2658 mei.

611 2702 806 2785 Atqui
836 2707 1054 2783 patres
1083 2702 1253 2765 hanc
1284 2700 1879 2782 interpretationem
1914 2701 2244 2764 damnant.

790 2832 882 2889 Ita
913 2830 958 2889 Ε
975 2850 1013 2905 p
1030 2831 1050 2888 i
1065 2849 1103 2904 p
1122 2831 1161 2888 h
1175 2850 1210 2888 a
1223 2829 1359 2888 niu
1374 2847 1402 2887 s
1434 2829 1715 2888 diaconus
1745 2830 2064 2889 confutans
2087 2829 2576 2889 iconoclastarum
2597 2848 2822 2889 errores
2845 2833 2954 2888 act.
2975 2829 3056 2889 VI
3077 2848 3241 2891 cone.

612 2920 725 2979 nic.
756 2920 814 2977 11
844 2919 1005 2977 inter
1034 2919 1151 2978 alia
1182 2918 1569 2994 pronunciat:
1611 2918 1880 2987 ,Nullus
1914 2918 2236 2994 aliquando
2268 2920 2553 2978 tubarum
2587 2918 2862 2994 Spiritus,
2898 2921 3237 2977 sanctorum

611 3009 891 3067 videlicet
921 3008 1325 3084 apostolorum
1369 3010 1476 3065 aut
1518 3007 1852 3067 illustrium
1897 3010 2139 3083 patrum
2184 3011 2549 3078 nostrorum,
2595 3008 2980 3067 incruentum
3016 3007 3234 3066 sacrifi-

613 3098 773 3156 cium
804 3100 1095 3167 nostrum,
1128 3096 1286 3173 quod
1318 3096 1382 3154 in
1412 3097 2028 3155 commemorationem
2059 3096 2276 3155 Christi
2309 3097 2418 3155 Dei
2447 3097 2638 3155 nostri
2669 3115 2736 3155 ac
2769 3098 2962 3156 omnis
2993 3095 3232 3171 dispen-

615 3186 865 3244 sationis
896 3185 1172 3256 efficitur‚
1206 3185 1359 3244 dixit
1388 3185 1711 3262 imaginem
1730 3185 1998 3260 corporis
2019 3186 2169 3262 ejus,
2202 3185 2325 3244 Nec
2356 3186 2517 3244 enim
2547 3189 2904 3262 acceperunt
2933 3206 2967 3244 a
2985 3184 3239 3244 Domino

615 3275 703 3334 sic
734 3275 925 3334 dicere
956 3274 1052 3333 vel
1080 3274 1366 3345 confiteri,
1401 3274 1505 3333 sed
1537 3274 1787 3333 audiant
1818 3274 2156 3351 evangelice
2190 3274 2487 3334 dicentem
2518 3294 2686 3333 eum:
2738 3276 2876 3333 Nisi
2920 3276 3236 3333 manduca-

613 3363 811 3422 veritis
841 3382 1074 3422 carnem
1095 3364 1240 3421 Filii
1262 3365 1512 3423 hominis
1541 3367 1652 3421 etc.
1686 3362 1881 3440 (Joan.
1908 3373 1963 3432 5,
1990 3358 2135 3446 54);
2168 3367 2268 3440 qui
2298 3366 2613 3423 manducat
2645 3383 2831 3423 meam
2863 3382 3097 3422 carnem
3127 3365 3242 3422 etc.

618 3449 700 3536 (v.
735 3451 874 3532 55);
907 3454 970 3511 et
998 3470 1117 3510 non
1149 3452 1326 3510 dixit:
1375 3451 1640 3526 Accipite
1680 3454 1742 3510 et
1784 3452 2103 3511 comedite:
2152 3452 2259 3511 hoc
2303 3457 2397 3512 est
2440 3453 2637 3531 imago
2683 3453 2942 3528 corporis
2973 3452 3093 3510 mei
3126 3502 3139 3513 .
3176 3497 3190 3510 .
3226 3498 3239 3511 .

615 3543 771 3619 Ergo
803 3541 1031 3617 liquido
1065 3541 1536 3600 demonstratum
1580 3542 1690 3610 est,
1736 3540 1898 3616 quod
1929 3559 2228 3617 nusquam
2257 3543 2544 3601 Dominus
2573 3544 2671 3601 vel
2701 3540 2955 3618 apostoli
2991 3542 3100 3599 aut
3128 3560 3237 3616 pa-

614 3634 737 3690 tres
771 3629 1123 3689 sacrificium
1153 3630 1536 3688 incruentum
1578 3648 1685 3704 per
1730 3629 2092 3688 sacerdotem
2123 3630 2388 3690 oblatum
2419 3631 2701 3689 dixerunt
2741 3630 3080 3706 imaginem,
3131 3629 3240 3687 sed

616 3723 816 3796 ipsum
847 3737 1061 3795 corpus
1107 3722 1167 3776 et
1210 3719 1411 3794 ipsum
1456 3717 1822 3794 sanguinem.
1889 3719 1965 3776 Et
2008 3723 2146 3778 ante
2191 3720 2653 3778 consecrationis
2684 3718 2926 3794 quidem
2958 3736 3236 3777 consum-

617 3809 937 3867 mationem
968 3807 1329 3883 quibusdam
1374 3825 1451 3865 ss.
1496 3809 1737 3883 patrum
1782 3807 1877 3882 pie
1921 3807 2120 3866 visum
2164 3810 2258 3867 est
2299 3810 2607 3868 nominare
2652 3807 2928 3883 antitypa
2960 3851 2973 3865 .
3010 3850 3026 3865 .
3058 3852 3070 3864 .
3104 3810 3243 3882 post

619 3898 1120 3957 consecrationem
1148 3915 1289 3955 vero
1321 3914 1535 3972 corpus
1568 3896 1807 3971 proprie
1838 3898 1899 3954 et
1931 3897 2175 3973 sanguis
2195 3897 2412 3956 Christi
2435 3898 2721 3957 dicuntur
2751 3900 2815 3956 et
2845 3899 2992 3956 sunt
3021 3899 3083 3954 et
3113 3913 3235 3954 cre-—

615 3982 945 4059 (1ιιιι1ῑιιι2)ς
982 3990 1093 4046 etc.
1139 3987 1211 4045 In
1241 3986 1495 4045 eundem
1528 4003 1771 4045 sensum
1799 3987 1861 4043 et
1892 3985 1996 4043 alii
2028 3988 2230 4062 patres
2251 3987 2602 4063 loquuntur.
2635 3987 2728 4046 Ita
2757 3984 3237 4045 Anastasius

841 4141 876 4209 ¹)
904 4137 987 4194 cf.
1016 4138 1224 4209 Hugo
1251 4137 1632 4208 lingoniensis
1660 4138 1729 4191 de
1758 4155 1909 4208 corp.
1938 4140 2001 4191 et
2025 4154 2184 4208 sang.
2212 4136 2275 4196 D.
2308 4138 2493 4210 (Mig.
2532 4145 2647 4203 143,
2678 4143 2836 4210 1330)
2864 4140 2923 4192 et
2946 4155 2989 4191 s.
3016 4135 3248 4190 Hilde-

619 4239 658 4289 g
673 4235 706 4271 a
721 4237 750 4271 r
766 4218 801 4271 d
820 4217 840 4271 i
857 4236 899 4283 a,
927 4235 1073 4286 quae
1091 4236 1180 4289 ep.
1193 4225 1260 4275 43
1278 4219 1503 4273 scribit:
1525 4217 1769 4281 „Eadem
1789 4218 1973 4271 virtus
1991 4217 2293 4283 Altissimi,
2310 4235 2457 4287 quae
2480 4219 2540 4273 in
2557 4222 2719 4273 utero
2741 4217 3000 4288 Virginis
3017 4233 3244 4271 carnem

621 4300 856 4368 operata
882 4302 982 4364 est,
1010 4315 1180 4370 super
1206 4299 1382 4352 altare
1409 4299 1482 4352 ad
1510 4301 1682 4353 verba
1709 4297 2025 4352 sacerdotis
2046 4297 2391 4353 oblationem
2419 4300 2586 4369 panis
2611 4302 2669 4353 et
2693 4297 2818 4352 vini
2844 4297 2904 4350 in
2932 4313 3245 4350 sacramen·

623 4382 744 4433 tum
773 4379 958 4431 carnis
987 4382 1045 4433 et
1070 4379 1370 4449 sanguinis
1397 4379 1686 4433 convertit
1711 4379 1926 4433 virtute
1957 4395 2059 4432 sua
2085 4377 2234 4432 illud
2262 4378 2508 4434 fovens.“

841 4462 880 4528 θ)
908 4460 1078 4529 Apud
1107 4459 1302 4513 Hard
1319 4477 1351 4514 o
1369 4458 1498 4514 uin
1527 4461 1674 4525 VIII,
1701 4464 1823 4516 370.
1874 4458 1935 4512 Si
1974 4474 2179 4529 corpus
2206 4457 2418 4513 Christi
2456 4460 2748 4515 confertur
2773 4474 2904 4512 cum
2932 4456 3247 4528 speciebuS,

626 4538 733 4591 hae
762 4540 899 4591 sunt
935 4541 1086 4604 τόπος
1112 4543 1171 4593 et
1212 4541 1460 4611 signum,
1491 4557 1698 4611 corpus
1726 4538 1940 4593 Christi
1965 4541 2238 4600 ἀντίτυπον,
2267 4540 2323 4595 h.
2351 4556 2397 4593 e.
2426 4539 2813 4610 significatum
2840 4541 2900 4592 et
2923 4535 3245 4590 exhibitum

621 4636 723 4689 per
748 4619 980 4688 species.
1033 4619 1386 4688 Quandoque
1413 4624 1605 4673 tamen
1631 4622 1898 4687 ἀντίτυπος
1924 4619 2176 4672 sumitur
2203 4636 2306 4689 pro
2334 4623 2473 4690 typo
2500 4619 2588 4674 vel
2619 4618 2801 4689 signo,
2831 4632 2946 4685 quo
2974 4633 3141 4669 sensu
3167 4616 3243 4668 lo·

625 4699 825 4768 quitur
849 4700 944 4753 hic
972 4700 1016 4753 Ε
1033 4720 1070 4770 p
1088 4701 1108 4752 i
1126 4719 1163 4770 p
1179 4701 1218 4754 h
1235 4717 1269 4753 a
1286 4720 1318 4753 n
1339 4701 1360 4754 i
1382 4719 1419 4753 u
1436 4719 1491 4754 s:
1521 4717 1652 4754 nam
1680 4701 1787 4754 hoc
1814 4716 1980 4753 sensu
2008 4700 2174 4771 panis
2197 4702 2254 4753 et
2272 4700 2471 4753 vinum
2493 4702 2627 4753 ante
2648 4695 3126 4752 consecrationem
3152 4696 3245 4749 vel

623 4781 796 4835 etiam
825 4780 1038 4851 species
1065 4783 1501 4834 sacramentales
1527 4781 1640 4835 dici
1671 4783 1915 4852 possunt
1938 4784 2173 4839 ἀντίτυπα
2200 4781 2451 4850 corporis
2479 4780 2709 4835 Christi.
