3538 5364
1004 271 1199 325 'rhesis
1224 269 1434 326 CXCV.
1461 269 1622 324 Fidei
1647 268 1953 325 necessitas
1977 271 2047 324 ad
2077 271 2335 325 salutem.
2845 279 2968 344 123

337 457 566 533 praxi
597 458 900 516 constanti
930 457 1235 528 Ecclesiae,
1284 474 1435 532 quae
1465 457 1539 515 ad
1570 461 1935 517 sacramenta
1965 457 2245 534 baptismi
2279 461 2342 515 et
2369 458 2788 533 poenitentiae,
2833 456 2966 534 qui·

339 547 460 605 bus
492 552 833 622 peccatores
856 547 1282 621 justificantur,
1330 564 1428 606 eos
1462 547 1654 606 solum
1687 546 2043 607 admittebat
2073 566 2141 606 ex
2174 545 2412 616 adulti-1,
2460 547 2564 622 qui
2610 548 2724 605 rite
2768 552 2970 607 essent

338 636 661 710 dispositi;
696 654 763 694 ex
797 642 1115 707 eventu,
1148 636 1292 711 quia
1322 634 1591 711 alioquin
1623 636 1777 695 ratio
1808 636 1974 694 reddi
2005 636 2238 710 nequit,
2269 655 2452 712 quare
2486 655 2606 695 non
2638 655 2841 695 omnes
2874 655 2968 696 re-

340 743 487 783 vera
517 726 845 797 salvent-nr,
876 743 1014 784 cum
1045 725 1202 784 Deus
1231 729 1431 783 tamen
1463 725 1730 784 omnium
1762 725 1908 784 velit
1938 726 2212 784 salutem.

522 827 596 894 2.
634 831 1092 907 Dispositionem
1125 830 1338 891 debere
1370 849 1499 891 esse
1531 832 2213 908 supernaturalem
2247 830 2286 895 i.
2307 850 2356 890 e.
2378 831 2700 905 profectam
2732 850 2799 889 ex
2833 850 2968 908 gra·

342 921 449 990 tia,
497 921 672 980 docet
717 921 1141 980 concilium
1186 939 1309 980 can.
1347 929 1416 983 3:
1470 921 1571 990 ,Si
1615 921 1754 997 quis
1801 920 2031 987 dixerit.
2080 920 2209 979 sins
2256 920 2675 996 praeveniente
2708 921 2970 995 Spiritus

338 1010 538 1068 sancti
559 1010 946 1086 inspiratione
964 1012 1146 1085 atque
1163 1010 1295 1082 ejus
1324 1010 1639 1086 adjutoriO,
1674 1010 1968 1069 huminem
2004 1010 2256 1079 cre-lere,
2292 1028 2544 1084 sperare,
2579 1010 2829 1087 diligere
2862 1013 2975 1068 aut

343 1099 651 1175 poenitere
682 1118 871 1175 posse,
904 1098 1062 1165 sicut
1091 1102 1341 1175 oportet,
1375 1102 1448 1168 ut
1476 1100 1532 1159 ei
1555 1100 2009 1174 justificationis
2031 1099 2234 1175 -gratia
2263 1098 2620 1169 conferatur,
2653 1099 2720 1158 A.
2744 1099 2875 1168 ἃς*
2908 1102 2972 1157 et

344 1188 658 1266 colligitur
687 1207 753 1247 ex
786 1207 952 1265 prop.
990 1198 1090 1250 57.
1119 1207 1190 1246 ex
1216 1198 1302 1250 65
1352 1188 1427 1246 ab
1471 1189 1941 1248 Innocentio
1973 1189 2068 1247 XI.
2115 1188 2440 1247 damnatis:
2491 1188 2844 1256 ,Probabile
2876 1192 2974 1247 est

342 1277 619 1336 sufficere
653 1278 1021 1336 attritionem
1052 1277 1386 1336 naturalem
1431 1276 1604 1336 modo
1649 1277 1998 1336 honestam‘
2050 1272 2148 1359 (ad
2197 1282 2627 1336 sacramentum
2661 1277 2967 1351 poeniten-

340 1363 511 1446 tiae).
578 1367 946 1425 Assertionis
977 1367 1196 1425 veritas
1227 1369 1393 1442 patet
1428 1370 1559 1425 tum
1607 1385 1673 1425 ex
1721 1367 1897 1426 dictis
1944 1367 2015 1425 de
2059 1366 2282 1443 gratiae
2315 1366 2664 1424 necessitate
2694 1365 2765 1424 ad
2799 1371 2972 1426 antus

342 1456 664 1525 salutares,
694 1474 829 1514 cum
863 1455 1124 1530 profecto
1154 1454 1446 1531 ejusmodi
1476 1455 1790 1530 dispositio
1822 1455 1904 1513 sit
1935 1454 2249 1525 salutaris3
2289 1460 2417 1513 tum
2453 1474 2523 1513 ex
2554 1474 2622 1513 eo
2654 1456 2810 1531 quod
2846 1456 2968 1514 dis-

342 1544 572 1620 positio
603 1544 901 1603 ordinarie
932 1544 1229 1620 loquendo
1252 1545 1698 1620 proportionata
1728 1564 1853 1604 esse
1885 1545 2061 1603 debet
2091 1544 2328 1611 formae,
2360 1545 2432 1603 ad
2468 1563 2647 1620 quam
2681 1544 2970 1619 disponit.

345 1634 539 1710 Atqui
570 1636 764 1710 gratia
787 1633 1233 1709 justificationis
1266 1634 1518 1692 maxime
1548 1639 1642 1692 est
1673 1634 2174 1711 supernaturalis;
2219 1652 2362 1709 ergo
2395 1640 2456 1692 et
2487 1633 2797 1708 dispositio
2828 1633 2969 1692 talis

331 1723 431 1782 sit
456 1727 717 1799 oportet.
780 1723 858 1785 cf.
892 1723 1210 1782 Thomas
1252 1733 1301 1785 1.
1337 1732 1371 1785 2
1407 1742 1462 1798 q.
1506 1733 1622 1787 109
1658 1743 1707 1781 a.
1744 1734 1804 1786 6.

530 1828 594 1894 3.
629 1829 875 1904 Requiri
908 1829 1375 1905 cooperationem
1409 1829 1663 1890 hominis
1695 1830 2055 1902 liberam,
2103 1830 2274 1891 docet
2318 1830 2738 1889 concilium
2772 1848 2894 1904 cap.
2931 1839 2966 1893 5

346 1934 396 1976 s.
425 1921 490 1977 et
517 1937 647 1978 can.
682 1929 719 1981 4
755 1925 816 1977 et
844 1923 1011 1995 patet
1041 1922 1172 1976 tum
1203 1937 1271 1977 ex
1303 1918 1480 1977 dictis
1511 1939 1568 1978 n.
1611 1930 1722 1983 101
1768 1938 1865 1985 ss„
1909 1925 2039 1978 tum
2072 1940 2138 1979 ex
2172 1939 2257 1990 ec,
2293 1918 2453 1994 qnod
2484 1920 2625 1977 haec
2657 1918 2972 1994 dispositio

346 2007 414 2067 in
443 2007 674 2066 divinis
706 2008 898 2067 literis
930 2012 1023 2067 est
1054 2008 1352 2084 objectum
1384 2009 1698 2085 praecepti,
1746 2009 1960 2078 laudis,
2006 2009 2201 2068 meriti
2237 2003 2560 2091 (congrui).
2609 2008 2967 2067 exhortatio-

345 2096 461 2168 nis,
512 2116 669 2173 quae
716 2097 1057 2156 libertatem
1103 2100 1483 2172 supponunt;
1528 2100 1657 2157 tum
1705 2117 1774 2156 ex
1820 2098 2000 2156 variis
2048 2098 2349 2157 doctrinae
2380 2096 2678 2174 capitibus
2712 2102 2968 2173 patrum,

348 2187 683 2245 secundum
728 2205 879 2260 quos
923 2187 1031 2245 hoc
1073 2190 1165 2244 est
1207 2185 1522 2246 discrimen
1567 2187 1726 2246 inter
1764 2194 2067 2247 creaturas
2099 2186 2420 2246 rationales
2465 2191 2526 2244 et
2571 2186 2969 2255 irrationales,

344 2275 509 2350 quod
546 2277 655 2334 hae
687 2274 813 2334 sine
844 2276 1033 2334 libera
1064 2275 1473 2350 cooperatione
1519 2276 1584 2334 in
1628 2294 1767 2336 suos
1815 2284 2244 2352 promoventur
2275 2275 2422 2334 fines
2468 2295 2503 2333 a
2540 2275 2741 2334 divina
2773 2274 2967 2351 provi-

349 2363 585 2436 dentia;
620 2365 759 2423 illae
781 2384 935 2434 vern,
971 2365 1021 2423 si
1044 2366 1171 2440 jam
1191 2364 1441 2423 rationis
1461 2366 1748 2425 fruuntur
1766 2384 1900 2433 usu,
1934 2364 2335 2440 dependenter
2366 2385 2401 2422 a
2431 2383 2539 2423 sua
2558 2364 2970 2440 cooperatione

350 2449 434 2533 (n.
467 2447 547 2535 1).
600 2453 769 2512 Unde
800 2454 1067 2513 inserunt
1097 2452 1385 2512 rationem
1418 2453 1816 2513 damnationis
1848 2472 1913 2512 ex
1949 2454 2182 2513 defectu
2215 2452 2659 2527 cooperationis,
2696 2472 2870 2528 quem
2906 2453 2972 2511 in

346 2558 593 2601 sensum
629 2548 892 2602 utuntur
922 2544 1067 2602 Osee
1106 2551 1202 2611 13,
1240 2552 1309 2604 9:
1344 2543 1598 2602 Perditio
1631 2551 1755 2618 tua,
1789 2543 2011 2602 Israel:
2043 2545 2434 2601 tantummodo
2465 2544 2528 2600 in
2561 2561 2649 2600 me
2678 2544 2971 2600 auxilium

346 2638 530 2691 mvn.
595 2632 771 2691 Ratio
815 2651 951 2693 vero
998 2636 1107 2703 est,
1153 2632 1312 2707 quod
1349 2632 1773 2710 justificatione
1817 2633 1990 2696 homo
2037 2633 2430 2692 constituitur
2473 2651 2539 2690 ex
2588 2630 2828 2696 inimico
2863 2632 2969 2691 Dei

346 2722 603 2780 amicus:
656 2722 1055 2782 reconciliatio
1101 2741 1239 2783 vero
1285 2726 1346 2781 et
1390 2723 1650 2781 amicitia
1679 2724 1838 2782 inter
1867 2741 1988 2797 eos,
2038 2722 2146 2797 qui
2191 2723 2420 2780 ratione
2456 2723 2729 2790 utuntur,
2783 2721 2969 2779 libere

345 2811 726 2870 contrahitur
745 2830 1051 2872 consensu.
1086 2810 1169 2870 Cf.
1189 2832 1233 2872 s.
1256 2811 1650 2884 Thomas).
1676 2821 1709 2873 2
1733 2832 1789 2888 q.
1824 2821 1940 2874 113
1964 2831 2014 2870 a.
2039 2821 2109 2882 33
2143 2810 2469 2887 Ripalda
2500 2810 2651 2887 disp.
2672 2811 2783 2868 ult.
2803 2829 2848 2872 s.
2874 2820 2978 2877 31.

525 2913 592 2983 4.
624 2918 785 2977 Haec
815 2918 1124 2995 dispositio
1156 2920 1186 2977 f
1193 2919 1387 2978 idem
1419 2918 1733 2995 complecti
1764 2917 1959 2989 debet,
1994 2919 2067 2977 de
2098 2937 2217 2994 qua
2249 2917 2358 2977 sit:

533 3041 679 3107 138.
711 3039 967 3106 'rhesis
1007 3037 1268 3109 CXCV.
1343 3060 1729 3127 Disposmo
1790 3061 1886 3114 ad
1946 3058 2507 3123 imtiflcatlonem
2568 3058 2973 3113 necessaria

345 3150 714 3216 complecti
750 3151 829 3203 in
864 3153 1052 3217 prim
1064 3154 1123 3205 ts
1148 3154 1341 3208 debet
1361 3152 1597 3218 fldem,
1636 3164 1781 3220 qua
1806 3152 2066 3205 cretum
2079 3164 2160 3203 us
2198 3163 2369 3203 vera
2388 3164 2554 3215 esse,
2592 3164 2774 3216 quae
2794 3150 2973 3204 divt-

340 3244 546 3296 outus
582 3241 899 3297 revelata
936 3246 1000 3295 et
1033 3245 1390 3309 promissa
1424 3246 1610 3306 sunt,
1636 3256 1782 3295 non
1804 3255 1968 3295 vern
1993 3257 2175 3308 eam,
2218 3254 2360 3306 mm
2394 3242 2684 3308 quisque
2710 3240 2978 3304 tle-mis-

337 3334 524 3390 um
549 3336 618 3387 et
641 3334 795 3385 sine
818 3331 1278 3385 mactatione
1302 3333 1852 3398 creatam-optor
1871 3332 2227 3388 Christum
2275 3333 2409 3386 sibi
2441 3343 2585 3384 non
2623 3329 2975 3394 imputari

341 3426 638 3488 peccata
671 3434 830 3478 sua.
865 3423 989 3477 sed
1024 3436 1172 3477 esse
1208 3423 1530 3476 remissa.

530 3525 977 3594 Declaratlm
1040 3531 1249 3590 'rhesis
1296 3534 1387 3590 est
1432 3530 1505 3590 de
1550 3529 1683 3597 fide,
1730 3534 1804 3588 ut
1846 3533 2013 3605 patet
2058 3548 2125 3588 ex
2172 3529 2406 3588 concilii
2440 3546 2575 3587 sess.
2613 3537 2648 3590 6
2683 3545 2806 3602 cap.
2848 3537 2881 3586 6
2918 3530 2983 3584 et

343 3619 545 3696 quoad
576 3620 826 3677 alteram
856 3638 913 3695 p.
944 3638 1012 3678 ex
1045 3639 1170 3679 can.
1210 3629 1319 3682 12:
1387 3620 1489 3689 ,Si
1521 3620 1658 3696 quis
1691 3618 1927 3685 dixerit,
1962 3619 2133 3677 fidem
2159 3618 2595 3694 justificantem
2627 3616 2777 3674 nihil
2812 3615 2981 3674 aliud

346 3727 498 3779 esse,
535 3727 717 3782 quam
750 3707 1024 3767 fiduciam
1069 3709 1303 3767 divinae
1349 3707 1787 3767 misericordiae
1836 3711 2077 3781 peccata
2123 3707 2486 3766 remittentis
2536 3714 2780 3781 propter
2812 3705 2979 3764 chri·
3081 3718 3090 3726 ·

346 3800 531 3865 stum,
563 3800 663 3856 vel
695 3816 824 3855 eam
859 3797 1132 3857 fiduciam
1166 3799 1349 3857 solam
1382 3816 1528 3868 esse,
1576 3816 1696 3873 qua
1718 3796 2138 3872 justificamur,
2172 3797 2240 3854 A.
2276 3795 2374 3854 S.‹
2444 3795 2744 3855 Statuitur
2775 3799 2982 3851 contra

347 3890 775 3963 protestantes,
808 3904 1061 3961 quorum
1093 3888 1295 3962 plures
1326 3887 1619 3962 triplicem
1654 3886 2045 3961 distinguunt
2090 3886 2293 3944 fidem:
2344 3884 2517 3943 fidem
2566 3883 2976 3941 miraculo·

348 3995 533 4045 rum,
566 3995 689 4051 qua
720 3978 1035 4050 patrantur
1050 3976 1335 4035 miracula
1354 3975 1560 4035 Matth.
1593 3986 1686 4044 17,
1721 3985 1830 4044 19;
1866 3974 2038 4033 fidem
2072 3974 2553 4043 historicam,
2589 3992 2707 4048 qua
2726 3972 2978 4030 credun·

349 4070 454 4123 tur
484 4064 768 4142 dogmata
796 4068 860 4124 et
889 4065 1044 4123 sacta
1071 4066 1365 4135 revelata;
1412 4069 1474 4123 et
1518 4064 1694 4123 fidem
1739 4063 2361 4139 promissionum,
2409 4082 2590 4138 quam
2640 4062 2855 4119 iterum
2891 4061 2977 4117 di-

349 4154 682 4231 stinguunt
712 4153 776 4211 in
822 4154 1264 4231 generalem
1310 4159 1373 4213 et
1416 4152 1854 4230 specialem,
1906 4171 2025 4227 qua
2075 4154 2345 4229 peccator
2374 4152 2565 4211 credit
2596 4169 2702 4209 seu
2734 4149 2985 4208 confidit

350 4243 464 4301 sibi
497 4260 624 4302 non
658 4243 937 4317 imputari
969 4251 1207 4318 peccata
1238 4245 1483 4318 propter
1517 4242 1836 4302 Christum.
1872 4242 2036 4300 Hunc
2069 4245 2349 4301 statuunt
2395 4260 2522 4300 esse
2555 4240 2727 4298 fldem
2755 4239 2978 4314 justifi-

354 4334 613 4395 cantem.
648 4331 823 4407 eique
854 4332 1202 4391 adscribunt
1230 4332 1525 4407 triplicem
1559 4334 1776 4398 actum,
1823 4330 2168 4389 fiduciae
2215 4330 2357 4400 scil,
2405 4329 2702 4405 refugii
2763 4331 2827 4386 et
2871 4347 2979 4386 re-

353 4420 771 4496 ceptionis,
818 4440 937 4497 quo
967 4422 1325 4498 receptionis
1356 4427 1492 4480 actu
1523 4421 1695 4480 homo
1728 4420 1944 4479 Christi
1988 4419 2241 4496 gratiam
2292 4419 2699 4495 apprehendit,
2747 4416 2983 4478 Christo

351 4510 637 4569 adhaeret
666 4510 842 4584 eique
875 4528 937 4569 se
968 4511 1119 4575 unit,
1152 4510 1354 4568 Fidem
1388 4514 1586 4570 autem
1619 4509 1954 4586 generatim
1986 4509 2056 4566 ad
2082 4509 2571 4584 justificationem
2604 4526 2733 4566 esse
2780 4524 2980 4566 neces-

352 4600 589 4669 sariam,
623 4601 719 4657 est
747 4598 991 4658 evidens
1021 4618 1089 4658 ex
1121 4599 1338 4658 divinis
1370 4599 1577 4664 literis,
1611 4618 1763 4674 quae
1796 4599 2026 4668 docent,
2061 4599 2408 4656 accedentem
2436 4600 2517 4657 ad
2540 4599 2721 4657 Deum
2752 4597 2984 4654 credere

353 4696 618 4764 oportere
647 4688 826 4747 Hebr.
869 4700 963 4758 ll,
1001 4699 1071 4757 63
1121 4707 1240 4747 non
1272 4689 1609 4747 credentem
1640 4688 2026 4746 condemnari
2060 4687 2232 4745 Marc.
2278 4698 2370 4750 16.
2411 4698 2523 4758 163
2556 4687 2728 4745 Joan.
2764 4695 2818 4757 3,
2860 4696 2935 4749 18
2979 4705 2993 4750 3

356 4778 473 4838 im0
504 4778 855 4853 impossibile
886 4796 1002 4836 esse
1032 4781 1156 4836 sine
1184 4779 1295 4852 fide
1327 4778 1447 4836 Deo
1471 4778 1703 4852 placere
1734 4777 1912 4835 Hebr.
1957 4787 2049 4847 ll,
2089 4786 2145 4838 6.
