3538 5364
1306 278 1688 331 characterem
1717 277 2074 347 imprimunt.
2862 285 2995 349 {235

367 464 593 522 carebit
626 508 639 521 .
673 508 685 520 .
721 507 734 519 .
788 464 944 521 sicut
986 462 1251 521 desertor
1295 461 1541 520 militiae
1588 466 1749 521 caret
1793 461 2060 537 legitima
2107 461 2404 530 societate,
2454 481 2570 520 non
2622 467 2780 521 caret
2825 464 2992 540 regio

365 554 761 611 charactere.‘
819 586 892 595 —
944 552 1293 627 Cyrillus
1340 552 1550 613 hieros
1602 551 1666 608 in
1709 552 1835 610 suis
1882 551 2285 610 catechesibus
2331 552 2542 611 saltem
2583 553 2985 627 quaterdecies

365 642 431 699 si
449 641 641 719 gilli
674 641 737 700 in
771 641 1066 715 baptismo
1101 644 1162 698 et
1194 640 1637 699 confirmatione
1657 641 1933 716 impressi
1954 641 2318 700 mentionem
2339 640 2494 710 facit,
2527 659 2593 698 ac
2625 641 2744 699 fere
2765 632 2991 718 ubique

362 732 478 790 hoc
507 732 781 808 sigillum
815 731 957 789 satis
986 730 1139 789 clare
1171 749 1206 787 a
1235 730 1360 788 ritu
1392 729 1715 805 distinguit
1746 734 2003 791 externo,
2052 730 2121 788 In
2155 729 2480 805 procatech.
2514 748 2569 790 n.
2601 740 2674 793 16
2710 730 2863 789 illud
2898 750 2988 789 re-

363 824 572 879 censet
590 821 751 879 inter
768 820 1054 894 baptismi
1072 819 1347 887 effectus;
1380 837 1437 876 n.
1468 830 1539 881 17
1566 818 1760 894 ipsum
1794 819 1939 879 dicit
1959 819 2275 878 indelebile
2308 819 2371 875 in
2403 819 2627 887 secula;
2662 819 2878 878 catech.
2912 831 2987 881 17

365 930 426 969 n.
477 920 557 974 ‘26
606 909 780 973 docet
823 908 976 967 illud
1019 908 1312 983 impertiri
1358 910 1617 978 animae;
1670 914 1779 970 cat.
1834 918 1867 970 3
1916 927 1973 966 n.
2023 918 2059 970 4
2108 907 2354 969 statuit:
2411 907 2550 976 „Uti
2586 926 2799 983 corpus
2835 928 2989 985 aqua

366 999 637 1071 mundat,
672 1000 759 1058 ita
788 1000 1043 1057 animam
1075 997 1356 1073 obsignat
1386 998 1705 1073 Spiritus.‘

549 1138 613 1187 c.
651 1118 901 1183 Docent
929 1117 1117 1199 hujus
1149 1118 1538 1181 characteris
1572 1136 1714 1181 esse
1747 1118 2035 1198 signatos
2069 1136 2405 1182 secernere
2453 1136 2492 1180 a
2544 1137 2671 1182 non
2707 1119 2991 1203 signatis,

368 1232 442 1289 ut
474 1231 909 1306 agnoscantur
939 1225 1022 1290 ab
1057 1225 1316 1306 angelis,
1350 1226 1696 1289 timeantur
1730 1243 1769 1288 a
1803 1225 2244 1290 daemonibus

551 1356 665 1425 ,In
707 1356 849 1423 acie,
894 1356 1095 1432 inquit
1130 1374 1175 1414 S.
1206 1356 1557 1414 Basilius
1591 1355 1743 1414 hom.
1788 1364 1859 1417 13
1897 1355 1969 1413 de
2000 1354 2161 1429 bapt.
2195 1374 2252 1412 n.
2288 1364 2325 1417 4
2362 1352 2459 1435 (cf.
2493 1359 2553 1413 et
2582 1375 2639 1418 n,
2678 1352 2762 1435 2),
2811 1356 2992 1415 duces

366 1452 654 1504 tesseram
674 1445 956 1504 tribuunt
974 1445 1087 1503 sub
1121 1464 1183 1503 se
1219 1444 1635 1513 militantibuS,
1669 1448 1738 1502 ut
1772 1448 1832 1501 et
1864 1444 2038 1503 amici
2074 1444 2241 1502 facile
2273 1464 2335 1502 se
2370 1444 2620 1502 invicem
2655 1445 2991 1521 inclament,

364 1537 429 1593 et
462 1534 513 1592 si
547 1534 611 1592 in
644 1534 922 1592 conflictu
953 1534 1181 1592 fuerint
1212 1552 1345 1591 cum
1382 1533 1654 1592 hostibus
1688 1534 1991 1591 commixti
2025 1535 2247 1607 queant
2278 1533 2427 1591 citra
2459 1533 2863 1592 confusionem
2898 1524 2989 1591 se-

355 1623 556 1699 jungi.
612 1624 911 1699 Agnoscet
940 1627 1001 1682 te
1034 1641 1222 1693 nem0,
1276 1626 1551 1681 nosterne
1600 1623 1678 1681 sis
1711 1642 1785 1681 an
1818 1623 2095 1692 hostium,
2127 1622 2245 1681 nisi
2275 1621 2544 1697 mysticis
2576 1623 2763 1699 signis
2796 1622 2988 1681 affini-

364 1715 554 1770 tatem
585 1712 935 1781 ostenderis,
981 1713 1100 1770 nisi
1133 1712 1437 1789 signatum
1470 1712 1552 1770 sit
1585 1730 1764 1786 super
1796 1714 1855 1770 te
1889 1712 2088 1770 lumen
2124 1713 2331 1770 vultus
2365 1711 2619 1770 Domini.
2684 1712 2992 1781 Quomodo

366 1803 619 1878 angelus
639 1800 972 1860 vindicabit
999 1804 1059 1858 te
1074 1805 1102 1858 ’ἓ
1135 1802 1428 1877 quomodo
1447 1801 1664 1878 eripiat
1683 1820 1751 1859 ex
1776 1801 2066 1870 hostibus,
2100 1801 2217 1859 nisi
2240 1801 2548 1877 agnoverit
2568 1801 2942 1877 signaculum
2961 1804 2990 1858 ¹?

367 1890 677 1959 Quomodo
708 1890 981 1949 dicturus
1024 1909 1086 1948 es
1133 1895 1232 1949 tu:
1289 1891 1395 1948 Dei
1442 1910 1592 1959 sum,
1643 1891 1694 1948 si
1740 1895 1912 1949 notas
1959 1894 2021 1949 et
2064 1891 2327 1967 insignia
2358 1908 2474 1949 non
2507 1889 2829 1949 exhibeas?
2896 1893 2988 1948 An

365 1980 609 2057 ignoras
642 1979 1160 2038 exterminatorem
1180 1980 1387 2039 domus
1408 1981 1675 2056 signatas
1696 1980 2090 2054 praeteriisse,
2125 1981 2187 2037 in
2222 1979 2315 2037 his
2348 1999 2502 2049 vero,
2539 1999 2691 2055 quae
2708 1979 2991 2060 signatae

366 2087 488 2127 non
521 2073 709 2141 erant,
749 2069 1145 2144 primogenita
1176 2068 1459 2128 occidisse
1493 2065 1621 2151 (Ex.
1665 2078 1761 2138 12,
1807 2078 1881 2132 12
1918 2066 2072 2149 ss.)?
2117 2070 2450 2127 Thesaurus
2481 2088 2600 2126 non
2633 2068 2987 2145 obsignatus

367 2158 550 2234 diripi
589 2178 625 2215 a
666 2158 902 2215 furibus
933 2157 1102 2216 facile
1136 2160 1366 2232 potest:
1416 2160 1512 2218 ovi
1560 2158 1732 2234 signo
1780 2160 2000 2216 carenti
2034 2161 2167 2216 tuto
2202 2162 2524 2216 struuntur
2556 2158 2864 2216 insidiae.‘
2906 2193 2983 2201 —

367 2247 720 2323 cyrillus
754 2248 864 2304 cat.
907 2258 976 2309 17
1013 2267 1069 2309 n.
1107 2256 1184 2309 36
1222 2250 1283 2305 et
1314 2250 1487 2310 cat.’l
1530 2268 1587 2306 n.
1625 2256 1692 2309 3:
1730 2248 1909 2316 ,Non
1941 2246 2043 2304 dat
2077 2242 2287 2329 (Deus)
2320 2250 2517 2305 sancta
2551 2247 2813 2305 canibus.
2874 2248 2984 2305 Sed

365 2337 473 2394 ubi
520 2336 770 2411 probam
813 2337 1232 2395 conscientiam
1277 2336 1455 2406 videt,
1502 2336 1631 2396 illic
1676 2337 1936 2395 salutare
1969 2342 2030 2393 et
2059 2335 2407 2394 admirabile
2440 2336 2707 2413 sigillum
2739 2337 2984 2407 confert,

366 2426 528 2501 quod
559 2425 1021 2484 contremiscunt
1051 2425 1363 2484 daemones
1394 2431 1455 2485 et
1486 2428 1820 2503 agnoscunt
1850 2426 2076 2501 angeli;
2112 2426 2196 2484 ita
2226 2428 2296 2483 ut
2327 2425 2417 2483 illi
2450 2425 2987 2502 quidem,fugitent

365 2515 579 2584 abacti,
616 2514 678 2572 hi
706 2532 846 2572 vero
877 2518 949 2573 ut
978 2518 1296 2591 cognatum
1331 2520 1392 2573 et
1424 2515 1714 2573 familiare
1746 2515 2328 2590 circumplectuntur.
2396 2514 2502 2572 His
2534 2533 2693 2590 ergO,
2727 2516 2830 2590 qui
2865 2516 2985 2591 spi·

366 2603 588 2662 rituale
633 2602 784 2661 illud
829 2622 896 2661 ac
932 2605 1192 2662 salutare
1225 2604 1494 2681 sigillum
1527 2604 1885 2680 suscipiunt,
1935 2623 2085 2679 opus
2132 2608 2239 2671 est,
2289 2607 2358 2662 ut
2403 2603 2711 2680 proprium
2745 2623 2985 2678 quoque

365 2694 639 2752 studium
669 2693 1044 2752 adhibeant*
1112 2694 1407 2769 Loquitur
1440 2700 1639 2753 autem
1683 2694 1777 2752 hic
1823 2694 1896 2752 de
1942 2695 2273 2753 charactere
2305 2694 2479 2769 plene
2513 2695 2791 2769 spectato,
2838 2714 2981 2769 qua-

363 2788 545 2840 tenus
591 2782 845 2859 gratiam
889 2783 1169 2841 adnexam
1215 2783 1393 2842 habet
1426 2778 1508 2864 (n.
1546 2778 1754 2865 277⁶).
1788 2819 1874 2826 -—
1922 2784 2343 2861 Gregorius
2396 2802 2517 2844 naz.
2568 2802 2650 2846 or.
2702 2792 2781 2844 40
2835 2803 2891 2841 n.
2944 2793 2983 2844 4

364 2872 530 2929 varia
547 2871 834 2947 baptismi
854 2873 1094 2931 nomina
1112 2891 1419 2931 recensens
1451 2876 1712 2931 testatur
1741 2874 1916 2931 illum
1949 2872 2065 2931 dici
2096 2872 2274 2931 etiam
2311 2872 2637 2949 „sigillum
2673 2872 2813 2946 quia
2846 2891 2985 2931 con-

363 2961 625 3019 servatio
669 2965 763 3019 est
807 2978 872 3018 ac
916 2960 1342 3021 dominationis
1375 2962 1724 3037 obsignatio,
1790 2963 1945 3020 Huic
1985 2963 2370 3038 gratulantur
2399 2962 2564 3031 coeli,
2599 2963 2755 3020 hunc
2787 2961 2982 3038 angeli

364 3053 610 3125 propter
625 3048 956 3126 splendoris
972 3051 1384 3128 cognationem
1401 3051 1721 3118 celebrant;
1741 3052 1836 3109 hic
1851 3051 2241 3110 beatitudinis
2254 3051 2421 3109 illius
2432 3051 2749 3129 imaginem
2768 3052 2937 3128 gerit.
2956 3059 2983 3088 *¹

543 3172 616 3238 d.
649 3168 875 3235 Patres
906 3172 1346 3258 characterem
1379 3172 1618 3252 passim
1667 3191 1813 3235 cum
1868 3179 2112 3236 tessera
2146 3172 2227 3236 ab
2262 3172 2650 3253 imperatore
2682 3171 2985 3234 militibus

360 3277 666 3357 imposita
696 3276 799 3342 vel
829 3295 978 3340 cum
1008 3278 1189 3358 signo
1222 3278 1449 3342 ovibus
1482 3296 1523 3342 a
1552 3286 1815 3359 pastore
1849 3279 2161 3359 impresso
2196 3277 2556 3344 conferunt.

543 3405 705 3465 Haec
734 3408 1091 3483 comparatio
1125 3408 1401 3483 frequens
1433 3411 1523 3466 est
1553 3407 1709 3482 apud
1743 3427 1786 3466 a.
1822 3411 1869 3466 A
1889 3409 2365 3485 ugustinum.
2414 3408 2508 3466 Ita
2526 3412 2728 3466 contra
2748 3409 2982 3466 Cresco-

361 3496 531 3554 nium
565 3495 777 3554 scribit
805 3496 852 3564 1,
889 3505 967 3560 30
1000 3516 1060 3557 n.
1093 3507 1205 3560 35:
1242 3497 1492 3573 ,Neque
1524 3503 1850 3573 propterea,
1883 3497 2101 3573 inquit,
2137 3497 2458 3556 mutandus
2491 3501 2585 3555 est
2615 3497 2815 3573 regius
2847 3499 2980 3556 cha-

362 3591 558 3643 racter
588 3585 654 3642 in
685 3585 939 3654 homine,
974 3587 1026 3644 si
1055 3586 1270 3644 erroris
1304 3587 1399 3645 sui
1430 3585 1666 3644 veniam
1696 3589 1758 3645 et
1788 3586 2088 3645 militandi
2108 3586 2374 3645 ordinem
2407 3606 2441 3645 a
2467 3605 2605 3662 rege
2628 3587 2982 3661 impetravit,

362 3674 506 3748 quia
535 3674 793 3732 eundem
823 3675 1233 3747 characterem,
1268 3694 1386 3749 quo
1418 3675 1532 3733 sibi
1567 3676 1860 3734 satellites
1883 3682 2289 3752 congregaret,
2324 3675 2590 3733 desertor
2622 3675 2843 3732 infixit:
2879 3680 2983 3732 aut

359 3766 672 3838 propterea
707 3763 878 3838 signa
909 3764 1194 3822 mutanda
1225 3768 1367 3828 sunt
1397 3763 1624 3832 ovibus,
1659 3783 1796 3823 cum
1827 3764 2123 3823 dominico
2159 3765 2327 3841 gregi
2361 3764 2679 3832 sociantur,
2724 3764 2865 3837 quia
2896 3763 2982 3830 eis

361 3852 729 3911 dominicum
761 3853 998 3929 signum
1032 3854 1326 3930 fugitivus
1347 3871 1554 3912 servus
1575 3853 1941 3929 impressit.‘
1989 3853 2155 3923 Quod
2188 3854 2274 3912 ita
2304 3853 2639 3913 confirmat:
2676 3851 2983 3920 ,Circum÷

361 3940 650 4000 cisionem
682 3945 840 4000 certe
871 3943 1170 4018 praeputii
1215 3943 1277 4000 in
1323 3942 1515 4019 figura
1552 3942 1741 4001 futuri
1776 3943 2056 4019 baptismi
2089 3943 2306 4001 Christi
2352 3942 2425 4001 ab
2471 3941 2734 4017 antiquis
2781 3941 2980 3999 obser·

361 4033 560 4089 vatam
593 4047 724 4089 esse
755 4049 987 4106 negare,
1037 4036 1109 4091 ut
1136 4031 1409 4101 arbitror,
1444 4050 1565 4089 non
1596 4031 1849 4093 audetis.
1916 4033 2226 4108 Numquid
2259 4032 2416 4108 apud
2450 4031 2835 4090 samaritanos
2867 4030 2981 4089 cir-

360 4120 676 4190 cumcisuS,
722 4119 773 4177 si
807 4120 927 4178 fieri
962 4126 1092 4179 tum
1124 4120 1304 4179 vellet
1326 4121 1602 4196 judaeus,
1636 4125 1843 4197 posset
1872 4121 2089 4181 iterum
2125 4120 2507 4179 circumcidi?
2574 4120 2784 4179 Nonne
2817 4120 2986 4177 illius

359 4207 619 4267 hominis
649 4227 814 4286 error
857 4209 1266 4285 corrigeretur,
1312 4211 1687 4288 signaculum
1719 4214 1917 4270 autem
1953 4212 2087 4269 fidei
2120 4211 2389 4288 agnitum
2427 4209 2860 4284 probaretur?‘
2897 4242 2983 4251 ——

361 4295 453 4354 Ad
482 4315 611 4355 rem
643 4314 882 4372 quoque
915 4298 1509 4374 chrysostomus
1541 4300 1695 4360 hom.
1720 4309 1801 4362 30
1837 4302 1899 4358 in
1922 4300 2093 4358 Gen:
2130 4300 2340 4368 ,Sicut
2361 4300 2494 4358 illos
2515 4298 2983 4357 circumcisionis

360 4385 604 4461 signum
636 4386 845 4445 divisit
875 4407 909 4446 a
938 4387 1192 4463 reliquis
1223 4389 1505 4465 gentibus
1537 4392 1599 4446 et
1643 4388 1906 4448 ostendit
1951 4388 2190 4447 illorum
2223 4387 2296 4446 ad
2330 4388 2647 4448 Dominum
2679 4386 2982 4446 familiari-

356 4477 574 4533 tatem:
607 4474 812 4534 eodem
834 4475 1007 4535 modo
1036 4477 1102 4535 in
1134 4477 1306 4536 nobis
1326 4478 1710 4550 circumcisio,
1745 4497 1900 4554 quae
1922 4497 2027 4552 per
2046 4477 2408 4551 baptismum
2441 4477 2524 4545 fit,
2560 4477 2980 4535 accuratiorem

356 4564 424 4622 in
468 4563 643 4623 nobis
689 4565 1132 4625 distinctionem
1167 4568 1481 4626 constituit
1513 4570 1573 4625 et
1618 4567 2053 4643 separationem
2086 4566 2352 4624 fidelium
2397 4585 2431 4623 a
2475 4584 2595 4624 non
2642 4564 2979 4623 fidelibus.“

357 4652 730 4722 Quibuscum
761 4653 831 4713 cf.
863 4655 1017 4717 hom.
1054 4663 1089 4717 3
1125 4655 1188 4714 in
1224 4664 1279 4719 2.
1314 4656 1438 4716 Cor.
1471 4675 1528 4715 n.
1567 4666 1637 4718 7:
1683 4656 1836 4715 hom.
1875 4665 1907 4718 2
1956 4655 2019 4714 in
2065 4675 2154 4731 ep.
2200 4654 2273 4713 ad
2306 4655 2450 4729 Eph.
2494 4667 2544 4723 l,
2590 4663 2683 4722 12,
2726 4654 2833 4712 ubi
2866 4655 2980 4711 ait:

359 4741 751 4809 ,Charactere
781 4762 888 4802 nos
919 4744 1234 4826 insignivit
1264 4746 1421 4805 Deus
1455 4795 1469 4807 .
1503 4794 1515 4807 .
1550 4795 1562 4807 .
1597 4745 1818 4822 signati
1849 4745 2031 4803 etiam
2063 4746 2205 4803 sunt
2236 4743 2544 4812 israelitae,
2593 4742 2697 4801 sed
2729 4744 2981 4801 circum-
