3538 5364
1382 392 1463 446 De
1490 393 1714 462 objecto
1744 393 1951 446 meriti.
2841 400 2967 467 201

528 579 657 639 Hoc
699 583 941 655 patrum
986 579 1263 656 suffragio
1295 578 1625 638 confirmari
1657 582 1881 655 potest3
1927 597 2066 637 nam
2113 581 2310 654 patres
2356 579 2513 637 haud
2559 594 2789 637 morose
2833 578 2969 637 fidei

345 667 605 745 aliisque
655 668 1148 744 dispositionibus
1209 687 1276 727 ex
1339 669 1533 745 gratia
1580 667 1864 743 profectis
1914 686 2041 726 cam
2092 668 2289 726 meriti
2337 668 2620 726 tribuunt
2664 669 2972 737 rationem,

347 777 531 834 quam
552 763 805 817 naturae
824 757 1080 829 conatui,
1113 757 1441 827 desideriiS,
1475 756 1855 833 dispositioni
1875 756 2317 831 adscripserunt
2348 775 2375 815 s
2392 776 2422 815 e
2441 757 2638 830 mipe
2658 758 2672 814 l
2690 776 2726 815 a
2741 757 2970 834 giani,

349 848 460 923 qui
493 866 616 906 non
647 847 822 905 aliam
853 846 1051 905 meriti
1084 845 1470 905 vindicabant
1499 846 1809 916 rationem,
1844 865 2021 920 quam
2053 865 2204 921 quae
2235 849 2392 904 esset
2423 847 2494 904 de
2525 864 2804 922 congruo,
2863 847 2975 906 Eos

347 955 477 995 non
505 955 681 1013 posse
712 936 784 994 de
814 936 1107 1013 condigno
1138 954 1363 994 merere
1385 936 1834 1011 justificat-ionis
1880 935 2154 1012 gratiam,
2203 938 2369 1011 patet
2414 954 2483 993 ex
2528 934 2705 993 dictis
2751 935 2824 994 de
2868 954 2972 995 ne-

349 1027 628 1084 cessitate
675 1030 869 1084 status
914 1025 1136 1103 gratiae
1181 1025 1252 1083 ad
1303 1024 1584 1083 meritum
1634 1024 1996 1100 condignum
2046 1043 2102 1082 u.
2155 1033 2298 1086 231.
2367 1022 2553 1092 Quam
2586 1024 2973 1084 assertionem

353 1133 520 1182 ,non
565 1116 753 1173 audeo
797 1114 1009 1184 dicere,
1055 1114 1253 1190 inquit
1297 1113 1577 1172 Suarez
1607 1113 1734 1182 XII,
1775 1123 1853 1175 24
1888 1132 1945 1176 n.
1989 1122 2061 1175 12
2098 1113 2251 1191 (coll.
2286 1131 2333 1175 c.
2370 1108 2501 1195 37),
2548 1131 2677 1173 esse
2721 1114 2794 1173 de
2841 1113 2971 1182 fide,

353 1204 499 1278 quia
527 1223 650 1262 non
681 1204 917 1262 invenio
949 1203 1117 1261 illam
1150 1209 1272 1262 tam
1304 1220 1576 1278 expresse
1609 1202 1916 1261 definitam
1949 1209 2056 1261 aut
2083 1202 2369 1260 traditam
2413 1202 2477 1260 in
2522 1202 2848 1278 Scripturis
2879 1204 2973 1262 vel

352 1293 643 1363 concilii8‚
678 1293 825 1367 quin
860 1310 965 1367 per
995 1295 1347 1368 apparentes
1369 1291 1768 1368 expositiones
1792 1292 2022 1367 possint
2040 1291 2385 1350 testimonia
2415 1291 2609 1350 illudi.
2655 1292 2709 1350 N
2717 1292 2974 1351 ihilomi-

352 1400 470 1440 nus
501 1400 710 1441 censeo
742 1381 1127 1440 assertionem
1159 1400 1287 1439 esse
1318 1383 1560 1440 omnino
1592 1384 1811 1439 certam
1843 1384 1904 1439 et
1935 1380 2359 1449 indubitatam,
2407 1386 2468 1439 et
2497 1381 2694 1456 reipsa
2725 1382 2788 1440 in
2821 1382 2973 1441 Scri·

349 1473 532 1546 ptura
563 1472 902 1529 contentam
934 1473 996 1528 et
1027 1489 1060 1527 a
1093 1470 1357 1528 conciliis
1389 1474 1450 1528 et
1479 1489 1515 1528 a
1544 1469 1816 1546 patribus
1847 1469 2137 1528 intentam
2173 1514 2185 1528 .
2220 1514 2233 1528 .
2267 1515 2279 1528 .
2330 1469 2470 1528 Dico
2502 1488 2660 1547 ergo,
2695 1471 2973 1529 assertio·

351 1578 495 1617 nem
524 1578 648 1618 esse
679 1559 1023 1618 catholicam
1054 1558 1367 1618 veritatem
1413 1562 1474 1618 et
1519 1577 1588 1617 ex
1637 1559 1729 1628 iis,
1775 1578 1925 1633 quae
1958 1558 2284 1618 secundum
2316 1558 2695 1619 certitudinis
2726 1559 2976 1636 gradum

354 1649 423 1706 in
454 1649 752 1725 theologia
783 1648 1020 1718 habent,
1054 1648 1195 1706 licet
1225 1652 1427 1725 aperte
1459 1647 1532 1706 de
1562 1647 1676 1706 fide
1707 1666 1827 1706 non
1860 1648 1999 1711 sit.‘
2050 1648 2203 1706 Fuse
2235 1648 2307 1706 de
2338 1648 2445 1706 hac
2475 1650 2798 1708 assertione
2819 1667 2979 1708 nunc

353 1738 657 1796 communi
691 1737 888 1814 Vega
917 1737 990 1795 de
1012 1737 1258 1813 justific.
1292 1737 1445 1808 VIII,
1484 1748 1518 1800 6
1556 1755 1631 1800 ss.
1665 1736 1924 1798 disserit.

536 1878 603 1943 3.
636 1876 800 1940 Justi
850 1894 1096 1940 merere
1144 1883 1418 1958 possunt
1468 1876 1547 1939 de
1602 1875 1921 1956 condigno
1974 1875 2259 1956 gloriam,
2293 1882 2706 1957 augmentum
2740 1873 2978 1955 gloriae

356 1991 424 2047 et
473 1982 717 2062 gratiae
766 1979 1129 2058 habitualiS‚
1181 1989 1252 2045 ut
1301 1982 1522 2046 definit
1571 1980 1915 2045 concilium
1967 1982 2144 2047 trid.
2195 2002 2349 2046 sess.
2383 1989 2423 2051 6
2459 2000 2509 2045 c.
2544 1989 2628 2052 32
2680 1982 2765 2067 (n.
2804 1984 2978 2068 235).

355 2089 569 2168 Quam
606 2090 946 2153 veritatem
994 2088 1273 2169 probant
1323 2087 1559 2165 omnia,
1610 2087 1841 2171 quibus
1893 2089 2264 2164 ostenditur,
2309 2090 2522 2170 justos
2572 2089 2744 2170 apud
2778 2089 2978 2153 Deum

354 2214 549 2277 posse
582 2213 844 2261 merere.
908 2195 1086 2275 Quae
1138 2197 1191 2259 si
1239 2197 1390 2279 quid
1440 2196 1736 2278 probant,
1789 2198 2107 2273 evincunt,
2154 2215 2267 2261 eos
2312 2215 2565 2261 merere
2596 2198 2978 2273 mercedem,

357 2320 670 2366 coronam
699 2309 1032 2367 aeternam
1065 2309 1202 2379 etc,
1236 2309 1788 2385 etconsequenter
1807 2310 2070 2384 propter
2089 2301 2329 2383 gloriae
2350 2322 2495 2366 curn
2518 2305 2722 2384 gratia
2741 2324 2975 2368 nexum

358 2426 502 2472 curn
536 2408 777 2489 gloriae
811 2416 1156 2489 augmento
1191 2410 1391 2473 etiam
1427 2410 1673 2490 gratiae
1708 2415 2139 2489 augmentum.

533 2557 736 2615 Gratia
768 2560 969 2632 potest
999 2558 1234 2634 augeri:
1281 2576 1422 2635 ergo
1455 2558 1507 2615 si
1540 2560 1811 2634 peccator
1843 2558 1914 2616 de
1945 2577 2207 2636 congruo
2241 2562 2439 2634 potest
2468 2577 2693 2618 merere
2725 2561 2977 2636 gratiam

360 2646 628 2722 primam,
663 2647 886 2722 poterit
915 2650 975 2707 et
996 2648 1204 2724 justus
1236 2647 1308 2706 de
1339 2646 1630 2725 condigno
1652 2665 1875 2706 merere
1906 2648 2172 2723 ejusdem
2205 2651 2614 2725 augmentum.
2660 2649 2810 2707 Nam
2842 2668 2979 2709 con-

357 2735 621 2813 dignitas
652 2736 904 2795 maxime
948 2738 1167 2813 pendet
1212 2757 1248 2795 a
1292 2740 1456 2795 statu
1501 2737 1727 2813 gratiae
1761 2734 1976 2818 (231);
2024 2756 2207 2815 quare
2239 2737 2441 2797 eadem
2477 2757 2671 2813 opera,
2719 2758 2871 2813 quae
2916 2740 2978 2799 in

361 2830 662 2900 peccatore
695 2831 840 2883 sunt
870 2826 1174 2885 meritoria
1206 2827 1277 2885 de
1311 2844 1591 2902 congrue,
1627 2826 1843 2884 merita
1875 2831 2020 2886 sunt
2050 2827 2343 2904 condigna
2376 2827 2436 2885 in
2461 2828 2651 2902 justo,
2714 2829 2808 2887 Ad
2841 2829 2980 2888 haec

362 2913 411 2971 si
453 2914 615 2972 bona
660 2933 840 2991 opera
884 2918 1029 2973 sunt
1060 2915 1375 2992 dispositio
1421 2915 1495 2973 ad
1542 2914 1935 2974 inducendam
1966 2917 2235 2993 gratiam,
2287 2920 2468 2975 erunt
2499 2916 2815 2976 admodum
2846 2938 2977 2993 pro·

359 3003 698 3078 portionata
727 3004 797 3061 ad
841 3004 1087 3063 eandem
1119 3004 1468 3081 augendam.
1508 3039 1582 3046 —
1620 3004 1763 3062 Cum
1801 3011 2000 3064 autem
2033 3006 2270 3065 habitus
2302 3005 2488 3064 infusi
2519 3006 2769 3083 gratiam
2797 3007 2978 3082 justi-

361 3091 655 3150 ficationis
686 3097 1126 3169 consequantur
1155 3093 1509 3152 facultatum
1541 3093 1731 3151 instar
1763 3096 2243 3154 connaturalium
2275 3090 2358 3177 (n.
2395 3093 2601 3175 211⁴),
2647 3098 2827 3155 toties
2872 3116 2977 3155 au-

362 3181 665 3257 gebuntur
689 3182 945 3241 virtutes
978 3183 1223 3254 infusae,
1255 3183 1490 3258 quoties
1522 3184 1781 3259 augetur
1810 3184 2002 3260 gratia
2032 3184 2424 3244 sanctificans.
2474 3185 2661 3259 Atqui
2694 3205 2977 3262 augmen-

361 3276 487 3328 tum
518 3270 749 3347 gratiae
780 3272 1204 3330 sanctificantis
1235 3274 1466 3331 merent
1499 3271 1652 3347 justi
1697 3273 1970 3346 quolibet
2015 3274 2169 3333 bono
2213 3293 2389 3348 opere
2428 3273 2554 3332 sive
2585 3274 2821 3333 intenso
2855 3275 2980 3334 sive

362 3359 605 3418 remisso
639 3355 983 3440 (dummodo
1030 3362 1111 3419 sit
1152 3361 1690 3437 supernaturaliter
1721 3358 1992 3444 bouum).
2056 3363 2210 3440 Ergo
2243 3362 2560 3421 merebunt
2592 3370 2979 3440 augmentum

366 3447 678 3506 habituum
725 3449 1059 3508 infusorum
1105 3449 1284 3508 etiam
1333 3450 1612 3526 operibus
1659 3452 1936 3522 remissis,
1982 3470 2134 3527 quae
2166 3453 2405 3510 habitus
2437 3451 2832 3512 intensionem
2863 3473 2981 3513 uon

364 3535 729 3612 adaequent:
763 3539 920 3613 quod
953 3539 1278 3598 tenendum
1310 3545 1400 3597 est
1431 3542 1636 3596 contra
1667 3540 1713 3596 B
1732 3538 1825 3600 aii
1844 3558 1950 3610 ez,
1985 3541 2310 3600 secundum
2343 3560 2521 3615 quem
2543 3542 2753 3616 justus
2785 3542 2978 3602 virtu-

363 3628 487 3684 tum
519 3635 915 3701 augmentum
959 3648 1081 3688 non
1123 3632 1312 3687 meret
1355 3628 1469 3686 nisi
1517 3627 1768 3698 actibus,
1819 3629 1924 3705 qui
1968 3631 2271 3689 habitibus
2318 3630 2441 3689 sint
2488 3631 2861 3690 intensiores.
2892 3667 2979 3674 —

365 3715 561 3774 Posito
609 3719 812 3774 autem
849 3718 1006 3791 justi
1050 3717 1261 3776 merito
1301 3717 1596 3794 condigno
1628 3719 1800 3777 nulla
1829 3722 1920 3777 est
1950 3719 2122 3798 ratio,
2172 3738 2278 3777 cur
2322 3719 2573 3787 dicatur,
2621 3719 2981 3779 infusionem

365 3805 666 3881 augmenti
684 3806 914 3882 gratiae
946 3811 1009 3864 et
1040 3807 1335 3865 virtutum
1356 3806 1581 3865 differri
1601 3807 1802 3867 nescio
1834 3808 1900 3866 in
1931 3809 2090 3885 quod
2123 3812 2362 3886 tempus
2394 3808 2488 3867 vel
2520 3809 2582 3865 in
2614 3814 2981 3868 momentum

363 3893 827 3970 glorificationis.
893 3895 1062 3953 Sicut
1104 3897 1263 3954 enim
1302 3896 1594 3972 completa
1625 3895 2017 3972 dispositione
2050 3898 2374 3974 peccatoris
2406 3897 2607 3957 statim
2639 3898 2982 3958 infunditur

364 3983 553 4059 gratia
574 3983 1028 4059 justificationis
1060 3985 1280 4060 prima:
1314 3984 1398 4042 ita
1429 3984 1666 4044 videtur
1698 4004 2084 4063 consequens,
2120 3990 2190 4046 ut
2221 3987 2415 4063 posito
2448 3987 2657 4046 merito
2689 3987 2981 4065 condigne

366 4072 702 4131 conferatur
732 4073 1000 4148 ejusdem
1031 4077 1436 4151 augmentum.
1503 4073 1582 4132 Cf.
1616 4075 1978 4135 Mazzella
2010 4077 2081 4135 de
2114 4076 2249 4135 virt.
2283 4075 2387 4137 inf.
2420 4075 2475 4133 d.
2521 4086 2541 4137 l
2581 4096 2630 4134 a,
2667 4089 2721 4138 9.

537 4191 606 4259 4.
640 4191 677 4256 J
681 4191 807 4256 usti
838 4192 918 4255 de
951 4209 988 4254 5
1003 4211 1041 4255 0
1055 4212 1094 4255 n
1114 4212 1150 4272 g
1167 4212 1200 4256 r
1216 4212 1257 4255 u
1274 4212 1312 4256 0
1347 4211 1596 4258 merere
1614 4202 1886 4275 possunt
1907 4194 2026 4258 sibi
2060 4214 2097 4275 g
2113 4214 2145 4257 r
2159 4212 2200 4257 a
2217 4195 2276 4259 ti
2293 4212 2332 4258 a
2350 4214 2382 4257 s
2417 4196 2702 4260 actuales
2724 4196 2981 4261 uberio-

367 4314 467 4362 res
499 4305 918 4380 opportunaS,
950 4318 991 4380 p
1009 4317 1044 4363 5
1062 4318 1095 4362 r
1111 4319 1142 4362 s
1163 4317 1199 4363 5
1215 4320 1253 4362 v
1271 4318 1306 4363 5
1323 4318 1355 4362 r
1372 4318 1413 4363 a
1428 4320 1469 4363 n
1487 4306 1510 4364 t
1528 4301 1548 4362 i
1567 4319 1607 4363 a
1621 4320 1686 4363 m
1718 4300 1976 4365 finalem
2010 4301 2412 4386 (praesertim
2447 4302 2753 4383 operibus
2785 4303 2980 4383 insig-

250 4451 253 4453 ψ
365 4402 550 4467 nibus
584 4405 1019 4488 virtutumque
1040 4405 1290 4471 actibus
1325 4407 1432 4470 diu
1465 4407 1808 4495 exercitis),
1842 4414 1907 4471 et
1940 4407 2101 4471 sorte
2136 4408 2331 4471 etiam
2361 4427 2393 4470 r
2409 4428 2443 4473 e
2461 4428 2499 4489 p
2517 4427 2557 4472 a
2572 4428 2604 4471 r
2619 4427 2660 4472 a
2677 4409 2734 4472 ti
2751 4428 2789 4472 0
2808 4429 2848 4472 n
2865 4427 2901 4473 5
2918 4429 2980 4472 m

365 4528 476 4590 pro
509 4529 667 4575 casu
699 4510 933 4593 lapsus.
967 4511 1248 4577 Possunt
1280 4514 1452 4578 enim
1483 4514 1646 4577 haec
1677 4512 2053 4595 impetrare;
2088 4533 2238 4594 ergo
2274 4520 2338 4578 et
2360 4533 2627 4592 merere,
2648 4513 2881 4580 saltem
2902 4516 2982 4580 (15

366 4634 665 4698 congrue,
699 4620 1004 4701 quamdiu
1038 4626 1186 4684 sunt
1219 4621 1283 4683 in
1316 4626 1487 4684 statu
1521 4622 1678 4686 viae.

539 4766 769 4842 Nequit
786 4769 984 4827 tamen
1008 4769 1215 4843 justus
1247 4768 1318 4826 de
1350 4787 1429 4827 co
1446 4787 1484 4826 n
1501 4769 1734 4845 digno
1768 4788 1993 4827 merere
2027 4787 2295 4846 persev
2313 4788 2343 4827 5
2362 4769 2694 4827 tantiam
2725 4768 2979 4838 finalem,

368 4854 504 4927 quia
534 4869 601 4917 a.
635 4855 709 4914 de
742 4856 849 4915 hoc
868 4857 1098 4932 objecto
1119 4857 1317 4916 meriti
1337 4857 1620 4934 condigni
1638 4876 1760 4916 non
1779 4862 2029 4928 constat,
2064 4877 2257 4934 neque
2279 4857 2428 4916 illud
2451 4856 2770 4914 concilium
2803 4861 2829 4915 t
2843 4857 2980 4920 rid.
