3538 5364
1285 303 1668 357 characterem
1695 302 2057 372 imprimunt.
2839 306 2973 373 233

353 509 459 568 per
490 494 587 551 est
615 488 938 549 diabolicae
970 489 1553 564 praesumptioni83‘
1601 488 1673 547 de
1719 489 2020 564 baptismo
2052 488 2091 546 l.
2129 498 2162 551 5
2199 505 2245 550 c.
2284 497 2352 551 5:
2387 487 2712 555 ,Homines
2741 487 2976 547 occulta

354 580 554 639 nescio
588 598 708 655 qua
736 578 1130 653 inspiratione
1165 577 1272 636 Dei
1304 579 1694 647 detestantur,
1743 577 1792 637 si
1840 577 1976 654 quis
2008 576 2226 636 iterum
2258 577 2622 653 baptismum
2652 577 2975 654 accipiat3‘

353 670 390 729 l.
426 678 464 732 2
496 689 559 728 n.
599 678 711 731 19:
761 666 960 736 ,Quid
992 666 1074 726 sit
1104 670 1303 726 autem
1335 666 1746 743 perniciosius,
1781 671 1988 725 utrum
2018 666 2258 725 omnino
2290 685 2410 725 non
2441 667 2744 743 baptizari,
2776 686 2853 725 an
2882 686 2975 727 re-

349 757 663 835 baptizari,
701 756 968 832 judicare
998 755 1242 815 difficile
1285 760 1436 818 est.‘
1483 788 1569 798 —-
1615 756 1671 818 S.
1718 756 1861 815 Leo
1907 756 2192 832 baptismi
2226 755 2599 815 iterationem
2634 756 2855 831 pariter
2883 775 2977 832 ep.

359 858 483 911 166
534 845 1045 922 ‚inexpiabile
1095 845 1308 904 scelus‘
1351 849 1550 914 vocat3
1602 848 1663 904 et
1706 844 2177 904 luciferiani
2222 844 2380 921 apud
2428 845 2976 923 Hieronymum

351 937 494 999 dial.
524 939 731 996 contra
759 954 861 995 eos
892 954 951 998 n.
974 945 1029 1000 4,
1063 935 1214 993 hanc
1232 934 1494 994 reddunt
1511 934 1821 1005 rationem,
1854 952 2037 1010 quare
2057 934 2391 1010 reciperent
2420 935 2495 993 ab
2528 934 2750 994 arianis
2781 933 2976 1011 bapti·

351 1029 548 1085 zatos:
601 1024 982 1101 ,Bet-‚ipimus
1025 1023 1224 1091 laicos,
1276 1024 1557 1099 quoniam
1590 1042 1762 1083 nemo
1795 1028 2301 1083 converteretur.‘
2349 1056 2437 1066 —-
2481 1024 2567 1082 De
2612 1028 2979 1084 sacramento

353 1115 588 1174 ordinis
617 1115 691 1180 cf,
722 1114 1090 1189 Optatum
1122 1112 1371 1174 milevit.
1405 1113 1483 1185 11,
1521 1122 1622 1175 23.
1686 1112 1853 1182 Quod
1900 1113 1952 1171 si
2000 1111 2255 1171 subinde
2300 1112 2450 1171 sorte
2488 1113 2554 1183 ii,
2598 1114 2704 1188 qui
2735 1133 2766 1171 a
2802 1114 2979 1173 simo·

355 1204 544 1263 niacis
577 1205 672 1263 vel
706 1201 1097 1262 schismaticis
1128 1201 1374 1260 fuerunt
1394 1202 1672 1272 ordinati,
1704 1202 1925 1261 iterum
1948 1201 2396 1261 ordinarentur:
2432 1201 2491 1259 id
2524 1219 2644 1261 non
2673 1208 2983 1279 propterea

357 1296 723 1352 attentatum
782 1292 917 1362 fuit,
969 1290 1127 1367 quod
1180 1294 1494 1367 putaretur
1543 1290 1719 1351 licere
1768 1290 2165 1350 ordinationis
2215 1290 2607 1358 iterationem,
2669 1291 2772 1351 sed
2821 1291 2981 1368 quod

360 1382 805 1442 existimaretur
833 1380 1026 1457 prima
1055 1380 1347 1439 ordinatio
1379 1379 1658 1439 invalida.
1723 1380 1804 1441 Cf.
1842 1381 1901 1441 P.
1936 1380 2101 1439 Dam
2122 1380 2281 1438 iani
2312 1398 2516 1456 opusc.
2548 1380 2646 1448 VI,
2683 1390 2764 1444 30
2800 1399 2877 1444 ss.

539 1501 741 1583 Hujus
772 1507 989 1566 autem
1021 1506 1154 1565 tam
1188 1500 1525 1581 singularis
1555 1500 1968 1582 proprietatis
1998 1500 2168 1564 hanc
2198 1500 2474 1566 reddunt
2504 1506 2721 1583 patres
2739 1500 2803 1564 in
2824 1518 2982 1566 con-

360 1608 691 1674 troversiis
735 1607 1114 1689 praesertim
1159 1626 1309 1670 cum
1355 1607 1692 1671 donatistis
1738 1607 2077 1683 rationem,
2119 1606 2293 1690 qucd
2340 1607 2517 1672 hisce
2562 1608 2984 1675 sacramentis

364 1723 624 1800 praeter
655 1714 928 1796 gratiam
960 1713 1198 1797 aliquid
1229 1712 1598 1778 conseratur
1628 1714 1873 1778 homini
1906 1713 2342 1795 independens
2392 1713 2475 1778 ab
2527 1713 2665 1796 ejus
2709 1713 2983 1797 disposi-

363 1824 557 1899 tione,
591 1839 975 1904 permanens
1017 1826 1081 1886 et
1121 1819 1476 1897 indelebile,
1510 1821 1760 1885 etiamsi
1793 1820 2001 1901 gratia
2031 1821 2132 1885 vel
2163 1839 2294 1885 non
2328 1827 2589 1903 recepta
2618 1821 2721 1887 vel
2754 1822 2986 1886 iterum

362 1931 606 1995 amissa
627 1929 830 2005 luerit,
847 1928 1020 2011 quod
1033 1926 1360 1993 hominem
1384 1945 1424 1991 a
1444 1927 1579 1992 Deo
1612 1933 1677 1992 et
1708 1927 1792 1992 ab
1813 1927 2093 1992 Ecclesia
2125 1927 2455 2008 fugitivum
2476 1948 2731 2010 semper
2748 1929 2985 2011 obliget

362 2037 618 2102 Christo
653 2042 987 2119 tamquam
1038 2054 1245 2112 ovem,
1296 2033 1581 2112 militem,
1633 2034 2023 2099 ministrum:
2075 2035 2247 2118 quod
2296 2036 2700 2118 imprimatur
2732 2036 2986 2101 animae

363 2145 629 2210 realiter
662 2151 989 2225 tamquam
1021 2143 1293 2225 sigillum
1338 2149 1403 2209 et
1450 2144 1807 2221 character,
1856 2162 1985 2226 quo
2037 2144 2233 2207 homo
2279 2149 2542 2209 maneat
2573 2152 2986 2209 consecratus

365 2256 431 2316 et
463 2250 831 2333 specialiter
860 2250 1283 2332 transcriptus
1315 2251 1381 2314 in
1405 2251 1510 2333 jus
1543 2249 1781 2315 Christi
1809 2251 2089 2333 pastoris
2120 2256 2315 2333 atque
2348 2250 2771 2332 imperatoris,
2803 2250 2986 2334 cujus

363 2358 809 2421 characterem
840 2357 1015 2437 gerit.

543 2508 634 2565 Ad
681 2527 806 2567 rem
852 2508 1353 2583 Augustinus
1399 2510 1606 2568 contra
1649 2528 1741 2584 ep.
1785 2508 2160 2567 Parmeniani
2192 2507 2268 2579 11,
2308 2517 2384 2571 13
2421 2527 2479 2566 n.
2516 2517 2627 2569 29:
2675 2508 2781 2576 ,Si
2825 2508 2986 2566 enim

365 2595 554 2671 aliqui
585 2596 793 2655 furtim
824 2601 888 2656 et
917 2601 1083 2656 extra
1112 2596 1377 2656 ordinem
1409 2598 1472 2656 in
1517 2599 1775 2657 monetis
1807 2596 2067 2672 publicis
2097 2616 2327 2665 aurum,
2372 2597 2467 2656 vel
2513 2600 2844 2673 argeutum,
2894 2597 2989 2655 vel

364 2705 461 2745 aes
493 2686 883 2762 percutiendo
916 2688 1321 2765 signaverint3
1369 2707 1505 2748 cum
1538 2687 1722 2747 fuerit
1751 2687 2204 2763 deprehensum,
2236 2705 2434 2745 noune
2465 2686 2588 2744 illis
2617 2685 2849 2761 punitis
2882 2690 2988 2746 aut

365 2774 744 2852 indulgentia
771 2775 1060 2847 liberatis,
1093 2778 1400 2853 cognitum
1433 2777 1630 2854 regale
1662 2777 1906 2853 signum
1938 2776 2234 2835 thesauris
2268 2775 2571 2854 regalibus
2591 2776 2988 2850 congeretur?

365 2867 490 2923 Aut
520 2866 574 2924 si
605 2865 940 2940 quisquam,
976 2866 1101 2925 sive
1133 2867 1411 2938 desertor,
1444 2866 1569 2924 sive
1600 2865 1702 2941 qui
1737 2884 2046 2940 nunquam
2066 2865 2304 2925 omnino
2324 2864 2629 2933 militavit,
2661 2867 2804 2923 nota
2833 2863 2989 2923 mili·

366 2955 480 3013 tari
512 2954 820 3030 privatum
854 2955 1117 3031 aliquem
1148 2956 1378 3032 signet3
1412 2972 1609 3013 nonne
1642 2953 1747 3013 ubi
1782 2955 1964 3012 fuerit
1982 2954 2386 3029 deprehensus
2417 2955 2523 3014 illo
2556 2954 2848 3031 signatus,
2882 2971 2989 3029 pro

367 3044 670 3103 desertore
701 3044 969 3119 punitur,
1003 3047 1066 3102 et
1095 3062 1163 3103 eo
1195 3044 1457 3121 gravius,
1492 3062 1613 3118 quo
1649 3043 1889 3120 probari
1920 3043 2187 3120 potuerit
2217 3063 2525 3120 nunquam
2556 3043 2798 3102 omnino
2829 3041 2989 3100 mili-

365 3137 541 3204 tasse,
577 3132 762 3192 simul
793 3151 992 3192 secum
1023 3133 1254 3210 punito,
1304 3134 1355 3192 si
1385 3153 1520 3192 eum
1554 3131 1904 3208 prodiderit,
1953 3131 2346 3191 audacissimo
2379 3133 2720 3210 signatore?
2783 3132 2909 3189 Aut
2940 3130 2992 3190 si

363 3222 516 3280 forte
549 3222 723 3282 illum
756 3222 1007 3282 militiae
1039 3223 1436 3282 characterem
1482 3223 1545 3280 in
1589 3239 1833 3298 corpore
1879 3240 1988 3280 suo
2033 3239 2152 3279 non
2197 3220 2466 3279 militans
2499 3220 2752 3297 pavidus
2782 3221 2992 3280 exhor-

363 3310 573 3382 ruerit,
607 3315 671 3369 et
700 3311 773 3369 ad
805 3311 1180 3370 clementiam
1210 3311 1589 3388 imperatoris
1624 3309 1974 3387 confugerit,
2008 3329 2074 3368 ac
2105 3328 2274 3385 prece
2306 3309 2443 3368 susa
2461 3313 2522 3368 et
2541 3310 2858 3385 impetrata
2867 3309 2994 3385 jam

363 3400 540 3458 venia
569 3399 830 3459 militare
853 3400 977 3475 jam
1010 3401 1298 3476 coeperit;
1331 3400 1625 3476 numquid
1647 3400 1884 3459 homine
1906 3398 2157 3458 liberato
2186 3401 2366 3474 atque
2398 3402 2659 3458 correcto
2690 3398 2996 3458 character

368 3489 473 3547 ille
502 3489 817 3565 repetitur,
851 3507 917 3547 ac
948 3507 1069 3548 non
1101 3489 1304 3565 potius
1336 3489 1577 3567 agnitus
1609 3488 2014 3565 approbatur?
2080 3490 2174 3546 An
2205 3487 2359 3547 forte
2392 3487 2590 3546 miuus
2623 3488 2869 3546 haerent
2899 3505 2992 3545 sa·

363 3583 669 3638 eramenta
698 3578 1040 3650 christiana,
1075 3597 1254 3655 quam
1285 3578 1608 3654 corporalis
1643 3579 1785 3636 haec
1829 3582 1990 3646 nota,
2037 3595 2171 3636 cum
2221 3576 2526 3636 videamus
2559 3594 2668 3635 nec
2700 3578 2995 3652 apostatas

366 3685 565 3726 carere
582 3667 962 3743 baptismate,
997 3667 1218 3743 quibus
1251 3667 1464 3743 utique
1498 3687 1604 3741 per
1632 3667 2066 3743 poenitentiam
2087 3666 2476 3725 redeuntibus
2493 3683 2610 3725 non
2632 3665 2993 3738 restituitur,

363 3759 429 3815 et
471 3755 607 3815 ideo
652 3756 852 3815 amitti
898 3776 1016 3816 non
1064 3776 1240 3833 posse
1264 3756 1656 3833 judicatur‘2‘
1726 3756 1811 3817 cf.
1858 3756 2038 3815 etiam
2071 3774 2160 3830 ep.
2200 3766 2320 3819 185
2357 3774 2416 3818 n.
2452 3765 2530 3818 23
2565 3758 2629 3813 et
2661 3764 2773 3822 43;
2823 3772 2994 3816 serm.

368 3855 493 3908 296
526 3865 585 3906 n.
622 3856 696 3918 ὃς
727 3864 900 3905 serm.
932 3845 1005 3904 ad
1039 3846 1331 3906 Ecclesiae
1363 3864 1577 3907 caesar.
1610 3845 1845 3920 plebem
1878 3864 1936 3904 n.
1975 3855 2043 3916 23
2077 3848 2247 3906 tract.
2284 3856 2318 3908 5
2355 3845 2416 3903 in
2448 3844 2619 3906 Joan.
2649 3862 2708 3902 n.
2743 3853 2812 3912 ὃς
2846 3847 2922 3901 tr.
2956 3852 2991 3904 6

364 3954 426 3992 n.
469 3945 539 3998 15
576 3952 624 3993 s.
657 3937 770 3994 etc.
837 3934 914 3994 Et
955 3954 1161 3995 revera
1205 3935 1435 3994 nullam
1480 3934 1660 3993 aliam
1704 3934 1898 4011 magis
1942 3953 2263 4011 congruam
2298 3933 2468 3992 reddi
2502 3951 2676 4008 posse
2705 3932 2998 3991 rationem

366 4027 606 4099 praeter
637 4023 719 4093 id,
751 4023 912 4099 quod
932 4024 1184 4083 dicimus
1204 4025 1617 4090 characterem,
1652 4042 1836 4099 quare
1858 4023 1998 4083 haec
2018 4026 2385 4083 sacramenta
2402 4023 2620 4081 iterare
2652 4038 2773 4079 non
2804 4021 2995 4090 liceat,

366 4113 624 4188 probant
653 4113 812 4172 irriti
843 4114 1304 4188 protestantium
1336 4116 1588 4172 conatus
1620 4113 1797 4171 aliam
1817 4112 2186 4189 assignandi.
2232 4112 2390 4181 Quas
2422 4111 2580 4170 enim
2612 4110 2732 4185 ipsi
2762 4109 2997 4187 excogi-

362 4206 575 4262 tarunt
594 4220 827 4271 causas,
863 4202 957 4261 vel
989 4202 1420 4261 insufficientes
1454 4202 1550 4260 vel
1580 4201 1818 4277 ineptae
1852 4204 2014 4272 sunt,
2048 4204 2120 4260 ut
2151 4201 2476 4260 ostendunt
2507 4199 2997 4259 Bellarminus

363 4290 443 4361 11,
479 4300 558 4354 22
596 4295 658 4350 et
689 4291 909 4350 Gotti
939 4291 1276 4369 theologiae
1307 4291 1394 4349 111
1425 4296 1499 4355 tr.
1537 4301 1572 4353 4
1608 4309 1664 4365 q.
1701 4300 1734 4353 5
1772 4290 1911 4349 dub.
1951 4301 1975 4353 1
2020 4287 2052 4356 ἓ
2094 4301 2143 4352 1.

549 4424 697 4478 271.
732 4409 1102 4480 Scholion.
1151 4414 1340 4487 Ratio,
1373 4433 1480 4475 cur
1508 4415 1630 4474 tria
1659 4415 1805 4475 haec
1827 4417 2195 4474 sacramenta
2224 4415 2412 4490 repeti
2446 4415 2769 4490 nequeant,
2803 4413 3001 4488 potest

364 4521 498 4563 esse
529 4505 628 4563 vel
660 4505 787 4563 sola
816 4505 1093 4564 voluntas
1124 4508 1186 4564 et
1215 4510 1597 4581 praeceptum
1631 4503 1737 4562 Dei
1767 4504 1865 4562 vel
1896 4504 2029 4578 ipsa
2058 4506 2289 4573 natura,
2323 4521 2441 4578 qua
2474 4501 2824 4570 ,christiani
2856 4500 2998 4576 bap-

364 4593 533 4652 tismi
563 4597 998 4653 sacramentum
1029 4594 1210 4653 etiam
1243 4595 1404 4669 apud
1435 4593 1764 4652 haereticos
1795 4593 1957 4652 valet
1999 4596 2061 4651 et
2105 4591 2329 4650 sufficit
2372 4590 2445 4649 ad
2479 4590 2995 4660 consecrationem,

363 4682 644 4758 quamvis
664 4681 740 4741 ad
760 4684 917 4742 vitae
936 4686 1206 4743 aeternae
1226 4682 1744 4758 participationem
1779 4700 1900 4740 non
1934 4680 2220 4741 sufficiat:
2255 4698 2406 4756 quae
2438 4679 2800 4739 consecratio
2832 4696 2999 4736 reum

365 4771 613 4847 quidem
645 4771 789 4830 t'acit
819 4771 1180 4831 haereticum
1214 4777 1382 4832 extra
1417 4772 1652 4833 Domini
1685 4789 1927 4848 gregem
1960 4769 2277 4829 habentem
2308 4767 2668 4828 dominicum
2703 4766 2999 4825 characte-
