3538 5364
595 306 721 369 180
1102 296 1282 349 Tract.
1316 295 1457 349 VIII.
1486 294 1555 347 de
1575 292 2005 364 justificatione.
2034 291 2264 347 Gratiae
2290 291 2693 361 inaequalitas.

590 478 1009 543 Clemente
1042 475 1114 538 V.
1149 475 1214 538 in
1245 492 1423 538 conc.
1454 474 1916 540 viennensi:
1955 472 2179 553 ,Quod
2210 474 2407 537 homo
2438 472 2505 536 in
2535 473 2669 536 vita
2699 474 3028 554 praesenti
3061 478 3202 536 tan-

590 593 726 650 tum
758 591 822 648 et
855 583 1046 648 talem
1081 580 1488 663 perfectionis
1521 581 1792 661 gradum
1821 587 2036 662 potest
2055 580 2406 662 acquirere,
2440 579 2613 662 quod
2632 580 2941 645 reddetur
2959 580 3211 661 penitus

590 690 1021 772 impeccabilis
1053 693 1117 752 et
1149 688 1422 770 amplius
1456 688 1519 751 in
1553 689 1755 768 gratia
1788 685 2098 769 proficere
2130 705 2262 751 non
2306 686 2577 763 valebit3
2630 705 2801 764 nam,
2854 694 2931 751 ut
2977 685 3205 762 dicunt,

589 798 642 861 si
692 798 832 879 quis
883 813 1137 876 semper
1185 801 1407 877 posset
1455 794 1783 876 proficere,
1814 792 2051 882 {posset
2103 793 2333 876 aliquis
2383 792 2636 858 Christo
2698 793 3049 875 perfectior
3108 795 3203 855 in-

588 905 842 969 veum«
915 901 994 966 Cf.
1038 922 1085 965 S.
1119 901 1467 965 Thomas
1509 912 1558 970 1.
1593 906 1633 969 2
1666 920 1722 983 q.
1762 906 1890 968 112
1924 918 1980 964 a.
2019 905 2077 967 4.

767 1011 830 1079 3.
864 1009 1088 1074 Gratia
1120 1015 1389 1088 augetur
1408 1008 1507 1072 vel
1539 1008 2096 1072 sacramentis
2128 1007 2229 1072 vel
2259 1007 2449 1071 bonis
2481 1026 2576 1089 op
2594 1007 2713 1072 eri
2732 1008 2772 1071 b
2791 1027 2833 1070 u
2852 1027 2904 1083 S,
2937 1014 3012 1071 ut
3032 1012 3210 1087 patet

591 1138 669 1183 ex
691 1135 868 1181 conc.
902 1115 1346 1180 tridentini
1377 1133 1531 1178 sess.
1566 1120 1605 1183 6
1641 1132 1692 1177 c.
1734 1120 1813 1183 10
1847 1120 1911 1179 et
1941 1132 2081 1177 can.
2104 1117 2207 1181 24.
2230 1119 2348 1188 32;
2381 1120 2518 1177 tum
2549 1131 2629 1177 ex
2647 1112 2877 1177 Jacobi
2899 1131 2999 1193 ep.
3023 1117 3082 1188 2,
3104 1115 3217 1180 24:

599 1225 853 1307 Videtis,
885 1223 1178 1307 quoniam
1210 1243 1283 1285 ex
1315 1221 1598 1305 operibus
1611 1220 2014 1303 justificatur
2045 1220 2224 1284 homo
2255 1227 2311 1283 et
2344 1241 2469 1283 non
2502 1242 2576 1283 ex
2602 1220 2727 1303 fide
2747 1227 3023 1301 tantum,
3057 1237 3216 1302 quae

588 1331 788 1396 verba
820 1335 969 1393 sunt
990 1311 1398 1408 intelligenda
1429 1347 1562 1391 non
1593 1332 1847 1390 tantum
1879 1327 1958 1392 de
1983 1326 2440 1407 justificatione
2473 1328 2701 1407 prima,
2749 1327 2869 1392 sed
2906 1327 3105 1391 etiam
3142 1326 3219 1389 de

590 1437 890 1513 secunda,
924 1436 1003 1501 de
1036 1440 1380 1515 augmento
1427 1435 1555 1498 scil.
1603 1435 1848 1514 gratiae
1888 1434 2314 1516 justificantis.
2378 1432 2544 1497 Nam
2591 1434 2859 1498 verbum
2906 1432 3217 1516 justifi-

590 1565 623 1607 c
642 1563 778 1609 are
811 1551 1149 1623 utramque
1182 1547 1396 1622 potest
1426 1540 1816 1621 significare;
1864 1559 2074 1623 neque
2121 1541 2252 1604 ulla
2282 1541 2467 1615 rati0,
2513 1558 2628 1604 cur
2657 1540 3089 1621 restringatur
3121 1539 3221 1602 hic

590 1652 673 1715 ad
705 1649 1188 1730 significandam
1219 1649 1491 1730 primam
1516 1647 2073 1729 justificationem3
2126 1647 2510 1729 praesertim
2543 1664 2693 1710 cum
2728 1647 3070 1729 apostolus
3105 1646 3221 1709 du·

590 1758 734 1840 plex
755 1758 981 1821 afferat
994 1755 1465 1837 justificationis
1481 1755 1880 1836 exemplum:
1914 1755 2188 1818 alterum
2202 1759 2380 1819 certo
2394 1754 2870 1834 justificationis
2894 1754 3220 1818 secundae

591 1885 646 1926 v.
684 1870 786 1937 21,
820 1864 1093 1928 alterum
1123 1861 1518 1944 probabilius
1549 1862 1796 1943 primae
1827 1880 1885 1924 v,
1928 1867 2029 1931 25.

774 2002 917 2056 215.
967 1993 1052 2050 De
1091 1992 1317 2069 qratiae
1361 1999 1678 2067 auqmenw.
1725 2026 1815 2035 —
1858 1993 1931 2049 In
1975 2011 2093 2068 quo
2126 1995 2325 2050 autem
2359 1993 2653 2052 consistat
2683 1991 2791 2049 hoc
2823 1990 3214 2067 augmentum

591 2082 817 2160 gratiae
849 2081 1030 2140 semel
1061 2080 1290 2139 infusae
1323 2080 1479 2138 haud
1513 2080 1683 2139 facile
1715 2084 1807 2139 est
1838 2081 2158 2157 explicare:
2191 2099 2384 2156 neque
2419 2101 2537 2140 una
2568 2081 2641 2140 de
2674 2098 2743 2138 eo
2775 2085 2872 2139 est
2902 2079 3210 2154 theologo-

592 2192 727 2231 rum
759 2170 1068 2232 sententia.
1134 2168 1250 2228 Alii
1297 2172 1515 2245 putant
1543 2169 1604 2227 id
1636 2169 1764 2228 fieri
1798 2170 2209 2229 additione
2241 2170 2462 2246 gradus
2493 2171 2567 2229 ad
2600 2169 2867 2248 gradum,
2920 2168 3078 2244 quod
3123 2186 3212 2224 ra-

592 2261 756 2320 tione
788 2260 990 2318 habita
1022 2258 1422 2335 simplicitatis
1469 2260 1649 2334 hujus
1697 2258 2025 2335 qualitatiS,
2074 2258 2424 2318 difficultate
2471 2260 2628 2318 haud
2674 2261 2864 2331 caret;
2919 2258 3025 2316 alii
3070 2275 3209 2332 aug-

591 2354 861 2408 mentum
880 2348 1179 2423 explicant
1194 2366 1301 2423 per
1319 2349 1598 2423 maiorem
1631 2368 1661 2406 r
1676 2368 1710 2405 a
1725 2348 1762 2405 d
1780 2349 1800 2404 i
1816 2366 1846 2405 c
1863 2367 1897 2405 a
1913 2348 2025 2406 tio
2040 2366 2080 2406 n
2098 2368 2129 2406 e
2144 2368 2205 2406 m
2236 2349 2462 2424 gratiae
2483 2349 2547 2406 in
2569 2349 2855 2424 subjecte,
2893 2347 2992 2407 cui
3015 2347 3210 2405 inhae-

591 2442 700 2499 ret.
767 2436 934 2507 Quod
966 2456 1010 2500 s,
1044 2437 1361 2495 Thomas
1394 2437 1690 2496 disserens
1723 2437 1797 2495 de
1828 2437 2159 2495 virtutibus
2192 2437 2408 2496 infusis
2440 2439 2526 2496 ita
2556 2438 2810 2512 explicat
2842 2456 2901 2510 q.
2943 2448 2969 2500 1
3011 2456 3064 2495 a.
3112 2446 3211 2496 ll:

596 2527 773 2595 ‚Ideo
803 2527 1204 2585 intenduntur
1234 2530 1294 2583 et
1325 2525 1732 2596 remittuntur,
1781 2526 1845 2584 in
1891 2531 2185 2601 quantum
2218 2527 2556 2601 subjectum
2588 2526 2900 2584 reducitur
2932 2524 3121 2601 magis
3153 2523 3213 2580 in

593 2619 791 2675 actum
821 2617 1087 2692 ipsarum
1119 2633 1226 2691 per
1256 2614 1551 2673 actionem
1570 2615 1805 2692 agentis
1839 2615 2139 2674 causantis
2172 2634 2301 2674 eas:
2336 2617 2494 2674 unde
2528 2617 2686 2674 sicut
2715 2615 2979 2674 virtutes
3012 2612 3214 2688 acqui-

594 2707 743 2766 sitae
774 2709 1073 2783 augentur
1116 2724 1186 2764 ex
1230 2704 1482 2773 actibuS,
1532 2723 1636 2779 per
1667 2723 1818 2779 quos
1851 2710 2189 2776 causantur,
2236 2705 2324 2763 ita
2360 2706 2617 2764 virtutes
2649 2705 2883 2764 infusae
2918 2707 3217 2780 augentur

593 2815 698 2872 per
728 2796 1021 2854 actionem
1055 2794 1178 2863 Dei,
1218 2813 1251 2851 a
1282 2812 1401 2868 quo
1436 2797 1775 2853 causantur.
1841 2795 2027 2852 Actus
2059 2798 2261 2852 autem
2293 2795 2483 2853 nostri
2514 2797 2937 2869 comparantur
2967 2793 3042 2852 ad
3073 2811 3213 2866 aug·

592 2888 862 2944 mentum
895 2884 1161 2941 caritatis
1204 2885 1265 2939 et
1309 2882 1604 2941 virtutum
1635 2883 1971 2940 infusarum
2015 2886 2086 2941 ut
2131 2883 2535 2959 disponentes,
2585 2884 2742 2942 sicut
2786 2884 2861 2941 ad
2909 2882 3211 2942 caritatem

597 2995 632 3033 a
663 2973 954 3049 principio
987 2971 1399 3030 obtinendam:
1447 2971 1620 3030 homo
1652 2972 1811 3030 enim
1844 2971 2062 3030 faciens
2092 2973 2254 3047 quod
2285 2977 2378 3031 est
2408 2974 2472 3031 in
2505 2991 2584 3044 se,
2618 2976 2936 3049 praeparat
2968 2991 3049 3042 se,
3083 2972 3151 3028 ut
3178 2986 3212 3025 a

598 3064 717 3121 Deo
763 3061 1014 3137 recipiat
1057 3060 1380 3120 caritatem.
1444 3060 1709 3119 Ulterius
1755 3068 1955 3119 autem
2003 3066 2171 3120 actus
2217 3062 2408 3120 nostri
2454 3066 2703 3137 possunt
2749 3079 2878 3120 esse
2926 3056 3205 3120 meritorii

595 3153 870 3226 respectu
889 3149 1195 3225 augmenti
1217 3148 1499 3219 caritatiS‚
1531 3150 1673 3223 quia
1692 3156 2182 3226 praesupponunt
2200 3151 2523 3221 caritatem,
2560 3170 2710 3225 quae
2741 3153 2832 3209 est
2850 3149 3207 3226 principium

596 3240 921 3298 merendi.‘
986 3241 1179 3296 Aucta
1226 3241 1427 3295 autem
1475 3238 1688 3312 quovis
1739 3257 1916 3314 opere
1967 3239 2120 3298 bono
2162 3239 2613 3315 justificationis
2663 3240 2885 3317 gratia,
2940 3239 3206 3300 crescunt

596 3329 980 3404 proportione
1012 3345 1272 3403 congrua
1305 3327 1562 3385 virtutes
1608 3328 1859 3399 infusae,
1914 3347 2065 3403 quae
2097 3329 2262 3387 illam
2312 3329 2717 3403 potentiarum
2766 3329 2962 3387 instar
3011 3343 3212 3386 conse-

596 3420 870 3492 quuntur
915 3411 998 3497 (n.
1037 3410 1245 3497 2114).
1313 3415 1642 3492 Utrumque
1686 3436 1827 3475 vero
1873 3421 2262 3494 augmentum
2296 3417 2459 3476 illico
2491 3421 2628 3493 post
2659 3436 2809 3493 opus
2842 3416 3212 3476 meritorium

598 3508 930 3564 contortur:
978 3523 1169 3578 neque
1202 3504 1361 3562 enim
1393 3505 1520 3563 ulla
1549 3506 1874 3581 probabilis
1907 3507 2181 3565 redditur
2213 3506 2381 3576 ratio,
2416 3526 2597 3580 quare
2630 3507 2797 3565 illius
2829 3507 3069 3565 collatio
3101 3503 3207 3561 dif-

597 3595 823 3654 feratur
867 3594 962 3654 vel
1007 3594 1070 3651 in
1111 3594 1355 3652 alteram
1388 3595 1576 3653 vitam
1608 3596 1703 3653 vel
1734 3595 1809 3652 ad
1839 3595 2004 3653 aliud
2037 3600 2292 3670 tempus.
2362 3595 2442 3654 cf.
2475 3596 2897 3673 Limbourg
2929 3594 3210 3654 Zeitschr.

606 3693 769 3748 1886
806 3704 860 3759 p.
898 3693 1019 3746 277
1056 3701 1164 3754 ss.;
1198 3683 1433 3741 Pesch
1467 3683 1607 3742 VIII
1635 3703 1693 3744 n.
1728 3694 1806 3745 67
1844 3703 1887 3746 ε.

779 3809 924 3872 216.
964 3803 1229 3866 Gratiae
1261 3805 1649 3871 incertitudo,
1684 3844 1769 3852 -—
1803 3804 2023 3869 Altera
2056 3804 2299 3884 gratiae
2324 3804 2733 3885 justificantis
2753 3805 3116 3885 proprietas
3148 3800 3209 3862 in

600 3928 678 3973 eo
713 3910 1021 3986 consistit,
1056 3910 1229 3991 quod
1259 3928 1450 3974 nemo
1483 3911 1647 3974 scire
1679 3917 1891 3992 potest
1911 3911 2290 3976 certitudine
2324 3911 2523 3976 fidei
2553 3930 2622 3975 se
2645 3911 2916 3990 gratiam
2937 3909 3052 3974 Dei
3073 3922 3210 3973 esse

600 4022 1032 4080 consecutum.
1066 4015 1250 4095 Quod
1282 4017 1630 4081 tenendum
1664 4023 1763 4080 est
1779 4023 2007 4081 contra
2038 4024 2635 4099 protestanteS,
2670 4016 3024 4080 secundum
3050 4030 3205 4097 quos

592 4123 982 4204 justificandi
1013 4131 1299 4204 possunt,
1349 4124 1479 4186 imo
1513 4123 1751 4188 debent
1784 4124 2044 4188 credere
2076 4124 2196 4187 sibi
2228 4125 2497 4189 remissa
2530 4142 2673 4188 esse
2705 4130 2995 4204 peccata.
3060 4120 3212 4184 Pro·

600 4230 789 4293 batur
820 4248 973 4293 vero
1009 4248 1087 4293 ex
1120 4229 1320 4294 Eccle.
1360 4235 1417 4306 9,
1460 4236 1524 4297 1:
1591 4230 1752 4293 Sunt
1792 4232 1953 4315 justi
1999 4239 2183 4314 atque
2226 4233 2555 4314 sapiente-3,
2588 4237 2643 4293 et
2676 4251 2865 4313 opera
2910 4249 3121 4294 eorum
3150 4228 3211 4288 in

600 4357 796 4400 manu
826 4336 986 4416 De2·‚·
1031 4345 1086 4400 et
1136 4344 1344 4401 tamen
1398 4345 1588 4402 nescit
1637 4340 1835 4422 home,
1887 4347 2099 4403 utrum
2154 4360 2364 4403 amore
2398 4360 2483 4403 an
2516 4342 2657 4403 odio
2690 4341 2917 4422 diynus
2948 4340 3064 4412 sit,·
3113 4331 3213 4416 qui

604 4452 819 4506 tamen
848 4443 1031 4507 locus
1063 4446 1342 4525 exegetis
1375 4445 1760 4526 quibusdam
1793 4465 1923 4509 non
1955 4446 2208 4509 videtur
2240 4447 2397 4510 satis
2431 4446 2688 4522 efficax;
2724 4466 2802 4510 ex
2831 4450 2884 4511 1.
2907 4444 3047 4508 Cor.
3068 4449 3123 4517 4,
3145 4444 3208 4505 4:

606 4548 778 4612 Nihil
806 4552 959 4613 mihi
991 4553 1268 4614 conscius
1299 4572 1459 4634 sum,
1491 4553 1596 4615 sed
1630 4575 1750 4616 non
1789 4556 1853 4615 in
1884 4553 2385 4636 hocjustificatus
2416 4574 2581 4618 sum.-
2616 4556 2721 4637 qui
2757 4549 3211 4634 autemJudicat

603 4675 698 4718 me
729 4656 1040 4720 Dominus
1070 4665 1197 4734 est‚·
1230 4656 1411 4722 Prov.
1447 4663 1550 4732 29,
1585 4663 1656 4726 9:
1704 4658 1861 4736 Quis
1880 4665 2086 4742 potest
2118 4659 2318 4722 dicere
2333 4685 2356 4726 .·
2404 4660 2703 4722 mundum
2741 4666 2828 4722 est
2861 4680 2967 4722 cor
2997 4670 3186 4719 meum
3192 4701 3211 4731 2

594 4784 804 4846 purus
834 4785 970 4827 sum
1005 4786 1046 4828 a
1069 4765 1374 4848 peccato?
1404 4764 1652 4844 Quibus
1685 4766 1914 4830 similia
1945 4766 2241 4846 leguntur
2270 4766 2408 4831 Job.
2432 4770 2491 4841 9,
2515 4773 2629 4842 203
2664 4766 2848 4829 Eccli.
2872 4770 2930 4843 5,
2953 4771 3011 4833 5.
3033 4801 3116 4813 --
3147 4759 3209 4821 ln
