3538 5364
1137 344 1528 399 Eucharistiae
1558 348 1908 399 momentum
1934 344 2267 415 practicum.
2881 352 2963 417 29
2970 352 3009 414 3

574 531 636 599 S.
668 528 912 593 Verum
944 528 1331 592 eucharistia
1361 545 1493 591 non
1523 526 1731 591 solum
1777 527 2226 609 compendium
2262 534 2325 591 et
2356 529 2652 610 repetitio
2686 538 2782 595 est
2815 531 3010 594 mira-

393 637 619 700 bilium
639 634 1121 711 incarnationis,
1144 635 1257 700 sed
1290 642 1357 699 et
1387 652 1673 698 summa
1705 651 2025 698 novorum
2045 634 2450 711 mirabilium,
2471 635 2701 718 quibus
2722 635 3011 701 Christus

397 763 585 806 suum
619 743 684 806 in
716 761 972 808 omnem
1005 749 1368 807 creaturam
1392 741 1745 806 dominium
1766 740 2062 817 ostendit,
2091 759 2280 816 ,nam
2302 748 2367 806 et
2386 742 2781 807 substantias
2799 751 3011 809 trans-

398 856 624 926 mutat,
660 855 724 914 et
755 847 1190 913 accidentibus
1224 848 1418 911 alium
1450 847 1716 912 modum
1748 847 2098 912 exsistendi
2129 847 2365 925 tribuit,
2388 856 2450 914 et
2471 851 2758 931 corporis
2777 851 3014 917 molem

399 956 483 1019 ad
517 955 994 1020 similitudinem
1025 955 1370 1036 spiritualis
1389 954 1792 1020 substantiae
1811 960 2218 1036 praesentem
2253 954 2444 1025 efficit
2462 957 2760 1039 idemque
2780 976 3014 1038 corpus

401 1065 464 1127 in
498 1063 688 1127 variis
722 1062 879 1127 locis
914 1063 1243 1127 constituit
1274 1069 1339 1127 et
1370 1062 1497 1127 alia
1528 1063 1759 1126 similia
1790 1069 2110 1143 operatur,
2163 1062 2392 1144 quibus
2425 1082 2495 1129 se
2528 1065 2863 1129 universae
2894 1083 3013 1129 na-

401 1179 580 1235 turae
625 1169 958 1234 dominum
1002 1169 1338 1234 declarat‘
1409 1170 1503 1234 Ita
1534 1167 1840 1236 Suarez
1886 1170 1922 1233 l.
1957 1188 2007 1233 c.
2043 1189 2094 1233 c.
2136 1176 2232 1239 16.
2266 1169 2353 1235 Cf.
2386 1170 2719 1235 Lessius
2752 1171 2787 1235 l.
2822 1191 2873 1235 c.
2908 1173 3014 1254 qui

395 1296 452 1340 c.
491 1283 572 1347 16
607 1277 925 1342 mirabilia
960 1282 1041 1346 12
1073 1284 1370 1342 numerat
1403 1279 1487 1362 (n.
1523 1279 1697 1365 348).

581 1436 726 1490 328.
757 1424 828 1492 9.
861 1426 1029 1485 Novo
1059 1425 1286 1484 lumine
1319 1425 1710 1485 eucharistiae
1744 1427 2110 1502 praestantia
2142 1427 2543 1503 perfunditur,
2591 1427 2639 1485 si
2686 1426 3014 1485 considera-

400 1534 535 1575 mus
566 1520 935 1574 momentum
966 1514 1292 1592 practicum
1312 1514 1495 1591 hujus
1515 1516 1786 1592 mysterii
1807 1535 1914 1593 pro
1932 1516 2208 1578 Ecclesia.
2257 1517 2409 1575 Nam
2437 1535 2543 1593 per
2571 1516 2722 1574 illud
2744 1515 3015 1574 Christus

388 1605 622 1682 jugiter
641 1622 782 1663 suae
801 1603 973 1663 adest
990 1603 1301 1673 Ecclesiae,
1322 1604 1665 1680 plenissime
1685 1605 1972 1681 adimplet
1991 1625 2166 1665 suum
2185 1606 2544 1683 promissum
2555 1605 2762 1663 Matth.
2781 1614 2881 1675 28,
2905 1614 2937 1667 2
2949 1618 3013 1668 0:

403 1696 543 1751 Ecce
589 1713 686 1769 eqo
730 1693 1016 1752 vobiscum
1058 1712 1188 1751 sum
1233 1694 1495 1752 omnibus
1525 1694 1725 1753 diebus
1755 1714 1933 1772 usque
1963 1697 2043 1754 ad
2078 1697 2624 1754 consummationem
2653 1696 2825 1753 seculi
2837 1715 2867 1764 ,·
2909 1713 3018 1772 per

401 1782 550 1841 inud
585 1783 647 1841 in
680 1782 942 1842 Ecclesia
980 1782 1133 1841 vivit
1177 1785 1240 1840 et
1283 1785 1580 1857 operatur,
1631 1783 2007 1860 singulisque
2053 1804 2113 1842 se
2156 1784 2402 1861 praebet
2446 1784 2878 1843 consolatorem
2925 1788 3016 1841 at-

401 1890 518 1948 que
547 1872 1000 1949 redemptorem,
1046 1875 1225 1947 caput
1255 1874 1315 1929 et
1346 1871 1544 1930 vitem.
1609 1872 1757 1931 Sane
1789 1872 2015 1949 triplici
2046 1873 2220 1933 modo
2249 1873 2389 1933 ’naec
2418 1872 2757 1949 praesentia
2786 1876 2848 1931 et
2878 1892 3017 1949 ope-

401 1961 558 2020 ratio
587 1960 899 2038 praecellit
930 1961 1322 2036 praesentiam
1356 1963 1417 2020 et
1447 1961 1876 2036 operationem,
1911 1981 2090 2036 quam
2123 1962 2390 2021 Christus
2424 1962 2558 2022 aliis
2589 1963 2654 2020 in
2686 1979 3017 2021 sacramen-

400 2050 479 2109 tis
513 2069 652 2109 suae
684 2049 922 2108 exhibet
951 2049 1260 2109 Ecclesiae.
1324 2048 1483 2108 Haec
1513 2049 1671 2108 enim
1702 2052 2039 2125 praesentia
2077 2051 2141 2110 in
2185 2052 2317 2110 aliis
2351 2052 2732 2111 sacramentis
2763 2054 2854 2110 est
2884 2054 3018 2110 tan-

398 2146 532 2198 tum
563 2134 701 2201 κατ’
734 2136 1048 2221 ἐνέργειαν,
1095 2138 1425 2198 secundum
1454 2139 1741 2199 virtutem
1788 2143 1849 2198 et
1894 2141 2325 2216 operationem:
2372 2141 2437 2199 in
2480 2140 2838 2199 eucharistia
2880 2134 3018 2203 κατ’

401 2223 605 2291 οὒσὶαν
635 2227 961 2287 secundum
981 2228 1298 2287 essentiam
1331 2233 1393 2286 et
1421 2229 1774 2304 personalis3
1808 2228 1870 2287 in
1904 2229 2035 2288 aliis
2056 2229 2438 2288 sacramentis
2469 2233 2560 2288 est
2591 2228 3014 2298 transienS,

402 2318 467 2376 in
498 2318 605 2377 hoc
636 2319 1000 2376 sacramento
1032 2335 1234 2393 perm
1252 2336 1443 2376 anen
1461 2335 1519 2387 s;
1552 2317 1617 2375 in
1649 2317 1771 2376 illis
1805 2318 1890 2376 ita
1920 2321 2012 2377 est
2042 2319 2354 2389 transiens,
2389 2321 2475 2393 ut,
2509 2318 2560 2378 si
2589 2319 3021 2395 poenitentiam

401 2408 672 2482 excipias,
724 2407 955 2465 semel
1004 2409 1236 2465 tantum
1283 2406 1380 2465 vel
1422 2407 1717 2466 rarissime
1762 2425 1893 2465 eam
1938 2407 2193 2485 singulis
2238 2407 2542 2477 exhibeat3
2607 2408 2671 2466 in
2722 2408 2830 2466 hoc
2878 2426 3018 2467 vero

404 2496 717 2571 quoties
755 2495 1050 2566 volumus,
1095 2496 1223 2572 ejus
1254 2496 1374 2555 frui
1406 2495 1548 2556 licet
1577 2496 1929 2571 praesentia.
1992 2497 2145 2556 Hinc
2176 2498 2354 2556 etiam
2386 2497 2648 2556 Ecclesia
2680 2514 2861 2555 sensu
2892 2497 3019 2572 ple-

402 2585 648 2644 nissimo
693 2589 786 2643 est
830 2583 1041 2643 domus
1086 2586 1212 2659 Dei,
1259 2587 1439 2660 atque
1483 2585 1546 2643 in
1593 2603 1660 2643 ea
1706 2604 1843 2644 vere
1887 2586 2297 2662 adimplentur
2340 2585 2519 2645 verba
2559 2595 2612 2648 2.
2647 2586 2772 2645 Gor.
2809 2595 2865 2655 6,
2908 2596 3017 2648 16:

419 2673 528 2734 Vos
559 2674 708 2734 eni-m
739 2676 872 2733 estis
902 2675 1171 2751 templum
1202 2674 1316 2733 Dei
1359 2675 1487 2751 vivi,
1535 2675 1681 2734 sicut
1713 2676 1852 2734 dicit
1884 2676 2080 2735 Deus.-
2134 2676 2416 2749 Quoniam
2447 2675 2780 2736 inhabitabo
2810 2676 2873 2734 in
2903 2676 3022 2733 illis

403 2772 456 2821 et
486 2765 849 2823 inambulabo
881 2766 1034 2822 inter
1064 2783 1175 2838 eos,
1223 2772 1271 2822 et
1317 2783 1413 2822 ero
1457 2765 1693 2822 illorum
1723 2765 1904 2841 Deus,
1953 2773 2004 2824 et
2046 2768 2161 2842 ipsi
2205 2773 2375 2825 erunt
2405 2767 2551 2824 mihi
2573 2767 2827 2842 populus
2858 2761 3020 2847 (Lev.

407 2864 506 2924 26,
562 2850 685 2933 12).
757 2853 883 2912 Hoc
927 2857 1364 2912 sacramentum
1409 2854 1587 2912 fontis
1633 2854 1828 2912 instar
1871 2859 1980 2926 est,
2028 2856 2133 2931 qui
2169 2856 2405 2933 jugiter
2448 2855 2659 2932 irrigat
2702 2855 3021 2914 Ecclesiam

402 2944 652 3003 reddens
685 2962 814 3001 eam
844 2942 1200 3018 paradisum.
1248 2943 1330 3001 Ex
1364 2961 1432 3000 ea
1463 2943 1623 3001 enim
1655 2947 1718 3002 et
1748 2946 2039 3020 martyres
2073 2963 2241 3003 suam
2279 2944 2569 3003 hauriunt
2587 2942 3018 3013 fortitudinem,

400 3035 464 3090 et
509 3032 770 3110 virgines
811 3032 1092 3107 puritatis
1123 3031 1522 3109 splendorem;
1571 3032 1699 3108 ipsa
1743 3032 2146 3093 confessorum
2175 3033 2371 3092 firmat
2402 3032 2815 3103 constantiam,
2863 3032 3023 3092 viro-

402 3140 538 3179 rum
569 3121 1033 3198 apostolicorum
1065 3121 1291 3194 animat
1320 3120 1529 3192 zelum,
1561 3121 1693 3196 ipsa
1723 3122 1993 3180 accendit
2024 3125 2117 3181 tot
2146 3123 2473 3181 animarum
2507 3122 2873 3182 heroicarum
2903 3121 3022 3180 fer-

402 3229 601 3270 vorem
633 3211 859 3285 alitque
891 3211 1337 3269 innumerorum
1369 3209 1636 3269 fidelium
1677 3210 1957 3285 pietatem
2002 3211 2334 3282 cordialem,
2381 3211 2766 3289 ingeniosam,
2814 3229 3021 3288 opero-

402 3319 542 3370 sam,
579 3300 739 3358 fovet
768 3318 974 3358 eorum
1005 3300 1190 3358 vitam
1223 3299 1767 3375 supernaturalem3
1818 3319 1951 3358 nam
2000 3299 2174 3359 fidem
2206 3301 2441 3372 excitat,
2490 3318 2655 3376 spem
2687 3301 3025 3360 corroborat

401 3388 788 3464 accenditque
820 3389 1128 3447 caritatem
1162 3388 1255 3466 (cf.
1290 3388 1572 3446 Suarez
1604 3388 1676 3447 de
1709 3389 1876 3448 euch.
1897 3388 1953 3446 d.
1976 3398 2055 3451 46
2081 3393 2223 3454 sect,
2249 3385 2331 3470 7).
2378 3389 2502 3448 Imo
2536 3392 2783 3468 propter
2810 3391 3023 3449 eucha-

403 3478 632 3537 ristiam
679 3478 939 3536 Ecclesia
987 3477 1251 3536 militans
1302 3477 1739 3552 quadamtenus
1791 3478 2110 3536 Ecclesiam
2161 3479 2497 3537 aemulatur
2544 3478 3024 3554 triumphantem.

407 3566 559 3635 ,Hic
605 3567 734 3636 tibi,
782 3566 985 3642 inquit
1028 3566 1631 3643 Chrysostomus
1675 3566 1831 3627 hom.
1869 3576 1948 3628 24
1984 3568 2046 3625 in
2090 3579 2139 3629 1.
2171 3567 2298 3630 Cor.
2327 3586 2386 3626 n.
2425 3578 2479 3638 5,
2526 3575 2748 3626 terram
2793 3569 3023 3627 coelum

401 3656 544 3713 facit
574 3656 684 3715 hoc
715 3656 1069 3730 mysterium
1103 3699 1115 3711 .
1150 3701 1162 3713 .
1196 3700 1209 3712 .
1242 3655 1402 3731 quod
1433 3656 1590 3714 enim
1624 3655 1750 3714 illic
1782 3655 2047 3715 omnium
2078 3657 2573 3732 pretiosissimum
2605 3659 2715 3726 est,
2763 3657 2871 3715 hoc
2910 3656 3025 3714 tibi

404 3745 468 3803 in
500 3747 656 3803 terra
678 3746 881 3820 jacens
913 3744 1268 3804 monstrabo.
1333 3744 1427 3804 Sic
1471 3745 1627 3803 enim
1677 3744 1738 3803 in
1784 3745 1966 3822 regia,
2017 3745 2175 3820 quod
2208 3745 2475 3805 omnium
2509 3745 3023 3821 magnificentissi-

403 3853 565 3892 mum
612 3838 722 3902 est,
769 3853 889 3893 non
935 3833 1092 3892 muri
1139 3837 1300 3903 sunt,
1347 3849 1467 3892 non
1512 3836 1739 3892 tectum
1783 3853 2047 3905 aureum,
2098 3834 2201 3893 sed
2248 3835 2482 3912 regium
2529 3852 2746 3910 corpus
2779 3834 2842 3892 in
2874 3834 3024 3893 solio

403 3922 643 3982 sedens:
679 3923 761 3981 sic
793 3927 854 3981 et
883 3923 948 3982 in
981 3923 1158 3982 coelis
1190 3922 1421 3999 regium
1446 3941 1674 3998 corpus».
1724 3922 1838 3982 Sed
1871 3924 1981 3982 hoc
2010 3942 2171 3982 nunc
2202 3924 2316 3982 tibi
2347 3924 2490 3982 licet
2521 3923 2584 3981 in
2615 3926 2774 3981 terra
2808 3923 3022 3986 videre.

404 4011 538 4070 Non
569 4011 723 4070 enim
755 4012 1013 4089 angelos,
1047 4030 1167 4070 non
1198 4011 1597 4088 archangelos,
1630 4030 1750 4070 non
1782 4012 1975 4072 coelos
2006 4014 2066 4071 et
2095 4013 2287 4072 coelos
2321 4013 2637 4082 coelorum,
2684 4011 2789 4071 sed
2820 4012 3017 4088 ipsum

400 4101 516 4158 tibi
548 4101 762 4160 horum
792 4101 1112 4159 Dominum
1143 4101 1406 4163 ostendo,
1457 4100 1755 4160 Vidistine
1786 4102 2081 4177 quomodo
2112 4102 2191 4172 id,
2227 4101 2387 4178 quod
2420 4103 2686 4160 omnium
2717 4101 3024 4177 pretiosis-

403 4190 623 4248 simum
655 4192 764 4259 est,
801 4190 864 4247 in
894 4193 1054 4248 terra
1085 4190 1405 4265 respicias?
1469 4189 1678 4265 Neque
1710 4189 1878 4249 vides
1907 4193 2163 4262 tantum,
2198 4192 2301 4250 sed
2332 4193 2393 4248 et
2423 4191 2654 4267 tangis;
2687 4208 2795 4249 nec
2825 4191 3024 4268 tangis

401 4281 661 4353 tantum,
713 4279 816 4338 sed
849 4281 910 4337 et
940 4279 1197 4338 comedis
1228 4282 1289 4338 et
1319 4297 1386 4337 eo
1419 4282 1655 4355 accepto
1689 4278 1929 4338 domum
1962 4280 2297 4339 reverteris.
2360 4280 2654 4356 Absterge
2698 4283 2760 4338 et
2803 4280 3027 4339 munda

403 4369 660 4426 animam
707 4371 769 4426 et
810 4386 1095 4444 praepara
1136 4370 1397 4427 mentem
1443 4368 1515 4426 ad
1561 4367 1775 4425 horum
1806 4369 2226 4444 mysteriorum
2258 4369 2711 4444 susceptionem.
2772 4369 2925 4427 Nam
2973 4370 3023 4427 si

404 4457 564 4532 regis
596 4456 756 4516 filius
788 4475 924 4515 cum
955 4459 1186 4528 ornatu,
1219 4476 1485 4533 purpura
1513 4459 1573 4515 et
1607 4455 1940 4515 diademate
1971 4457 2342 4517 concreditus
2361 4457 2476 4516 tibi
2496 4460 2654 4518 esset
2672 4459 3019 4535 gestandae,

401 4545 604 4604 omnia
634 4564 787 4621 quae
818 4548 963 4605 sunt
994 4547 1058 4605 in
1087 4550 1264 4616 terra,
1297 4545 1629 4622 abjecisses
1678 4546 1854 4604 Nunc
1872 4550 2072 4605 autem
2103 4565 2224 4605 non
2256 4546 2447 4605 filium
2478 4547 2656 4625 regis,
2690 4547 2791 4606 sed
2823 4547 3022 4623 ipsum

403 4635 512 4692 Dei
542 4633 763 4692 ffilium
793 4634 1085 4711 accipiens
1117 4654 1235 4694 non
1267 4635 1651 4707 exhorrescis,
1699 4634 1793 4693 dic
1822 4634 1987 4706 mihi,
2035 4638 2096 4693 et
2125 4654 2246 4694 non
2277 4655 2511 4695 omnem
2544 4637 2899 4696 secularium
2932 4656 3024 4694 re·

404 4742 540 4781 rum
570 4740 830 4781 amorem
862 4723 1110 4800 abjicis?
1156 4728 1307 4783 etc.‘
1373 4724 1601 4800 Duplex
1646 4726 1846 4782 tamen
1892 4727 1985 4782 est
2027 4724 2341 4784 discrimen
2372 4726 2533 4784 inter
2560 4725 2883 4784 Ecclesiam
2915 4726 3025 4782 tri-

408 4812 798 4889 umphantem
830 4816 890 4871 et
921 4812 1280 4872 militantem
1311 4813 1495 4872 relate
1527 4812 1601 4872 ad
1622 4812 1937 4884 Christum,
1970 4832 2146 4889 quem
2168 4817 2424 4890 utraque
2443 4813 2736 4889 possidet3
2771 4814 3024 4873 viatores
