3538 5364
542 321 677 386 524
1139 313 1324 369 Tract.
1350 315 1445 368 IX.
1472 314 1541 368 de
1569 314 1786 369 ordine.
1813 314 2013 384 Thesis
2041 315 2242 370 OCLV.
2269 314 2568 371 Ordinatio

545 492 822 578 impulsu
873 501 937 560 et
983 493 1408 559 illustratione
1458 494 1534 558 cf.
1573 499 1625 569 1,
1662 496 1773 580 18)
1823 516 1963 559 cum
2010 498 2398 580 impositione
2445 515 2752 570 manuum
2782 497 3164 582 presbyterii

543 603 579 668 i.
614 621 666 667 e.
697 600 799 667 vel
831 601 1131 683 episcopi,
1163 608 1236 666 ut
1266 601 1454 667 fieres
1486 601 1840 683 presbyter,
1886 602 1987 667 vel
2032 622 2180 667 cum
2211 603 2619 684 impositione
2651 621 2958 668 manuum
2990 603 3164 679 cleri,

540 709 636 773 ita
649 715 885 786 tamen,
902 709 1370 790 utpraecipuas
1393 714 1611 790 partes
1629 707 1927 773 habuerit
1954 710 2090 791 ipse
2105 708 2361 786 Paulus
2394 716 2467 774 ut
2480 716 2659 792 patet
2674 730 2752 776 ex
2763 715 2823 779 2.
2839 710 3075 788 Timsl,
3091 716 3165 780 6:

541 816 859 879 Admoneo
896 823 972 896 te,
1008 822 1076 878 ut
1108 817 1431 880 resuscites
1457 816 1741 897 qratiam
1777 816 1867 902 (τὸ
1900 816 2198 905 χάρισμα)
2232 815 2376 900 Dei,
2408 838 2566 902 quae
2596 823 2684 881 est
2716 819 2783 880 in
2815 824 2871 880 te
2895 838 3016 902 per
3046 820 3166 880 im-

534 922 904 1006 positionem
937 941 1240 986 manuum
1273 942 1573 990 mearum.

722 1050 1006 1119 Quamvis
1038 1055 1237 1110 autem
1269 1055 1540 1135 χάριςμα
1570 1051 1881 1128 designare
1913 1050 2099 1109 soleat
2127 1051 2382 1127 gratiam
2412 1053 2598 1128 gratis
2644 1052 2863 1132 datam,
2912 1052 3167 1112 subinde

541 1143 741 1198 tamen
774 1140 1071 1217 significat
1101 1140 1282 1199 etiam
1313 1142 1565 1217 gratiam
1597 1143 1839 1217 gratum
1870 1140 2200 1210 facientem,
2248 1142 2319 1198 ut
2364 1143 2530 1215 patet
2573 1160 2643 1200 ex
2695 1153 2749 1203 1.
2782 1142 2907 1201 Cor.
2946 1151 3044 1211 12,
3083 1152 3158 1205 31

541 1228 650 1286 col.
690 1239 787 1315 13ζ
832 1240 895 1298 1;
944 1230 1105 1288 Rom.
1143 1240 1198 1297 5,
1240 1239 1349 1300 153
1397 1232 1459 1288 et
1503 1229 1600 1287 hic
1643 1247 1850 1287 revera
1883 1228 2206 1305 Apostolus
2253 1247 2321 1288 eo
2366 1230 2605 1289 nomine
2650 1216 3165 1307 hffii'ffc'at:

543 1318 685 1376 haec
716 1336 874 1376 emm
907 1336 970 1375 so
999 1337 1029 1376 e
1088 1337 1206 1394 neg
1232 1317 1315 1395 igi
1348 1320 1556 1393 estque
1588 1337 1656 1376 ex
1688 1320 1858 1393 parte
1877 1318 2151 1392 Apostoli
2169 1317 2596 1377 exhortationis
2627 1319 2857 1377 thema:
2891 1338 2958 1377 ea
2977 1320 3166 1394 aptis·

545 1406 694 1465 sime
726 1407 1078 1483 designatur
1107 1407 1266 1483 ignis
1300 1407 1589 1483 symbolo,
1622 1426 1741 1483 quo
1775 1407 1871 1465 hic
1900 1406 2098 1465 utitur
2127 1424 2247 1466 non
2280 1407 2529 1466 obscure
2560 1408 2785 1467 Paulus
2820 1405 3164 1486 (ἀναζωπυ-

544 1504 686 1577 ρεῖν,
733 1495 896 1570 quod
941 1496 1298 1554 vocabulum
1332 1497 1660 1554 secundum
1707 1496 2121 1572 origenem
2151 1496 2305 1558 hom.
2346 1506 2420 1559 15
2457 1497 2521 1554 in
2555 1497 2696 1558 Gen.
2727 1517 2784 1555 n.
2821 1506 2854 1559 2
2890 1515 3009 1556 non
3042 1501 3167 1555 tam

543 1585 888 1643 resuscitari
907 1604 1087 1659 quam
1106 1585 1429 1655 reaccendi,
1464 1589 1535 1643 ut
1555 1585 1638 1643 ita
1657 1584 1866 1655 dicam,
1901 1584 2197 1662 significat
2228 1595 2289 1643 et
2319 1585 2623 1662 reigniri);
2656 1605 2725 1644 ea
2742 1586 3164 1662 complectitur

545 1672 829 1749 spiritum
862 1672 1123 1745 virtutis,
1171 1673 1528 1745 dilectionis,
1577 1673 1937 1745 sobrietatiS,
1985 1674 2056 1733 de
2101 1693 2219 1749 quo
2251 1692 2386 1732 mox
2419 1675 2688 1752 loquitur
2722 1684 2776 1736 2.
2810 1675 2957 1734 Tim.
2998 1686 3052 1743 1,
3092 1686 3167 1744 ’ἴς

539 1763 664 1819 imo
696 1762 790 1820 hic
821 1767 1031 1838 aptum
1051 1762 1291 1821 omnino
1325 1765 1416 1821 est
1448 1763 1820 1834 vocabulum,
1854 1782 1988 1821 nam
2009 1763 2399 1822 ordinationis
2432 1764 2554 1822 ritu
2587 1764 2891 1823 confertur
2920 1763 3166 1840 quidem

546 1850 743 1927 gratia
773 1853 1011 1927 gratum
1042 1851 1303 1921 facienS‚.
1329 1851 1429 1909 sed
1479 1851 1759 1926 primario
1804 1852 1997 1927 gratia
2038 1852 2224 1928 gratis
2257 1852 2412 1921 data,
2447 1856 2710 1927 potestas
2745 1853 2868 1915 scil.
2901 1851 3166 1912 sacerdo-

541 1939 703 1997 talis,
753 1940 1028 1999 Ceterum
1060 1958 1448 2015 quaecunque
1481 1940 1716 1998 demum
1751 1941 2100 2017 designetur
2130 1941 2337 2017 gratia,
2370 1944 2571 2000 textus
2603 1942 2664 2000 hi
2697 1961 2929 2018 semper
2958 1942 3167 2000 adver-

542 2033 753 2087 santur
782 2029 1284 2105 protestantibus:
1329 2029 1584 2104 probant
1629 2029 1788 2087 enim
1833 2029 2227 2088 ordinationis
2264 2031 2450 2088 ritum
2483 2032 2710 2106 gratiae
2741 2031 2996 2106 alicujus
3041 2048 3166 2089 esse

542 2117 859 2188 efficacem,
891 2118 1143 2193 ideoque
1175 2118 1579 2177 institutionis
1611 2117 1863 2187 divinae,
1899 2119 2060 2195 quod
2090 2119 2207 2194 ipsi
2230 2119 2477 2196 negant.

729 2242 780 2304 1.
813 2237 969 2300 Tim.
1003 2243 1063 2313 5,
1097 2242 1214 2306 22:
1277 2236 1515 2302 Manus
1546 2240 1664 2302 cito
1696 2241 1930 2302 nemini
1960 2241 2351 2322 imposueris,
2399 2260 2591 2324 neque
2621 2240 3167 2303 communicaveris

540 2346 810 2427 peccatis
843 2345 1063 2409 alienis
1095 2345 1474 2430 (secundum
1510 2345 1741 2409 Christi
1772 2345 2153 2409 mandatum
2182 2345 2402 2409 Matth.
2440 2352 2495 2422 7,
2529 2347 2617 2431 6),
2651 2364 2818 2428 quae
2850 2350 3033 2411 certo
3067 2345 3163 2408 in-

546 2451 741 2532 telligi
772 2457 1100 2533 nequeunt
1132 2452 1211 2515 de
1244 2469 1553 2515 manuum
1585 2452 1994 2533 impositione
2027 2453 2161 2516 sive
2194 2453 2276 2516 ad
2310 2452 2626 2516 orandum
2672 2453 2807 2518 sive
2854 2450 2935 2515 ad
2970 2453 3161 2516 mira-

546 2559 691 2621 cula
722 2559 1072 2639 patranda:
1104 2567 1335 2624 neutra
1368 2561 1539 2625 enim
1571 2560 1713 2643 quis
1746 2561 2183 2625 communicat
2200 2562 2484 2641 peccatis
2516 2561 2772 2636 alienis;
2807 2578 3018 2642 neque
3036 2560 3160 2624 ulla

542 2673 644 2730 est
676 2665 860 2742 rati0,
893 2672 964 2731 ut
995 2666 1431 2749 intelligantur
1462 2668 1541 2732 de
1574 2687 1884 2733 manuum
1930 2668 2339 2751 impositione
2385 2666 2894 2733 confirmatoria:
2939 2667 3057 2734 sed
3091 2685 3163 2733 ea

543 2773 624 2837 de
654 2774 1064 2854 impositione
1097 2776 1311 2855 magni
1342 2776 1651 2839 momenti
1702 2777 1906 2857 accipi
1955 2776 2208 2853 debent,
2255 2793 2403 2839 cum
2447 2776 2612 2839 adeo
2663 2773 2925 2856 provide
2955 2775 3040 2838 sit
3069 2774 3162 2837 fa-

540 2879 776 2944 cienda
807 2888 872 2943 et
902 2888 1154 2944 tantum
1187 2881 1498 2943 damnum
1529 2888 1842 2962 sequatur
1873 2880 2225 2961 improvide
2257 2879 2512 2957 factam,
2562 2880 2693 2943 scil.
2742 2880 2823 2944 de
2854 2896 3163 2943 manuum

545 2987 970 3067 impositione,
1019 3005 1149 3068 qua
1193 2988 1336 3068 quis
1384 2985 1819 3050 constituatur
1862 2986 2142 3051 fidelium
2196 2992 2420 3069 pastor
2451 3005 2528 3051 ac
2561 2987 2880 3066 magister.
2942 2985 3037 3049 Ex
3068 2985 3163 3048 his

549 3090 921 3174 Scripturae
944 3094 1324 3157 testimoniis
1340 3093 1693 3173 colligimus
1714 3113 1779 3162 a.
1804 3112 2111 3157 manuum
2131 3094 2555 3175 impositione,
2589 3094 2738 3156 hinc
2770 3093 2894 3156 ritu
2914 3091 3161 3168 visibili,

543 3199 847 3263 constitui
868 3198 1189 3263 Ecclesiae
1222 3200 1582 3274 ministros;
1617 3207 1680 3264 et
1712 3200 1969 3283 quidem
2000 3202 2069 3270 b.
2103 3218 2412 3264 manuum
2430 3200 2856 3281 impositione,
2879 3218 3048 3282 quae
3068 3200 3161 3262 di-

548 3306 909 3385 stinguatur
941 3306 1024 3369 ab
1057 3323 1154 3382 ea,
1187 3324 1353 3388 quae
1385 3306 1456 3370 fit
1488 3306 1572 3369 ad
1604 3308 1964 3371 orationem
2012 3308 2115 3372 vel
2164 3306 2721 3372 confirmationem
2753 3306 2855 3370 vel
2887 3307 3161 3370 miracu-

547 3414 756 3475 lorum
788 3412 1152 3488 editionem,
1198 3431 1492 3494 quaeque
1525 3432 1583 3483 c.
1618 3412 1844 3479 efficax
1877 3415 1960 3477 sit
1990 3414 2267 3495 gratiam
2315 3431 2444 3495 qua
2475 3412 2647 3476 facta
2678 3413 2750 3480 d.
2786 3411 3069 3494 episcopi
3100 3419 3162 3476 et

546 3518 901 3600 presbyteri
946 3520 1193 3584 censeri
1240 3539 1316 3584 eo
1365 3520 1505 3600 ipso
1554 3519 1793 3585 debent
1838 3522 2029 3602 positi
2069 3539 2110 3585 a
2142 3518 2380 3602 Spiritu
2427 3526 2653 3583 sancto
2701 3520 2784 3583 ad
2814 3518 3162 3600 regendam

546 3624 899 3689 Ecclesiam
931 3626 1061 3702 Dei,
1096 3633 1160 3691 et
1191 3643 1232 3689 a
1265 3624 1518 3689 Christo
1553 3626 1827 3690 Domino
1861 3627 1992 3690 dati
2037 3636 2332 3708 pastores
2366 3625 2708 3703 Ecclesiae,
2753 3635 2824 3689 ut
2854 3626 3055 3707 liquet
3085 3644 3160 3690 ex

547 3732 685 3795 Act.
721 3736 825 3807 20,
864 3738 940 3801 18
975 3739 1040 3797 et
1070 3732 1222 3813 Eph.
1257 3737 1318 3807 4,
1354 3738 1392 3800 8
1428 3754 1475 3796 S.
1539 3732 1705 3796 Nihil
1737 3750 1890 3814 ergo
1921 3734 2103 3799 deest
2134 3734 2281 3797 ritui
2311 3731 2418 3809 illi,
2451 3752 2579 3815 quo
2613 3731 2866 3796 Christo
2900 3741 3162 3797 auctore

549 3840 821 3902 ministri
851 3838 1173 3903 Ecclesiae
1207 3839 1701 3916 constituuntur,
1724 3839 1808 3903 ad
1830 3840 2147 3904 rationem
2166 3837 2571 3913 sacramenti,
2591 3838 2714 3901 nisi
2734 3836 2897 3903 forte
2917 3838 3164 3903 dicatur

545 3946 605 4008 ei
639 3946 863 4010 deesse
895 3946 1378 4021 institutionem,
1413 3952 1484 4009 ut
1515 3946 1580 4008 in
1612 3953 1992 4028 perpetuum
2024 3953 2381 4028 usurpetur.
2414 3945 2611 4027 Atqui
2635 3963 2846 4028 neque
2865 3946 3031 4010 haec
3052 3945 3161 4009 de-

545 4059 663 4126 est,
696 4057 768 4115 ut
799 4052 1043 4133 patebit
1076 4069 1154 4115 ex
1188 4070 1340 4114 mox
1373 4052 1674 4117 dicendis,
1740 4052 1828 4116 Cf.
1861 4049 2190 4116 Oswald
2222 4072 2278 4133 p.
2316 4058 2350 4121 7
2387 4054 2422 4137 ἓ
2456 4057 2515 4121 2.

728 4181 874 4246 550.
905 4178 970 4246 2.
1003 4176 1323 4240 Probatur
1375 4196 1452 4241 ex
1487 4177 1869 4253 traditione,
1924 4196 2002 4242 ex
2047 4179 2241 4241 variis
2295 4178 2426 4241 scil.
2460 4177 2796 4242 doctrinae
2828 4176 3163 4257 capitibuS,

547 4301 716 4364 quae
748 4290 1118 4348 statuuntur
1151 4303 1190 4347 a
1223 4284 1530 4365 patribus.
1594 4284 1841 4349 Docent
1871 4305 1935 4353 a.
1971 4286 2095 4349 ritu
2128 4283 2251 4349 hoc
2284 4285 2555 4350 conferri
2587 4284 2878 4365 gratiam.

727 4414 819 4472 Ita
851 4433 892 4471 S.
925 4415 1446 4474 Innocentius
1480 4417 1523 4477 Ι.
1557 4434 1644 4491 ep.
1681 4425 1760 4477 24
1798 4416 1872 4474 ad
1902 4417 2066 4477 Alex.
2097 4435 2155 4477 n.
2190 4427 2261 4478 4:
2312 4416 2475 4483 ,Nec
2508 4414 2646 4472 dare
2679 4413 2941 4489 Spiritus
2976 4413 3165 4488 pleni-

549 4501 824 4560 tudinem
869 4508 1118 4577 possunt
1166 4501 1517 4584 (haeretici),
1568 4524 1718 4580 quae
1766 4506 2019 4564 maxime
2067 4504 2129 4563 in
2179 4503 2652 4563 ordinationibus
2699 4505 3044 4577 operatur.‘
3082 4536 3159 4544 —

550 4592 977 4667 Gregorius
1011 4612 1188 4669 nyss,
1224 4594 1326 4667 qui
1362 4594 1422 4650 in
1457 4612 1536 4652 or.
1572 4596 1634 4652 in
1667 4594 1825 4671 bapt.
1860 4594 1988 4653 Chr.
2022 4594 2163 4653 haec
2192 4594 2429 4670 egregia
2464 4593 2668 4651 habet:
2706 4591 2967 4660 ,Eadem
2999 4592 3163 4651 verbi

526 4674 642 4747 Iris
675 4681 855 4738 etiam
886 4682 1244 4740 sacerdotem
1278 4688 1601 4759 augustum
1647 4689 1707 4741 et
1752 4682 2158 4742 honorandum
2206 4682 2344 4739 facit
2373 4682 2639 4740 novitate
2670 4680 3102 4739 benedictionis
3134 4700 3166 4738 a

515 4752 977 4851 'communitate
1009 4771 1174 4845 vulgi
1208 4776 1563 4845 separatum.
1626 4773 1769 4830 Cum
1802 4773 1957 4831 enim
1992 4775 2165 4831 antea
2194 4789 2351 4830 unus
2398 4790 2429 4829 e
2472 4770 2862 4829 multitudine
2894 4788 2962 4829 ac
2992 4770 3164 4846 plebe
