<?xml version="1.0" encoding="UTF-8"?>
<!DOCTYPE html PUBLIC "-//W3C//DTD XHTML 1.0 Transitional//EN"
    "http://www.w3.org/TR/xhtml1/DTD/xhtml1-transitional.dtd">
<html xmlns="http://www.w3.org/1999/xhtml" xml:lang="en" lang="en">
 <head>
  <title>
</title>
<meta http-equiv="Content-Type" content="text/html;charset=utf-8" />
  <meta name='ocr-system' content='tesseract 3.04.00' />
  <meta name='ocr-capabilities' content='ocr_page ocr_carea ocr_par ocr_line ocrx_word'/>
</head>
<body>
  <div class='ocr_page' id='page_1' title='image "./theologiaedogma00hurtgoog_0377.png"; bbox 0 0 3538 5364; ppageno 0'>
   <div class='ocr_carea' id='block_1_1' title="bbox 1334 335 3009 410">
    <p class='ocr_par' dir='ltr' id='par_1_1' title="bbox 1334 335 3009 410">
     <span class='ocr_line' id='line_1_1' title="bbox 1334 335 3009 410; baseline 0.008 -21"><span class='ocrx_word' id='word_1_1' title='bbox 1334 336 1404 389; x_wconf 93' lang='lat' dir='ltr'>de</span> <span class='ocrx_word' id='word_1_2' title='bbox 1431 335 1776 391; x_wconf 78' lang='lat' dir='ltr'><strong>eucharistia</strong></span> <span class='ocrx_word' id='word_1_3' title='bbox 1800 337 2049 407; x_wconf 83' lang='lat' dir='ltr'>regulae.</span> <span class='ocrx_word' id='word_1_4' title='bbox 2878 346 3009 410; x_wconf 82' lang='lat'>365</span> 
     </span>
    </p>
   </div>
   <div class='ocr_carea' id='block_1_2' title="bbox 386 516 3011 1241">
    <p class='ocr_par' dir='ltr' id='par_1_2' title="bbox 386 516 3011 1241">
     <span class='ocr_line' id='line_1_2' title="bbox 390 516 3003 600; baseline 0.001 -19"><span class='ocrx_word' id='word_1_5' title='bbox 390 525 542 583; x_wconf 89' lang='lat' dir='ltr'>sunt</span> <span class='ocrx_word' id='word_1_6' title='bbox 572 517 982 598; x_wconf 83' lang='lat' dir='ltr'>usurpandae</span> <span class='ocrx_word' id='word_1_7' title='bbox 1014 516 1340 593; x_wconf 89' lang='lat' dir='ltr'>formulae,</span> <span class='ocrx_word' id='word_1_8' title='bbox 1375 536 1541 600; x_wconf 89' lang='lat' dir='ltr'>quae</span> <span class='ocrx_word' id='word_1_9' title='bbox 1573 518 1867 600; x_wconf 88' lang='lat' dir='ltr'>quamvis</span> <span class='ocrx_word' id='word_1_10' title='bbox 1899 517 2194 582; x_wconf 90' lang='lat' dir='ltr'>absolute</span> <span class='ocrx_word' id='word_1_11' title='bbox 2216 537 2424 595; x_wconf 91' lang='lat' dir='ltr'>verae,</span> <span class='ocrx_word' id='word_1_12' title='bbox 2445 527 2706 600; x_wconf 86' lang='lat' dir='ltr'>propter</span> <span class='ocrx_word' id='word_1_13' title='bbox 2730 520 3003 583; x_wconf 89' lang='lat' dir='ltr'>abusum</span> 
     </span>
     <span class='ocr_line' id='line_1_3' title="bbox 390 624 3011 707; baseline 0.001 -19"><span class='ocrx_word' id='word_1_14' title='bbox 390 625 857 691; x_wconf 86' lang='lat' dir='ltr'>haereticorum</span> <span class='ocrx_word' id='word_1_15' title='bbox 892 624 1180 689; x_wconf 83' lang='lat' dir='ltr'>redditae</span> <span class='ocrx_word' id='word_1_16' title='bbox 1211 630 1362 689; x_wconf 85' lang='lat' dir='ltr'>sunt</span> <span class='ocrx_word' id='word_1_17' title='bbox 1391 632 1747 707; x_wconf 81' lang='lat' dir='ltr'>suspectae,</span> <span class='ocrx_word' id='word_1_18' title='bbox 1779 625 1881 689; x_wconf 87' lang='lat' dir='ltr'>vel</span> <span class='ocrx_word' id='word_1_19' title='bbox 1913 632 2172 707; x_wconf 88' lang='lat' dir='ltr'>propter</span> <span class='ocrx_word' id='word_1_20' title='bbox 2217 644 2349 689; x_wconf 91' lang='lat' dir='ltr'>non</span> <span class='ocrx_word' id='word_1_21' title='bbox 2395 645 2584 689; x_wconf 91' lang='lat' dir='ltr'>usum</span> <span class='ocrx_word' id='word_1_22' title='bbox 2615 634 2767 690; x_wconf 90' lang='lat' dir='ltr'>sunt</span> <span class='ocrx_word' id='word_1_23' title='bbox 2797 644 3011 690; x_wconf 90' lang='lat' dir='ltr'>novae</span> 
     </span>
     <span class='ocr_line' id='line_1_4' title="bbox 392 732 3005 814; baseline -0.002 -15"><span class='ocrx_word' id='word_1_24' title='bbox 392 740 456 799; x_wconf 88' lang='lat' dir='ltr'>et</span> <span class='ocrx_word' id='word_1_25' title='bbox 487 732 800 809; x_wconf 81' lang='lat' dir='ltr'>insolitae,</span> <span class='ocrx_word' id='word_1_26' title='bbox 832 732 932 796; x_wconf 87' lang='lat' dir='ltr'>vel</span> <span class='ocrx_word' id='word_1_27' title='bbox 964 738 1225 813; x_wconf 89' lang='lat' dir='ltr'>propter</span> <span class='ocrx_word' id='word_1_28' title='bbox 1256 732 1743 813; x_wconf 83' lang='lat' dir='ltr'>ambiguitatem</span> <span class='ocrx_word' id='word_1_29' title='bbox 1794 733 2001 798; x_wconf 89' lang='lat' dir='ltr'>errori</span> <span class='ocrx_word' id='word_1_30' title='bbox 2050 740 2321 814; x_wconf 83' lang='lat' dir='ltr'>possunt</span> <span class='ocrx_word' id='word_1_31' title='bbox 2371 732 2528 797; x_wconf 91' lang='lat' dir='ltr'>dare</span> <span class='ocrx_word' id='word_1_32' title='bbox 2579 732 3005 798; x_wconf 79' lang='lat' dir='ltr'>occasionem.</span> 
     </span>
     <span class='ocr_line' id='line_1_5' title="bbox 388 839 3010 922; baseline 0 -20"><span class='ocrx_word' id='word_1_33' title='bbox 388 839 714 922; x_wconf 88' lang='lat' dir='ltr'>Ejusmodi</span> <span class='ocrx_word' id='word_1_34' title='bbox 746 858 841 905; x_wconf 83' lang='lat' dir='ltr'>ex.</span> <span class='ocrx_word' id='word_1_35' title='bbox 877 858 966 919; x_wconf 83' lang='lat' dir='ltr'>gr.</span> <span class='ocrx_word' id='word_1_36' title='bbox 1000 845 1179 904; x_wconf 89' lang='lat' dir='ltr'>sunt:</span> <span class='ocrx_word' id='word_1_37' title='bbox 1213 840 1667 904; x_wconf 87' lang='lat' dir='ltr'>eucharistiam</span> <span class='ocrx_word' id='word_1_38' title='bbox 1698 858 1841 904; x_wconf 90' lang='lat' dir='ltr'>esse</span> <span class='ocrx_word' id='word_1_39' title='bbox 1872 839 2145 920; x_wconf 86' lang='lat' dir='ltr'>figuram</span> <span class='ocrx_word' id='word_1_40' title='bbox 2167 840 2456 921; x_wconf 88' lang='lat' dir='ltr'>corporis</span> <span class='ocrx_word' id='word_1_41' title='bbox 2478 839 2741 915; x_wconf 81' lang='lat' dir='ltr'>Christi3</span> <span class='ocrx_word' id='word_1_42' title='bbox 2774 858 3010 921; x_wconf 90' lang='lat' dir='ltr'>corpus</span> 
     </span>
     <span class='ocr_line' id='line_1_6' title="bbox 389 945 3006 1028; baseline 0 -17"><span class='ocrx_word' id='word_1_43' title='bbox 389 946 622 1011; x_wconf 86' lang='lat' dir='ltr'>Christi</span> <span class='ocrx_word' id='word_1_44' title='bbox 653 947 719 1010; x_wconf 94' lang='lat' dir='ltr'>in</span> <span class='ocrx_word' id='word_1_45' title='bbox 751 946 1143 1011; x_wconf 86' lang='lat' dir='ltr'>eucharistia</span> <span class='ocrx_word' id='word_1_46' title='bbox 1176 947 1554 1011; x_wconf 89' lang='lat' dir='ltr'>manducari</span> <span class='ocrx_word' id='word_1_47' title='bbox 1585 948 2023 1028; x_wconf 80' lang='lat' dir='ltr'>corporaliter,</span> <span class='ocrx_word' id='word_1_48' title='bbox 2073 958 2215 1011; x_wconf 85' lang='lat' dir='ltr'>esse</span> <span class='ocrx_word' id='word_1_49' title='bbox 2248 954 2312 1011; x_wconf 89' lang='lat' dir='ltr'>et</span> <span class='ocrx_word' id='word_1_50' title='bbox 2341 945 2628 1011; x_wconf 82' lang='lat' dir='ltr'>exhiberi</span> <span class='ocrx_word' id='word_1_51' title='bbox 2659 947 3006 1027; x_wconf 87' lang='lat' dir='ltr'>spirituali·</span> 
     </span>
     <span class='ocr_line' id='line_1_7' title="bbox 386 1053 3007 1136; baseline 0 -19"><span class='ocrx_word' id='word_1_52' title='bbox 386 1060 488 1118; x_wconf 89' lang='lat' dir='ltr'>ter</span> <span class='ocrx_word' id='word_1_53' title='bbox 519 1059 636 1118; x_wconf 87' lang='lat' dir='ltr'>etc.</span> <span class='ocrx_word' id='word_1_54' title='bbox 670 1053 743 1117; x_wconf 86' lang='lat' dir='ltr'>cf.</span> <span class='ocrx_word' id='word_1_55' title='bbox 776 1074 822 1116; x_wconf 92' lang='lat' dir='ltr'>s.</span> <span class='ocrx_word' id='word_1_56' title='bbox 857 1053 1205 1117; x_wconf 88' lang='lat' dir='ltr'>Thomas</span> <span class='ocrx_word' id='word_1_57' title='bbox 1239 1057 1295 1121; x_wconf 88' lang='lat'>3.</span> <span class='ocrx_word' id='word_1_58' title='bbox 1329 1073 1386 1134; x_wconf 91' lang='lat' dir='ltr'>p.</span> <span class='ocrx_word' id='word_1_59' title='bbox 1421 1074 1478 1136; x_wconf 88' lang='lat' dir='ltr'>q.</span> <span class='ocrx_word' id='word_1_60' title='bbox 1515 1060 1599 1122; x_wconf 80' lang='lat'>75</span> <span class='ocrx_word' id='word_1_61' title='bbox 1632 1072 1688 1117; x_wconf 89' lang='lat' dir='ltr'>a.</span> <span class='ocrx_word' id='word_1_62' title='bbox 1723 1060 1782 1123; x_wconf 87' lang='lat'>8.</span> <span class='ocrx_word' id='word_1_63' title='bbox 1846 1053 2108 1118; x_wconf 86' lang='lat' dir='ltr'>Praeter</span> <span class='ocrx_word' id='word_1_64' title='bbox 2154 1054 2321 1118; x_wconf 91' lang='lat' dir='ltr'>hanc</span> <span class='ocrx_word' id='word_1_65' title='bbox 2352 1053 2637 1134; x_wconf 85' lang='lat' dir='ltr'>regulam</span> <span class='ocrx_word' id='word_1_66' title='bbox 2670 1072 3007 1133; x_wconf 82' lang='lat' dir='ltr'>genera-</span> 
     </span>
     <span class='ocr_line' id='line_1_8' title="bbox 386 1148 1892 1241; baseline 0 -18"><span class='ocrx_word' id='word_1_67' title='bbox 386 1161 539 1224; x_wconf 88' lang='lat' dir='ltr'>lem</span> <span class='ocrx_word' id='word_1_68' title='bbox 570 1160 904 1241; x_wconf 87' lang='lat' dir='ltr'>speciatim</span> <span class='ocrx_word' id='word_1_69' title='bbox 936 1166 1275 1225; x_wconf 88' lang='lat' dir='ltr'>notentur:</span> <span class='ocrx_word' id='word_1_70' title='bbox 1889 1148 1892 1151; x_wconf 41' lang='grc'>“</span> 
     </span>
    </p>
   </div>
   <div class='ocr_carea' id='block_1_3' title="bbox 384 1269 3008 2330">
    <p class='ocr_par' dir='ltr' id='par_1_3' title="bbox 384 1269 3008 2330">
     <span class='ocr_line' id='line_1_9' title="bbox 564 1269 3006 1366; baseline -0.002 -14"><span class='ocrx_word' id='word_1_71' title='bbox 564 1287 628 1352; x_wconf 74' lang='grc'>2.</span> <span class='ocrx_word' id='word_1_72' title='bbox 675 1290 759 1348; x_wconf 85' lang='lat' dir='ltr'>Eo</span> <span class='ocrx_word' id='word_1_73' title='bbox 806 1269 957 1365; x_wconf 84' lang='lat' dir='ltr'>ipsc,</span> <span class='ocrx_word' id='word_1_74' title='bbox 1008 1290 1167 1366; x_wconf 92' lang='lat' dir='ltr'>quod</span> <span class='ocrx_word' id='word_1_75' title='bbox 1213 1290 1475 1349; x_wconf 89' lang='lat' dir='ltr'>modus</span> <span class='ocrx_word' id='word_1_76' title='bbox 1519 1293 1757 1348; x_wconf 82' lang='lat' dir='ltr'>tantum</span> <span class='ocrx_word' id='word_1_77' title='bbox 1791 1290 2111 1349; x_wconf 86' lang='lat' dir='ltr'>exsistendi</span> <span class='ocrx_word' id='word_1_78' title='bbox 2143 1290 2360 1349; x_wconf 82' lang='lat' dir='ltr'>Christi</span> <span class='ocrx_word' id='word_1_79' title='bbox 2407 1291 2469 1349; x_wconf 89' lang='lat' dir='ltr'>in</span> <span class='ocrx_word' id='word_1_80' title='bbox 2514 1290 2870 1350; x_wconf 83' lang='lat' dir='ltr'>eucharistia</span> <span class='ocrx_word' id='word_1_81' title='bbox 2913 1296 3006 1350; x_wconf 88' lang='lat' dir='ltr'>est</span> 
     </span>
     <span class='ocr_line' id='line_1_10' title="bbox 387 1378 3008 1456; baseline 0.001 -20"><span class='ocrx_word' id='word_1_82' title='bbox 387 1379 559 1449; x_wconf 83' lang='lat' dir='ltr'>alius,</span> <span class='ocrx_word' id='word_1_83' title='bbox 594 1378 871 1454; x_wconf 89' lang='lat' dir='ltr'>sequitur</span> <span class='ocrx_word' id='word_1_84' title='bbox 901 1380 1142 1439; x_wconf 90' lang='lat' dir='ltr'>nomina</span> <span class='ocrx_word' id='word_1_85' title='bbox 1160 1379 1532 1438; x_wconf 86' lang='lat' dir='ltr'>substantiva</span> <span class='ocrx_word' id='word_1_86' title='bbox 1562 1382 1624 1438; x_wconf 89' lang='lat' dir='ltr'>et</span> <span class='ocrx_word' id='word_1_87' title='bbox 1653 1378 1959 1456; x_wconf 84' lang='lat' dir='ltr'>adjectiva,</span> <span class='ocrx_word' id='word_1_88' title='bbox 1994 1398 2144 1455; x_wconf 88' lang='lat' dir='ltr'>quae</span> <span class='ocrx_word' id='word_1_89' title='bbox 2176 1379 2249 1438; x_wconf 90' lang='lat' dir='ltr'>ab</span> <span class='ocrx_word' id='word_1_90' title='bbox 2278 1380 2600 1438; x_wconf 85' lang='lat' dir='ltr'>exsistendi</span> <span class='ocrx_word' id='word_1_91' title='bbox 2632 1380 2804 1439; x_wconf 91' lang='lat' dir='ltr'>modo</span> <span class='ocrx_word' id='word_1_92' title='bbox 2835 1400 3008 1456; x_wconf 76' lang='lat' dir='ltr'>prae-</span> 
     </span>
     <span class='ocr_line' id='line_1_11' title="bbox 388 1468 3002 1544; baseline 0.001 -18"><span class='ocrx_word' id='word_1_93' title='bbox 388 1468 686 1536; x_wconf 83' lang='lat' dir='ltr'>scindunt,</span> <span class='ocrx_word' id='word_1_94' title='bbox 733 1482 800 1530; x_wconf 77' lang='lat'>8.</span> <span class='ocrx_word' id='word_1_95' title='bbox 847 1468 1173 1543; x_wconf 87' lang='lat' dir='ltr'>aequaliter</span> <span class='ocrx_word' id='word_1_96' title='bbox 1215 1486 1389 1544; x_wconf 89' lang='lat' dir='ltr'>posse</span> <span class='ocrx_word' id='word_1_97' title='bbox 1430 1469 1502 1527; x_wconf 92' lang='lat' dir='ltr'>de</span> <span class='ocrx_word' id='word_1_98' title='bbox 1536 1469 1768 1528; x_wconf 89' lang='lat' dir='ltr'>Christo</span> <span class='ocrx_word' id='word_1_99' title='bbox 1819 1468 1945 1528; x_wconf 80' lang='lat' dir='ltr'>sive</span> <span class='ocrx_word' id='word_1_100' title='bbox 1991 1469 2054 1527; x_wconf 90' lang='lat' dir='ltr'>in</span> <span class='ocrx_word' id='word_1_101' title='bbox 2102 1473 2466 1528; x_wconf 90' lang='lat' dir='ltr'>sacramento</span> <span class='ocrx_word' id='word_1_102' title='bbox 2499 1470 2623 1527; x_wconf 85' lang='lat' dir='ltr'>sive</span> <span class='ocrx_word' id='word_1_103' title='bbox 2655 1471 2818 1527; x_wconf 86' lang='lat' dir='ltr'>extra</span> <span class='ocrx_word' id='word_1_104' title='bbox 2847 1469 3002 1528; x_wconf 89' lang='lat' dir='ltr'>illud</span> 
     </span>
     <span class='ocr_line' id='line_1_12' title="bbox 385 1556 3001 1634; baseline 0.001 -20"><span class='ocrx_word' id='word_1_105' title='bbox 385 1556 739 1634; x_wconf 84' lang='lat' dir='ltr'>praedicari:</span> <span class='ocrx_word' id='word_1_106' title='bbox 771 1557 1021 1632; x_wconf 88' lang='lat' dir='ltr'>ideoque</span> <span class='ocrx_word' id='word_1_107' title='bbox 1043 1557 1340 1616; x_wconf 89' lang='lat' dir='ltr'>Christum</span> <span class='ocrx_word' id='word_1_108' title='bbox 1374 1576 1494 1616; x_wconf 92' lang='lat' dir='ltr'>non</span> <span class='ocrx_word' id='word_1_109' title='bbox 1525 1558 1716 1617; x_wconf 87' lang='lat' dir='ltr'>solum</span> <span class='ocrx_word' id='word_1_110' title='bbox 1736 1562 1919 1634; x_wconf 87' lang='lat' dir='ltr'>prout</span> <span class='ocrx_word' id='word_1_111' title='bbox 1937 1561 2103 1617; x_wconf 84' lang='lat' dir='ltr'>extra</span> <span class='ocrx_word' id='word_1_112' title='bbox 2122 1562 2553 1617; x_wconf 87' lang='lat' dir='ltr'>sacramentum</span> <span class='ocrx_word' id='word_1_113' title='bbox 2574 1558 3001 1630; x_wconf 80' lang='lat' dir='ltr'>consideratur,</span> 
     </span>
     <span class='ocr_line' id='line_1_13' title="bbox 386 1645 3005 1724; baseline 0.001 -20"><span class='ocrx_word' id='word_1_114' title='bbox 386 1646 491 1704; x_wconf 88' lang='lat' dir='ltr'>sed</span> <span class='ocrx_word' id='word_1_115' title='bbox 523 1645 702 1704; x_wconf 76' lang='lat' dir='ltr'>eliam</span> <span class='ocrx_word' id='word_1_116' title='bbox 734 1646 797 1704; x_wconf 90' lang='lat' dir='ltr'>in</span> <span class='ocrx_word' id='word_1_117' title='bbox 828 1648 1193 1705; x_wconf 88' lang='lat' dir='ltr'>sacramento</span> <span class='ocrx_word' id='word_1_118' title='bbox 1225 1647 1607 1706; x_wconf 82' lang='lat' dir='ltr'>exsistentem</span> <span class='ocrx_word' id='word_1_119' title='bbox 1643 1646 1761 1706; x_wconf 90' lang='lat' dir='ltr'>dici</span> <span class='ocrx_word' id='word_1_120' title='bbox 1793 1665 1965 1724; x_wconf 91' lang='lat' dir='ltr'>posse</span> <span class='ocrx_word' id='word_1_121' title='bbox 1997 1647 2204 1717; x_wconf 89' lang='lat' dir='ltr'>Deum,</span> <span class='ocrx_word' id='word_1_122' title='bbox 2251 1647 2566 1718; x_wconf 91' lang='lat' dir='ltr'>hominem,</span> <span class='ocrx_word' id='word_1_123' title='bbox 2600 1647 3005 1719; x_wconf 86' lang='lat' dir='ltr'>Mediatorem,</span> 
     </span>
     <span class='ocr_line' id='line_1_14' title="bbox 384 1732 3001 1813; baseline 0.001 -21"><span class='ocrx_word' id='word_1_124' title='bbox 384 1735 854 1811; x_wconf 87' lang='lat' dir='ltr'>omnipotentem</span> <span class='ocrx_word' id='word_1_125' title='bbox 884 1739 1026 1796; x_wconf 90' lang='lat' dir='ltr'>etc.:</span> <span class='ocrx_word' id='word_1_126' title='bbox 1073 1735 1394 1811; x_wconf 89' lang='lat' dir='ltr'>particulas</span> <span class='ocrx_word' id='word_1_127' title='bbox 1440 1754 1577 1794; x_wconf 84' lang='lat' dir='ltr'>vero</span> <span class='ocrx_word' id='word_1_128' title='bbox 1624 1738 1684 1794; x_wconf 90' lang='lat' dir='ltr'>et</span> <span class='ocrx_word' id='word_1_129' title='bbox 1728 1736 2066 1813; x_wconf 89' lang='lat' dir='ltr'>praedicata</span> <span class='ocrx_word' id='word_1_130' title='bbox 2111 1732 2184 1798; x_wconf 86' lang='lat' dir='ltr'>b.</span> <span class='ocrx_word' id='word_1_131' title='bbox 2218 1756 2368 1812; x_wconf 89' lang='lat' dir='ltr'>quae</span> <span class='ocrx_word' id='word_1_132' title='bbox 2401 1736 2642 1795; x_wconf 92' lang='lat' dir='ltr'>modum</span> <span class='ocrx_word' id='word_1_133' title='bbox 2673 1736 3001 1795; x_wconf 82' lang='lat' dir='ltr'>exsistendi</span> 
     </span>
     <span class='ocr_line' id='line_1_15' title="bbox 386 1824 3001 1901; baseline 0 -18"><span class='ocrx_word' id='word_1_134' title='bbox 386 1824 828 1883; x_wconf 83' lang='lat' dir='ltr'>naturalem</span> <span class='ocrx_word' id='word_1_135' title='bbox 859 1827 1134 1900; x_wconf 87' lang='lat' dir='ltr'>respectu</span> <span class='ocrx_word' id='word_1_136' title='bbox 1164 1824 1275 1883; x_wconf 89' lang='lat' dir='ltr'>loci</span> <span class='ocrx_word' id='word_1_137' title='bbox 1306 1824 1738 1901; x_wconf 86' lang='lat' dir='ltr'>adsignificant,</span> <span class='ocrx_word' id='word_1_138' title='bbox 1787 1843 1906 1883; x_wconf 92' lang='lat' dir='ltr'>non</span> <span class='ocrx_word' id='word_1_139' title='bbox 1952 1825 2066 1883; x_wconf 88' lang='lat' dir='ltr'>rite</span> <span class='ocrx_word' id='word_1_140' title='bbox 2112 1825 2183 1882; x_wconf 90' lang='lat' dir='ltr'>de</span> <span class='ocrx_word' id='word_1_141' title='bbox 2214 1825 2346 1901; x_wconf 92' lang='lat' dir='ltr'>ipso</span> <span class='ocrx_word' id='word_1_142' title='bbox 2379 1825 2569 1901; x_wconf 88' lang='lat' dir='ltr'>deque</span> <span class='ocrx_word' id='word_1_143' title='bbox 2602 1826 2730 1901; x_wconf 87' lang='lat' dir='ltr'>ejus</span> <span class='ocrx_word' id='word_1_144' title='bbox 2762 1844 3001 1901; x_wconf 88' lang='lat' dir='ltr'>corpore</span> 
     </span>
     <span class='ocr_line' id='line_1_16' title="bbox 384 1912 3000 1990; baseline 0.002 -20"><span class='ocrx_word' id='word_1_145' title='bbox 384 1912 732 1989; x_wconf 83' lang='lat' dir='ltr'>praedicari.</span> <span class='ocrx_word' id='word_1_146' title='bbox 798 1912 984 1982; x_wconf 83' lang='lat' dir='ltr'>Quare</span> <span class='ocrx_word' id='word_1_147' title='bbox 1030 1932 1150 1972; x_wconf 91' lang='lat' dir='ltr'>non</span> <span class='ocrx_word' id='word_1_148' title='bbox 1192 1913 1335 1971; x_wconf 90' lang='lat' dir='ltr'>licet</span> <span class='ocrx_word' id='word_1_149' title='bbox 1377 1914 1569 1971; x_wconf 87' lang='lat' dir='ltr'>dicere</span> <span class='ocrx_word' id='word_1_150' title='bbox 1613 1914 1811 1990; x_wconf 89' lang='lat' dir='ltr'>ipsum</span> <span class='ocrx_word' id='word_1_151' title='bbox 1854 1914 1917 1972; x_wconf 92' lang='lat' dir='ltr'>in</span> <span class='ocrx_word' id='word_1_152' title='bbox 1962 1914 2321 1972; x_wconf 86' lang='lat' dir='ltr'>eucharistia</span> <span class='ocrx_word' id='word_1_153' title='bbox 2366 1917 2538 1987; x_wconf 83' lang='lat' dir='ltr'>stare,</span> <span class='ocrx_word' id='word_1_154' title='bbox 2577 1915 2792 1990; x_wconf 87' lang='lat' dir='ltr'>jacere,</span> <span class='ocrx_word' id='word_1_155' title='bbox 2842 1915 3000 1974; x_wconf 88' lang='lat' dir='ltr'>hunc</span> 
     </span>
     <span class='ocr_line' id='line_1_17' title="bbox 387 2000 2999 2080; baseline 0 -20"><span class='ocrx_word' id='word_1_156' title='bbox 387 2002 636 2060; x_wconf 81' lang='lat' dir='ltr'>illumve</span> <span class='ocrx_word' id='word_1_157' title='bbox 668 2002 879 2061; x_wconf 87' lang='lat' dir='ltr'>habere</span> <span class='ocrx_word' id='word_1_158' title='bbox 911 2003 1113 2061; x_wconf 89' lang='lat' dir='ltr'>situm.</span> <span class='ocrx_word' id='word_1_159' title='bbox 1177 2000 1346 2070; x_wconf 81' lang='lat' dir='ltr'>Quod</span> <span class='ocrx_word' id='word_1_160' title='bbox 1393 2003 1445 2061; x_wconf 85' lang='lat' dir='ltr'>si</span> <span class='ocrx_word' id='word_1_161' title='bbox 1491 2016 1552 2068; x_wconf 78' lang='lat' dir='ltr'>o.</span> <span class='ocrx_word' id='word_1_162' title='bbox 1597 2002 1783 2062; x_wconf 85' lang='lat' dir='ltr'>verba</span> <span class='ocrx_word' id='word_1_163' title='bbox 1814 2003 2150 2079; x_wconf 87' lang='lat' dir='ltr'>significant</span> <span class='ocrx_word' id='word_1_164' title='bbox 2180 2006 2415 2061; x_wconf 85' lang='lat' dir='ltr'>tantum</span> <span class='ocrx_word' id='word_1_165' title='bbox 2445 2003 2841 2080; x_wconf 83' lang='lat' dir='ltr'>praesentiam</span> <span class='ocrx_word' id='word_1_166' title='bbox 2873 2022 2999 2063; x_wconf 90' lang='lat' dir='ltr'>cor-</span> 
     </span>
     <span class='ocr_line' id='line_1_18' title="bbox 385 2091 3005 2170; baseline 0.001 -21"><span class='ocrx_word' id='word_1_167' title='bbox 385 2091 545 2167; x_wconf 88' lang='lat' dir='ltr'>poris</span> <span class='ocrx_word' id='word_1_168' title='bbox 577 2091 816 2149; x_wconf 88' lang='lat' dir='ltr'>Domini</span> <span class='ocrx_word' id='word_1_169' title='bbox 848 2091 913 2149; x_wconf 88' lang='lat' dir='ltr'>in</span> <span class='ocrx_word' id='word_1_170' title='bbox 944 2091 1299 2151; x_wconf 82' lang='lat' dir='ltr'>eucharistia</span> <span class='ocrx_word' id='word_1_171' title='bbox 1328 2092 1719 2151; x_wconf 87' lang='lat' dir='ltr'>abstrahendo</span> <span class='ocrx_word' id='word_1_172' title='bbox 1751 2111 1786 2150; x_wconf 92' lang='lat' dir='ltr'>a</span> <span class='ocrx_word' id='word_1_173' title='bbox 1816 2093 1988 2151; x_wconf 92' lang='lat' dir='ltr'>modo</span> <span class='ocrx_word' id='word_1_174' title='bbox 2019 2092 2343 2151; x_wconf 81' lang='lat' dir='ltr'>exsistendi</span> <span class='ocrx_word' id='word_1_175' title='bbox 2375 2091 2438 2150; x_wconf 91' lang='lat' dir='ltr'>in</span> <span class='ocrx_word' id='word_1_176' title='bbox 2470 2093 2615 2163; x_wconf 91' lang='lat' dir='ltr'>loco,</span> <span class='ocrx_word' id='word_1_177' title='bbox 2651 2093 3005 2170; x_wconf 88' lang='lat' dir='ltr'>simpliciter</span> 
     </span>
     <span class='ocr_line' id='line_1_19' title="bbox 389 2179 3000 2257; baseline 0.001 -20"><span class='ocrx_word' id='word_1_178' title='bbox 389 2179 663 2239; x_wconf 87' lang='lat' dir='ltr'>affirmari</span> <span class='ocrx_word' id='word_1_179' title='bbox 692 2184 958 2255; x_wconf 86' lang='lat' dir='ltr'>possunt.</span> <span class='ocrx_word' id='word_1_180' title='bbox 1020 2181 1173 2238; x_wconf 91' lang='lat' dir='ltr'>Hinc</span> <span class='ocrx_word' id='word_1_181' title='bbox 1203 2181 1393 2239; x_wconf 90' lang='lat' dir='ltr'>dicere</span> <span class='ocrx_word' id='word_1_182' title='bbox 1424 2182 1583 2253; x_wconf 88' lang='lat' dir='ltr'>licet,</span> <span class='ocrx_word' id='word_1_183' title='bbox 1628 2199 1839 2257; x_wconf 91' lang='lat' dir='ltr'>corpus</span> <span class='ocrx_word' id='word_1_184' title='bbox 1873 2181 2086 2239; x_wconf 89' lang='lat' dir='ltr'>Christi</span> <span class='ocrx_word' id='word_1_185' title='bbox 2125 2200 2264 2248; x_wconf 88' lang='lat' dir='ltr'>esse,</span> <span class='ocrx_word' id='word_1_186' title='bbox 2314 2200 2566 2255; x_wconf 78' lang='lat' dir='ltr'>manere,</span> <span class='ocrx_word' id='word_1_187' title='bbox 2616 2182 2906 2240; x_wconf 83' lang='lat' dir='ltr'>contineri</span> <span class='ocrx_word' id='word_1_188' title='bbox 2938 2182 3000 2239; x_wconf 91' lang='lat' dir='ltr'>in</span> 
     </span>
     <span class='ocr_line' id='line_1_20' title="bbox 392 2269 1180 2330; baseline 0.005 -4"><span class='ocrx_word' id='word_1_189' title='bbox 392 2269 769 2328; x_wconf 78' lang='lat' dir='ltr'>eucharistiae</span> <span class='ocrx_word' id='word_1_190' title='bbox 800 2273 1180 2330; x_wconf 60' lang='lat' dir='ltr'>sacramenta</span> 
     </span>
    </p>
   </div>
   <div class='ocr_carea' id='block_1_4' title="bbox 380 2388 3004 4876">
    <p class='ocr_par' dir='ltr' id='par_1_4' title="bbox 380 2388 3004 4876">
     <span class='ocr_line' id='line_1_21' title="bbox 566 2388 3000 2471; baseline -0 -17"><span class='ocrx_word' id='word_1_191' title='bbox 566 2388 626 2459; x_wconf 83' lang='grc'>3.</span> <span class='ocrx_word' id='word_1_192' title='bbox 658 2393 950 2469; x_wconf 86' lang='lat' dir='ltr'>Spectatis</span> <span class='ocrx_word' id='word_1_193' title='bbox 981 2394 1299 2470; x_wconf 78' lang='lat' dir='ltr'>speciebuS,</span> <span class='ocrx_word' id='word_1_194' title='bbox 1331 2395 1548 2469; x_wconf 89' lang='lat' dir='ltr'>quibus</span> <span class='ocrx_word' id='word_1_195' title='bbox 1582 2414 1793 2471; x_wconf 86' lang='lat' dir='ltr'>corpus</span> <span class='ocrx_word' id='word_1_196' title='bbox 1825 2395 2035 2453; x_wconf 87' lang='lat' dir='ltr'>Christi</span> <span class='ocrx_word' id='word_1_197' title='bbox 2067 2395 2298 2453; x_wconf 81' lang='lat' dir='ltr'>substat</span> <span class='ocrx_word' id='word_1_198' title='bbox 2331 2410 2395 2456; x_wconf 79' lang='lat' dir='ltr'>a.</span> <span class='ocrx_word' id='word_1_199' title='bbox 2432 2414 2537 2469; x_wconf 84' lang='lat' dir='ltr'>per</span> <span class='ocrx_word' id='word_1_200' title='bbox 2569 2394 2834 2453; x_wconf 86' lang='lat' dir='ltr'>accidens</span> <span class='ocrx_word' id='word_1_201' title='bbox 2867 2397 3000 2469; x_wconf 89' lang='lat' dir='ltr'>qui·</span> 
     </span>
     <span class='ocr_line' id='line_1_22' title="bbox 388 2481 2996 2560; baseline 0 -20"><span class='ocrx_word' id='word_1_202' title='bbox 388 2481 538 2551; x_wconf 89' lang='lat' dir='ltr'>dem,</span> <span class='ocrx_word' id='word_1_203' title='bbox 571 2501 709 2541; x_wconf 85' lang='lat' dir='ltr'>vere</span> <span class='ocrx_word' id='word_1_204' title='bbox 739 2486 938 2542; x_wconf 91' lang='lat' dir='ltr'>tamen</span> <span class='ocrx_word' id='word_1_205' title='bbox 961 2484 1314 2559; x_wconf 90' lang='lat' dir='ltr'>minimeque</span> <span class='ocrx_word' id='word_1_206' title='bbox 1333 2484 1605 2560; x_wconf 88' lang='lat' dir='ltr'>figurate,</span> <span class='ocrx_word' id='word_1_207' title='bbox 1640 2484 1711 2542; x_wconf 90' lang='lat' dir='ltr'>de</span> <span class='ocrx_word' id='word_1_208' title='bbox 1742 2485 1870 2559; x_wconf 87' lang='lat' dir='ltr'>ipso</span> <span class='ocrx_word' id='word_1_209' title='bbox 1890 2484 2070 2542; x_wconf 85' lang='lat' dir='ltr'>verba</span> <span class='ocrx_word' id='word_1_210' title='bbox 2089 2485 2484 2542; x_wconf 90' lang='lat' dir='ltr'>enunciantur</span> <span class='ocrx_word' id='word_1_211' title='bbox 2503 2489 2729 2542; x_wconf 89' lang='lat' dir='ltr'>motum</span> <span class='ocrx_word' id='word_1_212' title='bbox 2751 2484 2996 2542; x_wconf 89' lang='lat' dir='ltr'>localem</span> 
     </span>
     <span class='ocr_line' id='line_1_23' title="bbox 384 2570 2998 2652; baseline 0.001 -24"><span class='ocrx_word' id='word_1_213' title='bbox 384 2570 790 2648; x_wconf 86' lang='lat' dir='ltr'>significantia.</span> <span class='ocrx_word' id='word_1_214' title='bbox 852 2572 1000 2631; x_wconf 87' lang='lat' dir='ltr'>Sane</span> <span class='ocrx_word' id='word_1_215' title='bbox 1046 2592 1178 2631; x_wconf 87' lang='lat' dir='ltr'>cum</span> <span class='ocrx_word' id='word_1_216' title='bbox 1225 2573 1607 2632; x_wconf 84' lang='lat' dir='ltr'>eucharistiae</span> <span class='ocrx_word' id='word_1_217' title='bbox 1637 2578 2070 2632; x_wconf 84' lang='lat' dir='ltr'>sacramentum</span> <span class='ocrx_word' id='word_1_218' title='bbox 2101 2573 2392 2652; x_wconf 83' lang='lat' dir='ltr'>synthesis</span> <span class='ocrx_word' id='word_1_219' title='bbox 2422 2572 2711 2648; x_wconf 88' lang='lat' dir='ltr'>quaedam</span> <span class='ocrx_word' id='word_1_220' title='bbox 2757 2573 2833 2630; x_wconf 91' lang='lat' dir='ltr'>sit</span> <span class='ocrx_word' id='word_1_221' title='bbox 2877 2592 2998 2632; x_wconf 87' lang='lat' dir='ltr'>cor·</span> 
     </span>
     <span class='ocr_line' id='line_1_24' title="bbox 383 2661 3004 2739; baseline 0.001 -20"><span class='ocrx_word' id='word_1_222' title='bbox 383 2661 542 2736; x_wconf 91' lang='lat' dir='ltr'>poris</span> <span class='ocrx_word' id='word_1_223' title='bbox 573 2661 992 2738; x_wconf 84' lang='lat' dir='ltr'>sanguinisque</span> <span class='ocrx_word' id='word_1_224' title='bbox 1023 2662 1256 2721; x_wconf 89' lang='lat' dir='ltr'>Domini</span> <span class='ocrx_word' id='word_1_225' title='bbox 1296 2665 1357 2721; x_wconf 91' lang='lat' dir='ltr'>et</span> <span class='ocrx_word' id='word_1_226' title='bbox 1401 2663 1745 2739; x_wconf 84' lang='lat' dir='ltr'>specierum,</span> <span class='ocrx_word' id='word_1_227' title='bbox 1793 2662 2028 2722; x_wconf 86' lang='lat' dir='ltr'>habitus</span> <span class='ocrx_word' id='word_1_228' title='bbox 2062 2662 2302 2738; x_wconf 91' lang='lat' dir='ltr'>quidam</span> <span class='ocrx_word' id='word_1_229' title='bbox 2334 2662 2569 2721; x_wconf 88' lang='lat' dir='ltr'>unionis</span> <span class='ocrx_word' id='word_1_230' title='bbox 2601 2661 2758 2720; x_wconf 86' lang='lat' dir='ltr'>inter</span> <span class='ocrx_word' id='word_1_231' title='bbox 2791 2679 3004 2738; x_wconf 87' lang='lat' dir='ltr'>corpus</span> 
     </span>
     <span class='ocr_line' id='line_1_25' title="bbox 383 2750 3000 2827; baseline 0 -19"><span class='ocrx_word' id='word_1_232' title='bbox 383 2750 853 2826; x_wconf 79' lang='lat' dir='ltr'>sanguinemque</span> <span class='ocrx_word' id='word_1_233' title='bbox 897 2757 959 2810; x_wconf 90' lang='lat' dir='ltr'>et</span> <span class='ocrx_word' id='word_1_234' title='bbox 1002 2752 1220 2827; x_wconf 87' lang='lat' dir='ltr'>species</span> <span class='ocrx_word' id='word_1_235' title='bbox 1265 2751 1604 2811; x_wconf 85' lang='lat' dir='ltr'>intercedit:</span> <span class='ocrx_word' id='word_1_236' title='bbox 1651 2751 1888 2811; x_wconf 88' lang='lat' dir='ltr'>habitus</span> <span class='ocrx_word' id='word_1_237' title='bbox 1936 2753 2175 2827; x_wconf 90' lang='lat' dir='ltr'>quidem</span> <span class='ocrx_word' id='word_1_238' title='bbox 2215 2752 2606 2822; x_wconf 78' lang='lat' dir='ltr'>accidentaliS,</span> <span class='ocrx_word' id='word_1_239' title='bbox 2655 2752 2760 2825; x_wconf 90' lang='lat' dir='ltr'>qui</span> <span class='ocrx_word' id='word_1_240' title='bbox 2806 2755 3000 2827; x_wconf 88' lang='lat' dir='ltr'>potest</span> 
     </span>
     <span class='ocr_line' id='line_1_26' title="bbox 388 2839 3000 2916; baseline 0 -18"><span class='ocrx_word' id='word_1_241' title='bbox 388 2839 637 2898; x_wconf 81' lang='lat' dir='ltr'>conferri</span> <span class='ocrx_word' id='word_1_242' title='bbox 666 2839 965 2916; x_wconf 81' lang='lat' dir='ltr'>analogice</span> <span class='ocrx_word' id='word_1_243' title='bbox 1012 2859 1146 2899; x_wconf 91' lang='lat' dir='ltr'>cum</span> <span class='ocrx_word' id='word_1_244' title='bbox 1191 2841 1416 2910; x_wconf 91' lang='lat' dir='ltr'>habitu,</span> <span class='ocrx_word' id='word_1_245' title='bbox 1462 2841 1652 2915; x_wconf 86' lang='lat' dir='ltr'>qualis</span> <span class='ocrx_word' id='word_1_246' title='bbox 1697 2841 1930 2900; x_wconf 88' lang='lat' dir='ltr'>obtinet</span> <span class='ocrx_word' id='word_1_247' title='bbox 1973 2843 2035 2900; x_wconf 90' lang='lat' dir='ltr'>in</span> <span class='ocrx_word' id='word_1_248' title='bbox 2083 2841 2416 2916; x_wconf 86' lang='lat' dir='ltr'>compositis</span> <span class='ocrx_word' id='word_1_249' title='bbox 2446 2845 2574 2899; x_wconf 90' lang='lat' dir='ltr'>tum</span> <span class='ocrx_word' id='word_1_250' title='bbox 2608 2841 3000 2911; x_wconf 77' lang='lat' dir='ltr'>naturalibuS,</span> 
     </span>
     <span class='ocr_line' id='line_1_27' title="bbox 387 2928 2996 3006; baseline 0 -20"><span class='ocrx_word' id='word_1_251' title='bbox 387 2932 517 2986; x_wconf 88' lang='lat' dir='ltr'>tum</span> <span class='ocrx_word' id='word_1_252' title='bbox 547 2928 968 2987; x_wconf 86' lang='lat' dir='ltr'>artificialibus.</span> <span class='ocrx_word' id='word_1_253' title='bbox 1031 2930 1217 3005; x_wconf 86' lang='lat' dir='ltr'>Atqui</span> <span class='ocrx_word' id='word_1_254' title='bbox 1246 2930 1382 2988; x_wconf 86' lang='lat' dir='ltr'>talis</span> <span class='ocrx_word' id='word_1_255' title='bbox 1420 2931 1562 2988; x_wconf 91' lang='lat' dir='ltr'>unio</span> <span class='ocrx_word' id='word_1_256' title='bbox 1608 2929 1842 3002; x_wconf 83' lang='lat' dir='ltr'>sufficit,</span> <span class='ocrx_word' id='word_1_257' title='bbox 1890 2933 1962 2988; x_wconf 92' lang='lat' dir='ltr'>ut</span> <span class='ocrx_word' id='word_1_258' title='bbox 2010 2931 2082 2988; x_wconf 88' lang='lat' dir='ltr'>de</span> <span class='ocrx_word' id='word_1_259' title='bbox 2130 2948 2368 3006; x_wconf 89' lang='lat' dir='ltr'>corpore</span> <span class='ocrx_word' id='word_1_260' title='bbox 2414 2930 2628 2988; x_wconf 87' lang='lat' dir='ltr'>Christi</span> <span class='ocrx_word' id='word_1_261' title='bbox 2670 2929 2996 2988; x_wconf 81' lang='lat' dir='ltr'>accidenta-</span> 
     </span>
     <span class='ocr_line' id='line_1_28' title="bbox 387 3017 3000 3095; baseline 0.001 -20"><span class='ocrx_word' id='word_1_262' title='bbox 387 3017 523 3075; x_wconf 91' lang='lat' dir='ltr'>liter</span> <span class='ocrx_word' id='word_1_263' title='bbox 554 3017 812 3094; x_wconf 87' lang='lat' dir='ltr'>quidem,</span> <span class='ocrx_word' id='word_1_264' title='bbox 844 3037 978 3077; x_wconf 81' lang='lat' dir='ltr'>vere</span> <span class='ocrx_word' id='word_1_265' title='bbox 1008 3022 1208 3078; x_wconf 89' lang='lat' dir='ltr'>tamen</span> <span class='ocrx_word' id='word_1_266' title='bbox 1240 3019 1423 3077; x_wconf 84' lang='lat' dir='ltr'>verba</span> <span class='ocrx_word' id='word_1_267' title='bbox 1452 3019 1873 3094; x_wconf 84' lang='lat' dir='ltr'>praedicentur</span> <span class='ocrx_word' id='word_1_268' title='bbox 1900 3022 2129 3078; x_wconf 89' lang='lat' dir='ltr'>motum</span> <span class='ocrx_word' id='word_1_269' title='bbox 2150 3019 2518 3095; x_wconf 82' lang='lat' dir='ltr'>designantia</span> <span class='ocrx_word' id='word_1_270' title='bbox 2548 3019 2812 3090; x_wconf 90' lang='lat' dir='ltr'>localem,</span> <span class='ocrx_word' id='word_1_271' title='bbox 2847 3037 3000 3093; x_wconf 89' lang='lat' dir='ltr'>quae</span> 
     </span>
     <span class='ocr_line' id='line_1_29' title="bbox 387 3106 2997 3184; baseline 0 -20"><span class='ocrx_word' id='word_1_272' title='bbox 387 3108 623 3183; x_wconf 89' lang='lat' dir='ltr'>proprie</span> <span class='ocrx_word' id='word_1_273' title='bbox 668 3109 937 3183; x_wconf 88' lang='lat' dir='ltr'>spectant</span> <span class='ocrx_word' id='word_1_274' title='bbox 982 3108 1054 3165; x_wconf 88' lang='lat' dir='ltr'>ad</span> <span class='ocrx_word' id='word_1_275' title='bbox 1104 3108 1337 3183; x_wconf 76' lang='lat' dir='ltr'>species,</span> <span class='ocrx_word' id='word_1_276' title='bbox 1401 3106 1591 3175; x_wconf 79' lang='lat' dir='ltr'>Quare</span> <span class='ocrx_word' id='word_1_277' title='bbox 1637 3108 1790 3166; x_wconf 88' lang='lat' dir='ltr'>sicut</span> <span class='ocrx_word' id='word_1_278' title='bbox 1835 3110 1995 3167; x_wconf 91' lang='lat' dir='ltr'>moto</span> <span class='ocrx_word' id='word_1_279' title='bbox 2038 3126 2277 3184; x_wconf 89' lang='lat' dir='ltr'>corpore</span> <span class='ocrx_word' id='word_1_280' title='bbox 2322 3108 2437 3166; x_wconf 90' lang='lat' dir='ltr'>dici</span> <span class='ocrx_word' id='word_1_281' title='bbox 2479 3111 2692 3183; x_wconf 88' lang='lat' dir='ltr'>potest,</span> <span class='ocrx_word' id='word_1_282' title='bbox 2744 3108 2997 3165; x_wconf 90' lang='lat' dir='ltr'>animam</span> 
     </span>
     <span class='ocr_line' id='line_1_30' title="bbox 386 3196 2998 3273; baseline 0.001 -21"><span class='ocrx_word' id='word_1_283' title='bbox 386 3196 642 3253; x_wconf 76' lang='lat' dir='ltr'>moveri:</span> <span class='ocrx_word' id='word_1_284' title='bbox 688 3197 776 3254; x_wconf 91' lang='lat' dir='ltr'>ita</span> <span class='ocrx_word' id='word_1_285' title='bbox 818 3197 1118 3273; x_wconf 88' lang='lat' dir='ltr'>analogice</span> <span class='ocrx_word' id='word_1_286' title='bbox 1160 3197 1274 3255; x_wconf 89' lang='lat' dir='ltr'>dici</span> <span class='ocrx_word' id='word_1_287' title='bbox 1316 3198 1550 3271; x_wconf 86' lang='lat' dir='ltr'>poterit,</span> <span class='ocrx_word' id='word_1_288' title='bbox 1600 3197 1810 3255; x_wconf 86' lang='lat' dir='ltr'>Christi</span> <span class='ocrx_word' id='word_1_289' title='bbox 1844 3217 2052 3272; x_wconf 86' lang='lat' dir='ltr'>corpus</span> <span class='ocrx_word' id='word_1_290' title='bbox 2085 3198 2305 3256; x_wconf 86' lang='lat' dir='ltr'>moveri</span> <span class='ocrx_word' id='word_1_291' title='bbox 2337 3197 2515 3255; x_wconf 88' lang='lat' dir='ltr'>motis</span> <span class='ocrx_word' id='word_1_292' title='bbox 2547 3196 2867 3272; x_wconf 76' lang='lat' dir='ltr'>speciebuS,</span> <span class='ocrx_word' id='word_1_293' title='bbox 2915 3197 2998 3254; x_wconf 87' lang='lat' dir='ltr'>af·</span> 
     </span>
     <span class='ocr_line' id='line_1_31' title="bbox 388 3283 2996 3362; baseline 0.001 -21"><span class='ocrx_word' id='word_1_294' title='bbox 388 3283 547 3355; x_wconf 81' lang='lat' dir='ltr'>ferri,</span> <span class='ocrx_word' id='word_1_295' title='bbox 582 3285 793 3344; x_wconf 87' lang='lat' dir='ltr'>circum</span> <span class='ocrx_word' id='word_1_296' title='bbox 825 3285 969 3343; x_wconf 85' lang='lat' dir='ltr'>ferri</span> <span class='ocrx_word' id='word_1_297' title='bbox 1000 3289 1108 3349; x_wconf 79' lang='lat' dir='ltr'>etc.</span> <span class='ocrx_word' id='word_1_298' title='bbox 1155 3287 1481 3361; x_wconf 87' lang='lat' dir='ltr'>Nequeunt</span> <span class='ocrx_word' id='word_1_299' title='bbox 1510 3304 1649 3344; x_wconf 76' lang='lat' dir='ltr'>vero</span> <span class='ocrx_word' id='word_1_300' title='bbox 1696 3283 1764 3351; x_wconf 84' lang='lat' dir='ltr'>b.</span> <span class='ocrx_word' id='word_1_301' title='bbox 1798 3286 1869 3344; x_wconf 89' lang='lat' dir='ltr'>de</span> <span class='ocrx_word' id='word_1_302' title='bbox 1902 3287 2117 3344; x_wconf 88' lang='lat' dir='ltr'>Christi</span> <span class='ocrx_word' id='word_1_303' title='bbox 2151 3304 2393 3362; x_wconf 87' lang='lat' dir='ltr'>corpore</span> <span class='ocrx_word' id='word_1_304' title='bbox 2425 3285 2702 3344; x_wconf 87' lang='lat' dir='ltr'>affirmari</span> <span class='ocrx_word' id='word_1_305' title='bbox 2731 3305 2800 3344; x_wconf 89' lang='lat' dir='ltr'>ea</span> <span class='ocrx_word' id='word_1_306' title='bbox 2832 3305 2996 3360; x_wconf 88' lang='lat' dir='ltr'>prae-</span> 
     </span>
     <span class='ocr_line' id='line_1_32' title="bbox 387 3372 2996 3450; baseline 0.001 -20"><span class='ocrx_word' id='word_1_307' title='bbox 387 3372 597 3447; x_wconf 87' lang='lat' dir='ltr'>dicata,</span> <span class='ocrx_word' id='word_1_308' title='bbox 642 3392 791 3448; x_wconf 88' lang='lat' dir='ltr'>quae</span> <span class='ocrx_word' id='word_1_309' title='bbox 821 3373 894 3433; x_wconf 90' lang='lat' dir='ltr'>de</span> <span class='ocrx_word' id='word_1_310' title='bbox 924 3393 1076 3450; x_wconf 89' lang='lat' dir='ltr'>pane</span> <span class='ocrx_word' id='word_1_311' title='bbox 1105 3374 1493 3447; x_wconf 84' lang='lat' dir='ltr'>affirmantur,</span> <span class='ocrx_word' id='word_1_312' title='bbox 1524 3378 1820 3449; x_wconf 84' lang='lat' dir='ltr'>quatenus</span> <span class='ocrx_word' id='word_1_313' title='bbox 1852 3378 1943 3433; x_wconf 80' lang='lat' dir='ltr'>est</span> <span class='ocrx_word' id='word_1_314' title='bbox 1972 3376 2304 3450; x_wconf 88' lang='lat' dir='ltr'>subjectum</span> <span class='ocrx_word' id='word_1_315' title='bbox 2337 3375 2690 3434; x_wconf 87' lang='lat' dir='ltr'>inhaesionis</span> <span class='ocrx_word' id='word_1_316' title='bbox 2722 3377 2784 3433; x_wconf 91' lang='lat' dir='ltr'>et</span> <span class='ocrx_word' id='word_1_317' title='bbox 2814 3374 2996 3432; x_wconf 87' lang='lat' dir='ltr'>infor-</span> 
     </span>
     <span class='ocr_line' id='line_1_33' title="bbox 383 3461 2999 3540; baseline 0.001 -20"><span class='ocrx_word' id='word_1_318' title='bbox 383 3461 658 3520; x_wconf 88' lang='lat' dir='ltr'>mationis</span> <span class='ocrx_word' id='word_1_319' title='bbox 677 3463 1085 3522; x_wconf 84' lang='lat' dir='ltr'>accidentium.</span> <span class='ocrx_word' id='word_1_320' title='bbox 1132 3463 1342 3539; x_wconf 80' lang='lat' dir='ltr'>Neque</span> <span class='ocrx_word' id='word_1_321' title='bbox 1362 3464 1519 3522; x_wconf 89' lang='lat' dir='ltr'>enim</span> <span class='ocrx_word' id='word_1_322' title='bbox 1537 3465 1734 3539; x_wconf 87' lang='lat' dir='ltr'>ipsum</span> <span class='ocrx_word' id='word_1_323' title='bbox 1762 3467 1852 3522; x_wconf 88' lang='lat' dir='ltr'>est</span> <span class='ocrx_word' id='word_1_324' title='bbox 1882 3464 2232 3540; x_wconf 85' lang='lat' dir='ltr'>subjectum,</span> <span class='ocrx_word' id='word_1_325' title='bbox 2269 3465 2364 3522; x_wconf 89' lang='lat' dir='ltr'>cui</span> <span class='ocrx_word' id='word_1_326' title='bbox 2385 3465 2606 3540; x_wconf 89' lang='lat' dir='ltr'>species</span> <span class='ocrx_word' id='word_1_327' title='bbox 2626 3465 2999 3534; x_wconf 80' lang='lat' dir='ltr'>inhaereant3</span> 
     </span>
     <span class='ocr_line' id='line_1_34' title="bbox 382 3552 2998 3628; baseline 0.003 -19"><span class='ocrx_word' id='word_1_328' title='bbox 382 3552 656 3627; x_wconf 87' lang='lat' dir='ltr'>quocirca</span> <span class='ocrx_word' id='word_1_329' title='bbox 674 3552 863 3611; x_wconf 89' lang='lat' dir='ltr'>dicere</span> <span class='ocrx_word' id='word_1_330' title='bbox 882 3555 1171 3624; x_wconf 83' lang='lat' dir='ltr'>vetamur,</span> <span class='ocrx_word' id='word_1_331' title='bbox 1206 3572 1418 3628; x_wconf 90' lang='lat' dir='ltr'>corpus</span> <span class='ocrx_word' id='word_1_332' title='bbox 1439 3553 1656 3612; x_wconf 88' lang='lat' dir='ltr'>Christi</span> <span class='ocrx_word' id='word_1_333' title='bbox 1685 3554 1748 3611; x_wconf 90' lang='lat' dir='ltr'>in</span> <span class='ocrx_word' id='word_1_334' title='bbox 1777 3554 2127 3612; x_wconf 80' lang='lat' dir='ltr'>eucharistia</span> <span class='ocrx_word' id='word_1_335' title='bbox 2145 3572 2267 3611; x_wconf 90' lang='lat' dir='ltr'>esse</span> <span class='ocrx_word' id='word_1_336' title='bbox 2286 3554 2631 3622; x_wconf 91' lang='lat' dir='ltr'>rotundum,</span> <span class='ocrx_word' id='word_1_337' title='bbox 2665 3553 2864 3611; x_wconf 91' lang='lat' dir='ltr'>album</span> <span class='ocrx_word' id='word_1_338' title='bbox 2888 3556 2998 3616; x_wconf 84' lang='lat' dir='ltr'>etc.</span> 
     </span>
     <span class='ocr_line' id='line_1_35' title="bbox 380 3640 2993 3718; baseline 0 -20"><span class='ocrx_word' id='word_1_339' title='bbox 380 3640 668 3700; x_wconf 88' lang='lat' dir='ltr'>Adhiberi</span> <span class='ocrx_word' id='word_1_340' title='bbox 708 3644 910 3700; x_wconf 85' lang='lat' dir='ltr'>tamen</span> <span class='ocrx_word' id='word_1_341' title='bbox 956 3655 1021 3704; x_wconf 77' lang='lat' dir='ltr'>e.</span> <span class='ocrx_word' id='word_1_342' title='bbox 1069 3640 1319 3717; x_wconf 88' lang='lat' dir='ltr'>figurate</span> <span class='ocrx_word' id='word_1_343' title='bbox 1364 3642 1502 3701; x_wconf 87' lang='lat' dir='ltr'>licet</span> <span class='ocrx_word' id='word_1_344' title='bbox 1547 3642 1620 3700; x_wconf 89' lang='lat' dir='ltr'>de</span> <span class='ocrx_word' id='word_1_345' title='bbox 1666 3642 1879 3700; x_wconf 88' lang='lat' dir='ltr'>Christi</span> <span class='ocrx_word' id='word_1_346' title='bbox 1920 3662 2159 3718; x_wconf 91' lang='lat' dir='ltr'>corpore</span> <span class='ocrx_word' id='word_1_347' title='bbox 2191 3641 2494 3716; x_wconf 80' lang='lat' dir='ltr'>vocabula,</span> <span class='ocrx_word' id='word_1_348' title='bbox 2543 3661 2693 3717; x_wconf 88' lang='lat' dir='ltr'>quae</span> <span class='ocrx_word' id='word_1_349' title='bbox 2724 3641 2993 3700; x_wconf 88' lang='lat' dir='ltr'>habitum</span> 
     </span>
     <span class='ocr_line' id='line_1_36' title="bbox 383 3730 3000 3807; baseline 0 -20"><span class='ocrx_word' id='word_1_350' title='bbox 383 3730 851 3805; x_wconf 89' lang='lat' dir='ltr'>relationemque</span> <span class='ocrx_word' id='word_1_351' title='bbox 882 3731 1221 3806; x_wconf 85' lang='lat' dir='ltr'>exprimunt</span> <span class='ocrx_word' id='word_1_352' title='bbox 1251 3730 1324 3788; x_wconf 86' lang='lat' dir='ltr'>ad</span> <span class='ocrx_word' id='word_1_353' title='bbox 1358 3747 1565 3790; x_wconf 88' lang='lat' dir='ltr'>sensus</span> <span class='ocrx_word' id='word_1_354' title='bbox 1597 3730 1837 3789; x_wconf 78' lang='lat' dir='ltr'>videndi</span> <span class='ocrx_word' id='word_1_355' title='bbox 1868 3732 2289 3807; x_wconf 85' lang='lat' dir='ltr'>tangendique,</span> <span class='ocrx_word' id='word_1_356' title='bbox 2321 3735 2392 3789; x_wconf 89' lang='lat' dir='ltr'>ut</span> <span class='ocrx_word' id='word_1_357' title='bbox 2421 3734 2586 3807; x_wconf 88' lang='lat' dir='ltr'>patet</span> <span class='ocrx_word' id='word_1_358' title='bbox 2617 3750 2684 3789; x_wconf 85' lang='lat' dir='ltr'>ex</span> <span class='ocrx_word' id='word_1_359' title='bbox 2719 3731 3000 3806; x_wconf 87' lang='lat' dir='ltr'>loquendi</span> 
     </span>
     <span class='ocr_line' id='line_1_37' title="bbox 383 3819 2994 3895; baseline 0 -19"><span class='ocrx_word' id='word_1_360' title='bbox 383 3820 611 3877; x_wconf 89' lang='lat' dir='ltr'>ratione</span> <span class='ocrx_word' id='word_1_361' title='bbox 642 3822 897 3893; x_wconf 82' lang='lat' dir='ltr'>patrum,</span> <span class='ocrx_word' id='word_1_362' title='bbox 929 3819 1033 3894; x_wconf 91' lang='lat' dir='ltr'>qui</span> <span class='ocrx_word' id='word_1_363' title='bbox 1065 3820 1280 3895; x_wconf 87' lang='lat' dir='ltr'>passim</span> <span class='ocrx_word' id='word_1_364' title='bbox 1310 3820 1538 3890; x_wconf 87' lang='lat' dir='ltr'>docent,</span> <span class='ocrx_word' id='word_1_365' title='bbox 1570 3836 1679 3878; x_wconf 89' lang='lat' dir='ltr'>nos</span> <span class='ocrx_word' id='word_1_366' title='bbox 1709 3820 1772 3877; x_wconf 90' lang='lat' dir='ltr'>in</span> <span class='ocrx_word' id='word_1_367' title='bbox 1803 3821 2152 3879; x_wconf 88' lang='lat' dir='ltr'>eucharistia</span> <span class='ocrx_word' id='word_1_368' title='bbox 2171 3821 2464 3878; x_wconf 86' lang='lat' dir='ltr'>Christum</span> <span class='ocrx_word' id='word_1_369' title='bbox 2485 3819 2700 3888; x_wconf 84' lang='lat' dir='ltr'>videre,</span> <span class='ocrx_word' id='word_1_370' title='bbox 2735 3825 2994 3895; x_wconf 85' lang='lat' dir='ltr'>tangere,</span> 
     </span>
     <span class='ocr_line' id='line_1_38' title="bbox 382 3908 2995 3969; baseline -0 -3"><span class='ocrx_word' id='word_1_371' title='bbox 382 3908 707 3967; x_wconf 89' lang='lat' dir='ltr'>deosculari</span> <span class='ocrx_word' id='word_1_372' title='bbox 738 3911 847 3966; x_wconf 89' lang='lat' dir='ltr'>etc.</span> <span class='ocrx_word' id='word_1_373' title='bbox 911 3909 1055 3967; x_wconf 90' lang='lat' dir='ltr'>Cum</span> <span class='ocrx_word' id='word_1_374' title='bbox 1085 3908 1245 3967; x_wconf 89' lang='lat' dir='ltr'>enim</span> <span class='ocrx_word' id='word_1_375' title='bbox 1279 3908 1350 3967; x_wconf 88' lang='lat' dir='ltr'>de</span> <span class='ocrx_word' id='word_1_376' title='bbox 1393 3909 1624 3968; x_wconf 88' lang='lat' dir='ltr'>ratione</span> <span class='ocrx_word' id='word_1_377' title='bbox 1656 3910 2006 3968; x_wconf 86' lang='lat' dir='ltr'>sacramenti</span> <span class='ocrx_word' id='word_1_378' title='bbox 2039 3911 2116 3968; x_wconf 89' lang='lat' dir='ltr'>sit</span> <span class='ocrx_word' id='word_1_379' title='bbox 2148 3928 2271 3969; x_wconf 90' lang='lat' dir='ltr'>esse</span> <span class='ocrx_word' id='word_1_380' title='bbox 2304 3909 2552 3968; x_wconf 85' lang='lat' dir='ltr'>formam</span> <span class='ocrx_word' id='word_1_381' title='bbox 2585 3908 2871 3966; x_wconf 85' lang='lat' dir='ltr'>visibilem</span> <span class='ocrx_word' id='word_1_382' title='bbox 2906 3909 2995 3966; x_wconf 89' lang='lat' dir='ltr'>in·</span> 
     </span>
     <span class='ocr_line' id='line_1_39' title="bbox 381 3997 3001 4078; baseline 0 -24"><span class='ocrx_word' id='word_1_383' title='bbox 381 3997 627 4055; x_wconf 81' lang='lat' dir='ltr'>visibilis</span> <span class='ocrx_word' id='word_1_384' title='bbox 659 3997 900 4073; x_wconf 82' lang='lat' dir='ltr'>gratiae,</span> <span class='ocrx_word' id='word_1_385' title='bbox 934 4003 994 4055; x_wconf 91' lang='lat' dir='ltr'>et</span> <span class='ocrx_word' id='word_1_386' title='bbox 1024 3998 1373 4056; x_wconf 86' lang='lat' dir='ltr'>eucharistia</span> <span class='ocrx_word' id='word_1_387' title='bbox 1404 4001 1834 4056; x_wconf 85' lang='lat' dir='ltr'>sacramentum</span> <span class='ocrx_word' id='word_1_388' title='bbox 1866 3999 1962 4070; x_wconf 81' lang='lat' dir='ltr'>sit,</span> <span class='ocrx_word' id='word_1_389' title='bbox 2005 4000 2066 4057; x_wconf 90' lang='lat' dir='ltr'>in</span> <span class='ocrx_word' id='word_1_390' title='bbox 2113 4017 2230 4078; x_wconf 81' lang='lat' dir='ltr'>quo</span> <span class='ocrx_word' id='word_1_391' title='bbox 2264 4017 2474 4074; x_wconf 86' lang='lat' dir='ltr'>corpus</span> <span class='ocrx_word' id='word_1_392' title='bbox 2505 3998 2719 4056; x_wconf 83' lang='lat' dir='ltr'>Christi</span> <span class='ocrx_word' id='word_1_393' title='bbox 2748 3998 3001 4072; x_wconf 79' lang='lat' dir='ltr'>subjecti</span> 
     </span>
     <span class='ocr_line' id='line_1_40' title="bbox 380 4085 3002 4163; baseline 0 -20"><span class='ocrx_word' id='word_1_394' title='bbox 380 4086 573 4144; x_wconf 86' lang='lat' dir='ltr'>instar</span> <span class='ocrx_word' id='word_1_395' title='bbox 589 4089 652 4144; x_wconf 89' lang='lat' dir='ltr'>et</span> <span class='ocrx_word' id='word_1_396' title='bbox 668 4086 889 4162; x_wconf 89' lang='lat' dir='ltr'>species</span> <span class='ocrx_word' id='word_1_397' title='bbox 919 4105 980 4145; x_wconf 89' lang='lat' dir='ltr'>se</span> <span class='ocrx_word' id='word_1_398' title='bbox 1000 4085 1219 4145; x_wconf 89' lang='lat' dir='ltr'>habent</span> <span class='ocrx_word' id='word_1_399' title='bbox 1236 4087 1423 4145; x_wconf 86' lang='lat' dir='ltr'>instar</span> <span class='ocrx_word' id='word_1_400' title='bbox 1455 4087 2009 4163; x_wconf 87' lang='lat' dir='ltr'>phaenomenorum,</span> <span class='ocrx_word' id='word_1_401' title='bbox 2033 4088 2249 4162; x_wconf 88' lang='lat' dir='ltr'>quibus</span> <span class='ocrx_word' id='word_1_402' title='bbox 2281 4087 2433 4146; x_wconf 90' lang='lat' dir='ltr'>illud</span> <span class='ocrx_word' id='word_1_403' title='bbox 2466 4107 2524 4145; x_wconf 90' lang='lat' dir='ltr'>se</span> <span class='ocrx_word' id='word_1_404' title='bbox 2555 4087 2752 4145; x_wconf 89' lang='lat' dir='ltr'>induit</span> <span class='ocrx_word' id='word_1_405' title='bbox 2775 4090 2834 4143; x_wconf 91' lang='lat' dir='ltr'>et</span> <span class='ocrx_word' id='word_1_406' title='bbox 2862 4086 3002 4143; x_wconf 79' lang='lat' dir='ltr'>fidei</span> 
     </span>
     <span class='ocr_line' id='line_1_41' title="bbox 383 4174 2999 4252; baseline -0 -19"><span class='ocrx_word' id='word_1_407' title='bbox 383 4175 570 4233; x_wconf 86' lang='lat' dir='ltr'>oculis</span> <span class='ocrx_word' id='word_1_408' title='bbox 602 4176 839 4235; x_wconf 86' lang='lat' dir='ltr'>exhibet</span> <span class='ocrx_word' id='word_1_409' title='bbox 869 4180 931 4234; x_wconf 91' lang='lat' dir='ltr'>et</span> <span class='ocrx_word' id='word_1_410' title='bbox 960 4175 1296 4234; x_wconf 84' lang='lat' dir='ltr'>manifestat</span> <span class='ocrx_word' id='word_1_411' title='bbox 1326 4180 1398 4234; x_wconf 90' lang='lat' dir='ltr'>ut</span> <span class='ocrx_word' id='word_1_412' title='bbox 1426 4177 1593 4252; x_wconf 88' lang='lat' dir='ltr'>panis</span> <span class='ocrx_word' id='word_1_413' title='bbox 1625 4176 1920 4234; x_wconf 86' lang='lat' dir='ltr'>coelestis:</span> <span class='ocrx_word' id='word_1_414' title='bbox 1966 4176 2097 4235; x_wconf 91' lang='lat' dir='ltr'>ideo</span> <span class='ocrx_word' id='word_1_415' title='bbox 2130 4196 2280 4252; x_wconf 90' lang='lat' dir='ltr'>quae</span> <span class='ocrx_word' id='word_1_416' title='bbox 2311 4176 2466 4235; x_wconf 89' lang='lat' dir='ltr'>fiunt</span> <span class='ocrx_word' id='word_1_417' title='bbox 2498 4177 2646 4235; x_wconf 85' lang='lat' dir='ltr'>circa</span> <span class='ocrx_word' id='word_1_418' title='bbox 2676 4174 2999 4233; x_wconf 85' lang='lat' dir='ltr'>accidentia</span> 
     </span>
     <span class='ocr_line' id='line_1_42' title="bbox 383 4261 2994 4346; baseline 0 -25"><span class='ocrx_word' id='word_1_419' title='bbox 383 4264 571 4338; x_wconf 83' lang='lat' dir='ltr'>panis,</span> <span class='ocrx_word' id='word_1_420' title='bbox 616 4265 872 4340; x_wconf 88' lang='lat' dir='ltr'>praecise</span> <span class='ocrx_word' id='word_1_421' title='bbox 902 4268 973 4323; x_wconf 90' lang='lat' dir='ltr'>ut</span> <span class='ocrx_word' id='word_1_422' title='bbox 1002 4265 1383 4324; x_wconf 88' lang='lat' dir='ltr'>manifestant</span> <span class='ocrx_word' id='word_1_423' title='bbox 1412 4284 1687 4341; x_wconf 87' lang='lat' dir='ltr'>praesens</span> <span class='ocrx_word' id='word_1_424' title='bbox 1719 4265 1855 4342; x_wconf 91' lang='lat' dir='ltr'>(sub</span> <span class='ocrx_word' id='word_1_425' title='bbox 1889 4265 2075 4324; x_wconf 86' lang='lat' dir='ltr'>forma</span> <span class='ocrx_word' id='word_1_426' title='bbox 2106 4271 2305 4324; x_wconf 87' lang='lat' dir='ltr'>tamen</span> <span class='ocrx_word' id='word_1_427' title='bbox 2339 4261 2482 4346; x_wconf 91' lang='lat' dir='ltr'>cibi)</span> <span class='ocrx_word' id='word_1_428' title='bbox 2516 4264 2730 4323; x_wconf 89' lang='lat' dir='ltr'>Christi</span> <span class='ocrx_word' id='word_1_429' title='bbox 2763 4283 2994 4340; x_wconf 89' lang='lat' dir='ltr'>corpus,</span> 
     </span>
     <span class='ocr_line' id='line_1_43' title="bbox 386 4351 2996 4430; baseline 0.001 -22"><span class='ocrx_word' id='word_1_430' title='bbox 386 4351 459 4409; x_wconf 92' lang='lat' dir='ltr'>de</span> <span class='ocrx_word' id='word_1_431' title='bbox 506 4352 614 4411; x_wconf 89' lang='lat' dir='ltr'>hoc</span> <span class='ocrx_word' id='word_1_432' title='bbox 655 4354 1082 4412; x_wconf 89' lang='lat' dir='ltr'>enunciantur:</span> <span class='ocrx_word' id='word_1_433' title='bbox 1135 4358 1197 4412; x_wconf 89' lang='lat' dir='ltr'>et</span> <span class='ocrx_word' id='word_1_434' title='bbox 1245 4355 1499 4413; x_wconf 88' lang='lat' dir='ltr'>subinde</span> <span class='ocrx_word' id='word_1_435' title='bbox 1544 4359 1787 4430; x_wconf 86' lang='lat' dir='ltr'>propter</span> <span class='ocrx_word' id='word_1_436' title='bbox 1832 4355 2090 4413; x_wconf 88' lang='lat' dir='ltr'>rationes</span> <span class='ocrx_word' id='word_1_437' title='bbox 2135 4355 2448 4430; x_wconf 87' lang='lat' dir='ltr'>polemicas</span> <span class='ocrx_word' id='word_1_438' title='bbox 2479 4355 2659 4412; x_wconf 84' lang='lat' dir='ltr'>etiam</span> <span class='ocrx_word' id='word_1_439' title='bbox 2690 4353 2996 4412; x_wconf 90' lang='lat' dir='ltr'>enunciari</span> 
     </span>
     <span class='ocr_line' id='line_1_44' title="bbox 385 4440 2996 4519; baseline 0.002 -21"><span class='ocrx_word' id='word_1_440' title='bbox 385 4440 616 4500; x_wconf 85' lang='lat' dir='ltr'>debent.</span> <span class='ocrx_word' id='word_1_441' title='bbox 676 4443 903 4501; x_wconf 85' lang='lat' dir='ltr'>Harum</span> <span class='ocrx_word' id='word_1_442' title='bbox 933 4443 1093 4502; x_wconf 88' lang='lat' dir='ltr'>enim</span> <span class='ocrx_word' id='word_1_443' title='bbox 1124 4444 1494 4502; x_wconf 89' lang='lat' dir='ltr'>locutionum</span> <span class='ocrx_word' id='word_1_444' title='bbox 1528 4463 1732 4503; x_wconf 89' lang='lat' dir='ltr'>sensus</span> <span class='ocrx_word' id='word_1_445' title='bbox 1778 4447 1884 4514; x_wconf 88' lang='lat' dir='ltr'>est,</span> <span class='ocrx_word' id='word_1_446' title='bbox 1933 4443 2344 4518; x_wconf 83' lang='lat' dir='ltr'>substantiam,</span> <span class='ocrx_word' id='word_1_447' title='bbox 2398 4462 2549 4519; x_wconf 90' lang='lat' dir='ltr'>quae</span> <span class='ocrx_word' id='word_1_448' title='bbox 2593 4442 2996 4502; x_wconf 90' lang='lat' dir='ltr'>accidentibus</span> 
     </span>
     <span class='ocr_line' id='line_1_45' title="bbox 383 4530 2995 4608; baseline 0.001 -21"><span class='ocrx_word' id='word_1_449' title='bbox 383 4530 600 4602; x_wconf 85' lang='lat' dir='ltr'>subest,</span> <span class='ocrx_word' id='word_1_450' title='bbox 642 4535 715 4590; x_wconf 91' lang='lat' dir='ltr'>ut</span> <span class='ocrx_word' id='word_1_451' title='bbox 744 4532 1041 4608; x_wconf 88' lang='lat' dir='ltr'>objectum</span> <span class='ocrx_word' id='word_1_452' title='bbox 1075 4537 1221 4591; x_wconf 89' lang='lat' dir='ltr'>sunt</span> <span class='ocrx_word' id='word_1_453' title='bbox 1251 4532 1661 4592; x_wconf 90' lang='lat' dir='ltr'>immediatum</span> <span class='ocrx_word' id='word_1_454' title='bbox 1692 4533 1878 4603; x_wconf 78' lang='lat' dir='ltr'>visuS,</span> <span class='ocrx_word' id='word_1_455' title='bbox 1926 4535 2142 4603; x_wconf 88' lang='lat' dir='ltr'>tactus,</span> <span class='ocrx_word' id='word_1_456' title='bbox 2190 4532 2512 4602; x_wconf 87' lang='lat' dir='ltr'>fractionis,</span> <span class='ocrx_word' id='word_1_457' title='bbox 2558 4535 2616 4590; x_wconf 89' lang='lat' dir='ltr'>et</span> <span class='ocrx_word' id='word_1_458' title='bbox 2664 4551 2815 4607; x_wconf 90' lang='lat' dir='ltr'>quae</span> <span class='ocrx_word' id='word_1_459' title='bbox 2863 4551 2995 4590; x_wconf 89' lang='lat' dir='ltr'>cum</span> 
     </span>
     <span class='ocr_line' id='line_1_46' title="bbox 380 4619 2994 4696; baseline 0 -20"><span class='ocrx_word' id='word_1_460' title='bbox 380 4619 533 4694; x_wconf 89' lang='lat' dir='ltr'>ipsis</span> <span class='ocrx_word' id='word_1_461' title='bbox 563 4639 754 4680; x_wconf 89' lang='lat' dir='ltr'>unum</span> <span class='ocrx_word' id='word_1_462' title='bbox 786 4621 1102 4681; x_wconf 87' lang='lat' dir='ltr'>constituit</span> <span class='ocrx_word' id='word_1_463' title='bbox 1124 4625 1568 4692; x_wconf 88' lang='lat' dir='ltr'>sacramentum,</span> <span class='ocrx_word' id='word_1_464' title='bbox 1603 4641 1721 4680; x_wconf 92' lang='lat' dir='ltr'>non</span> <span class='ocrx_word' id='word_1_465' title='bbox 1754 4640 1885 4680; x_wconf 88' lang='lat' dir='ltr'>esse</span> <span class='ocrx_word' id='word_1_466' title='bbox 1905 4621 2080 4679; x_wconf 86' lang='lat' dir='ltr'>aliam</span> <span class='ocrx_word' id='word_1_467' title='bbox 2104 4641 2282 4696; x_wconf 90' lang='lat' dir='ltr'>quam</span> <span class='ocrx_word' id='word_1_468' title='bbox 2302 4622 2498 4696; x_wconf 90' lang='lat' dir='ltr'>ipsum</span> <span class='ocrx_word' id='word_1_469' title='bbox 2523 4620 2741 4679; x_wconf 87' lang='lat' dir='ltr'>Christi</span> <span class='ocrx_word' id='word_1_470' title='bbox 2764 4639 2994 4696; x_wconf 74' lang='lat' dir='ltr'>corpus</span> 
     </span>
     <span class='ocr_line' id='line_1_47' title="bbox 380 4707 2992 4789; baseline 0.003 -24"><span class='ocrx_word' id='word_1_471' title='bbox 380 4707 508 4767; x_wconf 91' lang='lat' dir='ltr'>Hoc</span> <span class='ocrx_word' id='word_1_472' title='bbox 539 4727 723 4769; x_wconf 88' lang='lat' dir='ltr'>sensu</span> <span class='ocrx_word' id='word_1_473' title='bbox 753 4712 1279 4789; x_wconf 84' lang='lat' dir='ltr'>Berengarius</span> <span class='ocrx_word' id='word_1_474' title='bbox 1325 4714 1525 4784; x_wconf 75' lang='lat' dir='ltr'>jussus</span> <span class='ocrx_word' id='word_1_475' title='bbox 1572 4713 1664 4770; x_wconf 90' lang='lat' dir='ltr'>est</span> <span class='ocrx_word' id='word_1_476' title='bbox 1706 4711 1971 4787; x_wconf 85' lang='lat' dir='ltr'>profiteri</span> <span class='ocrx_word' id='word_1_477' title='bbox 2002 4710 2065 4769; x_wconf 91' lang='lat' dir='ltr'>in</span> <span class='ocrx_word' id='word_1_478' title='bbox 2100 4711 2344 4769; x_wconf 89' lang='lat' dir='ltr'>concilio</span> <span class='ocrx_word' id='word_1_479' title='bbox 2378 4729 2527 4769; x_wconf 89' lang='lat' dir='ltr'>rom</span> <span class='ocrx_word' id='word_1_480' title='bbox 2548 4728 2684 4767; x_wconf 86' lang='lat' dir='ltr'>ano</span> <span class='ocrx_word' id='word_1_481' title='bbox 2716 4729 2765 4771; x_wconf 92' lang='lat' dir='ltr'>a.</span> <span class='ocrx_word' id='word_1_482' title='bbox 2806 4720 2992 4778; x_wconf 87' lang='lat'>1059,</span> 
     </span>
     <span class='ocr_line' id='line_1_48' title="bbox 397 4798 2993 4876; baseline -0 -19"><span class='ocrx_word' id='word_1_483' title='bbox 397 4816 643 4872; x_wconf 85' lang='lat' dir='ltr'>,panem</span> <span class='ocrx_word' id='word_1_484' title='bbox 693 4802 754 4858; x_wconf 87' lang='lat' dir='ltr'>et</span> <span class='ocrx_word' id='word_1_485' title='bbox 797 4801 1001 4859; x_wconf 82' lang='lat' dir='ltr'>vinum</span> <span class='ocrx_word' id='word_1_486' title='bbox 1049 4803 1183 4876; x_wconf 90' lang='lat' dir='ltr'>post</span> <span class='ocrx_word' id='word_1_487' title='bbox 1228 4801 1721 4860; x_wconf 88' lang='lat' dir='ltr'>consecrationem</span> <span class='ocrx_word' id='word_1_488' title='bbox 1766 4819 1887 4859; x_wconf 90' lang='lat' dir='ltr'>non</span> <span class='ocrx_word' id='word_1_489' title='bbox 1933 4801 2124 4859; x_wconf 90' lang='lat' dir='ltr'>solum</span> <span class='ocrx_word' id='word_1_490' title='bbox 2169 4804 2614 4870; x_wconf 85' lang='lat' dir='ltr'>sacramentum,</span> <span class='ocrx_word' id='word_1_491' title='bbox 2665 4798 2765 4857; x_wconf 88' lang='lat' dir='ltr'>sed</span> <span class='ocrx_word' id='word_1_492' title='bbox 2816 4799 2993 4858; x_wconf 89' lang='lat' dir='ltr'>etiam</span> 
     </span>
    </p>
   </div>
  </div>
 </body>
</html>
