3538 5364
1306 365 1657 421 concionum
1684 368 2113 436 argumentum.
2884 376 3015 443 647

571 550 638 619 4.
668 553 1091 631 longitudo
1123 555 1286 612 caret
1314 552 1452 617 fine.
1526 551 1700 611 Ibunt
1715 552 1870 627 justi
1899 554 1963 612 in
1993 554 2169 612 vitam
2199 559 2495 612 aeternam
2526 554 2735 618 Matth.
2774 563 2874 626 25,
2911 554 3013 620 46.

572 643 742 713 Quod
771 644 860 702 ita
888 642 1024 702 aliis
1055 642 1254 702 verbis
1284 640 1576 717 expressit
1606 659 1653 700 8.
1697 642 2109 701 Anselmus
2156 643 2338 718 prosl.
2368 661 2418 705 c.
2452 651 2568 706 25:
2617 643 2707 711 ,0
2753 645 2860 720 qui
2904 645 3015 705 hoc

387 734 548 794 bono
579 728 736 817 (scil.
766 728 915 816 Deo)
947 732 1210 790 fruetur!
1258 731 1338 790 Et
1380 729 1527 806 quid
1557 730 1650 788 illi
1680 730 1816 803 erit,
1861 731 1924 790 et
1955 730 2101 807 quid
2131 731 2223 789 illi
2265 749 2391 790 non
2420 732 2576 790 erit?
2622 732 2793 792 Certe
2834 734 3012 809 quid-

392 823 543 899 quid
573 822 752 897 volet,
799 822 946 881 erit:
992 822 1055 879 et
1098 819 1259 896 quod
1288 820 1474 892 nolet,
1521 836 1642 878 non
1673 819 1807 879 erit.
1870 819 1964 878 Ibi
2010 820 2231 896 quippe
2262 823 2441 882 erunt
2472 821 2628 880 bona
2658 822 2918 898 corporis
2952 826 3013 883 et

393 912 638 983 animae,
671 910 874 988 qualia
903 928 1011 969 nec
1039 910 1248 969 oculus
1280 908 1451 979 vidit,
1496 925 1606 967 nec
1635 908 1798 973 auris
1830 908 2081 979 audivit,
2129 927 2238 968 nec
2282 927 2382 968 cor
2422 909 2677 970 hominis
2709 911 3020 988 cogitavit.

391 1001 512 1061 Gur
542 1020 684 1078 ergo
715 1018 822 1081 per
840 1000 1034 1058 multa
1051 999 1304 1076 vagaris,
1338 998 1674 1071 homuncio,
1709 998 2048 1073 quaerendo
2066 998 2222 1057 bona
2242 998 2475 1058 animae
2494 1002 2634 1058 tuae
2664 1001 2726 1059 et
2756 1002 3021 1077 corporis

391 1090 528 1149 tui?
593 1091 742 1149 Ama
771 1108 962 1148 uuum
992 1088 1235 1158 bonum,
1281 1087 1346 1145 in
1393 1104 1513 1161 quo
1549 1090 1694 1146 suut
1725 1087 1924 1146 omnia
1954 1088 2126 1159 bona,
2159 1091 2222 1146 et
2253 1087 2492 1151 sufficit.
2558 1088 2840 1147 Desidere
2870 1089 3017 1149 sim-

392 1180 527 1256 plex
556 1179 796 1250 bonum,
829 1178 989 1254 quod
1020 1180 1111 1236 est
1141 1195 1314 1255 omne
1343 1176 1599 1246 bonum3
1645 1179 1708 1235 et
1739 1176 1888 1235 satis
1920 1180 2031 1242 est.
2096 1176 2253 1246 Quid
2286 1177 2444 1236 enim
2476 1195 2653 1248 amas,
2688 1196 2821 1238 caro
2852 1198 3019 1249 mea·,

393 1268 538 1345 quid
572 1266 884 1337 desidet-aa,
918 1266 1117 1327 anima
1147 1268 1318 1325 mea?
1376 1264 1471 1323 Ibi
1503 1268 1612 1336 est,
1658 1265 1746 1324 ibi
1778 1266 1890 1336 est,
1937 1265 2231 1342 quidquid
2266 1265 2494 1337 amatis,
2526 1266 2823 1342 quidquid
2854 1266 3016 1328 desi-

393 1357 631 1416 deratis.
689 1355 751 1418 Si
783 1356 1042 1416 delectat
1071 1354 1619 1432 pulchritudo,
1652 1354 1972 1432 fulgebunt
1993 1355 2152 1430 justi
2182 1355 2337 1414 sicut
2373 1354 2478 1414 801.
2530 1355 2591 1414 Si
2624 1356 3018 1416 velocitas

392 1449 499 1506 aut
528 1445 819 1513 fortitudo
851 1447 958 1506 aut
997 1445 1245 1504 libertas
1278 1443 1558 1520 corporis,
1604 1444 1702 1503 cui
1746 1444 1901 1502 nihil
1948 1443 2240 1503 obsistere
2285 1444 2507 1520 possit:
2558 1447 2738 1504 erunt
2787 1445 3015 1507 similes

390 1535 619 1612 angelis
653 1534 778 1606 Dei,
812 1535 956 1611 quia
986 1534 1316 1593 seminatur
1346 1551 1559 1608 corpus
1590 1533 1863 1602 animale,
1912 1536 1973 1591 et
2018 1536 2226 1612 surget
2267 1552 2478 1610 corpus
2509 1534 2796 1610 spiritale,
2844 1538 3013 1610 pote-

393 1626 549 1684 state
578 1625 808 1700 utique,
842 1643 964 1683 non
994 1627 1225 1682 natura.
1274 1621 1335 1683 Si
1366 1621 1543 1698 longa
1573 1626 1635 1682 et
1665 1621 1922 1681 salubris
1954 1623 2148 1682 vita:
2182 1622 2269 1681 ibi
2302 1641 2447 1682 sana
2475 1626 2569 1681 eet
2598 1624 2919 1683 aeternitas
2952 1628 3014 1684 et

392 1716 637 1773 aeterna
666 1714 915 1783 sanitas3
951 1713 1093 1788 quia
1114 1713 1271 1788 justi
1301 1711 1365 1770 in
1397 1714 1754 1788 perpetuum
1786 1709 2025 1771 vivent:
2058 1714 2135 1782 et,
2168 1712 2331 1771 salus
2355 1712 2661 1788 justorum
2691 1713 3015 1775 aDomino.

391 1803 453 1864 Si
486 1793 851 1862 satietas:
885 1802 1285 1872 satiabuntur,
1317 1818 1454 1859 cum
1483 1800 1833 1877 apparuerit
1863 1800 2051 1877 gloria
2070 1800 2194 1859 Dei.
2244 1801 2307 1859 Si
2338 1800 2719 1860 ebrietas:
2752 1801 3013 1862 inebria·

390 1892 622 1951 buntur
663 1892 737 1950 ab
782 1891 1055 1951 ubertate
1108 1889 1317 1949 domus
1367 1889 1489 1949 Dei.
1556 1890 1618 1949 Si
1680 1889 2044 1948 melodia:
2110 1890 2192 1948 ibi
2257 1890 2600 1967 angelorum
2668 1891 2827 1949 chori
2873 1909 3012 1951 con·

391 1981 604 2040 cinunt
635 1980 764 2040 sine
793 1980 910 2039 fine
942 1980 1079 2039 Deo.
1137 1979 1196 2038 Si
1230 1978 1535 2056 quaelibet
1563 1998 1684 2038 non
1714 1978 2035 2052 immunda,
2069 1978 2175 2038 sed
2205 1978 2429 2038 munda
2461 1979 2856 2056 voluptas:
2889 1983 3011 2040 tor-

389 2073 562 2129 rente
593 2069 921 2147 voluptatis
953 2087 1095 2128 suae
1133 2067 1368 2146 potabit
1410 2086 1512 2127 eos
1545 2069 1722 2127 Deus.
1789 2068 1849 2126 Si
1898 2068 2331 2143 sapientia:
2384 2068 2516 2144 ipsa
2566 2069 2670 2127 Dei
2721 2069 3012 2146 sapientia

393 2158 670 2219 ostendet
714 2160 988 2236 seipsam.
1053 2157 1114 2217 Si
1156 2157 1544 2218 amicitia:
1592 2157 1846 2234 diligent
1877 2156 2066 2216 Deum
2112 2158 2252 2235 plus
2288 2177 2476 2233 quam
2510 2158 2765 2234 seipsos3
2811 2161 2872 2218 et
2914 2159 3010 2218 in-

390 2249 596 2319 vicem,
629 2250 935 2324 tamquam
964 2247 1221 2324 seipsos:
1264 2250 1327 2305 et
1358 2247 1515 2306 Deus
1547 2246 1679 2306 illos
1711 2247 1850 2322 plus
1882 2265 2061 2322 quam
2091 2247 2182 2306 illi
2217 2246 2473 2323 seipsos:
2522 2248 2665 2322 quia
2695 2247 2782 2306 illi
2816 2248 3010 2317 illum,

388 2340 451 2397 et
482 2355 545 2396 se
575 2339 636 2396 et
665 2338 920 2397 invicem
950 2356 1056 2412 per
1085 2337 1289 2407 illum;
1337 2337 1399 2394 et
1441 2336 1546 2395 ille
1593 2355 1655 2395 se
1700 2341 1762 2394 et
1801 2335 1938 2394 illos
1970 2353 2078 2412 per
2107 2336 2387 2413 seipsum.
2453 2336 2515 2395 Si
2559 2336 3012 2397 concordia:

390 2425 668 2485 omnibus
698 2425 823 2485 illis
854 2426 971 2485 erit
999 2444 1123 2485 una
1154 2425 1445 2496 voluntas,
1493 2425 1635 2500 quia
1675 2424 1840 2483 nulla
1870 2424 1954 2484 eis
1985 2425 2104 2483 erit
2133 2425 2252 2485 nisi
2286 2425 2411 2484 sola
2441 2424 2549 2484 Dei
2582 2426 2884 2489 voluntas.
2951 2426 3012 2484 Si

391 2517 784 2592 potestas:
831 2514 1269 2591 omnipotentes
1315 2516 1495 2573 erunt
1539 2531 1681 2573 suae
1723 2513 2083 2590 voluntatis,
2132 2517 2207 2573 ut
2245 2515 2405 2574 Deus
2436 2532 2593 2576 suae.
2657 2515 2806 2574 Nam
2857 2516 3015 2575 sicut

392 2605 617 2680 poterit
635 2605 811 2676 Deus,
845 2604 1002 2680 quod
1023 2605 1202 2676 volet,
1230 2622 1339 2680 per
1369 2604 1662 2680 seipsum3
1696 2603 1783 2662 ita
1811 2605 2098 2679 poterunt
2126 2604 2219 2662 illi
2249 2603 2409 2679 quod
2444 2603 2644 2663 volent
2674 2623 2778 2681 per
2808 2603 3013 2663 illum:

395 2694 540 2769 quia
568 2695 729 2753 sicut
757 2694 844 2752 illi
875 2712 998 2754 non
1028 2694 1191 2754 aliud
1222 2696 1443 2765 volent,
1491 2713 1670 2770 quam
1701 2693 1865 2770 quod
1896 2692 2031 2764 ille3
2077 2693 2166 2753 ita
2207 2693 2312 2753 ille
2358 2695 2533 2764 volet,
2580 2694 2876 2771 quidquid
2919 2695 3012 2753 illi

393 2783 623 2843 volent:
674 2787 737 2843 et
783 2784 942 2859 quod
987 2783 1087 2841 ille
1131 2784 1309 2856 volet,
1365 2801 1486 2842 uon
1514 2783 1737 2859 poterit
1765 2801 1888 2841 non
1918 2801 2063 2842 esse.
2129 2782 2192 2841 Si
2242 2782 2483 2842 honor
2529 2784 2591 2841 et
2637 2783 3012 2843 divitiae:

396 2873 554 2932 Deus
586 2891 783 2933 servos
815 2890 956 2933 suos
987 2871 1172 2932 bonos
1205 2875 1268 2932 et
1296 2872 1499 2931 fideles
1533 2891 1719 2947 supra
1749 2872 1943 2931 multa
1971 2873 2330 2941 constituet3
2378 2872 2496 2931 imo
2529 2871 2633 2930 filii
2669 2872 2776 2930 Dei
2820 2875 2883 2931 et
2927 2872 3012 2930 dii

394 2961 782 3032 vocabuntur,
831 2964 892 3021 et
922 2962 1029 3020 ubi
1058 2961 1173 3020 erit
1203 2962 1393 3020 Filius
1424 2962 1572 3037 ejus,
1618 2961 1705 3020 ibi
1735 2963 1916 3020 erunt
1947 2964 2009 3020 et
2037 2961 2147 3032 illi,
2197 2961 2440 3020 heredes
2474 2962 2712 3036 quidem
2747 2962 2871 3032 Dei,
2917 2979 3014 3021 co-

395 3051 637 3110 heredes
668 3054 868 3110 autem
900 3050 1133 3114 Christi.
1200 3051 1261 3110 Si
1292 3070 1432 3110 vera
1463 3051 1715 3110 securi
1735 3052 1813 3108 ta
1831 3068 1890 3108 s:
1924 3053 2081 3109 certe
2113 3050 2200 3109 ita
2229 3050 2377 3109 certi
2407 3055 2586 3108 erunt
2615 3069 2924 3126 nunquam
2954 3053 3017 3109 et

392 3139 742 3199 nullatenus
785 3140 903 3198 ista
946 3139 1041 3199 vel
1090 3140 1291 3216 potius
1322 3138 1487 3198 istud
1519 3139 1744 3198 bonum
1777 3138 1894 3197 sibi
1925 3138 2292 3210 defuturum,
2339 3139 2496 3198 sicut
2539 3140 2686 3198 certi
2728 3142 2907 3199 erunt
2952 3158 3013 3198 se

393 3247 516 3288 non
559 3247 673 3288 sua
715 3232 928 3304 sponte
958 3227 1106 3287 illud
1137 3229 1478 3299 amissuros,
1525 3245 1635 3287 nec
1678 3227 2026 3287 dilectorem
2059 3229 2247 3287 Deum
2280 3228 2433 3288 illud
2466 3227 2854 3288 dilectoribus
2887 3229 3013 3288 suis

393 3316 604 3376 invitis
623 3318 981 3389 ablaturum,
1013 3334 1122 3377 nec
1142 3317 1371 3393 aliquid
1392 3317 1514 3376 Deo
1533 3317 1843 3392 potentius
1864 3317 2084 3377 invitos
2104 3318 2289 3376 Deum
2324 3319 2385 3376 et
2416 3318 2553 3378 illos
2584 3320 3015 3394 separaturum.

394 3405 696 3466 Gaudium
727 3425 868 3467 vero
899 3406 1078 3482 quale
1109 3409 1216 3465 aut
1245 3409 1537 3483 quantum
1569 3407 1679 3476 est,
1713 3405 1821 3464 ubi
1850 3407 1969 3464 tale
2001 3424 2065 3465 ac
2097 3409 2334 3465 tantum
2363 3407 2589 3465 bonum
2621 3409 2801 3466 ostiu

579 3522 724 3576 693.
755 3508 884 3576 IV.
917 3513 1063 3572 Cum
1095 3512 1307 3589 dogma
1338 3512 1410 3571 de
1442 3511 1913 3589 purgatorio
1961 3511 2184 3570 nullam
2216 3531 2359 3589 prae
2409 3530 2472 3571 se
2518 3513 2669 3571 ferat
2698 3512 3014 3573 difficulta-

394 3604 516 3660 tem
546 3620 653 3677 pro
685 3601 980 3674 fidelibus,
1014 3601 1194 3660 nimis
1225 3601 1384 3660 enim
1419 3601 1725 3660 evidenter
1755 3599 1910 3660 illud
1942 3601 2287 3659 continetur
2316 3600 2644 3661 traditione
2665 3603 3015 3677 praesertim

397 3691 658 3766 practica
687 3709 874 3767 eaque
904 3690 1253 3767 quotidiana
1281 3693 1342 3750 et
1371 3690 1696 3749 universali
1728 3690 1811 3769 (n.
1845 3700 1969 3753 669
2005 3684 2098 3772 s.)‚
2138 3688 2404 3766 proderit
2434 3689 2509 3748 ad
2541 3689 2807 3749 fidelium
2840 3689 3016 3750 fidem

393 3779 844 3838 illuminandam
875 3783 937 3839 et
979 3779 1296 3840 fovendam
1327 3779 1654 3849 ostendere,
1701 3782 1999 3854 quantum
2032 3779 2246 3856 dogma
2275 3778 2349 3838 de
2381 3779 2725 3855 purgatorio
2758 3783 2819 3838 et
2847 3778 3014 3839 theo-

393 3868 576 3928 retice
608 3872 671 3927 et
700 3869 955 3945 practice
987 3888 1050 3928 se
1083 3869 1453 3928 commendet
1482 3871 1663 3944 atque
1693 3867 1916 3927 rationi
1948 3868 2028 3926 sit
2057 3885 2401 3928 consonum.
2467 3866 2577 3926 Est
2622 3868 2778 3926 enim
2827 3863 2890 3931 1.
2920 3887 3016 3928 ra·

394 3957 578 4016 tionis
595 3957 944 4017 christianae
974 3979 1014 4035 p
1030 3977 1064 4017 0
1080 3976 1108 4017 8
1124 3958 1462 4017 tulatum
1498 3953 1583 4041 (n.
1606 3954 1758 4040 668)
1777 3979 1791 4028 ;
1827 3954 1897 4019 2.
1917 3956 2244 4033 majestatis
2265 3955 2502 4016 divinae
2533 3976 2591 4014 m
2608 3975 2714 4014 em
2731 3957 2932 4017 orial
2949 3977 3016 4023 ez

396 4042 460 4112 3.
507 4046 831 4106 alacritatis
876 4048 938 4105 et
983 4047 1229 4106 fervoris
1276 4046 1606 4106 stimulu
1623 4064 1650 4105 s
1667 4090 1681 4117 ,
1730 4046 1984 4123 ideoque
2014 4045 2330 4123 fugiendae
2375 4046 2470 4104 vel
2515 4044 2759 4105 umbrae
2792 4047 3014 4122 peccati

395 4134 597 4194 efficax
648 4136 1050 4207 motivum3
1111 4131 1180 4198 4.
1230 4135 1560 4196 fomentum
1609 4134 1861 4212 spiritus
1909 4135 2458 4211 poenitentiae
2516 4136 2577 4193 et
2634 4133 2696 4199 5.
2749 4135 3014 4194 caritatis

394 4223 691 4283 fraternae
723 4223 798 4283 'et
831 4219 1219 4304 gratitudinis
1264 4226 1361 4284 vel
1403 4226 1566 4284 ultra
1611 4224 1792 4301 hujus
1837 4224 1994 4283 vitae
2039 4224 2304 4284 mortalis
2337 4223 2624 4283 terminos
2657 4223 3012 4284 exercendae

394 4314 560 4373 ferax
591 4314 896 4373 occasio
929 4316 1011 4388 (n.
1047 4311 1221 4395 671).
1950 4327 1999 4342 ‘¹

1488 4505 1805 4587 Sectio
1847 4511 1944 4586 11.
2048 4513 2053 4518 ’

627 4719 630 4726 ι
880 4717 884 4721 ¹
1121 4639 1222 4696 De
1243 4635 1248 4640 ’
1269 4637 1871 4700 consummatione
1918 4636 2308 4695 universali.
2500 4713 2503 4716 .
2574 4711 2579 4718 ἱ

576 4739 727 4804 694.
757 4733 1112 4818 Postquam
1145 4737 1391 4817 egimus
1421 4736 1503 4801 de
1536 4735 1931 4816 singulorum
1963 4736 2295 4801 hominum
2327 4737 2900 4813 consummatione,
2933 4734 3016 4801 de

395 4845 956 4930 consummatione
987 4843 1373 4910 disseremus
1419 4843 1639 4908 mundi
1685 4843 2112 4927 extremisque
2158 4843 2424 4909 humani
2456 4843 2705 4925 generis
2738 4842 2899 4920 fatis,
2932 4842 3013 4907 de
