3538 5364
1307 309 1503 365 Novae
1529 308 1696 380 Legis
1721 309 2034 364 effectibus.
2835 318 2965 383 ‘229

531 491 599 558 2.
640 488 774 553 Etsi
794 497 1205 555 sacramenta
1221 490 1443 554 omnia
1458 489 1796 554 conserunt
1813 490 2084 571 gratiam
2100 490 2513 569 habitualem,
2530 492 2747 575 aliqua
2767 510 2880 574 per
2898 511 2969 556 se

345 604 500 661 sunt
509 597 806 661 instituta
816 597 901 661 ad
909 597 1181 665 delenda
1190 604 1477 679 peccata,
1488 597 1761 681 ideoque
1774 598 1857 662 ad
1866 596 2324 665 infundendam
2338 599 2608 679 gratiam
2612 598 2969 681 justifican-

346 712 479 768 tem
500 704 798 785 primam,
817 710 891 768 ut
909 703 1267 785 baptismus
1288 710 1353 769 et
1366 704 1777 785 poenitentia,
1797 723 1965 787 quae
1979 712 2322 787 propterea
2345 713 2757 772 sacramenta
2778 725 2970 771 mor-

352 817 434 874 tu
449 829 492 875 o
506 830 542 874 r
556 831 601 875 u
619 830 686 874 m
718 810 1047 887 dicuntum
1078 811 1325 895 reliqua
1353 830 1513 877 vero
1546 819 1919 895 supponunt
1948 818 2288 896 peccatum
2324 813 2462 895 jam
2493 813 2792 890 deletum,
2821 813 2971 877 hinc

352 917 662 998 gratiam3
694 917 968 1002 ideoque
987 925 1227 1001 augent
1243 918 1516 1000 gratiam
1535 938 1650 984 seu
1666 918 2005 985 conferunt
2022 920 2291 1001 gratiam
2316 920 2695 985 secundam:
2727 920 2972 987 ethaeo

353 1025 767 1106 appellantur
797 1031 1207 1091 sacramenta
1234 1045 1277 1089 v
1296 1026 1371 1089 iv
1387 1043 1427 1089 o
1442 1045 1474 1090 r
1487 1046 1530 1090 u
1547 1045 1627 1090 m.

535 1171 599 1239 3.
647 1173 1040 1244 Sacramenta,
1088 1194 1241 1250 quae
1286 1194 1393 1251 per
1436 1193 1500 1234 se
1544 1174 1815 1234 ordinata
1846 1179 1991 1234 sunt
2021 1175 2093 1234 ad
2125 1175 2534 1235 conferendam
2565 1173 2820 1250 gratiam
2851 1175 2972 1250 pri-

356 1282 531 1335 mam,
582 1262 895 1322 conferunt
923 1263 1147 1340 gratiae
1192 1266 1687 1341 augmentum
1734 1282 1843 1324 seu
1887 1265 2139 1342 gratiam
2184 1264 2518 1332 secundam,
2568 1263 2802 1339 quoties
2848 1264 2973 1322 scil.

353 1352 694 1427 suscipiens
726 1356 1157 1411 sacramentum
1182 1354 1308 1429 jam
1340 1354 1531 1431 gratia
1561 1353 1802 1413 fruitur.
1867 1354 2038 1413 Ratio
2083 1356 2193 1422 est,
2243 1354 2387 1428 quia
2430 1354 2795 1413 sacramenta
2836 1370 2973 1412 con-

353 1441 561 1500 ferunt
590 1460 822 1517 semper
850 1442 1103 1519 gratiam
1133 1461 1253 1501 non
1285 1442 1648 1518 ponentibus
1680 1442 1936 1514 obicem3
1982 1443 2088 1519 qui
2133 1446 2333 1503 autem
2379 1443 2442 1502 in
2485 1441 2683 1521 gratia
2725 1445 2818 1501 est
2848 1441 2973 1517 jam

351 1530 748 1599 constitutae,
796 1530 1056 1606 profecto
1087 1531 1313 1591 obicem
1344 1549 1460 1591 non
1493 1531 1695 1608 ponit3
1743 1551 1884 1608 ergo
1927 1533 2178 1609 accipiet
2205 1532 2491 1610 gratiam:
2538 1549 2660 1590 non
2704 1531 2972 1607 primam,

357 1639 536 1694 quam
563 1620 693 1695 jam
722 1619 931 1691 habet3
963 1637 1106 1698 ergo
1136 1621 1362 1698 gratiae
1395 1626 1802 1698 augmentum.

537 1741 604 1809 4.
637 1744 1012 1804 Sacramenta
1040 1745 1311 1805 vivorum
1351 1745 1561 1804 saltem
1607 1745 1809 1821 aliqua
1853 1764 1960 1822 per
2004 1744 2367 1805 accidens
2412 1745 2678 1805 conferre
2722 1748 2979 1821 possunt

355 1834 617 1912 gratiam
648 1834 914 1909 primam.
977 1833 1135 1893 Haec
1166 1834 1479 1903 sententia,
1514 1854 1634 1893 non
1664 1833 1905 1910 quidem
1939 1838 2114 1905 certa,
2155 1833 2479 1893 secundum
2515 1834 2795 1893 Suarez
2826 1834 2976 1909 disp.

361 1936 396 1985 ‘7
436 1942 484 1986 s.
522 1933 558 1985 2
593 1922 919 1999 probabilis
951 1925 1046 1981 est
1075 1926 1138 1982 et
1166 1923 1359 2000 magis
1391 1923 1505 1999 pia,
1553 1943 1730 1999 quam
1780 1942 1824 1982 s.
1863 1923 2184 1982 Thomas
2216 1922 2438 1999 ubique
2470 1923 2643 1982 docet
2669 1922 2978 1982 tractando

353 2013 433 2071 de
466 2012 725 2089 singulis
758 2012 1140 2071 sacramentis
1173 2014 1256 2085 (3.
1288 2032 1344 2088 p.
1377 2032 1434 2088 q.
1470 2021 1549 2074 72
1584 2032 1633 2074 a.
1673 2023 1704 2075 7
1741 2012 1816 2071 ad
1854 2022 1922 2082 23
1956 2032 2010 2086 q.
2038 2023 2115 2075 79
2150 2032 2201 2071 a.
2238 2023 2272 2076 3
2307 2008 2463 2093 eta).
2511 2012 2595 2072 Ea
2626 2012 2712 2071 sic
2743 2011 2979 2071 suaderi

354 2104 592 2177 potest:
639 2101 975 2160 Secundum
1021 2100 1347 2161 doctrinam
1394 2101 1739 2161 catholicam
1774 2103 2139 2161 sacramenta
2171 2102 2241 2164 N.
2273 2101 2334 2162 L.
2367 2104 2525 2159 certo
2556 2100 2812 2178 gratim
2842 2118 2978 2160 con-

357 2191 566 2250 serunt
609 2208 731 2248 non
775 2190 1139 2266 ponentibus
1185 2191 1430 2254 obicem.
1495 2191 1682 2266 Atqui
1720 2194 1992 2268 peccator
2022 2190 2456 2249 invincibiliter
2484 2189 2767 2266 ignorans
2798 2209 2980 2268 grave

358 2284 690 2355 peccatum,
743 2279 796 2336 si
844 2279 999 2339 bona
1042 2279 1159 2339 fide
1203 2282 1265 2338 et
1309 2299 1443 2339 cum
1490 2281 1803 2339 attritione
1835 2280 2160 2339 universali
2193 2278 2265 2338 de
2311 2278 2587 2338 omnibus
2619 2279 2875 2355 peccatis
2906 2278 2980 2337 ad

360 2372 800 2428 sacramentum
833 2368 1105 2428 vivorum
1138 2368 1382 2445 accedit,
1431 2369 1652 2428 obicem
1699 2388 1822 2428 non
1866 2369 2065 2445 ponit:
2112 2387 2305 2445 neque
2351 2367 2508 2427 enim
2554 2367 2781 2427 obicem
2811 2368 2983 2443 ponit

361 2462 610 2534 propter
639 2458 878 2534 aliquod
912 2463 1218 2533 peccatum
1251 2458 1499 2528 actuale,
1547 2478 1684 2517 nam
1717 2458 2079 2534 supponitur
2111 2458 2380 2517 accedere
2411 2457 2567 2516 bona
2597 2456 2743 2526 fid03
2790 2476 2984 2532 neque

362 2547 597 2606 ratione
641 2546 866 2624 peccati
911 2547 1267 2607 habitualis:
1314 2548 1459 2624 quia
1502 2553 1810 2623 peccatum
1855 2547 2158 2607 habituale
2197 2546 2565 2622 poenitentia
2594 2549 2983 2605 retractatum

363 2655 471 2712 per
502 2655 567 2695 se
599 2654 718 2696 non
749 2639 845 2695 est
872 2635 1019 2696 obex
1051 2638 1292 2715 gratiae,
1341 2640 1409 2697 ut
1454 2639 1621 2712 patet
1665 2655 1735 2696 ex
1782 2636 2165 2696 sacramentis
2196 2640 2590 2697 mortuorum.
2655 2634 2813 2712 Ergo
2844 2635 2985 2694 talis

362 2731 639 2802 peccator
669 2725 908 2785 videtur
938 2727 1218 2803 consequi
1239 2727 1487 2804 gratiam
1510 2727 1780 2803 primam.
1827 2726 2026 2795 Quoad
2049 2725 2465 2785 eucharistiam
2498 2725 2706 2802 Lugo
2738 2724 2794 2782 d.
2825 2733 2900 2787 12
2923 2725 2988 2782 in

364 2814 728 2874 sententiam
759 2819 1075 2892 negantem
1105 2815 1438 2891 propendet
1469 2815 1659 2892 deque
1692 2816 1819 2875 sola
1848 2819 2110 2875 extrema
2138 2815 2436 2885 unctione,
2484 2814 2556 2873 de
2601 2832 2722 2890 qua
2750 2813 2812 2871 id
2846 2831 2987 2871 sane

360 2907 459 2963 est
488 2904 834 2974 tenendum,
867 2909 940 2963 ut
968 2909 1196 2964 certum
1226 2909 1451 2964 tuetur.

549 3025 615 3089 5.
655 3031 1033 3088 Sacramenta
1063 3028 1376 3088 conferunt
1406 3029 1655 3107 gratiam
1689 3048 1758 3087 ex
1792 3047 1966 3105 opere
1998 3031 2255 3105 operato,
2290 3027 2391 3086 sed
2424 3046 2531 3103 pro
2562 3026 2792 3086 ratione
2825 3026 2943 3084 dis
2963 3059 2986 3069 -

362 3117 822 3192 positionis.
872 3116 1039 3185 Quod
1071 3119 1225 3177 clare
1257 3119 1431 3178 docet
1461 3119 1776 3177 concilium
1810 3117 1987 3177 trid.
2020 3136 2160 3176 sess.
2184 3126 2219 3178 6
2255 3135 2376 3193 cap.
2402 3128 2468 3186 73
2502 3136 2638 3175 nam
2671 3118 2987 3190 postquam

363 3206 535 3276 dixit,
577 3224 689 3264 nos
721 3206 786 3265 in
809 3206 1237 3282 justificatione
1261 3207 1560 3282 justitiam
1594 3207 1658 3266 in
1690 3207 1859 3266 nobis
1889 3207 2163 3282 recipere,
2198 3204 2474 3281 subjicit:
2523 3205 2992 3281 ,Unusquisque

365 3313 540 3354 suam
573 3295 901 3354 secundum
932 3314 1287 3368 mensuram,
1332 3315 1506 3371 quam
1541 3296 1801 3372 Spiritus
1845 3315 1891 3355 s.
1935 3296 2197 3371 partitur
2228 3295 2487 3372 singulis
2518 3297 2700 3369 prout
2732 3294 2883 3366 vult,
2930 3297 2993 3352 et

367 3383 699 3444 secundum
732 3385 1029 3459 propriam
1060 3387 1346 3461 cujusque
1378 3385 1823 3461 dispositionem
1856 3389 1918 3444 et
1948 3385 2479 3461 cooperationem.‘
2530 3383 2653 3442 Hoc
2685 3382 2994 3458 colligitur

366 3492 612 3549 quoque
645 3491 716 3531 ex
748 3473 1039 3533 Ecclesiae
1069 3475 1239 3551 praxi
1272 3474 1568 3534 hortantis
1601 3473 1943 3533 accedentes
1976 3474 2050 3532 ad
2083 3477 2465 3546 sacramenta,
2512 3477 2584 3531 ut
2622 3490 2732 3547 pro
2765 3471 2993 3531 viribus

367 3580 436 3621 se
471 3562 812 3637 disponant,
846 3581 980 3622 cum
1013 3563 1242 3622 meliori
1277 3563 1660 3638 dispositioni
1692 3563 1934 3622 uberior
1962 3561 2317 3638 respondeat
2347 3561 2556 3639 gratia.
2624 3559 2791 3629 Quod
2824 3561 2993 3618 theo-

371 3651 498 3728 logi
530 3650 805 3728 analogia
838 3652 1163 3714 illustrant.
1227 3653 1570 3728 Comparare
1602 3652 1762 3710 enim
1795 3652 1935 3710 licet
1966 3657 2333 3710 sacramenta
2363 3651 2425 3709 in
2469 3649 2678 3709 ordine
2710 3668 2994 3725 superna-

369 3740 562 3799 turali
593 3741 788 3799 causis
821 3741 1096 3800 secundis
1129 3741 1355 3800 ordinis
1386 3741 1691 3800 naturalis.
1737 3741 1927 3818 Atqui
1956 3759 2163 3800 causae
2197 3740 2489 3799 secundae
2520 3738 2828 3812 aequalem
2861 3757 2994 3813 pro·

371 3831 608 3888 ducunt
638 3831 915 3889 effectum
947 3831 1009 3889 in
1042 3831 1328 3905 subjectis
1359 3829 1690 3906 aequaliter
1721 3830 2049 3906 dispositiS,
2081 3829 2451 3904 inaequalem
2486 3829 2550 3886 in
2582 3826 2871 3903 subjectis
2903 3827 2994 3884 in·

371 3920 707 3994 aequaliter
737 3918 1061 3995 dispositis.
1126 3920 1281 3997 Ergo
1326 3922 1389 3977 et
1433 3922 1803 3977 sacramenta
1848 3923 2172 3995 operantur
2216 3918 2342 3979 scil.
2389 3917 2700 3976 conferunt
2743 3916 2997 3991 gratiam

370 4026 483 4084 pro
514 4008 744 4067 ratione
764 4007 1188 4084 dispositionis.
1235 4008 1440 4083 Neque
1471 4008 1613 4066 haec
1646 4008 1896 4067 assertio
1928 4008 2277 4067 adversatur
2307 4005 2573 4085 dogmati
2603 4004 2893 4064 catholico
2924 4004 2997 4064 de

372 4095 637 4155 efficacia
666 4100 1166 4155 sacramentorum
1197 4116 1266 4155 ex
1302 4115 1478 4173 opere
1508 4099 1767 4172 operato.
1832 4097 1981 4156 Nam
2017 4096 2193 4156 etiam
2229 4097 2464 4156 siccitas
2496 4095 2663 4173 ligni,
2711 4113 2864 4170 quae
2906 4099 3000 4154 est

371 4185 694 4263 dispositio
726 4185 800 4244 ad
832 4186 1323 4260 combustionem,
1357 4205 1475 4245 non
1495 4189 1721 4245 contert
1750 4187 1879 4264 igni
1911 4187 2030 4247 vim
2066 4185 2467 4256 comburendi,
2502 4184 2604 4244 sed
2636 4187 2731 4243 est
2760 4186 3000 4243 tantum

371 4275 546 4347 ratio,
594 4277 668 4334 ut
711 4274 871 4352 ignis
915 4275 1038 4335 vim
1086 4275 1203 4333 sibi
1249 4275 1514 4334 innatam
1546 4275 1952 4335 abundantius
1984 4280 2241 4335 exserat:
2291 4275 2377 4333 ita
2419 4273 2798 4350 dispositioni
2843 4273 3001 4331 inest

369 4364 741 4440 congruitas,
787 4367 859 4423 ut
901 4364 1097 4423 virtus
1144 4368 1647 4424 sacramentorum
1692 4383 1762 4423 ex
1809 4364 2034 4424 meritis
2078 4364 2296 4423 Christi
2342 4363 2574 4422 infinite
2619 4368 2830 4439 patens
2862 4363 2999 4438 plus

373 4453 603 4530 gratiae
649 4454 712 4510 in
760 4453 978 4512 melius
1019 4452 1313 4531 disposito
1358 4473 1537 4530 quam
1582 4455 1646 4512 in
1685 4454 1885 4513 minus
1915 4453 2209 4530 disposito
2243 4451 2340 4532 (cx
2372 4471 2547 4529 opere
2577 4450 2843 4529 operato)
2875 4451 3000 4510 effi·

373 4542 527 4600 ciat:
560 4561 671 4617 per
701 4541 1152 4618 dispositionem
1185 4542 1339 4601 enim
1372 4546 1757 4602 removentur
1779 4542 2217 4618 impedimenta,
2251 4560 2402 4618 quae
2434 4541 2723 4600 obsistere
2755 4543 3004 4616 possent

374 4630 671 4690 infusioni
702 4631 945 4708 gratiae,
992 4637 1053 4690 et
1098 4632 1416 4708 subjicitur
1458 4631 1656 4691 anima
1698 4633 1859 4691 sicut
1903 4632 2203 4707 passivum
2236 4649 2344 4690 suo
2377 4629 2611 4707 proprio
2645 4629 2855 4689 activo,
2921 4627 3004 4689 cf.

377 4719 674 4779 Suarez
702 4720 761 4779 d.
797 4729 830 4781 7
867 4738 916 4783 s,
953 4730 1022 4790 5;
1056 4720 1260 4797 Lugo
1292 4720 1347 4778 d.
1386 4731 1420 4784 9
1456 4740 1501 4782 s.
1538 4731 1604 4791 2;
1640 4721 1712 4779 de
1742 4720 1910 4780 euch.
1943 4719 1998 4779 d.
2040 4731 2061 4783 l
2109 4738 2155 4778 s.
2191 4731 2244 4784 7.
