3538 5364
1386 262 1519 311 natu
1529 275 1622 313 rae
1650 258 1895 316 divinae.
2828 268 2908 331 16
2921 270 2961 331 3

322 443 457 501 ideo
490 461 601 501 nos
636 461 765 501 esse
799 447 1105 502 consortes
1127 444 1361 503 divinae
1383 446 1649 515 naturae,
1681 445 1839 521 quod
1872 445 1998 521 ipse
2020 445 2277 520 Spiritus
2300 464 2345 502 s.
2378 439 2513 508 κατ’
2540 440 2742 506 οὐσίαν
2766 447 2962 521 justos

323 532 641 590 inhabitet.
707 532 800 589 Ita
834 552 923 590 ex.
955 553 1043 609 gr.
1077 534 1556 593 Athanasius
1589 553 1679 610 ep.
1722 545 1745 596 1
1788 533 1859 592 ad
1895 535 2090 608 Serap.
2123 553 2180 593 n.
2219 543 2330 596 ⁴24:
2383 534 2640 601 ,Omnes
2686 535 2962 594 similiter

322 639 430 695 per
463 620 764 697 Spiritum
806 622 1129 698 participes
1164 623 1267 682 Dei
1315 622 1568 682 dicimur
1599 667 1612 681 .
1647 669 1659 681 .
1694 668 1706 681 .
1760 622 1874 681 Sed
1921 623 1969 681 si
2015 622 2276 697 Spiritus
2322 641 2367 681 s.
2415 641 2507 681 res
2553 627 2746 683 creata
2789 629 2958 695 esset,

325 710 493 767 nulla
516 729 661 768 sane
686 711 788 767 Dei
815 712 1270 771 communicatio
1290 711 1463 771 nobis
1497 713 1558 769 in
1592 713 1720 787 ipso
1752 717 1941 770 esset:
1975 711 2075 770 sed
2108 713 2193 770 rei
2214 717 2443 771 creatae
2465 714 2962 789 conjungeremur

322 802 386 856 et
417 799 661 856 divinae
686 804 940 859 naturae
960 800 1140 859 alieni
1160 820 1439 869 esst-mus,
1472 805 1681 878 utpote
1702 801 1873 858 nulla
1903 800 1965 859 in
1998 807 2165 877 parte
2198 803 2328 876 ejus
2365 802 2499 860 sacti
2535 802 2851 877 participes
2875 854 2888 866 .
2910 851 2922 864 .
2945 851 2958 864 .

328 887 387 945 Si
435 906 617 962 porro
669 888 933 963 Spiritus
978 890 1507 949 communicatione
1554 890 1792 949 divinae
1825 893 2072 949 naturae
2104 894 2401 949 consortes
2434 891 2738 957 efficimur,
2787 910 2958 950 nemo

323 982 480 1034 certe
512 978 636 1036 nisi
680 979 930 1037 insanus
976 978 1208 1049 dixerit,
1258 978 1547 1054 Spiritum
1594 998 1715 1038 non
1750 980 1873 1053 Dei,
1922 979 2026 1038 sed
2073 986 2298 1038 creatae
2343 998 2472 1037 esse
2518 984 2824 1038 11818188.“ἶ
2873 1014 2959 1023 --

328 1067 509 1142 Saepe
545 1086 688 1125 vero
722 1068 1076 1143 Cyrillus
1110 1069 1253 1127 alex.
1287 1073 1357 1128 ut
1390 1068 1450 1127 in
1471 1068 1640 1127 Joan.
1670 1080 1719 1139 l,
1768 1078 1874 1129 13:
1911 1072 2078 1136 ,Aut
2110 1069 2267 1126 enim
2303 1069 2540 1127 mentiri
2576 1070 2749 1144 plane
2780 1089 2957 1128 evan·

324 1154 608 1231 gelistam
642 1156 984 1221 fatebimur,
1034 1162 1137 1214 aut
1182 1157 1231 1216 si
1281 1175 1449 1215 verax
1483 1161 1593 1227 est,
1643 1157 1823 1216 sicuti
1857 1162 1948 1215 est
1980 1158 2261 1233 profecto,
2311 1158 2468 1215 Deus
2500 1160 2616 1216 erit
2646 1161 2707 1216 et
2737 1178 2804 1216 ex
2841 1160 2957 1217 Deo

322 1245 658 1302 secundum
692 1250 965 1304 naturam
990 1245 1267 1322 Spiritus,
1303 1248 1475 1309 cuius
1505 1247 1963 1323 participatione
1996 1267 2102 1322 per
2132 1246 2306 1305 fidem
2340 1247 2399 1304 in
2421 1248 2722 1306 Christum
2753 1248 2955 1306 donati

322 1342 381 1391 et
414 1340 671 1392 naturae
703 1334 944 1394 divinae
977 1335 1294 1412 participes
1328 1335 1618 1394 efficimur
1648 1339 1710 1394 et
1743 1354 1810 1393 ex
1847 1336 1966 1393 Deo
1999 1336 2122 1394 nati
2156 1356 2280 1394 esse
2314 1336 2582 1406 dicimur,
2630 1339 2692 1394 et
2721 1357 2850 1395 eam
2882 1337 2957 1395 ob

325 1442 444 1480 rem
480 1423 569 1479 dii
603 1442 1039 1499 nuncupamur,
1074 1443 1194 1484 non
1225 1425 1420 1502 gratia
1452 1426 1642 1485 solum
1676 1425 1747 1484 ad
1784 1427 2297 1500 supernaturalem
2330 1426 2579 1501 gloriam
2612 1427 2818 1495 evecti,
2853 1427 2954 1484 sed

322 1511 486 1587 quod
512 1514 640 1587 jam
682 1514 866 1571 Deum
900 1513 961 1571 in
1005 1514 1177 1572 nobis
1211 1514 1577 1573 habitantem
1611 1518 1791 1590 atque
1824 1513 2218 1573 diversantem
2255 1515 2574 1573 habeamus
2599 1516 2774 1588 juxta
2803 1514 2952 1573 illud

327 1602 658 1676 prophetae
693 1602 953 1661 dictum:
1010 1604 1160 1675 Quia
1196 1603 1523 1661 inhabitabo
1555 1606 1617 1662 iu
1662 1606 1806 1679 ipsis
1837 1610 1886 1660 et
1921 1604 2283 1662 inambulabo
2315 1607 2464 1661 inter
2495 1623 2585 1661 eos
2617 1599 2703 1684 (2.
2739 1605 2861 1662 Cor.
2899 1615 2953 1673 6,

335 1684 499 1771 ln).‘
557 1691 639 1749 Cf.
673 1709 730 1748 n.
780 1694 947 1755 198⁴.
996 1691 1370 1769 suffragatur
1401 1689 1469 1757 b.
1506 1693 1628 1768 ipsa
1658 1693 1823 1751 notio
1861 1693 2351 1769 participationis,
2387 1693 2671 1751 consortii
2705 1698 2953 1752 naturae

324 1780 597 1847 divinam
631 1781 979 1855 praesertim
1016 1782 1066 1840 si
1096 1783 1248 1840 ratio
1283 1781 1570 1840 habeatur
1602 1782 1908 1840 doctrinae
1940 1795 2197 1858 patrum,
2233 1783 2338 1857 qui
2369 1786 2602 1857 saepius
2634 1782 2952 1852 inculcant,

327 1868 549 1926 Filium
588 1870 693 1926 Dei
728 1869 950 1929 factum
984 1890 1109 1930 esse
1141 1872 1486 1947 participem
1519 1876 1767 1929 naturae
1799 1874 2049 1940 nostrae,
2096 1875 2167 1929 nt
2207 1891 2314 1930 nos
2347 1871 2618 1929 redderet
2649 1877 2949 1930 consortes

324 1961 578 2016 naturae
610 1978 768 2025 suae,
819 1960 913 2017 cui
964 1980 1081 2019 non
1115 1961 1331 2018 satisfit
1361 1980 1523 2019 mera
1555 1960 1950 2020 similitudine
1983 1961 2245 2037 analoga.
2313 1962 2511 2035 quue
2546 1962 2734 2036 magis
2767 1975 2832 2023 c.
2867 1961 2950 2019 ita

329 2061 433 2104 noc
466 2049 842 2106 consortium
871 2049 1316 2124 explicabimuS,
1365 2049 1525 2125 quod
1557 2069 1623 2108 ex
1657 2047 2014 2108 revelatione
2046 2054 2295 2118 constat,
2339 2054 2408 2107 ut
2441 2050 2523 2108 th.
2562 2059 2685 2112 204
2721 2049 2948 2109 videbi-

326 2155 478 2203 mus,
516 2136 811 2212 Spiritum
847 2157 889 2199 8.
925 2157 1128 2197 revera
1161 2139 1486 2197 secundum
1520 2140 1921 2197 substantiam
1957 2158 2018 2196 se
2051 2139 2222 2197 nobis
2255 2139 2701 2197 communicare.
2759 2138 2949 2207 Quare

322 2227 502 2282 etiam
538 2245 650 2284 em.
687 2227 839 2288 card.
888 2228 1298 2286 Franzelin
1347 2228 1430 2286 th.
1482 2238 1560 2291 48
1612 2228 1682 2286 (18
1716 2228 1835 2287 Deo
1867 2228 2027 2286 trino
2061 2229 2293 2286 scribit:
2348 2228 2515 2295 ,Duo
2562 2228 2750 2304 igitur
2796 2247 2949 2286 com·

325 2315 613 2389 plectitur
647 2316 1008 2375 consortium
1042 2322 1287 2375 naturae
1320 2316 1585 2375 divinae:
1635 2317 2150 2393 participationem
2193 2317 2423 2375 divinae
2456 2322 2702 2375 naturae
2736 2317 2948 2375 forma·

329 2404 459 2472 lem,
494 2404 595 2462 set
635 2405 1000 2481 analogicam
1035 2406 1089 2464 h.
1122 2425 1169 2464 e.
1205 2406 1712 2482 supernaturalem
1735 2407 2222 2465 assimilationem
2258 2406 2329 2464 ad
2361 2410 2636 2464 naturam
2668 2407 2947 2476 divinam,

324 2502 384 2549 et
405 2493 915 2568 hacdispositione
931 2495 1234 2570 supposita
1254 2515 1318 2554 ac
1331 2515 1432 2571 per
1454 2496 1560 2554 1108
1581 2496 1769 2554 veluti
1788 2496 2091 2554 vinculum
2109 2495 2619 2570 participationem
2641 2517 2753 2578 σχε
2759 2517 2802 2557 τ·
2794 2499 2946 2580 mm,

326 2582 605 2639 videlicet
638 2584 917 2641 intimam
949 2584 1227 2642 unionem
1275 2604 1408 2643 cum
1456 2585 1587 2660 ipsa
1632 2585 1973 2643 substantia
2017 2585 2252 2643 divinae
2298 2590 2560 2642 naturae.
2630 2584 2943 2651 DeificatiO,

326 2670 527 2746 inquit
560 2671 633 2730 de
673 2672 815 2734 hier.
852 2673 988 2734 8881.
1023 2692 1069 2732 8.
1114 2687 1131 2736 l
1176 2680 1207 2746 ἓ
1244 2685 1278 2737 3
1314 2679 1452 2738 818.
1490 2685 1522 2736 2
1561 2680 1591 2747 ἓ
1636 2687 1651 2736 1
1702 2674 2040 2752 Dionysiae,
2091 2679 2179 2733 est
2223 2673 2296 2732 ad
2347 2675 2528 2732 Deum
2563 2679 2788 2749 quanta
2819 2673 2946 2732 fieri

324 2766 526 2833 potest
557 2762 910 2821 assimilatio
940 2766 1002 2822 et
1034 2764 1176 2823 unio
1206 2761 1246 2850 ἡ
1279 2784 1427 2845 προς
1460 2765 1604 2827 ὓεῦν
1637 2761 2009 2846 ἁφομοίωσίς
2042 2787 2102 2827 τε
2133 2767 2236 2826 καὶ
2268 2785 2489 2834 evam<
2508 2771 2535 2800 ‘
2585 2763 2663 2824 Cf.
2687 2763 2942 2821 Schee·

324 2849 464 2908 ben
500 2855 531 2922 ,ξ
575 2862 732 2920 169;
786 2852 1136 2921 Terrien,
1183 2854 1288 2928 qui
1323 2855 1359 2911 1.
1395 2863 1451 2914 4.
1485 2873 1531 2916 8.
1569 2864 1602 2915 3
1642 2861 1957 2929 utramque
1988 2854 2211 2929 pariter
2242 2853 2637 2912 conditionem
2670 2852 2946 2914 inculcat.

514 2969 657 3021 195
694 2955 1235 3022 Demonstratlo
1270 2975 1341 3040 p.
1379 2956 1580 3023 VIII.
1648 2960 1852 3018 Gratia
1897 2960 1957 3018 111
1995 2960 2420 3035 justificatione
2453 2959 2650 3018 infusa
2681 2958 2943 3035 dignita·

320 3051 440 3105 tem
462 3049 739 3106 altiorem
763 3068 1098 3124 novumque
1120 3049 1382 3107 conferre
1404 3051 1659 3107 valorem
1681 3050 1911 3107 actibus
1934 3051 2236 3124 justorum
2271 3049 2355 3106 ita
2387 3048 2596 3124 probat
2626 3049 2717 3107 Le
2735 3067 2762 3106 8
2780 3067 2806 3106 8
2826 3048 2900 3106 iu
2918 3067 2944 3105 8

320 3157 376 3194 11.
414 3149 530 3200 81:
584 3137 757 3205 ³,Quo
804 3156 1052 3212 persona
1095 3146 1187 3196 est
1233 3139 1615 3197 excellentior
1659 3140 1751 3197 vel
1799 3139 2001 3208 carior,
2051 3158 2118 3195 eo
2167 3139 2355 3215 pluris
2388 3142 2481 3195 est
2513 3137 2941 3195 aestimandum

319 3228 453 3298 ejus
488 3227 880 3299 obsequium:
921 3228 1061 3301 quia
1092 3247 1198 3300 per
1230 3227 1381 3285 illud
1405 3229 1531 3303 ipsa
1551 3247 1682 3286 cum
1705 3232 1831 3285 tota
1864 3245 1970 3285 sua
2001 3227 2295 3303 dignitate
2327 3233 2384 3285 et
2417 3226 2656 3284 amabili
2678 3226 2944 3285 bonitate

321 3335 383 3374 se
418 3317 512 3375 illi
548 3316 798 3391 subjicit
829 3321 891 3374 81
923 3317 984 3375 111
1017 3318 1145 3388 eius
1178 3318 1406 3375 cultum
1443 3322 1502 3375 et
1534 3317 1810 3375 honorem
1834 3316 2157 3390 impendit;
2193 3317 2390 3374 vilitas
2426 3323 2621 3374 autem
2659 3333 2943 3391 personae

293 3392 585 3465 ’multum
620 3405 879 3463 detrahit
898 3407 1092 3481 operis
1111 3406 1534 3465 aestimationi:
1570 3406 1849 3464 similiter
1881 3406 1930 3463 si
1965 3425 2171 3481 parum
2205 3407 2286 3463 sit
2317 3411 2490 3481 grata
2520 3406 2592 3474 81,
2627 3405 2722 3463 881
2757 3404 2945 3462 defert

320 3497 706 3569 obsequium.
758 3496 966 3570 ltaque
1000 3514 1133 3553 cum
1166 3515 1290 3554 esse
1314 3495 1501 3553 fllium
1528 3495 1631 3553 Dei
1665 3497 1914 3570 ejusque
1933 3495 2269 3570 praeditum
2303 3514 2430 3552 esse
2465 3495 2684 3569 spiritu
2717 3493 2944 3552 tribuat

320 3585 553 3643 homini
589 3604 882 3643 summam
916 3585 1319 3642 excellentiam
1356 3585 1647 3658 iaciatque
1684 3585 1800 3642 Deo
1833 3584 2215 3652 carissimum,
2265 3585 2346 3651 fit,
2397 3588 2465 3641 ut
2511 3603 2689 3658 opera
2726 3584 2852 3656 ejus
2884 3587 2944 3641 et

314 3676 610 3750 obsequia
643 3675 704 3732 18
740 3674 927 3731 Deum
960 3673 1195 3731 maximi
1229 3673 1620 3731 aestimentur
1664 3679 1723 3731 et
1769 3674 2060 3749 condigna
2097 3677 2448 3730 censeantur
2483 3673 2636 3730 vitae
2669 3678 2941 3729 aeternae

317 3764 863 3822 remuneratione.‘
929 3762 1145 3820 Verum
1191 3762 1263 3821 de
1310 3762 1418 3821 1108
1462 3763 1680 3821 iterum
1724 3762 2100 3829 disseremus,
2152 3780 2284 3818 cum
2331 3779 2574 3837 agemus
2609 3762 2678 3818 «le
2712 3761 2940 3821 merit0.

316 3853 571 3911 Interim
605 3872 675 3910 ex
710 3853 817 3909 hac
849 3851 1252 3928 praerogativa
1284 3852 1726 3909 demonstratur
1756 3852 1982 3928 gratiae
2014 3850 2377 3909 excellentia.
2447 3851 2584 3908 Sine
2628 3850 2751 3924 ipsa
2784 3849 2938 3906 euim

317 3959 501 4017 opera
535 3942 629 4000 vel
664 3941 915 3998 maxima
947 3941 1033 3998 nil
1066 3940 1263 3999 valent
1294 3941 1365 3998 ad
1402 3942 1584 3998 vitam
1615 3947 1947 4008 aeternam:
1994 3959 2128 3997 cum
2174 3939 2278 3997 illa
2309 3940 2401 3997 vel
2437 3939 2680 3997 minima
2712 3945 2940 3996 merent

315 4031 390 4088 (18
427 4031 726 4105 condigno
760 4032 1144 4106 augmentum
1178 4030 1397 4105 gloriae
1430 4033 1717 4098 aeternae,
1766 4030 1945 4102 ithue
1994 4048 2110 4086 uon
2151 4029 2348 4097 semel,
2400 4028 2500 4085 sed
2548 4029 2744 4094 101188,
2792 4047 2937 4102 quo-

317 4120 434 4178 ties
468 4121 606 4194 quis
642 4119 788 4177 bene
822 4123 1118 4193 operatur.
1182 4119 1286 4176 Est
1330 4137 1469 4195 ergo
1511 4120 1639 4176 sons
1670 4119 2058 4176 inexhaustus
2093 4118 2377 4175 bonorum
2413 4117 2629 4174 saliens
2662 4117 2724 4174 in
2756 4116 2938 4174 vitam

312 4214 638 4268 aeternam.

509 4316 652 4379 196.
688 4309 1065 4378 Scholion.
1110 4308 1386 4393 Effectus
1415 4311 1788 4374 secundarii.
1822 4348 1906 4357 -—
1941 4309 2080 4386 Quo
2115 4308 2356 4388 gratiae
2390 4307 2768 4372 excellentia
2799 4325 2936 4369 1118-

319 4419 416 4500 gis
448 4420 833 4494 innotescat,
867 4417 1129 4482 effectus
1163 4417 1476 4498 quosdam
1523 4417 1939 4480 secundarios
1987 4416 2270 4496 ejusdem
2305 4415 2579 4478 brevitre
2614 4412 2936 4493 expenda-

318 4545 485 4588 mus.
553 4521 809 4587 Omissa
840 4525 1089 4588 interim
1124 4523 1437 4588 infusione
1470 4525 1792 4599 virtutum,
1827 4542 1990 4604 quae
2025 4522 2195 4585 illam
2229 4523 2586 4597 comitatur,

509 4632 565 4699 1.
600 4632 809 4710 gratia
829 4633 1234 4696 sanctificans
1256 4633 1463 4697 reddit
1476 4633 1682 4712 justos
1704 4631 1961 4713 speciali
1982 4631 2205 4711 dignos
2239 4651 2277 4710 p
2296 4650 2325 4692 r
2342 4649 2379 4692 0
2399 4630 2526 4692 vid
2546 4650 2579 4694 8
2597 4629 2785 4703 ntia,
2809 4647 2936 4708 qua

314 4741 399 4804 de
433 4758 504 4803 re
540 4739 791 4819 egregie
812 4741 948 4804 lsai.
971 4744 1075 4817 49,
1106 4744 1183 4809 15
1215 4761 1228 4803 :
1266 4740 1583 4824 Numquid
1616 4739 1888 4801 oble'visci
1913 4745 2109 4821 potest
2143 4739 2362 4800 „mlier
2397 4737 2698 4818 infantem
2732 4755 2934 4814 sumn,

2521 4848 2570 4894 11
2597 4841 2615 4860 ·
