3538 5364
571 260 665 323 44
957 251 1140 305 Tract.
1166 251 1315 305 Vm.
1342 251 1410 304 de
1437 250 1641 321 gratia.
1669 249 1870 304 Thesis
1897 247 2209 304 CLXXXIL
2236 247 2433 302 Gratia
2461 247 2821 302 sanctificans

573 450 778 514 opera
809 433 1044 507 omnia,
1079 448 1245 513 quae
1277 437 1427 496 ante
1453 429 1984 512 justificationem
2002 429 2178 506 fiunt,
2199 446 2583 511 quacunque
2600 429 2851 493 ratione
2870 427 3056 492 facta
3069 427 3223 501 sint,

572 558 728 605 vere
761 558 904 604 esse
935 545 1220 620 peccata,
1253 538 1354 602 vel
1390 537 1608 602 odium
1629 536 1745 601 Dei
1763 536 2013 613 mereri,
2048 542 2160 600 aut
2190 542 2434 618 quanto
2453 536 2903 601 vehementius
2936 535 3088 616 quis
3119 534 3223 597 ni-

579 647 731 710 titur
761 664 832 712 se
864 645 1205 726 disponere
1238 644 1321 709 ad
1355 645 1645 725 gratiam,
1694 650 1877 710 tanto
1925 644 2183 724 gravius
2228 661 2376 708 eum
2406 660 2697 726 peccare,
2736 641 2806 705 A.
2847 639 2992 717 S.;‹
3032 659 3221 722 prop.

578 757 668 822 35
699 753 866 816 inter
897 752 937 815 b
957 751 1088 833 aja
1107 769 1208 815 na
1226 770 1293 814 s:
1333 747 1599 827 ‚Omne,
1631 750 1807 833 quod
1839 751 1969 831 agit
1999 756 2300 832 peccator
2317 749 2419 815 vel
2438 768 2661 814 servus
2679 748 2958 831 peccati,
2977 765 3223 830 pecca-

578 866 714 924 tum
748 865 915 935 est3‘
972 877 1151 941 prop.
1202 864 1257 926 1.
1291 862 1395 927 45.
1427 863 1515 929 48
1549 865 1615 923 et
1645 862 1732 927 59
1780 855 2240 937 Quesnelli3
2290 875 2468 939 prop.
2522 861 2559 923 7
2612 873 2694 921 ex
2742 854 3085 919 damnatis
3136 854 3224 918 ab

579 964 1059 1032 Alexandro
1094 964 1258 1043 VIII;
1310 983 1488 1048 prop.
1524 969 1608 1034 23
1660 964 1892 1047 synodi
1939 964 2513 1046 pistoriensis:
2583 962 2932 1038 ,Doctrina
2983 961 3227 1044 synodi

577 1072 1030 1160 (pistoriensis)
1065 1072 1144 1138 de
1177 1072 1411 1154 duplici
1443 1090 1666 1137 amore
1698 1071 2116 1159 (dominantis
2167 1070 2531 1153 cupiditatis
2582 1076 2646 1136 et
2677 1069 2972 1133 caritatis
3006 1068 3225 1132 domi-

582 1178 820 1266 nantis)
855 1180 1225 1257 enuncianS,
1259 1179 1590 1243 hominem
1623 1178 1761 1243 sine
1794 1178 2002 1259 gratia
2032 1196 2175 1242 esse
2207 1177 2326 1242 sub
2347 1178 2652 1242 servitute
2671 1177 2945 1260 peccati,
2967 1176 3223 1258 ipsum-

578 1306 706 1369 que
738 1286 803 1349 in
834 1303 913 1352 eo
956 1291 1134 1351 statu
1182 1305 1298 1368 per
1350 1285 1717 1367 generalem
1764 1284 2130 1367 cupiditatis
2179 1284 2570 1349 dominantis
2617 1283 2934 1348 influxum
2987 1300 3225 1347 omnes

578 1380 1054 1458 suas'actiones
1085 1392 1341 1459 inficere
1373 1398 1439 1458 et
1470 1410 1914 1474 corrumpere:
1961 1399 2278 1476 quatenus
2308 1392 2607 1467 insinuat,
2639 1391 2706 1454 in
2735 1390 3028 1467 homine,
3064 1388 3226 1452 dum

584 1506 687 1564 est
716 1500 835 1564 sub
868 1500 1175 1564 servitute
1205 1498 1339 1564 sive
1369 1500 1436 1561 in
1467 1503 1641 1562 statu
1671 1499 1940 1580 peccati,
1975 1497 2315 1564 destitutus
2347 1498 2552 1578 gratia
2580 1496 2706 1573 illa,
2738 1515 2870 1579 qua
2899 1496 3229 1562 liberatur

578 1626 623 1670 a
653 1607 958 1671 servitute
989 1606 1238 1688 peccati
1271 1610 1337 1670 et
1370 1604 1778 1669 constituitur
1809 1604 1972 1669 filius
2005 1604 2136 1681 Dei,
2182 1605 2276 1668 sic
2321 1604 2639 1668 dominari
2668 1603 3120 1685 cupiditatem,
3153 1607 3227 1667 ut

581 1732 695 1794 per
725 1712 1091 1794 generalem
1121 1712 1311 1793 hujus
1341 1710 1649 1777 influxum
1700 1730 1927 1776 omnes
1975 1710 2140 1776 illius
2190 1712 2477 1775 actiones
2527 1710 2592 1774 in
2646 1729 2716 1775 se
2747 1709 3129 1775 inficiantur
3162 1716 3229 1774 et

580 1826 1106 1901 corrumpantur;
1159 1825 1272 1883 aut
1323 1835 1520 1900 opera
1579 1818 1817 1895 omnia,
1867 1835 2035 1901 quae
2084 1825 2234 1884 ante
2271 1817 2794 1900 justificationem
2825 1817 3014 1895 fiunt,
3062 1836 3228 1900 qua-

581 1944 835 2009 cunque
866 1926 1117 1991 ratione
1147 1925 1320 2003 fiant,
1353 1926 1481 1989 sint
1523 1931 1825 2007 peccata;
1859 1925 2044 2007 quasi
2072 1925 2139 1988 in
2171 1924 2470 1989 omnibus
2501 1924 2632 1990 suis
2664 1924 3039 1989 actionibus
3071 1942 3229 2006 pec-

581 2038 767 2097 cator
799 2031 1040 2097 serviat
1069 2031 1432 2096 dominanti
1463 2031 1825 2113 cupiditati:
1859 2030 2036 2109 falsa,
2069 2031 2447 2113 perniciosa,
2479 2031 2788 2096 inducens
2821 2032 2893 2094 in
2929 2048 3230 2097 errorem

586 2158 626 2202 a
671 2137 1142 2204 tridentino
1179 2137 1560 2202 damnatum
1605 2144 1677 2202 ut
1721 2138 2134 2216 haereticum,
2179 2138 2410 2202 iterum
2455 2138 2520 2201 in
2583 2138 2765 2219 Bajo
2832 2138 3229 2202 damnatum

581 2252 703 2310 art.
728 2251 869 2317 405

768 2375 871 2441 50.
908 2372 1485 2440 Demonstratlo.
1520 2370 1839 2434 Probatur
1869 2370 2068 2435 thesis
2099 2369 2224 2433 hoc
2254 2387 2385 2432 uno
2419 2373 2830 2449 argumento:
2895 2368 2994 2432 Ea
3027 2386 3231 2450 opera

587 2484 916 2560 nequeunt
946 2478 1195 2544 censeri
1229 2478 1419 2554 mala,
1462 2477 1545 2540 ad
1580 2494 1744 2559 quae
1778 2476 1947 2540 Deus
1978 2477 2046 2540 in
2076 2473 2418 2557 Scripturis
2450 2483 2515 2540 et
2544 2494 2659 2557 per
2688 2474 3048 2542 Ecclesiam
3072 2492 3228 2558 pec-

584 2589 841 2648 catores
871 2584 1187 2648 hortatur.
1249 2584 1443 2667 Atqui
1485 2583 1655 2648 Deus
1705 2589 1771 2648 et
1817 2582 2077 2646 nomine
2110 2581 2224 2646 Dei
2253 2581 2539 2647 Ecclesia
2584 2587 2969 2664 peccatores
3021 2582 3231 2663 gratia

589 2690 1030 2758 sanctificante
1063 2691 1273 2757 adhuc
1307 2690 1650 2757 destitutos
1683 2690 1767 2753 ad
1799 2690 1985 2773 plura
2013 2690 2311 2754 hortatur
2357 2708 2572 2772 opera,
2621 2690 2704 2754 ad
2747 2690 2964 2769 fidem,
2997 2690 3227 2772 poeni-

593 2798 880 2877 tentiam,
914 2799 1357 2880 eleemosynas
1394 2805 1530 2875 etc.,
1561 2802 1634 2860 ut
1655 2795 2130 2879 ,iustificationis
2175 2797 2448 2878 gratiam
2495 2803 2997 2880 consequantur.
3061 2797 3230 2878 Ergo

595 2905 696 2970 vel
729 2911 1083 2986 antequam
1115 2905 1257 2985 quis
1287 2902 1485 2968 habet
1526 2903 1800 2983 gratiam
1826 2903 2313 2984 justificationiS,
2345 2904 2582 2985 poterit
2610 2904 2746 2986 ipse
2776 2904 2967 2982 bene,
2995 2904 3134 2967 ‘imo
3168 2908 3232 2968 et

593 3011 957 3076 salutariter
1007 3010 1278 3091 operari,
1338 3009 1613 3092 ideoque
1662 3009 1871 3090 gratia
1911 3008 2385 3092 ,iustificationis
2429 3029 2561 3075 non
2613 3016 2710 3076 est
2739 3010 3119 3075 necessaria
3151 3008 3232 3072 ad

594 3136 789 3182 omne
825 3135 986 3198 opus
1020 3116 1322 3190 salutare,
1365 3116 1696 3198 multoque
1727 3118 1939 3181 minus
1971 3116 2054 3180 ad
2087 3136 2278 3181 omne
2311 3135 2472 3199 opus
2503 3117 2763 3182 bonum.

781 3275 879 3328 51.
914 3260 1283 3330 Scholion.
1332 3266 1779 3342 Exceptionibus
1809 3268 2035 3342 satisfit.
2065 3301 2153 3311 —
2171 3268 2361 3327 Multa
2393 3271 2550 3337 sunt,
2589 3263 2739 3343 quse
2774 3271 3095 3343 opponunt
3126 3266 3228 3325 ad-

596 3354 864 3425 versarii,
898 3354 962 3412 in
994 3354 1203 3429 primis
1235 3353 1747 3426 Quosnellus‚
1783 3374 1893 3431 pro
1925 3374 2179 3430 quorum
2213 3357 2508 3416 solutione
2539 3356 2680 3414 haec
2709 3359 3029 3416 notentur:

778 3457 842 3522 l.
876 3461 1247 3521 Peccatorem
1269 3461 1624 3521 considerari
1647 3480 1819 3538 posse
1850 3462 2314 3535 formaliter,
2347 3462 2796 3539 reduplicative,
2830 3462 2896 3520 in
2926 3465 3229 3537 quantum

594 3552 690 3607 est
721 3555 1023 3624 peccator:
1071 3552 1132 3608 et
1163 3570 1219 3609 m
1239 3551 1730 3622 aterialiter,
1764 3551 2089 3610 secundum
2124 3552 2320 3611 omnia
2349 3571 2433 3623 ea,
2467 3570 2620 3627 quae
2653 3551 2847 3624 habet,
2879 3551 3044 3610 inter
3074 3568 3228 3627 quae

597 3643 744 3697 sunt
775 3639 929 3698 bona
957 3643 1206 3699 naturae
1238 3644 1299 3699 et
1328 3643 1585 3717 possunt
1615 3658 1746 3699 esse
1781 3640 1934 3699 bona
1965 3640 2142 3699 etiam
2171 3641 2373 3716 aliqua
2402 3641 2641 3718 gratiae.
2707 3640 2769 3699 Si
2813 3640 3229 3699 consideretur

594 3727 946 3800 formaliter,
982 3747 1187 3788 verum
1222 3735 1331 3800 est,
1366 3729 1580 3800 omnia,
1616 3748 1768 3804 quae
1800 3729 1928 3806 agit
1959 3748 2077 3804 qua
2105 3732 2395 3806 peccator,
2443 3748 2570 3789 esse
2601 3732 2873 3805 peccata:
2919 3747 3042 3788 non
3087 3745 3228 3787 vero

597 3817 925 3876 secundum
957 3818 1208 3876 alteram
1253 3818 1800 3881 considerationem.
1872 3816 2001 3887 Qua
2050 3818 2435 3878 distinctione
2480 3819 2692 3895 posita,
2744 3818 2917 3876 facile
2968 3817 3229 3876 solvitur

596 3909 1039 3982 argumentum,
1071 3907 1232 3981 quod
1263 3906 1442 3965 toties
1474 3907 1778 3966 inculcant
1809 3925 1880 3965 ex
1912 3907 2051 3966 Luc.
2089 3918 2143 3978 7,
2180 3915 2261 3970 43
2297 3910 2358 3966 et.
2386 3908 2595 3971 Matth.
2634 3916 2688 3979 7,
2729 3917 2838 3971 18:
2885 3906 3021 3965 Non
3043 3909 3230 3982 potest

595 3995 777 4054 arbor
807 3996 967 4053 mala
999 3996 1171 4054 bonos
1216 3998 1441 4071 fructus
1481 3997 1691 4069 facere.
1755 3995 1909 4055 Nam
1957 4011 2023 4058 a.
2075 4006 2147 4055 ut
2196 3997 2366 4072 prius
2411 3996 2699 4056 indirecte
2743 3995 3224 4070 respondeamus,

598 4087 1020 4160 argumentum
1065 4089 1412 4161 retorquere
1460 4084 1616 4154 licet,
1668 4102 1801 4143 cum
1837 4085 2103 4144 Christus
2134 4085 2313 4144 etiam
2353 4084 2601 4144 dixerit:
2651 4084 2785 4144 Non
2821 4092 3006 4161 potest
3049 4084 3228 4142 arbor

598 4174 747 4231 bona
779 4174 961 4231 malos
992 4174 1221 4247 fructus
1252 4175 1441 4247 facere
1455 4195 1476 4231 .·
1510 4177 1572 4232 et
1602 4178 1806 4232 tamen
1829 4174 2056 4248 justus,
2091 4174 2196 4248 qui
2230 4177 2319 4233 est
2349 4175 2523 4233 arbor
2552 4175 2721 4244 bona,
2754 4177 2955 4250 potest
2970 4190 3224 4249 peccare.

598 4261 825 4320 Deinde
856 4258 929 4324 b.
965 4262 1176 4321 saltem
1206 4262 1364 4339 apud
1385 4262 1756 4321 Matthaeum
1788 4262 1964 4321 arbor
1991 4263 2149 4323 bona
2178 4266 2242 4322 et
2271 4263 2428 4322 mala
2460 4282 2581 4323 non
2608 4262 2892 4323 videntur
2921 4261 3228 4338 designare

601 4350 899 4410 hominem
930 4350 1156 4409 bonum
1189 4355 1251 4408 et
1282 4351 1526 4421 malum,
1560 4351 1662 4410 sed
1694 4351 2028 4411 doctrinam
2060 4371 2264 4411 veram
2295 4355 2358 4411 et
2385 4352 2592 4411 falsam
2624 4353 2720 4411 vel
2752 4353 3051 4411 hominem
3082 4368 3228 4424 qua-

599 4443 781 4497 tenus
814 4439 985 4498 docet
1017 4457 1220 4498 sanam
1252 4439 1585 4499 doctrinam
1615 4440 1712 4499 vel
1742 4440 1978 4499 falsam:
2026 4441 2161 4500 vult
2204 4441 2361 4499 enim
2408 4441 2678 4500 Christus
2725 4460 2795 4500 eo
2839 4441 2966 4500 loco
2997 4456 3106 4498 nos
3137 4438 3227 4495 in-

604 4530 851 4599 struere,
886 4530 959 4586 ut
989 4547 1297 4587 caveamus
1329 4547 1364 4586 a
1395 4528 1560 4588 falsis
1591 4529 1917 4606 prophetis,
1948 4533 2270 4606 monetque
2301 4548 2428 4601 noS‚
2474 4534 2548 4588 ut
2592 4549 2661 4590 ex
2699 4529 2995 4589 fructibus
3025 4544 3228 4586 eorum

602 4616 903 4676 doctrinae
936 4617 1009 4675 de
1041 4616 1170 4693 ipsa
1200 4616 1471 4676 doctrina
1502 4620 1563 4676 et
1592 4618 1935 4678 doctoribus
1961 4619 2319 4696 judicemus,
2385 4619 2550 4688 Quod
2583 4619 2633 4678 si
2680 4633 2741 4685 c.
2785 4619 2966 4678 verba
3010 4611 3227 4675 Christi

603 4706 1031 4765 universaliter
1048 4707 1444 4783 accipiuntur,
1477 4707 1716 4766 nomine
1734 4707 1924 4768 malae
1957 4708 2184 4768 arboris
2214 4707 2580 4785 intelligitur
2611 4707 2955 4767 actualis
2987 4724 3094 4764 seu
3123 4702 3227 4761 do-
