3538 5364
1143 396 1208 431 ex
1238 384 1399 449 parte
1428 395 1701 449 personae
1731 379 2002 433 merentis
2029 382 2087 430 et
2112 377 2232 432 Dei.
2869 387 2994 449 195

375 568 528 625 50111
560 562 913 625 meritoria.
975 560 1262 624 Tandem
1296 561 1348 628 f.
1380 567 1681 641 peccator
1712 560 1765 622 si
1797 566 2017 642 posset
2048 577 2295 623 merere
2328 558 2408 623 de
2439 559 2774 637 condigno,
2807 561 2994 624 simul

374 669 606 748 dignus
640 675 814 733 esset
856 686 1070 750 poena
1117 675 1383 732 aeterna
1432 667 1682 731 ratione
1732 666 1979 748 peccati
2024 666 2234 746 gravis
2285 666 2568 729 nondum
2620 667 2885 743 remissi,
2932 674 2996 733 et

381 775 676 857 praemio
712 793 753 838 a
784 774 919 840 Deo
953 793 1028 839 ex
1055 774 1303 855 justitia
1347 773 1432 837 ob
1478 774 1774 837 meritum
1823 772 2227 850 conserendO,
2261 773 2431 856 quod
2464 774 2684 856 nequit
2728 774 2992 838 admitti.

554 905 801 973 ,Gratia
833 901 1260 983 (sanctificans)
1309 922 1446 979 ergo
1480 903 1780 961 concurrit.
1811 903 1884 961 ad
1916 903 2194 962 meritum
2226 903 2584 978 condignum
2623 900 2683 966 l.
2717 905 2992 980 negative

360 995 723 1055 removendo
756 993 1178 1071 indignitatem
1208 993 1491 1068 subjecti:
1540 988 1605 1054 2.
1649 993 1904 1068 positive
1936 993 1998 1050 in
2030 1011 2245 1069 genere
2278 1011 2487 1051 causae
2520 994 2801 1064 formalis,
2851 1013 2991 1052 con-

362 1084 612 1142 ferendo
645 1083 1069 1159 aequalitatem
1100 1101 1236 1140 00111
1267 1082 1556 1156 praemio:
1592 1077 1654 1144 3.
1686 1083 1749 1138 in
1781 1099 1996 1158 genere
2027 1100 2236 1139 causae
2256 1082 2565 1140 efficientis
2599 1083 2852 1141 mediate
2883 1084 2991 1141 tri-

367 1173 609 1231 buendo
646 1173 889 1230 habitus
922 1171 1179 1239 infusos;
1228 1170 1485 1245 denique
1530 1166 1597 1231 4.
1634 1170 1696 1228 in
1726 1190 1943 1247 genere
1976 1189 2184 1228 causae
2217 1172 2540 1229 materialis
2574 1172 2992 1230 constituendo

362 1264 759 1337 capacitatem
793 1263 856 1318 et
885 1260 1325 1336 proportionem
1361 1259 1675 1334 subjecti.‘
1727 1259 1817 1317 Ita
1851 1260 2174 1334 Ripalda
2205 1259 2260 1316 d.
2300 1270 2375 1323 721⁴
2412 1279 2468 1317 n.
2506 1270 2605 1329 26,
2642 1261 2744 1335 qui
2780 1262 2992 1319 merito

362 1351 420 1413 d.
461 1363 534 1413 81
580 1354 791 1409 tuetur
824 1369 960 1408 cum
992 1349 1268 1424 pluribus
1303 1348 1593 1425 theologis
1625 1344 1858 1428 (contra
1889 1345 2059 1427 alios)
2108 1368 2175 1406 ex
2222 1348 2429 1424 majori
2475 1350 2672 1425 gratia
2706 1350 2994 1408 habituali

360 1440 580 1498 ceteris
612 1439 859 1515 paribus
893 1439 1174 1497 meritum
1195 1455 1474 1496 crescere.
1522 1437 1740 1495 Mirum
1774 1443 1973 1496 autem
2007 1437 2259 1507 videtur,
2296 1438 2452 1513 quod
2491 1439 2641 1495 idem
2676 1440 2991 1515 theologus

357 1530 514 1605 disp.
557 1540 634 1591 16
671 1532 810 1586 sect.
847 1542 880 1589 9
917 1532 1111 1603 negat,
1161 1532 1403 1595 ,nostra
1433 1545 1610 1601 opera
1640 1527 1702 1584 in
1735 1545 1948 1603 genere
1981 1545 2191 1585 causae
2225 1527 2487 1585 formalis
2520 1528 2791 1601 digniora
2821 1528 2990 1586 reddi

357 1639 397 1675 a
429 1618 727 1694 dignitate
760 1616 1010 1674 membri
1044 1616 1278 1684 Christi,
1328 1634 1505 1689 quam
1554 1619 1772 1684 essent,
1822 1616 1873 1673 si
1921 1635 2175 1692 persona
2205 1635 2453 1692 operans
2499 1617 2604 1674 tali
2652 1617 2991 1675 conditione

361 1713 526 1765 esset
560 1708 909 1765 destituta«
979 1706 1129 1763 Nam
1174 1721 1238 1766 a.
1285 1724 1353 1762 ex
1402 1705 1509 1762 hac
1546 1705 1763 1762 unione
1797 1723 1928 1763 cum
1963 1704 2193 1762 Christo
2227 1706 2500 1779 specialis
2536 1706 2821 1780 quaedam
2856 1707 2988 1784 dig-

359 1798 523 1854 nitas
559 1800 620 1853 et
654 1795 985 1853 amabilitas
1017 1794 1314 1852 redundat
1345 1794 1406 1851 in
1433 1795 1633 1869 justos
1670 1789 1767 1872 (cf.
1802 1812 1859 1851 n.
1888 1792 2055 1869 187),
2091 1798 2258 1851 tanta
2289 1801 2359 1852 ut
2392 1814 2459 1852 ea
2491 1795 2570 1852 sit
2601 1815 2791 1853 novus
2824 1797 2992 1853 velut

357 1886 588 1943 titulus
623 1883 961 1942 conferendi
990 1882 1319 1957 praemium
1344 1884 1467 1957 jam
1501 1883 1575 1940 ob
1609 1883 1911 1940 internum
1932 1883 2191 1941 valorem
2214 1902 2458 1957 operum
2480 1884 2767 1943 debitum.
2800 1881 2868 1947 b.
2905 1884 2989 1942 Ex

359 1975 658 2032 relatione
693 1974 941 2048 insuper
984 1972 1055 2029 ad
1103 1973 1313 2029 merita
1344 1972 1563 2030 Christi
1604 1972 1880 2046 majorem
1913 1972 2206 2048 quandam
2234 1972 2509 2048 justitiae
2542 1973 2831 2031 rationem
2866 1992 2988 2030 me-

358 2065 480 2121 rita
527 2068 734 2121 nostra
780 2061 1156 2138 participant,
1204 2066 1264 2118 et
1310 2061 1446 2119 hinc
1490 2081 1524 2118 a
1571 2061 1690 2119 Deo
1726 2061 1897 2118 Patre
1944 2061 2293 2135 rigorosiori
2328 2066 2706 2136 acceptantur
2730 2062 2987 2138 justitia.

363 2193 392 2219 2
409 2152 644 2210 Addere
665 2169 986 2226 possumus
1018 2165 1083 2213 0.
1118 2150 1321 2224 inquit
1353 2151 1389 2208 S
1406 2169 1587 2208 nare
1604 2170 1632 2207 z
1653 2150 1778 2217 XII,
1813 2160 1883 2211 19
1907 2170 1963 2210 n.
1992 2162 2013 2212 1
2037 2162 2088 2220 1,
2122 2151 2300 2208 etiam
2321 2168 2670 2208 concurrere
2690 2152 2987 2209 Christum

359 2242 436 2299 ad
468 2244 679 2299 nostra
710 2239 919 2298 merita
949 2239 1247 2298 offerendo
1282 2239 1386 2296 illa
1418 2239 1599 2307 Patri,
1643 2244 1714 2296 ut
1744 2239 1818 2296 ab
1850 2239 1955 2297 illo
1985 2257 2106 2297 non
2139 2240 2330 2297 solum
2364 2239 2649 2297 libentius
2683 2245 2986 2315 accepten-
3014 2306 3015 2309 Ἴ

358 2335 483 2399 tur,
533 2330 640 2388 sed
683 2330 862 2387 etiam
894 2328 1101 2403 majori
1133 2328 1564 2402 quodammodo
1600 2329 1964 2404 obligatione
1995 2330 2403 2403 acceptentur:
2450 2347 2588 2387 nam
2634 2329 2739 2386 illa
2771 2329 2987 2387 Christi

360 2419 586 2477 oblatio
636 2423 697 2476 et
743 2422 923 2494 auget
965 2418 1051 2476 rei
1098 2417 1323 2475 oblatae
1356 2416 1708 2493 dignitatem
1756 2436 1865 2475 seu
1909 2417 2458 2493 acceptabilitatem,
2510 2421 2570 2475 et
2620 2418 2759 2475 licet
2807 2421 2989 2493 prout

361 2526 526 2566 nunc
573 2508 644 2565 fit
689 2527 723 2564 a
772 2509 1004 2565 Christo
1051 2506 1115 2564 in
1160 2506 1339 2577 coelo,
1386 2524 1503 2563 non
1538 2505 1750 2563 habeat
1780 2525 1998 2564 novum
2032 2507 2343 2564 meritum:
2396 2514 2689 2580 quatenus
2737 2526 2876 2565 vero
2926 2507 2988 2564 in

360 2597 865 2673 praecedentibus
899 2596 1117 2653 Christi
1163 2595 1392 2653 meritis
1443 2594 1678 2663 nititur,
1727 2595 2021 2653 rationem
2058 2595 2334 2670 justitiae
2381 2594 2444 2652 in
2489 2596 2711 2653 nostris
2758 2596 2987 2654 meritis

361 2689 546 2763 auget
579 2693 643 2744 et
671 2687 960 2762 perficit«
1029 2686 1155 2742 Imo
1202 2680 1273 2747 (l.
1320 2690 1561 2760 propter
1593 2684 1744 2742 banc
1775 2685 2056 2743 unionem
2090 2685 2283 2743 dicere
2315 2682 2470 2755 licet,
2520 2686 2819 2743 Christum
2866 2704 2986 2743 me-

362 2795 491 2834 rere
525 2777 590 2833 in
626 2776 820 2845 nobie,
854 2794 974 2833 non
993 2773 1234 2849 quidem
1255 2774 1505 2848 proprie,
1541 2791 1675 2830 cum
1695 2773 1968 2832 Christus
2002 2775 2082 2833 sit
2113 2774 2284 2832 modo
2317 2781 2482 2832 extra
2512 2779 2735 2832 statum
2767 2774 2983 2843 meriti,

357 2865 463 2923 sed
498 2865 942 2922 causaliter
972 2869 1033 2922 et
1063 2881 1181 2938 quo
1215 2882 1394 2920 sensu
1428 2862 1695 2921 Christus
1727 2862 1946 2921 dicitur
1977 2864 2149 2922 modo
2170 2863 2348 2920 etiam
2370 2863 2836 2938 persecutionem
2858 2862 2983 2938 pati

357 2954 422 3011 in
454 2953 761 3023 membris,
798 2955 860 3010 111
893 2971 1133 3028 corpore
1169 2972 1292 3021 suo,
1325 2951 1483 3026 quod
1516 2956 1609 3009 est
1641 2951 1913 3009 Ecclesia.
1960 2952 2039 3010 Cf.
2074 2952 2287 3011 Suarez
2318 2952 2444 3020 XII,
2491 2963 2581 3015 19.
2648 2952 2808 3010 Alias
2840 2952 2982 3010 sub-

357 3042 592 3101 tiliores
640 3042 1018 3116 quaestiones
1066 3041 1180 3100 huc
1225 3044 1556 3116 spectantes
1602 3041 1672 3098 cf.
1719 3042 1875 3116 apud
1924 3042 2253 3116 Ripalda
2299 3043 2352 3103 (1.
2390 3051 2464 3104 77
2504 3060 2611 3112 55.;
2664 3042 2863 3118 Vega
2913 3041 2983 3099 (10

342 3132 550 3207 justif.
583 3131 653 3200 V,
692 3142 761 3199 83
795 3130 1355 3190 Bellarminum
1389 3128 1455 3199 V,
1495 3140 1549 3191 5.

541 3236 608 3300 2.
650 3233 1033 3315 Requiritur,
1067 3238 1137 3295 ut
1166 3249 1460 3313 persona,
1493 3249 1660 3313 (1000
1705 3237 1924 3307 meret,
1958 3231 2039 3295 sit
2070 3233 2133 3295 in
2166 3237 2338 3295 statu
2383 3250 2422 3292 v
2443 3232 2650 3318 iae1).
2714 3230 2984 3297 Nomine

353 3348 584 3404 autem
619 3347 829 3404 status
868 3340 1012 3404 viae
1045 3340 1407 3419 intelligitur
1438 3345 1644 3404 status
1677 3339 1823 3403 fidei
1853 3340 1920 3401 in
1951 3340 2082 3402 vita
2113 3339 2388 3416 mortali,
2433 3357 2602 3420 (1000
2634 3339 2984 3403 secundum

350 3463 775 3511 communem
828 3455 893 3511 et
940 3446 1334 3510 ordinariam
1384 3446 1588 3526 legem
1636 3447 1702 3509 in
1752 3445 1878 3508 hoc
1922 3447 2162 3510 mundo
2211 3447 2434 3527 agitur,
2485 3446 2633 3509 hine
2666 3446 2774 3528 qui
2806 3453 2987 3511 extra

351 3555 529 3616 hanc
564 3554 773 3634 legem
805 3561 870 3618 et
903 3553 1111 3617 altiori
1144 3553 1338 3616 modo
1371 3553 1608 3629 vivunt,
1670 3559 1742 3617 ut
1774 3554 1940 3617 Elias
1992 3559 2055 3618 et
2086 3553 2368 3630 Henoch,
2415 3553 2498 3617 ad
2543 3554 2713 3617 hunc
2745 3559 2983 3616 statum

351 3661 689 3723 viatorum
723 3678 854 3722 non
885 3661 1220 3740 pertinent.
1253 3661 1426 3724 Haec
1458 3680 1611 3725 vero
1643 3661 1925 3724 conditio
1959 3659 2274 3741 colligitur
2306 3678 2382 3725 ex
2417 3658 2783 3741 Scripturis,
2817 3678 2984 3741 (1000

348 3767 630 3830 docent:
677 3786 740 3835 a.
795 3774 1045 3847 tempus
1091 3767 1260 3830 vitae
1307 3785 1447 3830 esse
1483 3773 1733 3848 tempus
1765 3767 1975 3832 meriti
2008 3767 2189 3831 Eccli.
2231 3771 2329 3842 14,
2369 3773 2479 3834 17:
2540 3773 2707 3832 Ante
2751 3765 2984 3828 obitum

348 3895 625 3959 operare
650 3876 971 3956 justitiam
983 3901 1010 3954 ;
1049 3880 1144 3949 18,
1186 3879 1263 3942 19
1297 3895 1411 3949 55.;
1444 3877 1515 3943 b.
1554 3880 1806 3956 tempus
1840 3876 2064 3938 mortis
2097 3894 2239 3940 esse
2260 3883 2512 3958 tempus
2532 3871 2983 3948 retributionis,

347 3980 512 4042 ibid.
554 3984 653 4052 11,
694 3985 804 4048 18:
840 3981 1052 4044 Facile
1082 3973 1406 4044 est‘coram
1443 3981 1572 4044 Deo
1609 3983 1674 4043 in
1707 3982 1807 4044 die
1838 3984 2038 4046 obitus
2072 3984 2404 4047 retribuere
2424 3982 2755 4063 unicuique
2774 4000 2982 4043 seeun-

345 4089 513 4151 dum
545 4089 683 4150 vias
713 4106 901 4166 suas;
950 4087 1096 4150 Luc.
1144 4093 1234 4163 16,
1269 4091 1341 4162 9;
1394 4107 1454 4156 0.
1496 4095 1646 4170 post
1677 4096 1952 4155 mortem
1999 4109 2129 4153 non
2176 4089 2313 4153 dari
2345 4090 2555 4152 locum
2588 4092 2700 4150 aut
2732 4094 2982 4168 tempus

359 4193 602 4269 meriti,
635 4193 836 4259 Eccle.
872 4200 930 4271 9,
972 4201 1083 4263 10:
1131 4195 1545 4278 Quodcunque
1565 4203 1768 4277 potest
1795 4197 2007 4278 facere
2051 4216 2279 4260 manus
2325 4204 2456 4278 tua„
2502 4197 2808 4258 instanter
2839 4214 2980 4277 ope-

587 4373 621 4439 ¹)
659 4368 743 4421 Cf.
769 4369 805 4422 S
824 4387 860 4423 u
878 4386 910 4422 a
927 4388 956 4422 r
971 4387 1000 4424 e
1017 4388 1045 4422 z
1067 4370 1185 4434 XIl,
1208 4379 1270 4426 15
1292 4371 1350 4423 et
1369 4370 1506 4440 Rip
1522 4370 1644 4423 ald
1661 4387 1695 4423 a
1722 4370 1866 4441 disp.
1897 4373 1982 4434 77,
2012 4372 2110 4438 qui
2133 4371 2281 4424 hanc
2303 4370 2688 4424 conditionem
2716 4370 2986 4440 repetunt

345 4465 424 4502 ex
461 4445 586 4501 sola
613 4447 719 4501 Dei
749 4448 1077 4504 voluntate:
1122 4450 1273 4504 sicut
1313 4467 1348 4502 a
1393 4453 1509 4505 sola
1554 4450 1839 4518 principis
1883 4447 2182 4503 voluntate
2210 4455 2436 4519 tempus
2463 4451 2692 4520 pendet,
2721 4467 2834 4518 quo
2862 4467 2981 4502 cur-

346 4531 550 4583 rentes
577 4528 835 4596 accipere
861 4530 1085 4599 possint
1109 4529 1391 4583 bravium.
1443 4533 1478 4584 S
1497 4534 1566 4584 te
1584 4550 1618 4583 n
1639 4533 1757 4583 tru
1776 4550 1813 4600 p
1841 4530 1909 4584 de
1939 4531 2123 4584 Verbo
2149 4531 2365 4584 incarn.
2393 4549 2448 4600 p.
2477 4532 2527 4584 lI
2554 4532 2636 4584 th.
2656 4536 2723 4586 25
2751 4547 2873 4583 eam
2902 4547 2981 4584 re-

345 4608 512 4679 petit
536 4625 602 4663 ex
630 4613 837 4662 natura
864 4609 962 4664 rei.
1013 4610 1272 4665 Ceterum
1302 4610 1546 4681 Ripalda
1580 4610 1937 4680 probabilem
1978 4614 2168 4664 censet
2211 4610 2551 4666 sententiam
2579 4629 2619 4666 s.
2648 4611 2747 4664 Th
2764 4627 2794 4664 0
2813 4627 2917 4663 ma
2934 4627 2981 4674 e,

353 4705 542 4756 quam
570 4691 762 4743 tamen
788 4690 836 4742 is
863 4693 1059 4761 postea
1085 4691 1420 4744 retractavit
1447 4700 1490 4747 1.
1518 4709 1571 4760 p.
1603 4709 1656 4758 q.
1685 4698 1750 4746 62
1778 4706 1829 4742 a.
1858 4698 1890 4746 9
1915 4690 1987 4742 ad
2016 4697 2066 4755 3,
2108 4708 2149 4743 s.
2180 4690 2219 4742 B
2237 4708 2269 4744 o
2288 4709 2322 4742 n
2340 4707 2423 4744 av
2442 4707 2470 4743 0
2488 4709 2525 4743 11
2544 4694 2777 4752 turae,
2821 4691 2866 4742 V
2885 4706 2980 4743 as-

348 4788 394 4837 q
413 4788 451 4822 u
468 4785 499 4822 e
517 4787 546 4821 z
574 4772 699 4832 etc„
728 4771 924 4823 beatos
948 4770 1009 4823 in
1037 4772 1190 4823 51110
1221 4770 1594 4825 beatitudinis
1617 4771 1819 4824 mereri
1847 4771 1959 4825 sibi
1984 4774 2042 4823 et
2066 4771 2196 4824 aliis
2224 4771 2476 4841 praemia
2503 4770 2700 4838 aliqua
2726 4769 2979 4822 acciden-

347 4850 530 4908 talia:
561 4850 720 4916 quod
749 4850 919 4906 etiam
946 4850 1244 4921 probabile
1271 4853 1460 4904 censet
1486 4852 1555 4903 de
1582 4850 1885 4905 animabus
1913 4851 2250 4921 purgatorii.

2560 4943 2643 4995 13·
