3538 5364
611 241 738 321 115
838 280 839 283 η
1202 231 1386 286 Tract.
1414 220 1660 289 VHL'de
1687 231 1895 303 gratia.
1920 230 2192 297 Doctrina
2218 247 2259 286 s.
2287 228 2622 301 Augustini.

606 420 898 498 gloriatur
935 431 988 482 1.
1021 419 1144 482 Cor.
1186 428 1281 488 15,
1322 430 1433 493 10:
1478 419 1894 490 Abundantius
1937 415 2056 477 illis
2101 413 2436 498 (apostolis)
2478 416 2740 478 omnibus
2769 415 3065 485 labo-ravi:
3112 433 3237 477 non.

608 528 705 587 eqo
736 518 943 585 autem,
979 509 1079 566 sed
1106 510 1301 584 qratia
1331 508 1442 567 Dei
1471 527 1724 583 mecum;
1759 516 1814 569 2.
1847 507 1993 567 Tim.
2029 515 2088 581 4,
2129 516 2195 567 7:
2250 506 2479 590 Bonum
2509 512 2795 563 certamen
2827 506 3056 572 certavi,
3091 522 3224 580 cur·

606 612 736 658 sum
766 597 1178 666 consummari,
1222 598 1396 671 fidem
1426 598 1668 677 servavi.
1734 594 1808 654 In
1851 597 2071 677 reliquo
2116 596 2369 670 reposita
2414 602 2496 653 est
2533 595 2676 652 mihi
2705 611 2918 652 corona
2936 594 3222 668 justitiae,

606 694 783 764 quam
814 688 1008 745 reddet
1038 687 1183 744 mihi
1206 687 1498 745 Dominus
1525 688 1590 744 in
1620 687 1723 744 illa
1753 687 1847 744 die
1862 686 2062 760 justus
2078 684 2268 758 judex
2281 704 2311 755 ,·
2341 680 2412 743 cf.
2459 696 2504 747 1.
2527 684 2650 743 eor.
2697 694 2743 751 1,
2783 692 2854 746 31
2883 705 2897 753 ;
2936 693 2993 745 2.
3016 685 3144 742 Gor.
3169 692 3222 753 7,

609 786 666 839 4.
707 787 816 847 14;
860 787 954 845 ll,
996 785 1071 839 18
1107 794 1216 845 ss.·,
1260 783 1354 844 12,
1397 786 1420 837 l
1463 793 1570 845 ss.;
1617 774 1922 849 permittit
1952 773 2175 849 passim
2205 793 2249 832 s.
2282 772 2820 850 Aug‘ustinuS,
2867 778 2938 831 ut
2969 792 3060 847 ep.
3106 780 3223 835 186

604 885 663 924 ιι.
700 876 769 934 4;
804 884 893 941 ep.
935 874 1054 928 188
1089 884 1146 926 ιι.
1184 873 1240 926 ’7.
1276 877 1311 925 8
1345 869 1457 923 etc.
1518 864 1611 922 Ad
1641 882 1764 922 rem
1799 863 2244 922 Bernardus
2277 863 2348 921 de
2380 862 2543 939 dilig.
2578 862 2697 920 Deo
2729 881 2786 925 ιι.
2823 870 2892 924 3:
2927 861 3107 930 ,Non
3140 860 3228 920 ait

606 954 957 1030 simpliciter
989 948 1282 1035 (Paulus),
1316 956 1457 1030 quid
1482 951 1811 1031 ylen-iaris?
1850 952 1952 1011 sed
1985 952 2179 1011 addit:
2214 954 2384 1029 quasi
2412 970 2530 1010 non
2559 953 2862 1026 acceperis,
2897 953 2970 1009 ut
2999 953 3234 1010 asserat.

605 1042 1142 1118 reprehensibilem,
1189 1061 1309 1101 ιιοιι
1342 1042 1544 1117 quiin
1575 1042 1815 1112 habitis,
1864 1041 1966 1100 sed
2012 1042 2118 1116 qui
2163 1041 2226 1099 in
2272 1060 2394 1100 non
2439 1040 2690 1117 acceptis
2722 1040 3078 1117 gloriatur.‘
3145 1038 3236 1098 ij

608 1152 654 1192 s.
685 1133 999 1191 Thomas
1046 1132 1179 1194 lect.
1217 1141 1251 1193 2
1300 1131 1362 1189 in
1399 1140 1454 1193 2.
1487 1131 1611 1193 Cor.
1650 1140 1747 1194 12.
1781 1135 1843 1190 et
1874 1150 2025 1206 quae
2058 1131 2274 1189 statuit
2304 1130 2378 1189 de
2408 1131 2629 1189 bonore
2666 1138 2721 1190 2.
2759 1138 2810 1191 2.
2846 1149 2901 1203 q.
2942 1137 3053 1192 131
3100 1148 3150 1186 a.
3193 1141 3215 1191 1

608 1225 670 1281 et
699 1242 754 1298 q.
782 1230 903 1285 132
939 1242 988 1282 a.
1031 1232 1052 1282 1
1080 1241 1094 1278 z
1128 1220 1270 1279 haec
1300 1220 1460 1279 enim
1492 1221 1563 1278 ad
1597 1219 2009 1297 gloriationem
2030 1220 2339 1279 transferri
2362 1222 2632 1295 possunt.
2682 1217 2868 1277 Buiz
2898 1218 2955 1276 d.
2980 1228 3080 1281 35.
3103 1233 3147 1276 S.
3170 1228 3237 1279 9.·

793 1338 933 1392 130.
968 1322 1315 1392 Scholion
1339 1323 1444 1389 II.
1480 1328 1797 1405 Auqustini
1827 1327 2088 1385 doctrina
2119 1328 2468 1385 illustratur.
2491 1359 2578 1370 --
2597 1326 2816 1385 Verum
2838 1327 2932 1383 est
2962 1327 3014 1383 A
3031 1344 3070 1383 ιι
3088 1345 3225 1402 gu—

608 1420 904 1478 stinum
935 1417 1326 1476 disserentem
1360 1416 1433 1475 de
1463 1418 1689 1493 gratiae
1720 1417 1947 1475 virtute
1980 1419 2042 1473 et
2086 1416 2344 1474 efficacia
2375 1435 2558 1492 saepe
2577 1432 2897 1491 provocare
2928 1414 2999 1472 ad
3033 1399 3237 1473 omni--

607 1508 937 1584 potentiam
969 1507 1092 1565 Dei.
1154 1506 1287 1564 Non
1331 1508 1531 1564 tamen
1577 1505 1799 1568 idcirco
1842 1501 1902 1567 l.
1949 1504 2141 1581 gratia
2171 1524 2304 1563 cum
2339 1504 2775 1580 omnipotentia
2805 1504 2910 1561 Dei
2943 1503 3232 1563 confundi

607 1597 800 1667 debet.
863 1596 1149 1654 Damnata
1186 1594 1343 1653 enim
1390 1598 1482 1653 est
1518 1612 1685 1669 prop.
1726 1604 1802 1656 19
1839 1594 2280 1662 Quesnelli:
2329 1595 2477 1663 ,Dei
2510 1594 2706 1670 gratia
2734 1592 2885 1651 nihil
2916 1575 3083 1651 aliud
3116 1611 3177 1651 es
3153 1595 3226 1663 st,

608 1705 803 1763 quam
816 1687 944 1760 ejus
978 1684 1350 1759 omnipotens
1394 1684 1703 1742 voluntas.
1752 1682 1895 1741 haec
1938 1687 2033 1741 est
2074 1682 2223 1752 idea,
2271 1702 2450 1758 quam
2479 1684 2640 1741 Deus
2673 1682 2846 1740 nobis
2877 1681 3180 1740 tradidit
3164 1702 3228 1740 ιιι

607 1773 884 1833 omnibus
918 1773 1043 1831 suis
1076 1772 1459 1847 Scripturi8.‘
1521 1773 1730 1847 Neque
1760 1771 1982 1830 idcirco
2028 1768 2094 1834 2.
2136 1772 2426 1847 sequitur,
2474 1771 2742 1830 homines
2775 1790 2897 1830 non
2927 1789 3104 1847 posse
3136 1771 3226 1828 di-

607 1864 781 1922 vinae
829 1862 1052 1940 gratiae
1102 1862 1410 1920 resistere:
1463 1861 1744 1920 damnata
1781 1860 1952 1920 enim
2004 1864 2098 1920 est
2145 1880 2312 1937 prop.
2364 1862 2402 1919 J
2419 1860 2727 1919 ansenii
2783 1868 2851 1921 2:
2905 1859 3232 1930 ,Interiori

605 1952 835 2030 gratiae
865 1952 929 2009 in
963 1955 1127 2009 statu
1157 1953 1405 2010 naturae
1437 1951 1633 2027 lapsae
1665 1969 1974 2025 nunquam
2006 1951 2389 2009 resistiturz‘
2424 1969 2576 2026 quae
2607 1949 2904 2009 declarata
2932 1953 3028 2010 est
3062 1949 3240 2009 hae·-

606 2041 873 2104 retica.
936 2040 1016 2098 cf.
1055 2050 1272 2103 n.109
1310 2058 1384 2098 ss.
1448 2040 1606 2099 Scias
1656 2038 1718 2104 3.
1768 2040 2300 2116 Augustinum
2346 2058 2665 2116 provocare
2710 2038 2888 2097 etiam
2933 2039 3005 2097 ad
3054 2058 3224 2115 prae-

608 2131 934 2195 scientiam,
974 2129 1047 2187 in
1093 2149 1212 2204 qua
1244 2129 1401 2188 Deus
1432 2129 1665 2204 paravit
1694 2129 1932 2199 auxilia,
1974 2128 2196 2203 quibus
2230 2129 2500 2188 salvandi
2532 2128 2858 2188 certissime
2888 2129 3228 2188 salventur:

606 2219 776 2295 nulla
805 2223 1006 2277 autem
1035 2218 1354 2277 necessitas
1396 2218 1753 2293 provocandi
1801 2218 1873 2276 ad
1920 2219 2387 2293 praescientiam,
2441 2219 2491 2277 si
2541 2237 2726 2278 nexus
2771 2218 2927 2277 inter
2971 2217 3228 2294 gratiam

607 2292 668 2367 et
698 2308 917 2366 bonum
952 2327 1098 2383 opus
1129 2324 1199 2368 ex
1232 2308 1355 2365 sola
1387 2307 1833 2383 omnipotentia,
1879 2325 1948 2364 ex
1993 2308 2218 2366 virtute
2264 2307 2492 2384 gratiae
2523 2307 2722 2378 insita,
2770 2310 2834 2366 et
2875 2325 2998 2366 nou
3043 2306 3232 2364 etiam

602 2416 671 2456 ex
703 2397 880 2455 liberi
910 2397 1141 2456 arbitrii
1173 2415 1466 2456 consensu
1496 2416 1556 2455 e
1548 2401 1590 2454 t
1618 2396 1956 2472 repetenda.
2017 2396 2156 2456 Ideo
2187 2393 2251 2459 4.
2284 2397 2792 2473 Augustinus
2825 2400 3032 2455 contra
3060 2395 3224 2471 pela

599 2486 808 2564 gianos
857 2484 1174 2561 disputans
1223 2486 1295 2544 ad
1346 2485 1610 2545 divinam
1654 2490 1937 2561 provocat
1973 2486 2485 2561 omnipotentiam.
2538 2486 2699 2562 quod
2748 2485 2843 2544 illi
2891 2485 3232 2543 dominium-

601 2576 709 2635 Dei
755 2575 821 2634 in
865 2575 1299 2638 distribuendis
1343 2575 1551 2651 gratiis
1586 2574 2008 2648 salvandisque
2042 2575 2382 2634 hominibus
2416 2575 2714 2634 limitibus
2743 2574 3222 2650 circumscripse-

600 2665 726 2724 rint
758 2668 820 2723 et
851 2665 1188 2741 dependens
1221 2663 1470 2723 fecerint
1514 2684 1548 2722 a
1580 2663 2044 2732 conditionibus
2092 2684 2241 2740 quas
2274 2665 2544 2724 homines
2576 2665 2808 2724 viribus
2840 2666 3091 2724 naturae
3122 2662 3223 2721 ad-

602 2755 847 2831 implere
881 2755 1132 2829 possint.
1200 2753 1395 2821 Quare
1441 2772 1486 2811 s.
1520 2754 1724 2812 doctor
1754 2772 1876 2811 non
1910 2753 2105 2811 solum
2136 2754 2452 2813 efficaciam
2484 2753 2726 2832 gratiae,
2761 2753 2862 2812 sed
2895 2759 2958 2812 et
2988 2753 3228 2812 absolu-

601 2848 730 2902 tum
783 2844 889 2902 Dei
938 2843 1267 2901 dominium
1292 2862 1295 2865 ⁴
1319 2843 1381 2899 in
1434 2841 1640 2900 ordine
1692 2842 1919 2919 gratiae
1968 2843 2189 2901 nititur
2236 2844 2533 2906 extollere.
2612 2844 2883 2902 Ceterum
2935 2839 3002 2905 5.
3053 2861 3224 2918 prae·

604 2935 837 3009 postere
861 2933 1169 3007 judicatur
1200 2932 1272 2988 de
1304 2931 1499 3007 gratia
1528 2931 1669 2989 boni
1703 2932 1897 3006 operis
1929 2931 2259 2990 universim
2297 2952 2367 2991 ex
2408 2932 2714 2992 nonnullis
2747 2931 3089 3007 Scripturas
3110 2949 3224 3006 pa·-

600 3025 899 3095 trumque,
947 3019 1382 3096 Augustini
1428 3020 1797 3094 praesertim,
1846 3019 2058 3090 effatis,
2107 3020 2328 3095 quibus
2361 3022 2586 3099 gratiae
2618 3020 2936 3081 efficaciam
2968 3019 3230 3078 subinde

600 3110 896 3169 extollunt
926 3110 1533 3184 potentissimumque
1567 3110 1672 3175 Dei
1703 3109 1767 3167 in
1802 3109 2054 3168 hominis
2088 3110 2462 3169 voluntatem
2494 3111 2827 3170 dominium
2858 3109 3234 3170 describunt..

600 3198 753 3267 Quid
800 3198 975 3266 enim,
1027 3197 1079 3256 si
1129 3199 1236 3256 illa
1281 3198 1490 3274 gratia,
1544 3218 1662 3274 qua
1708 3198 1927 3258 Paulus
1960 3205 2316 3275 praeventus
2363 3219 2430 3257 ex
2476 3203 2851 3275 persecutore
2896 3199 3090 3258 factus
3136 3201 3233 3257 est

602 3285 800 3346 subito
834 3287 1159 3362 apostoluS,
1194 3287 1376 3345 fuerit
1410 3307 1480 3346 ex
1513 3305 1642 3346 sese
1683 3287 1914 3346 efficax:
1963 3289 2329 3363 sequiturne,
2377 3290 2855 3364 quotiescunque
2898 3287 3090 3346 fidelis
3133 3291 3230 3344 te-

598 3375 945 3434 nuissimam
977 3376 1143 3434 elicit
1173 3376 1561 3441 attritionem,
1595 3395 1730 3435 eum
1764 3377 1957 3453 gratia
1987 3377 2325 3453 praeveniri
2359 3397 2427 3436 ex
2461 3396 2524 3437 se
2555 3378 2820 3437 efficaci?
2868 3377 3056 3436 Vocat
3087 3379 3136 3436 A
3155 3396 3225 3434 u-

599 3464 979 3542 gustinus
1011 3466 1267 3540 gratiam
1302 3465 1866 3534 ,luminosissimam
1904 3466 2210 3525 caritatem
2225 3473 2274 3537 ‘,
2326 3467 2677 3542 sequiturne
2713 3471 3041 3542 propterea,
3077 3484 3233 3541 quo·-

597 3554 950 3629 tieseunque
999 3553 1174 3613 homo
1224 3555 1626 3631 qualicunque
1672 3555 1984 3614 devotione
2029 3555 2243 3613 recitat
2287 3557 2613 3615 orationem
2661 3556 3036 3625 matutinam,
3089 3571 3230 3614 eum

599 3643 931 3718 praeveniri
965 3662 1196 3718 semper
1225 3643 1693 3703 luminosissima
1724 3644 2013 3703 caritate?
2077 3644 2410 3703 caveantur
2453 3645 2748 3722 ejusmodi
2795 3645 3114 3716 illationeS,
3162 3644 3228 3702 in

599 3729 819 3807 quibus
853 3732 1152 3791 conclusio
1184 3733 1367 3791 latius
1399 3737 1567 3808 patet
1598 3734 1948 3808 praemissis,
2012 3734 2144 3792 Non
2180 3734 2509 3808 quaeritur,
2544 3743 2690 3793 num
2722 3734 2882 3792 inter
2914 3729 3236 3793 innumera

596 3823 824 3898 gratiae
855 3822 1075 3880 auxilia
1106 3840 1232 3880 esse
1263 3823 1441 3881 etiam
1475 3821 1706 3897 poss'iut
1738 3823 1833 3880 vel
1866 3823 2048 3881 etiam
2080 3823 2334 3881 subinde
2370 3822 2591 3881 dentur
2625 3823 2783 3898 talia,
2819 3842 2973 3899 quae
3003 3824 3128 3882 siut
3158 3841 3230 3880 ex

598 3929 724 3969 sese
757 3910 1041 3981 efficacia3
1089 3911 1191 3969 sed
1224 3931 1369 3970 num
1402 3911 1592 3981 homo,
1640 3912 2114 3987 quotiescunque
2147 3912 2296 3970 bene
2330 3917 2626 3987 operetur,
2677 3911 2787 3970 tali
2833 3912 3025 3989 gratia
3057 3932 3227 3989 prae·

598 3993 887 4070 veniatur,
934 4019 1085 4075 quae
1116 4019 1185 4058 ex
1219 4006 1346 4058 sese
1380 4000 1778 4058 infallibiliter
1811 4000 1892 4058 sit
1924 4000 2144 4069 efficax,
2193 4001 2336 4058 adeo
2384 4004 2456 4060 ut
2501 4002 2627 4060 fieri
2668 4005 2942 4076 nequeat,
2988 4005 3062 4060 ut
3105 4009 3234 4060 non

597 4095 882 4164 sequatur
915 4089 1132 4147 bonum
1167 4099 1319 4164 opus
1354 4092 1627 4148 manente
1660 4089 1868 4148 eadem
1903 4090 2113 4166 gratia.
2179 4089 2844 4166 Hujus'prop'ositionis‘
2865 4091 3232 4149 universalis

598 4177 1155 4236 demonstrationem
1190 4179 1577 4254 postulamuS,
1626 4178 1728 4237 sed
1778 4197 1899 4236 non
1931 4179 2294 4253 reperimus:
2343 4198 2537 4253 neque
2567 4180 2728 4238 enim
2759 4180 3000 4254 probari
3033 4183 3231 4255 potest

600 4266 980 4336 testimoniiS,
1002 4285 1167 4341 -quae
1199 4268 1291 4325 vel
1320 4286 1394 4325 ex
1427 4267 1571 4343 ipsis
1601 4267 1800 4326 verbis
1833 4268 1929 4326 vel
1960 4271 2028 4325 ex
2062 4268 2361 4343 adjunctis
2393 4272 2558 4343 patet
2588 4287 2716 4327 esse
2747 4269 3148 4343 particularia.

780 4388 843 4454 6.
877 4385 1164 4467 Denique
1196 4384 1421 4449 sedulo
1456 4385 1810 4466 distinguas
1856 4387 2022 4450 inter
2051 4386 2215 4450 haec
2248 4387 2397 4462 duo,
2449 4387 2722 4467 gratiam
2755 4405 2899 4451 esse
2932 4407 3010 4451 ex
3044 4389 3236 4452 sese

603 4494 925 4584 invictam,
959 4492 1489 4569 indeclinabilem,
1524 4490 2040 4584 insuperabilem,
2063 4495 2414 4572 etgratiam
2445 4492 2795 4559 reddere
2827 4494 3227 4558 voluntatem

599 4575 878 4664 bominis
910 4601 1155 4682 gratiae
1176 4602 1590 4682 cooperantis
1613 4600 1940 4677 invictam,
1962 4601 2494 4677 indeclinabilem„
2514 4600 3041 4682 insuperabilem.
3074 4600 3230 4664 illud

598 4708 955 4788 generatim
987 4708 1066 4773 de
1100 4726 1481 4790 quacunque
1515 4709 1723 4786 gratia
1755 4707 1911 4771 boni
1944 4708 2155 4790 operis
2177 4706 2494 4771 affirmari
2531 4707 2788 4789 nequit:
2835 4708 2981 4771 hoc
3008 4713 3234 4771 autem
