3538 5364
1091 279 1519 335 Excoecationis
1543 283 1603 335 et
1628 279 2014 335 indurationis
2039 278 2216 334 notio.
2889 285 2973 350 75

350 463 676 543 Ingratum
710 462 793 525 ad
824 462 1142 527 beneficia
1173 471 1289 540 est,
1320 462 1405 526 ad
1436 462 1703 527 consilia
1736 461 2019 536 infidum,
2052 460 2135 524 ad
2148 460 2389 543 J'udicia
2408 476 2693 535 saevum,
2725 459 2973 524 invere-

351 571 632 634 cundum
665 571 749 634 ad
781 570 1012 651 turpia,
1044 570 1435 652 impavidum
1483 570 1565 634 ad
1613 569 1919 651 pericula,
1969 569 2393 632 inhumanum
2425 566 2509 632 ad
2541 567 2843 640 humana,
2876 572 2973 629 te-

349 677 698 742 merarium
718 677 782 740 in
803 676 1036 753 divina,
1070 677 1559 758 praeteritorum
1587 675 1988 751 obliviscens
2010 674 2376 756 praesentia
2397 673 2739 754 negligens,
2762 672 2789 735 f
2790 678 2976 737 utura

349 802 480 847 non
511 783 915 865 providens«
955 780 1024 847 Si
1043 801 1194 848 vero
1216 784 1591 849 excoecatio
1624 789 1689 847 et
1708 782 2029 847 induratio
2063 781 2339 847 active
2371 780 2836 855 consideratur,
2859 799 2973 844 ne·-

348 891 486 971 gari
516 891 759 973 nequit,
793 896 1133 972 utramque
1163 890 1296 955 Deo
1330 890 1396 953 in
1428 890 1655 955 divinis
1686 889 1886 954 literis
1917 889 2158 970 passim
2191 888 2485 953 adscribi.
2533 887 2720 968 Quod
2752 893 2823 951 ut
2855 887 2972 951 rite

349 996 690 1078 intelligas,
721 997 885 1061 haec
916 1003 1097 1063 tene:

534 1122 596 1191 l.
628 1126 743 1185 Per
785 1144 1088 1185 excessum
1119 1145 1312 1185 errare
1345 1127 1777 1197 Calvinum,
1829 1127 1934 1202 qui
1982 1125 2448 1186 exonerationem
2494 1124 2776 1183 adscribit
2820 1123 2975 1199 posi-

351 1216 512 1273 tivae
532 1215 642 1274 Dei
676 1215 973 1273 voluntati
1006 1218 1068 1274 et
1098 1216 1441 1291 operationi,
1475 1215 1619 1274 adeo
1651 1220 1722 1274 ut
1747 1216 1903 1274 Deus
1937 1216 2018 1274 sit
2047 1217 2213 1274 illius
2247 1234 2426 1274 causa
2457 1233 2597 1272 vera
2626 1220 2689 1273 et
2720 1213 2974 1272 directa:

350 1324 533 1381 quam
565 1304 923 1363 sententiam
955 1323 1263 1380 nunquam
1294 1322 1415 1364 non
1445 1305 1753 1363 exhorruit
1784 1305 2110 1379 antiquitas
2144 1303 2214 1387 (t.
2245 1305 2299 1362 11
2333 1324 2390 1362 n.
2426 1314 2526 1367 85.
2569 1308 2735 1376 106).

530 1426 595 1492 2.
627 1430 764 1489 Non
796 1429 1094 1490 exhauriri
1126 1430 1550 1490 excoecationis
1583 1431 1904 1501 notionem,
1951 1431 2000 1489 si
2044 1431 2203 1490 Deus
2249 1430 2471 1488 dicitur
2501 1446 2808 1487 excoecare
2840 1445 2973 1502 per·

351 1519 646 1578 mittendo
678 1522 915 1579 tantum
947 1520 1428 1591 excoecationem,
1461 1520 1553 1578 vel
1587 1520 1635 1578 si
1668 1538 1806 1578 cum
1837 1525 2080 1579 auctore
2111 1520 2149 1578 l.
2184 1519 2255 1578 de
2291 1517 2484 1594 praed.
2516 1521 2577 1577 et
2608 1516 2801 1593 gratia
2820 1533 2865 1573 c.
2897 1527 2966 1577 11

352 1611 414 1666 et
459 1609 751 1666 Attene
798 1608 1028 1667 vercell.
1076 1607 1139 1666 in
1170 1609 1332 1667 Rom.
1364 1609 1404 1671 l.
1441 1617 1521 1671 24
1557 1609 1879 1667 statuitur:
1943 1609 2110 1678 ,Non
2142 1616 2421 1684 operatur
2454 1606 2519 1665 in
2550 1606 2786 1664 homine
2822 1605 2977 1661 Deus

350 1697 540 1772 ipsam
562 1696 849 1756 duritiam
873 1697 1083 1768 cordis,
1106 1698 1208 1756 sed
1226 1696 1503 1757 indurare
1523 1716 1659 1756 eum
1681 1698 1918 1768 dicitur,
1941 1718 2117 1774 quem
2135 1698 2366 1756 mollire
2380 1695 2670 1755 noluerit:
2691 1694 2776 1753 sic
2796 1693 2975 1751 etiam

347 1804 676 1855 excoecare,
709 1806 885 1862 quem
919 1786 1259 1845 illuminare
1289 1787 1570 1857 noluerit,
1605 1790 1666 1845 et
1696 1788 1983 1863 repellere
2015 1806 2168 1856 eum,
2204 1805 2382 1863 quem
2413 1785 2675 1844 noluerit
2709 1790 2973 1841 vocare.‘

525 1906 595 1974 3.
629 1912 1074 1971 Indurationem
1120 1931 1190 1970 ex
1229 1916 1397 1988 parte
1431 1913 1536 1971 Dei
1568 1912 1874 1972 includere
1919 1928 1983 1975 a.
2030 1914 2161 1989 ejus
2205 1911 2677 1988 permissionem,
2724 1910 2975 1983 ideoque

352 1996 414 2064 b.
447 2001 748 2074 quandam
782 2001 1262 2070 subtractionem,
1308 2001 1706 2076 privationem
1743 2020 1863 2060 11011
1898 2002 2141 2077 quidem
2172 2002 2362 2061 omnis
2393 1999 2634 2076 gratiae,
2682 1996 2973 2057 uberioris

344 2090 548 2147 tamen
589 2089 813 2149 auxilii.
878 2090 1161 2159 Quocirca
1192 2091 1487 2167 ejusmodi
1517 2090 1783 2149 indurati
1816 2090 2101 2150 dicuntur
2145 2091 2367 2167 passim
2412 2091 2475 2147 in
2520 2087 2738 2147 divinis
2784 2085 2973 2144 literis

345 2179 615 2253 despecti,
647 2178 936 2249 derelicti,
969 2179 1213 2254 repulsi,
1246 2180 1469 2254 rejecti.
1537 2179 1690 2237 Hinc
1720 2184 1986 2257 Augus
2005 2180 2225 2238 tinus
2257 2179 2557 2254 explicans
2588 2177 2771 2235 verba
2803 2174 2976 2233 Pauli

347 2267 514 2326 Rom.
547 2280 597 2337 1,
635 2275 715 2330 28
752 2268 962 2327 scribit
992 2268 1055 2325 in
1086 2268 1180 2327 Ps.
1216 2276 1250 2329 6
1287 2287 1346 2330 11.
1381 2277 1452 2331 8:
1487 2269 1706 2335 ,Dedit
1738 2269 1868 2327 illos
1897 2271 1962 2327 in
1992 2269 2301 2344 reprobum
2331 2285 2578 2340 sensum,
2614 2284 2750 2323 nam
2783 2282 2850 2323 ea
2881 2266 2975 2322 est

345 2356 604 2415 coecitas
635 2356 890 2416 mentis:
924 2358 982 2415 in
1018 2375 1145 2416 eam
1178 2356 1454 2433 quisquis
1476 2356 1651 2417 datus
1673 2358 1873 2428 fuerit,
1907 2358 1982 2416 ab
2016 2357 2298 2416 interiore
2322 2356 2428 2415 Dei
2459 2356 2590 2414 luce
2622 2353 2972 2424 secluditur,

345 2444 454 2503 sed
484 2445 759 2503 nondum
789 2446 1045 2522 penitus,
1079 2463 1213 2505 cum
1246 2446 1312 2504 in
1341 2446 1450 2505 hac
1480 2446 1605 2505 vita
1635 2449 1744 2506 est.
1792 2445 1948 2505 Sunt
1977 2446 2135 2505 enim
2155 2446 2433 2505 tenebrae
2453 2443 2788 2512 exterioreS,
2824 2460 2975 2516 quae

343 2535 541 2610 magis
574 2534 649 2592 ad
679 2533 835 2593 diem
861 2534 1075 2610 judicii
1107 2536 1403 2610 pertinere
1422 2535 1870 2612 intelliguntur,
1903 2538 1973 2594 ut
2004 2536 2241 2612 penitus
2271 2543 2435 2593 extra
2454 2534 2641 2591 Deum
2675 2532 2771 2601 sit,
2806 2531 2969 2606 quis-

347 2622 505 2699 quis,
547 2622 693 2681 dum
724 2625 961 2701 tempus
1008 2626 1119 2698 est,
1168 2624 1385 2702 corrigi
1432 2625 1707 2689 noluerit.
1776 2625 2024 2684 Penitus
2057 2624 2216 2684 enim
2248 2627 2412 2682 extra
2444 2623 2632 2680 Deum
2664 2639 2793 2679 esse
2826 2619 2971 2696 quid

344 2714 442 2771 est
484 2713 607 2771 nisi
654 2713 720 2770 in
765 2732 996 2772 summa
1039 2715 1320 2773 coecitate
1365 2733 1492 2773 esse
1507 2716 1573 2771 ἲ(
1646 2729 1710 2777 (3.
1751 2714 1898 2773 Cum
1932 2715 2038 2773 hac
2069 2715 2399 2773 desertione
2431 2712 2808 2787 conjunctam
2841 2726 2968 2767 esse

346 2802 819 2860 subtractionem
869 2803 1254 2879 protectionis
1305 2802 1553 2874 divinae,
1605 2823 1724 2879 qua
1773 2804 2010 2863 sublata
2053 2807 2326 2879 peccator
2369 2800 2688 2877 exponitur
2734 2796 2968 2856 insidiis

351 2890 779 2966 fraudibusque
812 2891 1131 2953 daemonis,
1196 2892 1362 2951 Unde
1409 2893 1702 2968 ejusmodi
1734 2897 2069 2968 peccatores
2102 2893 2307 2951 traditi
2337 2890 2623 2948 dicuntur
2668 2890 2729 2945 in
2775 2905 2973 2961 repro-

351 2980 481 3038 bum
512 2999 748 3038 sensum
778 2980 941 3039 Rom.
971 2993 1022 3051 1,
1059 2989 1158 3044 28.
1209 2981 1394 3051 ,Cum
1417 2981 1746 3041 deserimur
1779 3001 1814 3040 a
1846 2982 2112 3050 Domine,
2149 2982 2349 3057 inquit
2380 2979 2976 3055 chrysostomus

349 3069 503 3132 hom.
532 3069 701 3131 68111
722 3068 814 3128 Jo.
833 3087 891 3126 n.
915 3078 974 3144 2,
1009 3069 1243 3129 diabolo
1276 3070 1484 3129 traditi
1516 3071 1845 3129 innumeris
1877 3071 2047 3129 malis
2081 3070 2464 3147 affligimur}
2518 3066 2596 3127 Cf.
2634 3076 2689 3130 2.
2722 3065 2974 3140 Paralip.

359 3170 451 3231 18,
495 3167 604 3228 18;
644 3158 858 3235 3.Reg.
886 3168 985 3228 12,
1027 3169 1132 3228 19;
1171 3168 1225 3220 2.
1260 3159 1383 3218 Cor.
1408 3168 1464 3230 4,
1502 3168 1568 3229 33
1608 3159 1852 3221 2.Thes‚
1879 3170 1933 3230 2,
1975 3171 2069 3229 10,
2104 3163 2165 3219 et
2196 3178 2347 3235 quae
2382 3159 2489 3217 1100
2520 3158 2590 3215 de
2623 3159 2974 3233 argumento

348 3248 652 3320 praeclare
697 3246 937 3305 disserit
966 3247 1101 3306 Les
1125 3248 1290 3306 sius
1336 3247 1408 3306 de
1455 3248 1572 3307 div.
1608 3248 1845 3324 perfect.
1877 3249 2032 3319 XIII,
2076 3258 2150 3312 12
2187 3267 2264 3306 sa.
2332 3246 2696 3322 Quandoque
2744 3240 2811 3308 d.
2859 3243 2975 3301 dici

348 3335 539 3394 Deum
576 3335 857 3394 indurare
891 3337 1179 3408 homineS,
1214 3340 1508 3413 quatenus
1543 3342 1635 3396 est
1666 3357 1843 3396 causa
1863 3338 2122 3413 positiva
2141 3357 2362 3406 eorum,
2399 3354 2655 3412 quorum
2686 3354 2804 3392 non
2839 3332 2976 3407 qui-

352 3424 481 3483 dem
530 3424 781 3494 influxu,
829 3425 927 3483 sed
976 3425 1410 3496 occasione,
1463 3426 1733 3485 homines
1767 3433 1980 3503 sponte
2015 3446 2122 3484 sua
2169 3446 2228 3485 se
2268 3425 2569 3484 indurant.
2637 3423 2782 3482 Cum
2816 3422 2975 3481 enim

354 3513 510 3572 Deus
545 3513 705 3572 hunc
735 3513 1011 3572 effectum
1043 3514 1398 3590 praevideat,
1447 3515 1758 3590 permittat
1803 3520 1866 3575 et
1911 3517 1982 3575 ad
2031 3517 2327 3592 optimum
2358 3514 2536 3572 finem
2568 3513 2873 3588 disponat:
2923 3511 2975 3567 si

353 3602 649 3677 ejusmodi
668 3602 1034 3662 occasionem
1066 3602 1254 3679 ponit,
1286 3603 1685 3663 indurationis
1719 3624 1896 3663 causa
1927 3605 2042 3662 dici
2067 3608 2263 3680 potest
2294 3601 2687 3678 occasionalis,
2725 3599 2975 3677 permis-

353 3691 495 3759 siva,
529 3691 833 3750 ordinans.
867 3692 998 3751 Huc
1028 3692 1331 3767 pertinent
1365 3693 1544 3752 verba
1576 3693 1745 3751 Pauli
1768 3694 1930 3752 Rom.
1955 3703 2011 3763 2,
2049 3705 2122 3756 4:
2155 3695 2254 3753 An
2285 3693 2520 3752 divitias
2552 3692 2820 3749 bonitatis
2851 3691 2975 3763 ejas

355 3787 403 3837 et
435 3782 761 3855 patientiae
804 3788 855 3837 et
898 3781 1353 3858 lonyanimitatis
1397 3781 1755 3840 contemnis?
1803 3785 2057 3860 (oneras,
2106 3785 2377 3860 quoniam
2409 3781 2725 3859 beniynitas
2757 3779 2868 3836 Dei
2899 3777 2976 3835 ad

345 3871 760 3943 poenitentiam
807 3877 857 3926 te
901 3868 1186 3928 adducit?
1242 3870 1566 3929 Secundum
1598 3879 1789 3929 autem
1820 3873 2101 3930 duritiam
2150 3880 2312 3929 tuam
2356 3878 2407 3928 et
2451 3869 2823 3945 impoenitens
2854 3885 2972 3941 cor,

354 3959 716 4016 thesaurizas
748 3958 851 4016 tibi·
880 3955 1039 4016 iram
1070 3961 1133 4016 in
1177 3960 1270 4016 die
1314 3962 1441 4017 irae
1490 3967 1541 4018 et
1584 3962 1944 4018 revelationis
1961 3963 2113 4036 justi
2133 3957 2348 4036 judicii
2383 3959 2487 4018 Dei
2499 3980 2523 4034 ,·
2567 3959 2684 4018 Job
2721 3967 2821 4026 24,
2865 3967 2972 4019 13:

354 4047 528 4105 Dedit
572 4050 628 4105 ei
669 4048 830 4106 Deus
872 4048 1056 4106 locum
1083 4051 1486 4122 poenitentiae,
1538 4056 1589 4107 et
1632 4051 1726 4107 ille
1771 4051 2031 4108 abutitur
2076 4069 2138 4109 eo
2182 4052 2244 4108 in
2289 4049 2619 4124 superbiam
2631 4069 2657 4122 ,·
2704 4047 2878 4106 Eccli.
2917 4059 2971 4112 ὃ,

363 4147 428 4198 11
455 4156 469 4194 2
520 4137 673 4208 Quia
706 4155 820 4195 non
842 4138 1152 4212 profertur
1182 4140 1291 4195 cito
1321 4146 1522 4196 contra
1554 4140 1737 4197 malos
1768 4143 2064 4215 sententia,
2113 4138 2323 4215 absque
2353 4141 2556 4196 timore
2587 4138 2702 4196 ullo
2733 4138 2843 4211 filii
2873 4136 2971 4193 ho·

356 4227 574 4283 minum
597 4233 942 4301 perpetrant
973 4228 1147 4285 mala.
1198 4226 1302 4294 ,Si
1337 4228 1626 4302 patientia
1660 4227 1782 4296 Dei,
1819 4228 1906 4286 ita
1937 4228 2458 4303 Hieronymus
2491 4246 2580 4303 ep.
2621 4235 2742 4288 120
2779 4246 2834 4301 q.
2876 4237 2970 4293 10,

350 4314 659 4374 induravit
689 4315 1053 4374 Pharaonem
1085 4319 1147 4374 et
1177 4317 1368 4374 multo
1390 4320 1652 4392 tempore
1674 4335 1894 4392 poenas
1917 4317 2156 4375 distulit
2186 4316 2440 4384 Israelis,
2475 4322 2547 4373 ut
2569 4316 2800 4391 justius
2833 4332 2969 4372 con-

352 4404 676 4474 demnaret,
710 4421 860 4478 quos
891 4406 1061 4462 tanto
1092 4407 1357 4479 tempore
1391 4406 1794 4464 sustinuerat:
1828 4424 1947 4464 non
1975 4406 2081 4463 Dei
2111 4405 2438 4464 accusanda
2469 4405 2563 4463 est
2591 4403 2881 4480 patientia
2913 4407 2974 4460 et

353 4493 586 4551 infinita
605 4493 941 4562 clementia,
977 4493 1080 4552 sed
1111 4512 1317 4552 eorum
1349 4494 1590 4564 duritia,
1625 4494 1730 4570 qui
1748 4494 2012 4553 bonitate
2033 4494 2139 4551 Dei
2172 4494 2234 4552 in
2264 4493 2588 4570 perniciem
2610 4513 2779 4552 suam
2800 4492 2972 4551 abusi

356 4587 510 4646 sunt.
575 4582 865 4657 Alioquin
910 4601 1069 4641 unus
1120 4591 1210 4641 est
1255 4584 1397 4641 solis
1442 4583 1600 4642 calor
1644 4587 1705 4642 et
1750 4583 2077 4642 secundum
2115 4584 2403 4642 essentias
2438 4583 2808 4658 subjacentes
2856 4580 2975 4639 alia

357 4671 732 4748 constringit,
780 4671 895 4729 alia
933 4671 1258 4746 liquefacit,
1303 4672 1420 4730 alia
1465 4673 1737 4731 indurat:
1786 4673 2057 4748 liquatur
2087 4674 2247 4731 enim
2280 4691 2410 4730 cera
2441 4675 2502 4731 et
2532 4673 2851 4730 induratur
2881 4671 2972 4728 lu·

355 4763 481 4818 tum
514 4765 575 4818 et
606 4764 803 4818 tamen
837 4760 1049 4819 caloris
1082 4779 1202 4819 non
1235 4763 1328 4818 est
1359 4761 1594 4820 diversa
1625 4765 1859 4823 natura.
1907 4760 2002 4818 Sic
2034 4765 2096 4820 et
2129 4760 2366 4819 bonitas
2399 4763 2460 4820 et
2491 4761 2805 4819 clementia
2835 4778 2972 4817 vasa
