<?xml version="1.0" encoding="UTF-8"?>
<!DOCTYPE html PUBLIC "-//W3C//DTD XHTML 1.0 Transitional//EN"
    "http://www.w3.org/TR/xhtml1/DTD/xhtml1-transitional.dtd">
<html xmlns="http://www.w3.org/1999/xhtml" xml:lang="en" lang="en">
 <head>
  <title>
</title>
<meta http-equiv="Content-Type" content="text/html;charset=utf-8" />
  <meta name='ocr-system' content='tesseract 3.04.00' />
  <meta name='ocr-capabilities' content='ocr_page ocr_carea ocr_par ocr_line ocrx_word'/>
</head>
<body>
  <div class='ocr_page' id='page_1' title='image "./theologiaedogma00hurtgoog_0417.png"; bbox 0 0 3538 5364; ppageno 0'>
   <div class='ocr_carea' id='block_1_1' title="bbox 1374 320 2987 396">
    <p class='ocr_par' dir='ltr' id='par_1_1' title="bbox 1374 320 2987 396">
     <span class='ocr_line' id='line_1_1' title="bbox 1374 320 2987 396; baseline 0.011 -21"><span class='ocrx_word' id='word_1_1' title='bbox 1374 322 1443 376; x_wconf 87' lang='lat' dir='ltr'>de</span> <span class='ocrx_word' id='word_1_2' title='bbox 1471 320 1746 379; x_wconf 85' lang='lat' dir='ltr'>sacrificio</span> <span class='ocrx_word' id='word_1_3' title='bbox 1772 322 1994 379; x_wconf 75' lang='lat' dir='ltr'>missae.</span> <span class='ocrx_word' id='word_1_4' title='bbox 2123 380 2126 385; x_wconf 62' lang='grc'><strong>,</strong></span> <span class='ocrx_word' id='word_1_5' title='bbox 2268 390 2274 396; x_wconf 40' lang='lat'><em>‚</em></span> <span class='ocrx_word' id='word_1_6' title='bbox 2856 326 2987 392; x_wconf 84' lang='lat'>405</span> 
     </span>
    </p>
   </div>
   <div class='ocr_carea' id='block_1_2' title="bbox 358 500 2984 3040">
    <p class='ocr_par' dir='ltr' id='par_1_2' title="bbox 358 500 2984 2485">
     <span class='ocr_line' id='line_1_2' title="bbox 543 500 2984 584; baseline -0.001 -16"><span class='ocrx_word' id='word_1_7' title='bbox 543 504 611 570; x_wconf 83' lang='lat'>5.</span> <span class='ocrx_word' id='word_1_8' title='bbox 643 500 912 583; x_wconf 81' lang='lat' dir='ltr'>Propter</span> <span class='ocrx_word' id='word_1_9' title='bbox 941 501 1340 567; x_wconf 77' lang='lat' dir='ltr'>identitatem</span> <span class='ocrx_word' id='word_1_10' title='bbox 1384 502 1477 569; x_wconf 92' lang='lat' dir='ltr'>rei</span> <span class='ocrx_word' id='word_1_11' title='bbox 1523 501 1782 567; x_wconf 90' lang='lat' dir='ltr'>oblatae</span> <span class='ocrx_word' id='word_1_12' title='bbox 1829 508 1894 567; x_wconf 89' lang='lat' dir='ltr'>et</span> <span class='ocrx_word' id='word_1_13' title='bbox 1940 500 2245 584; x_wconf 86' lang='lat' dir='ltr'>principis</span> <span class='ocrx_word' id='word_1_14' title='bbox 2276 500 2628 566; x_wconf 89' lang='lat' dir='ltr'>sacerdotis</span> <span class='ocrx_word' id='word_1_15' title='bbox 2675 502 2740 565; x_wconf 93' lang='lat' dir='ltr'>in</span> <span class='ocrx_word' id='word_1_16' title='bbox 2784 501 2984 565; x_wconf 90' lang='lat' dir='ltr'>sacri-</span> 
     </span>
     <span class='ocr_line' id='line_1_3' title="bbox 363 607 2984 691; baseline 0 -20"><span class='ocrx_word' id='word_1_17' title='bbox 363 608 745 675; x_wconf 80' lang='lat' dir='ltr'>ficio-crucis</span> <span class='ocrx_word' id='word_1_18' title='bbox 777 613 841 674; x_wconf 93' lang='lat' dir='ltr'>et</span> <span class='ocrx_word' id='word_1_19' title='bbox 868 607 1185 674; x_wconf 89' lang='lat' dir='ltr'>sacrificio</span> <span class='ocrx_word' id='word_1_20' title='bbox 1217 608 1454 673; x_wconf 90' lang='lat' dir='ltr'>missae</span> <span class='ocrx_word' id='word_1_21' title='bbox 1487 608 1613 672; x_wconf 91' lang='lat' dir='ltr'>dici</span> <span class='ocrx_word' id='word_1_22' title='bbox 1648 609 1812 674; x_wconf 85' lang='lat' dir='ltr'>forte</span> <span class='ocrx_word' id='word_1_23' title='bbox 1843 615 2074 691; x_wconf 87' lang='lat' dir='ltr'>potest,</span> <span class='ocrx_word' id='word_1_24' title='bbox 2106 608 2277 673; x_wconf 91' lang='lat' dir='ltr'>idem</span> <span class='ocrx_word' id='word_1_25' title='bbox 2323 626 2466 675; x_wconf 86' lang='lat' dir='ltr'>esse</span> <span class='ocrx_word' id='word_1_26' title='bbox 2511 608 2984 690; x_wconf 82' lang='lat' dir='ltr'>quadamtenus</span> 
     </span>
     <span class='ocr_line' id='line_1_4' title="bbox 362 713 2983 797; baseline 0 -19"><span class='ocrx_word' id='word_1_27' title='bbox 362 713 745 780; x_wconf 87' lang='lat' dir='ltr'>sacrificium</span> <span class='ocrx_word' id='word_1_28' title='bbox 776 722 1135 797; x_wconf 84' lang='lat' dir='ltr'>utrumque,</span> <span class='ocrx_word' id='word_1_29' title='bbox 1169 714 1493 780; x_wconf 83' lang='lat' dir='ltr'>diversum</span> <span class='ocrx_word' id='word_1_30' title='bbox 1518 722 1743 779; x_wconf 44' lang='lat' dir='ltr'>wautem</span> <span class='ocrx_word' id='word_1_31' title='bbox 1776 716 2134 780; x_wconf 91' lang='lat' dir='ltr'>secundum</span> <span class='ocrx_word' id='word_1_32' title='bbox 2167 714 2349 797; x_wconf 86' lang='lat' dir='ltr'>quid:</span> <span class='ocrx_word' id='word_1_33' title='bbox 2383 719 2484 779; x_wconf 91' lang='lat' dir='ltr'>est</span> <span class='ocrx_word' id='word_1_34' title='bbox 2514 714 2684 781; x_wconf 91' lang='lat' dir='ltr'>enim</span> <span class='ocrx_word' id='word_1_35' title='bbox 2716 713 2983 779; x_wconf 81' lang='lat' dir='ltr'>diversi-</span> 
     </span>
     <span class='ocr_line' id='line_1_5' title="bbox 364 819 2984 897; baseline 0 -13"><span class='ocrx_word' id='word_1_36' title='bbox 364 828 465 885; x_wconf 86' lang='lat' dir='ltr'>tas</span> <span class='ocrx_word' id='word_1_37' title='bbox 496 841 559 891; x_wconf 85' lang='lat' dir='ltr'>a.</span> <span class='ocrx_word' id='word_1_38' title='bbox 592 819 657 885; x_wconf 87' lang='lat' dir='ltr'>in</span> <span class='ocrx_word' id='word_1_39' title='bbox 688 822 884 885; x_wconf 90' lang='lat' dir='ltr'>modo</span> <span class='ocrx_word' id='word_1_40' title='bbox 917 819 1252 897; x_wconf 80' lang='lat' dir='ltr'>offerendi3</span> <span class='ocrx_word' id='word_1_41' title='bbox 1286 823 1355 892; x_wconf 85' lang='lat' dir='ltr'>b.</span> <span class='ocrx_word' id='word_1_42' title='bbox 1389 822 1453 886; x_wconf 90' lang='lat' dir='ltr'>in</span> <span class='ocrx_word' id='word_1_43' title='bbox 1486 822 1826 888; x_wconf 79' lang='lat' dir='ltr'>offerente:</span> <span class='ocrx_word' id='word_1_44' title='bbox 1858 841 2013 886; x_wconf 90' lang='lat' dir='ltr'>nam</span> <span class='ocrx_word' id='word_1_45' title='bbox 2043 820 2110 885; x_wconf 90' lang='lat' dir='ltr'>in</span> <span class='ocrx_word' id='word_1_46' title='bbox 2144 840 2259 886; x_wconf 90' lang='lat' dir='ltr'>ara</span> <span class='ocrx_word' id='word_1_47' title='bbox 2291 821 2496 886; x_wconf 90' lang='lat' dir='ltr'>crucis</span> <span class='ocrx_word' id='word_1_48' title='bbox 2516 821 2690 886; x_wconf 90' lang='lat' dir='ltr'>solus</span> <span class='ocrx_word' id='word_1_49' title='bbox 2709 821 2984 887; x_wconf 83' lang='lat' dir='ltr'>offerens</span> 
     </span>
     <span class='ocr_line' id='line_1_6' title="bbox 364 910 2982 1013; baseline 0 -22"><span class='ocrx_word' id='word_1_50' title='bbox 364 926 655 993; x_wconf 89' lang='lat' dir='ltr'>Christus</span> <span class='ocrx_word' id='word_1_51' title='bbox 688 927 833 1004; x_wconf 83' lang='lat' dir='ltr'>fuit3</span> <span class='ocrx_word' id='word_1_52' title='bbox 866 910 931 993; x_wconf 90' lang='lat' dir='ltr'>in</span> <span class='ocrx_word' id='word_1_53' title='bbox 964 930 1163 993; x_wconf 86' lang='lat' dir='ltr'>missa</span> <span class='ocrx_word' id='word_1_54' title='bbox 1194 936 1293 997; x_wconf 87' lang='lat' dir='ltr'>est</span> <span class='ocrx_word' id='word_1_55' title='bbox 1323 928 1459 1011; x_wconf 90' lang='lat' dir='ltr'>ipse</span> <span class='ocrx_word' id='word_1_56' title='bbox 1493 929 1751 1011; x_wconf 89' lang='lat' dir='ltr'>quidem</span> <span class='ocrx_word' id='word_1_57' title='bbox 1784 928 2511 1013; x_wconf 24' lang='lat' dir='ltr'>sacerdes-principalis</span> <span class='ocrx_word' id='word_1_58' title='bbox 2558 928 2672 992; x_wconf 90' lang='lat' dir='ltr'>sed</span> <span class='ocrx_word' id='word_1_59' title='bbox 2716 946 2831 1010; x_wconf 90' lang='lat' dir='ltr'>per</span> <span class='ocrx_word' id='word_1_60' title='bbox 2863 927 2982 992; x_wconf 89' lang='lat' dir='ltr'>ho-</span> 
     </span>
     <span class='ocr_line' id='line_1_7' title="bbox 362 1034 2982 1118; baseline 0.001 -21"><span class='ocrx_word' id='word_1_61' title='bbox 362 1034 622 1111; x_wconf 88' lang='lat' dir='ltr'>minem,</span> <span class='ocrx_word' id='word_1_62' title='bbox 653 1035 761 1118; x_wconf 89' lang='lat' dir='ltr'>qui</span> <span class='ocrx_word' id='word_1_63' title='bbox 794 1043 892 1100; x_wconf 88' lang='lat' dir='ltr'>est</span> <span class='ocrx_word' id='word_1_64' title='bbox 921 1036 1227 1102; x_wconf 84' lang='lat' dir='ltr'>sacerdos</span> <span class='ocrx_word' id='word_1_65' title='bbox 1260 1055 1467 1114; x_wconf 81' lang='lat' dir='ltr'>veruS,</span> <span class='ocrx_word' id='word_1_66' title='bbox 1490 1037 1611 1101; x_wconf 86' lang='lat' dir='ltr'>etsi</span> <span class='ocrx_word' id='word_1_67' title='bbox 1629 1036 2088 1103; x_wconf 86' lang='lat' dir='ltr'>subordinatus</span> <span class='ocrx_word' id='word_1_68' title='bbox 2109 1043 2175 1101; x_wconf 90' lang='lat' dir='ltr'>et</span> <span class='ocrx_word' id='word_1_69' title='bbox 2191 1034 2639 1113; x_wconf 86' lang='lat' dir='ltr'>ministerialis,</span> <span class='ocrx_word' id='word_1_70' title='bbox 2660 1040 2726 1100; x_wconf 88' lang='lat' dir='ltr'>et</span> <span class='ocrx_word' id='word_1_71' title='bbox 2742 1034 2982 1100; x_wconf 85' lang='lat' dir='ltr'>cooffe-</span> 
     </span>
     <span class='ocr_line' id='line_1_8' title="bbox 360 1142 2981 1225; baseline 0.001 -19"><span class='ocrx_word' id='word_1_72' title='bbox 360 1147 577 1209; x_wconf 86' lang='lat' dir='ltr'>rentes</span> <span class='ocrx_word' id='word_1_73' title='bbox 613 1148 765 1205; x_wconf 90' lang='lat' dir='ltr'>sunt</span> <span class='ocrx_word' id='word_1_74' title='bbox 796 1160 1039 1219; x_wconf 83' lang='lat' dir='ltr'>omneS,</span> <span class='ocrx_word' id='word_1_75' title='bbox 1073 1142 1182 1225; x_wconf 92' lang='lat' dir='ltr'>qui</span> <span class='ocrx_word' id='word_1_76' title='bbox 1214 1143 1297 1207; x_wconf 97' lang='lat' dir='ltr'>ad</span> <span class='ocrx_word' id='word_1_77' title='bbox 1329 1142 1683 1208; x_wconf 79' lang='lat' dir='ltr'>Ecclesiam</span> <span class='ocrx_word' id='word_1_78' title='bbox 1715 1144 2054 1225; x_wconf 83' lang='lat' dir='ltr'>pertinent,</span> <span class='ocrx_word' id='word_1_79' title='bbox 2077 1142 2263 1207; x_wconf 89' lang='lat' dir='ltr'>aliter</span> <span class='ocrx_word' id='word_1_80' title='bbox 2293 1148 2512 1207; x_wconf 88' lang='lat' dir='ltr'>tamen</span> <span class='ocrx_word' id='word_1_81' title='bbox 2543 1148 2739 1225; x_wconf 89' lang='lat' dir='ltr'>atque</span> <span class='ocrx_word' id='word_1_82' title='bbox 2771 1142 2981 1218; x_wconf 77' lang='lat' dir='ltr'>aliter3</span> 
     </span>
     <span class='ocr_line' id='line_1_9' title="bbox 363 1248 2981 1332; baseline 0.001 -21"><span class='ocrx_word' id='word_1_83' title='bbox 363 1253 461 1311; x_wconf 89' lang='lat' dir='ltr'>est</span> <span class='ocrx_word' id='word_1_84' title='bbox 493 1253 557 1311; x_wconf 89' lang='lat' dir='ltr'>et</span> <span class='ocrx_word' id='word_1_85' title='bbox 588 1267 653 1316; x_wconf 87' lang='lat' dir='ltr'>c.</span> <span class='ocrx_word' id='word_1_86' title='bbox 688 1248 1023 1314; x_wconf 88' lang='lat' dir='ltr'>diversitas</span> <span class='ocrx_word' id='word_1_87' title='bbox 1054 1250 1121 1313; x_wconf 89' lang='lat' dir='ltr'>in</span> <span class='ocrx_word' id='word_1_88' title='bbox 1151 1267 1222 1313; x_wconf 93' lang='lat' dir='ltr'>re</span> <span class='ocrx_word' id='word_1_89' title='bbox 1254 1249 1504 1314; x_wconf 87' lang='lat' dir='ltr'>oblata:</span> <span class='ocrx_word' id='word_1_90' title='bbox 1560 1255 1917 1332; x_wconf 82' lang='lat' dir='ltr'>,quatenus</span> <span class='ocrx_word' id='word_1_91' title='bbox 1962 1251 2028 1313; x_wconf 92' lang='lat' dir='ltr'>in</span> <span class='ocrx_word' id='word_1_92' title='bbox 2077 1249 2273 1313; x_wconf 89' lang='lat' dir='ltr'>missa</span> <span class='ocrx_word' id='word_1_93' title='bbox 2318 1266 2504 1315; x_wconf 87' lang='lat' dir='ltr'>secus</span> <span class='ocrx_word' id='word_1_94' title='bbox 2548 1267 2626 1313; x_wconf 92' lang='lat' dir='ltr'>ac</span> <span class='ocrx_word' id='word_1_95' title='bbox 2675 1249 2741 1313; x_wconf 92' lang='lat' dir='ltr'>in</span> <span class='ocrx_word' id='word_1_96' title='bbox 2773 1266 2981 1327; x_wconf 86' lang='lat' dir='ltr'>cruce,</span> 
     </span>
     <span class='ocr_line' id='line_1_10' title="bbox 361 1354 2981 1439; baseline 0.001 -23"><span class='ocrx_word' id='word_1_97' title='bbox 361 1354 700 1434; x_wconf 80' lang='lat' dir='ltr'>mysticum</span> <span class='ocrx_word' id='word_1_98' title='bbox 730 1372 963 1436; x_wconf 90' lang='lat' dir='ltr'>corpus</span> <span class='ocrx_word' id='word_1_99' title='bbox 994 1355 1335 1433; x_wconf 79' lang='lat' dir='ltr'>Ecclesiae,</span> <span class='ocrx_word' id='word_1_100' title='bbox 1368 1356 1468 1419; x_wconf 88' lang='lat' dir='ltr'>sin</span> <span class='ocrx_word' id='word_1_101' title='bbox 1500 1356 1710 1421; x_wconf 90' lang='lat' dir='ltr'>minus</span> <span class='ocrx_word' id='word_1_102' title='bbox 1741 1357 2023 1439; x_wconf 80' lang='lat' dir='ltr'>physice,</span> <span class='ocrx_word' id='word_1_103' title='bbox 2066 1362 2135 1420; x_wconf 89' lang='lat' dir='ltr'>at</span> <span class='ocrx_word' id='word_1_104' title='bbox 2175 1361 2349 1421; x_wconf 90' lang='lat' dir='ltr'>certe</span> <span class='ocrx_word' id='word_1_105' title='bbox 2382 1355 2614 1421; x_wconf 85' lang='lat' dir='ltr'>affectu</span> <span class='ocrx_word' id='word_1_106' title='bbox 2646 1361 2712 1420; x_wconf 90' lang='lat' dir='ltr'>et</span> <span class='ocrx_word' id='word_1_107' title='bbox 2740 1354 2981 1436; x_wconf 86' lang='lat' dir='ltr'>signifi-</span> 
     </span>
     <span class='ocr_line' id='line_1_11' title="bbox 364 1460 2981 1546; baseline 0.002 -24"><span class='ocrx_word' id='word_1_108' title='bbox 364 1460 637 1537; x_wconf 87' lang='lat' dir='ltr'>catione,</span> <span class='ocrx_word' id='word_1_109' title='bbox 669 1463 943 1542; x_wconf 86' lang='lat' dir='ltr'>pertinet</span> <span class='ocrx_word' id='word_1_110' title='bbox 977 1463 1060 1527; x_wconf 91' lang='lat' dir='ltr'>ad</span> <span class='ocrx_word' id='word_1_111' title='bbox 1104 1463 1169 1526; x_wconf 91' lang='lat' dir='ltr'>id</span> <span class='ocrx_word' id='word_1_112' title='bbox 1217 1464 1389 1545; x_wconf 91' lang='lat' dir='ltr'>qnod</span> <span class='ocrx_word' id='word_1_113' title='bbox 1436 1461 1709 1527; x_wconf 85' lang='lat' dir='ltr'>offertur.</span> <span class='ocrx_word' id='word_1_114' title='bbox 1774 1462 2072 1546; x_wconf 85' lang='lat' dir='ltr'>Quisquis</span> <span class='ocrx_word' id='word_1_115' title='bbox 2119 1464 2289 1528; x_wconf 92' lang='lat' dir='ltr'>enim</span> <span class='ocrx_word' id='word_1_116' title='bbox 2335 1462 2402 1525; x_wconf 92' lang='lat' dir='ltr'>in</span> <span class='ocrx_word' id='word_1_117' title='bbox 2451 1461 2760 1527; x_wconf 87' lang='lat' dir='ltr'>sacrificio</span> <span class='ocrx_word' id='word_1_118' title='bbox 2794 1461 2981 1528; x_wconf 77' lang='lat' dir='ltr'>offert</span> 
     </span>
     <span class='ocr_line' id='line_1_12' title="bbox 363 1567 2979 1650; baseline 0.003 -24"><span class='ocrx_word' id='word_1_119' title='bbox 363 1567 710 1643; x_wconf 84' lang='lat' dir='ltr'>victimam,</span> <span class='ocrx_word' id='word_1_120' title='bbox 744 1568 930 1634; x_wconf 82' lang='lat' dir='ltr'>offert</span> <span class='ocrx_word' id='word_1_121' title='bbox 962 1586 1106 1633; x_wconf 89' lang='lat' dir='ltr'>eam</span> <span class='ocrx_word' id='word_1_122' title='bbox 1139 1576 1210 1633; x_wconf 92' lang='lat' dir='ltr'>ut</span> <span class='ocrx_word' id='word_1_123' title='bbox 1239 1569 1548 1633; x_wconf 79' lang='lat' dir='ltr'>vicariam</span> <span class='ocrx_word' id='word_1_124' title='bbox 1581 1570 1679 1633; x_wconf 90' lang='lat' dir='ltr'>sui</span> <span class='ocrx_word' id='word_1_125' title='bbox 1699 1569 2037 1633; x_wconf 91' lang='lat' dir='ltr'>intendens</span> <span class='ocrx_word' id='word_1_126' title='bbox 2061 1569 2415 1650; x_wconf 85' lang='lat' dir='ltr'>exprimere</span> <span class='ocrx_word' id='word_1_127' title='bbox 2437 1569 2806 1647; x_wconf 87' lang='lat' dir='ltr'>interiorem</span> <span class='ocrx_word' id='word_1_128' title='bbox 2825 1567 2979 1633; x_wconf 90' lang='lat' dir='ltr'>sub-</span> 
     </span>
     <span class='ocr_line' id='line_1_13' title="bbox 361 1672 2981 1758; baseline 0.001 -22"><span class='ocrx_word' id='word_1_129' title='bbox 361 1673 734 1740; x_wconf 87' lang='lat' dir='ltr'>missionem</span> <span class='ocrx_word' id='word_1_130' title='bbox 769 1679 960 1757; x_wconf 90' lang='lat' dir='ltr'>atque</span> <span class='ocrx_word' id='word_1_131' title='bbox 1012 1675 1378 1740; x_wconf 85' lang='lat' dir='ltr'>absolutam</span> <span class='ocrx_word' id='word_1_132' title='bbox 1421 1676 1852 1753; x_wconf 90' lang='lat' dir='ltr'>devotionem,</span> <span class='ocrx_word' id='word_1_133' title='bbox 1899 1696 2027 1758; x_wconf 90' lang='lat' dir='ltr'>qua</span> <span class='ocrx_word' id='word_1_134' title='bbox 2072 1676 2207 1741; x_wconf 85' lang='lat' dir='ltr'>vult</span> <span class='ocrx_word' id='word_1_135' title='bbox 2250 1676 2520 1758; x_wconf 87' lang='lat' dir='ltr'>ipsemet</span> <span class='ocrx_word' id='word_1_136' title='bbox 2570 1672 2981 1757; x_wconf 82' lang='lat' dir='ltr'>spiritualiter</span> 
     </span>
     <span class='ocr_line' id='line_1_14' title="bbox 360 1780 2978 1864; baseline 0 -20"><span class='ocrx_word' id='word_1_137' title='bbox 360 1781 427 1844; x_wconf 89' lang='lat' dir='ltr'>in</span> <span class='ocrx_word' id='word_1_138' title='bbox 460 1780 573 1846; x_wconf 89' lang='lat' dir='ltr'>Dei</span> <span class='ocrx_word' id='word_1_139' title='bbox 605 1781 920 1847; x_wconf 86' lang='lat' dir='ltr'>honorem</span> <span class='ocrx_word' id='word_1_140' title='bbox 951 1783 1260 1846; x_wconf 88' lang='lat' dir='ltr'>consumi.</span> <span class='ocrx_word' id='word_1_141' title='bbox 1325 1781 1395 1847; x_wconf 88' lang='lat' dir='ltr'>Si</span> <span class='ocrx_word' id='word_1_142' title='bbox 1440 1801 1610 1864; x_wconf 84' lang='lat' dir='ltr'>erge,</span> <span class='ocrx_word' id='word_1_143' title='bbox 1658 1791 1728 1848; x_wconf 89' lang='lat' dir='ltr'>ut</span> <span class='ocrx_word' id='word_1_144' title='bbox 1775 1783 2016 1848; x_wconf 89' lang='lat' dir='ltr'>dictum</span> <span class='ocrx_word' id='word_1_145' title='bbox 2065 1791 2184 1861; x_wconf 87' lang='lat' dir='ltr'>est,</span> <span class='ocrx_word' id='word_1_146' title='bbox 2215 1783 2499 1849; x_wconf 84' lang='lat' dir='ltr'>Ecclesia</span> <span class='ocrx_word' id='word_1_147' title='bbox 2547 1785 2612 1848; x_wconf 93' lang='lat' dir='ltr'>in</span> <span class='ocrx_word' id='word_1_148' title='bbox 2660 1782 2860 1846; x_wconf 87' lang='lat' dir='ltr'>missa</span> <span class='ocrx_word' id='word_1_149' title='bbox 2905 1800 2978 1845; x_wconf 88' lang='lat' dir='ltr'>se</span> 
     </span>
     <span class='ocr_line' id='line_1_15' title="bbox 359 1872 2978 1972; baseline 0 -21"><span class='ocrx_word' id='word_1_150' title='bbox 359 1885 560 1953; x_wconf 88' lang='lat' dir='ltr'>habet</span> <span class='ocrx_word' id='word_1_151' title='bbox 590 1893 661 1951; x_wconf 92' lang='lat' dir='ltr'>ut</span> <span class='ocrx_word' id='word_1_152' title='bbox 693 1887 984 1965; x_wconf 77' lang='lat' dir='ltr'>offerens,</span> <span class='ocrx_word' id='word_1_153' title='bbox 1017 1887 1258 1969; x_wconf 88' lang='lat' dir='ltr'>pariter</span> <span class='ocrx_word' id='word_1_154' title='bbox 1288 1907 1358 1953; x_wconf 92' lang='lat' dir='ltr'>se</span> <span class='ocrx_word' id='word_1_155' title='bbox 1389 1889 1589 1955; x_wconf 87' lang='lat' dir='ltr'>habet</span> <span class='ocrx_word' id='word_1_156' title='bbox 1620 1896 1691 1953; x_wconf 90' lang='lat' dir='ltr'>ut</span> <span class='ocrx_word' id='word_1_157' title='bbox 1722 1872 1961 1966; x_wconf 79' lang='lat' dir='ltr'>oblata,</span> <span class='ocrx_word' id='word_1_158' title='bbox 1994 1890 2214 1972; x_wconf 91' lang='lat' dir='ltr'>utique</span> <span class='ocrx_word' id='word_1_159' title='bbox 2248 1890 2314 1953; x_wconf 92' lang='lat' dir='ltr'>in</span> <span class='ocrx_word' id='word_1_160' title='bbox 2345 1890 2579 1955; x_wconf 90' lang='lat' dir='ltr'>unione</span> <span class='ocrx_word' id='word_1_161' title='bbox 2599 1908 2745 1954; x_wconf 89' lang='lat' dir='ltr'>cum</span> <span class='ocrx_word' id='word_1_162' title='bbox 2767 1888 2978 1970; x_wconf 87' lang='lat' dir='ltr'>capite</span> 
     </span>
     <span class='ocr_line' id='line_1_16' title="bbox 361 1993 2976 2079; baseline 0.001 -23"><span class='ocrx_word' id='word_1_163' title='bbox 361 2012 480 2058; x_wconf 89' lang='lat' dir='ltr'>suo</span> <span class='ocrx_word' id='word_1_164' title='bbox 496 1998 603 2079; x_wconf 59' lang='grc' dir='ltr'>ψ.</span> <span class='ocrx_word' id='word_1_165' title='bbox 665 1994 778 2058; x_wconf 90' lang='lat' dir='ltr'>Est</span> <span class='ocrx_word' id='word_1_166' title='bbox 810 2001 875 2060; x_wconf 90' lang='lat' dir='ltr'>et</span> <span class='ocrx_word' id='word_1_167' title='bbox 906 1995 973 2062; x_wconf 87' lang='lat' dir='ltr'>d.</span> <span class='ocrx_word' id='word_1_168' title='bbox 1008 1994 1342 2060; x_wconf 84' lang='lat' dir='ltr'>diversitas</span> <span class='ocrx_word' id='word_1_169' title='bbox 1375 1996 1439 2058; x_wconf 92' lang='lat' dir='ltr'>in</span> <span class='ocrx_word' id='word_1_170' title='bbox 1472 1996 1719 2073; x_wconf 81' lang='lat' dir='ltr'>effectu,</span> <span class='ocrx_word' id='word_1_171' title='bbox 1753 1998 1864 2079; x_wconf 92' lang='lat' dir='ltr'>qui</span> <span class='ocrx_word' id='word_1_172' title='bbox 1896 1996 2020 2060; x_wconf 92' lang='lat' dir='ltr'>illic</span> <span class='ocrx_word' id='word_1_173' title='bbox 2053 2003 2148 2061; x_wconf 87' lang='lat' dir='ltr'>est</span> <span class='ocrx_word' id='word_1_174' title='bbox 2193 1998 2494 2062; x_wconf 89' lang='lat' dir='ltr'>meritum</span> <span class='ocrx_word' id='word_1_175' title='bbox 2527 2003 2592 2063; x_wconf 91' lang='lat' dir='ltr'>et</span> <span class='ocrx_word' id='word_1_176' title='bbox 2622 1993 2976 2060; x_wconf 84' lang='lat' dir='ltr'>satisfactio</span> 
     </span>
     <span class='ocr_line' id='line_1_17' title="bbox 358 2100 2980 2188; baseline 0.001 -25"><span class='ocrx_word' id='word_1_177' title='bbox 358 2119 479 2182; x_wconf 91' lang='lat' dir='ltr'>pro</span> <span class='ocrx_word' id='word_1_178' title='bbox 510 2107 651 2166; x_wconf 87' lang='lat' dir='ltr'>toto</span> <span class='ocrx_word' id='word_1_179' title='bbox 684 2102 943 2178; x_wconf 89' lang='lat' dir='ltr'>mund0,</span> <span class='ocrx_word' id='word_1_180' title='bbox 995 2103 1060 2165; x_wconf 91' lang='lat' dir='ltr'>in</span> <span class='ocrx_word' id='word_1_181' title='bbox 1105 2103 1229 2166; x_wconf 90' lang='lat' dir='ltr'>hoc</span> <span class='ocrx_word' id='word_1_182' title='bbox 1274 2104 1413 2168; x_wconf 89' lang='lat' dir='ltr'>sola</span> <span class='ocrx_word' id='word_1_183' title='bbox 1458 2104 1667 2171; x_wconf 90' lang='lat' dir='ltr'>meriti</span> <span class='ocrx_word' id='word_1_184' title='bbox 1712 2103 2295 2187; x_wconf 81' lang='lat' dir='ltr'>satisfactionisque</span> <span class='ocrx_word' id='word_1_185' title='bbox 2340 2102 2687 2188; x_wconf 87' lang='lat' dir='ltr'>applicatio</span> <span class='ocrx_word' id='word_1_186' title='bbox 2732 2121 2848 2184; x_wconf 90' lang='lat' dir='ltr'>pro</span> <span class='ocrx_word' id='word_1_187' title='bbox 2879 2100 2980 2179; x_wconf 74' lang='lat' dir='ltr'>iis,</span> 
     </span>
     <span class='ocr_line' id='line_1_18' title="bbox 360 2205 2977 2293; baseline 0.001 -24"><span class='ocrx_word' id='word_1_188' title='bbox 360 2206 470 2288; x_wconf 90' lang='lat' dir='ltr'>qui</span> <span class='ocrx_word' id='word_1_189' title='bbox 500 2212 651 2271; x_wconf 85' lang='lat' dir='ltr'>sunt</span> <span class='ocrx_word' id='word_1_190' title='bbox 681 2206 762 2270; x_wconf 92' lang='lat' dir='ltr'>de</span> <span class='ocrx_word' id='word_1_191' title='bbox 793 2205 1092 2273; x_wconf 87' lang='lat' dir='ltr'>Ecclesia.</span> <span class='ocrx_word' id='word_1_192' title='bbox 1157 2206 1321 2272; x_wconf 91' lang='lat' dir='ltr'>Cum</span> <span class='ocrx_word' id='word_1_193' title='bbox 1365 2227 1523 2274; x_wconf 91' lang='lat' dir='ltr'>vero</span> <span class='ocrx_word' id='word_1_194' title='bbox 1570 2210 1894 2274; x_wconf 86' lang='lat' dir='ltr'>distinctio</span> <span class='ocrx_word' id='word_1_195' title='bbox 1928 2210 2301 2275; x_wconf 86' lang='lat' dir='ltr'>desumatur</span> <span class='ocrx_word' id='word_1_196' title='bbox 2332 2211 2397 2274; x_wconf 91' lang='lat' dir='ltr'>in</span> <span class='ocrx_word' id='word_1_197' title='bbox 2428 2210 2649 2293; x_wconf 89' lang='lat' dir='ltr'>primis</span> <span class='ocrx_word' id='word_1_198' title='bbox 2681 2228 2760 2275; x_wconf 86' lang='lat' dir='ltr'>ex</span> <span class='ocrx_word' id='word_1_199' title='bbox 2792 2206 2977 2273; x_wconf 87' lang='lat' dir='ltr'>obla-</span> 
     </span>
     <span class='ocr_line' id='line_1_19' title="bbox 359 2312 2977 2399; baseline 0.002 -24"><span class='ocrx_word' id='word_1_200' title='bbox 359 2313 550 2376; x_wconf 89' lang='lat' dir='ltr'>tionis</span> <span class='ocrx_word' id='word_1_201' title='bbox 582 2312 610 2376; x_wconf 86' lang='lat' dir='ltr'>f</span> <span class='ocrx_word' id='word_1_202' title='bbox 616 2331 858 2385; x_wconf 81' lang='lat' dir='ltr'>orma,</span> <span class='ocrx_word' id='word_1_203' title='bbox 890 2313 1272 2377; x_wconf 89' lang='lat' dir='ltr'>sacrificium</span> <span class='ocrx_word' id='word_1_204' title='bbox 1306 2315 1542 2380; x_wconf 90' lang='lat' dir='ltr'>missae</span> <span class='ocrx_word' id='word_1_205' title='bbox 1589 2334 1628 2379; x_wconf 89' lang='lat' dir='ltr'>a</span> <span class='ocrx_word' id='word_1_206' title='bbox 1673 2315 1992 2381; x_wconf 83' lang='lat' dir='ltr'>sacrificio</span> <span class='ocrx_word' id='word_1_207' title='bbox 2037 2317 2245 2381; x_wconf 91' lang='lat' dir='ltr'>crucis</span> <span class='ocrx_word' id='word_1_208' title='bbox 2277 2316 2491 2399; x_wconf 89' lang='lat' dir='ltr'>specie</span> <span class='ocrx_word' id='word_1_209' title='bbox 2522 2317 2772 2381; x_wconf 83' lang='lat' dir='ltr'>differre</span> <span class='ocrx_word' id='word_1_210' title='bbox 2799 2315 2977 2380; x_wconf 86' lang='lat' dir='ltr'>affir-</span> 
     </span>
     <span class='ocr_line' id='line_1_20' title="bbox 362 2419 736 2485; baseline -0.003 -2"><span class='ocrx_word' id='word_1_211' title='bbox 362 2438 541 2484; x_wconf 88' lang='lat' dir='ltr'>mare</span> <span class='ocrx_word' id='word_1_212' title='bbox 573 2419 736 2485; x_wconf 91' lang='lat' dir='ltr'>licet.</span> 
     </span>
    </p>

    <p class='ocr_par' dir='ltr' id='par_1_3' title="bbox 358 2525 2974 3040">
     <span class='ocr_line' id='line_1_21' title="bbox 544 2525 2972 2612; baseline -0 -19"><span class='ocrx_word' id='word_1_213' title='bbox 544 2528 608 2596; x_wconf 79' lang='lat'>6.</span> <span class='ocrx_word' id='word_1_214' title='bbox 642 2525 803 2590; x_wconf 91' lang='lat' dir='ltr'>Cum</span> <span class='ocrx_word' id='word_1_215' title='bbox 836 2526 1157 2592; x_wconf 85' lang='lat' dir='ltr'>distinctio</span> <span class='ocrx_word' id='word_1_216' title='bbox 1192 2528 1519 2593; x_wconf 86' lang='lat' dir='ltr'>numerica</span> <span class='ocrx_word' id='word_1_217' title='bbox 1550 2528 1842 2593; x_wconf 87' lang='lat' dir='ltr'>sacrificii</span> <span class='ocrx_word' id='word_1_218' title='bbox 1875 2530 2254 2595; x_wconf 88' lang='lat' dir='ltr'>desumatur</span> <span class='ocrx_word' id='word_1_219' title='bbox 2285 2531 2499 2612; x_wconf 90' lang='lat' dir='ltr'>potius</span> <span class='ocrx_word' id='word_1_220' title='bbox 2536 2527 2972 2610; x_wconf 88' lang='lat' dir='ltr'>amultiplica-</span> 
     </span>
     <span class='ocr_line' id='line_1_22' title="bbox 359 2633 2972 2718; baseline 0.001 -22"><span class='ocrx_word' id='word_1_221' title='bbox 359 2633 535 2698; x_wconf 88' lang='lat' dir='ltr'>tione</span> <span class='ocrx_word' id='word_1_222' title='bbox 583 2633 860 2698; x_wconf 85' lang='lat' dir='ltr'>actionis</span> <span class='ocrx_word' id='word_1_223' title='bbox 906 2633 1295 2698; x_wconf 85' lang='lat' dir='ltr'>sacrificialis</span> <span class='ocrx_word' id='word_1_224' title='bbox 1342 2652 1536 2718; x_wconf 90' lang='lat' dir='ltr'>quam</span> <span class='ocrx_word' id='word_1_225' title='bbox 1582 2653 1622 2699; x_wconf 91' lang='lat' dir='ltr'>a</span> <span class='ocrx_word' id='word_1_226' title='bbox 1662 2635 2068 2704; x_wconf 82' lang='lat' dir='ltr'>victimarum</span> <span class='ocrx_word' id='word_1_227' title='bbox 2115 2636 2537 2715; x_wconf 86' lang='lat' dir='ltr'>distinctione,</span> <span class='ocrx_word' id='word_1_228' title='bbox 2590 2634 2972 2702; x_wconf 87' lang='lat' dir='ltr'>sacrificium</span> 
     </span>
     <span class='ocr_line' id='line_1_23' title="bbox 358 2739 2974 2826; baseline 0.001 -24"><span class='ocrx_word' id='word_1_229' title='bbox 358 2739 580 2816; x_wconf 80' lang='lat' dir='ltr'>cruciS,</span> <span class='ocrx_word' id='word_1_230' title='bbox 601 2756 845 2822; x_wconf 82' lang='lat' dir='ltr'>coenae</span> <span class='ocrx_word' id='word_1_231' title='bbox 866 2747 928 2806; x_wconf 91' lang='lat' dir='ltr'>et</span> <span class='ocrx_word' id='word_1_232' title='bbox 943 2741 1181 2818; x_wconf 79' lang='lat' dir='ltr'>altariS,</span> <span class='ocrx_word' id='word_1_233' title='bbox 1199 2749 1261 2807; x_wconf 91' lang='lat' dir='ltr'>et</span> <span class='ocrx_word' id='word_1_234' title='bbox 1278 2743 1691 2825; x_wconf 87' lang='lat' dir='ltr'>quotidianae</span> <span class='ocrx_word' id='word_1_235' title='bbox 1722 2743 2080 2812; x_wconf 88' lang='lat' dir='ltr'>oblationes</span> <span class='ocrx_word' id='word_1_236' title='bbox 2110 2742 2478 2826; x_wconf 87' lang='lat' dir='ltr'>simpliciter</span> <span class='ocrx_word' id='word_1_237' title='bbox 2508 2762 2819 2809; x_wconf 89' lang='lat' dir='ltr'>numero</span> <span class='ocrx_word' id='word_1_238' title='bbox 2851 2742 2974 2806; x_wconf 91' lang='lat' dir='ltr'>dici</span> 
     </span>
     <span class='ocr_line' id='line_1_24' title="bbox 359 2845 2972 2927; baseline 0.002 -18"><span class='ocrx_word' id='word_1_239' title='bbox 359 2845 596 2911; x_wconf 91' lang='lat' dir='ltr'>debent</span> <span class='ocrx_word' id='word_1_240' title='bbox 626 2846 937 2910; x_wconf 84' lang='lat' dir='ltr'>sacrificia</span> <span class='ocrx_word' id='word_1_241' title='bbox 969 2848 1284 2926; x_wconf 81' lang='lat' dir='ltr'>distincta,</span> <span class='ocrx_word' id='word_1_242' title='bbox 1317 2868 1449 2913; x_wconf 92' lang='lat' dir='ltr'>non</span> <span class='ocrx_word' id='word_1_243' title='bbox 1483 2856 1699 2914; x_wconf 90' lang='lat' dir='ltr'>autem</span> <span class='ocrx_word' id='word_1_244' title='bbox 1733 2850 2115 2915; x_wconf 80' lang='lat' dir='ltr'>sacrificium</span> <span class='ocrx_word' id='word_1_245' title='bbox 2149 2869 2415 2916; x_wconf 89' lang='lat' dir='ltr'>numero</span> <span class='ocrx_word' id='word_1_246' title='bbox 2447 2871 2664 2927; x_wconf 90' lang='lat' dir='ltr'>unum,</span> <span class='ocrx_word' id='word_1_247' title='bbox 2685 2849 2805 2913; x_wconf 91' lang='lat' dir='ltr'>nisi</span> <span class='ocrx_word' id='word_1_248' title='bbox 2825 2868 2972 2913; x_wconf 90' lang='lat' dir='ltr'>cum</span> 
     </span>
     <span class='ocr_line' id='line_1_25' title="bbox 359 2952 2483 3040; baseline 0.003 -24"><span class='ocrx_word' id='word_1_249' title='bbox 359 2952 595 3031; x_wconf 89' lang='lat' dir='ltr'>addito,</span> <span class='ocrx_word' id='word_1_250' title='bbox 626 2954 879 3019; x_wconf 89' lang='lat' dir='ltr'>ratione</span> <span class='ocrx_word' id='word_1_251' title='bbox 909 2954 1269 3040; x_wconf 78' lang='lat' dir='ltr'>victimae2)</span> <span class='ocrx_word' id='word_1_252' title='bbox 1304 2962 1369 3021; x_wconf 92' lang='lat' dir='ltr'>et</span> <span class='ocrx_word' id='word_1_253' title='bbox 1400 2957 1699 3038; x_wconf 89' lang='lat' dir='ltr'>principis</span> <span class='ocrx_word' id='word_1_254' title='bbox 1733 2955 2105 3023; x_wconf 83' lang='lat' dir='ltr'>sacerdotis,</span> <span class='ocrx_word' id='word_1_255' title='bbox 2480 2953 2483 2958; x_wconf 72' lang='grc'><strong><em>’</em></strong></span> 
     </span>
    </p>
   </div>
   <div class='ocr_carea' id='block_1_3' title="bbox 357 3079 2972 3252">
    <p class='ocr_par' dir='ltr' id='par_1_4' title="bbox 357 3079 2972 3252">
     <span class='ocr_line' id='line_1_26' title="bbox 540 3079 2972 3162; baseline -0.001 -16"><span class='ocrx_word' id='word_1_256' title='bbox 540 3094 686 3146; x_wconf 86' lang='lat'>421.</span> <span class='ocrx_word' id='word_1_257' title='bbox 727 3079 1247 3148; x_wconf 75' lang='lat' dir='ltr'>corollarium.</span> <span class='ocrx_word' id='word_1_258' title='bbox 1318 3087 1404 3143; x_wconf 77' lang='lat' dir='ltr'>De</span> <span class='ocrx_word' id='word_1_259' title='bbox 1448 3088 1642 3146; x_wconf 74' lang='lat' dir='ltr'>missis</span> <span class='ocrx_word' id='word_1_260' title='bbox 1676 3089 1947 3159; x_wconf 71' lang='lat' dir='ltr'>privati-3.</span> <span class='ocrx_word' id='word_1_261' title='bbox 1982 3123 2069 3131; x_wconf 91' lang='lat'>—</span> <span class='ocrx_word' id='word_1_262' title='bbox 2101 3089 2244 3147; x_wconf 86' lang='lat' dir='ltr'>Cum</span> <span class='ocrx_word' id='word_1_263' title='bbox 2278 3107 2346 3146; x_wconf 85' lang='lat' dir='ltr'>ex</span> <span class='ocrx_word' id='word_1_264' title='bbox 2380 3087 2554 3146; x_wconf 84' lang='lat' dir='ltr'>dictis</span> <span class='ocrx_word' id='word_1_265' title='bbox 2589 3087 2833 3162; x_wconf 81' lang='lat' dir='ltr'>liqueat,</span> <span class='ocrx_word' id='word_1_266' title='bbox 2865 3104 2972 3161; x_wconf 91' lang='lat' dir='ltr'>po-</span> 
     </span>
     <span class='ocr_line' id='line_1_27' title="bbox 357 3172 2972 3252; baseline 0 -23"><span class='ocrx_word' id='word_1_267' title='bbox 357 3172 488 3247; x_wconf 86' lang='lat' dir='ltr'>puli</span> <span class='ocrx_word' id='word_1_268' title='bbox 520 3172 1031 3248; x_wconf 82' lang='lat' dir='ltr'>participationem</span> <span class='ocrx_word' id='word_1_269' title='bbox 1076 3174 1151 3232; x_wconf 89' lang='lat' dir='ltr'>de</span> <span class='ocrx_word' id='word_1_270' title='bbox 1195 3174 1436 3233; x_wconf 83' lang='lat' dir='ltr'>victima</span> <span class='ocrx_word' id='word_1_271' title='bbox 1480 3175 1828 3234; x_wconf 86' lang='lat' dir='ltr'>nullatenus</span> <span class='ocrx_word' id='word_1_272' title='bbox 1875 3175 1947 3233; x_wconf 88' lang='lat' dir='ltr'>ad</span> <span class='ocrx_word' id='word_1_273' title='bbox 1996 3176 2269 3236; x_wconf 84' lang='lat' dir='ltr'>sacrificii</span> <span class='ocrx_word' id='word_1_274' title='bbox 2308 3176 2604 3252; x_wconf 89' lang='lat' dir='ltr'>pertinere</span> <span class='ocrx_word' id='word_1_275' title='bbox 2637 3173 2972 3244; x_wconf 83' lang='lat' dir='ltr'>essentiam,</span> 
     </span>
    </p>
   </div>
   <div class='ocr_carea' id='block_1_4' title="bbox 364 3293 791 3305">
    <p class='ocr_par' dir='ltr' id='par_1_5' title="bbox 364 3293 791 3305">
     <span class='ocr_line' id='line_1_28' title="bbox 364 3293 791 3305; baseline 0 0"><span class='ocrx_word' id='word_1_276' title='bbox 364 3293 791 3305; x_wconf 95' lang='lat' dir='ltr'> </span> 
     </span>
    </p>
   </div>
   <div class='ocr_carea' id='block_1_5' title="bbox 356 3361 2985 4870">
    <p class='ocr_par' dir='ltr' id='par_1_6' title="bbox 356 3361 2977 3674">
     <span class='ocr_line' id='line_1_29' title="bbox 364 3361 2977 3435; baseline 0.001 -21"><span class='ocrx_word' id='word_1_277' title='bbox 364 3363 501 3415; x_wconf 77' lang='lat'>1868</span> <span class='ocrx_word' id='word_1_278' title='bbox 526 3377 581 3429; x_wconf 88' lang='lat' dir='ltr'>p.</span> <span class='ocrx_word' id='word_1_279' title='bbox 611 3363 716 3416; x_wconf 79' lang='lat'>257</span> <span class='ocrx_word' id='word_1_280' title='bbox 741 3377 810 3413; x_wconf 87' lang='lat' dir='ltr'>ss.</span> <span class='ocrx_word' id='word_1_281' title='bbox 856 3361 1040 3431; x_wconf 82' lang='lat' dir='ltr'>Ipsam</span> <span class='ocrx_word' id='word_1_282' title='bbox 1068 3361 1480 3429; x_wconf 85' lang='lat' dir='ltr'>quaestionem,</span> <span class='ocrx_word' id='word_1_283' title='bbox 1507 3380 1646 3417; x_wconf 87' lang='lat' dir='ltr'>num</span> <span class='ocrx_word' id='word_1_284' title='bbox 1668 3362 2018 3419; x_wconf 83' lang='lat' dir='ltr'>consecratio</span> <span class='ocrx_word' id='word_1_285' title='bbox 2040 3363 2343 3432; x_wconf 86' lang='lat' dir='ltr'>utriusque</span> <span class='ocrx_word' id='word_1_286' title='bbox 2363 3364 2573 3435; x_wconf 85' lang='lat' dir='ltr'>speciei</span> <span class='ocrx_word' id='word_1_287' title='bbox 2593 3362 2669 3417; x_wconf 89' lang='lat' dir='ltr'>sit</span> <span class='ocrx_word' id='word_1_288' title='bbox 2693 3363 2763 3417; x_wconf 89' lang='lat' dir='ltr'>de</span> <span class='ocrx_word' id='word_1_289' title='bbox 2783 3363 2977 3417; x_wconf 84' lang='lat' dir='ltr'>valore</span> 
     </span>
     <span class='ocr_line' id='line_1_30' title="bbox 356 3436 2977 3520; baseline 0.002 -30"><span class='ocrx_word' id='word_1_290' title='bbox 356 3436 533 3507; x_wconf 83' lang='lat' dir='ltr'>hujus</span> <span class='ocrx_word' id='word_1_291' title='bbox 560 3438 839 3506; x_wconf 85' lang='lat' dir='ltr'>sacrificii,</span> <span class='ocrx_word' id='word_1_292' title='bbox 878 3443 1142 3496; x_wconf 81' lang='lat' dir='ltr'>accurate</span> <span class='ocrx_word' id='word_1_293' title='bbox 1180 3442 1454 3512; x_wconf 86' lang='lat' dir='ltr'>expendit</span> <span class='ocrx_word' id='word_1_294' title='bbox 1489 3443 1524 3496; x_wconf 89' lang='lat' dir='ltr'>S</span> <span class='ocrx_word' id='word_1_295' title='bbox 1541 3441 1789 3496; x_wconf 89' lang='lat' dir='ltr'>chmid</span> <span class='ocrx_word' id='word_1_296' title='bbox 1828 3442 2099 3501; x_wconf 87' lang='lat' dir='ltr'>Zeitschr.</span> <span class='ocrx_word' id='word_1_297' title='bbox 2140 3443 2233 3497; x_wconf 76' lang='lat' dir='ltr'>fur</span> <span class='ocrx_word' id='word_1_298' title='bbox 2256 3443 2417 3520; x_wconf 79' lang='lat' dir='ltr'>kath.</span> <span class='ocrx_word' id='word_1_299' title='bbox 2444 3443 2638 3499; x_wconf 87' lang='lat' dir='ltr'>Theol.</span> <span class='ocrx_word' id='word_1_300' title='bbox 2669 3449 2806 3500; x_wconf 85' lang='lat'>1892</span> <span class='ocrx_word' id='word_1_301' title='bbox 2831 3442 2977 3508; x_wconf 83' lang='lat' dir='ltr'>XVI,</span> 
     </span>
     <span class='ocr_line' id='line_1_31' title="bbox 360 3519 2976 3590; baseline 0.002 -18"><span class='ocrx_word' id='word_1_302' title='bbox 360 3520 429 3574; x_wconf 85' lang='grc'>97</span> <span class='ocrx_word' id='word_1_303' title='bbox 433 3522 606 3574; x_wconf 88' lang='grc'>-119</span> <span class='ocrx_word' id='word_1_304' title='bbox 633 3519 1010 3589; x_wconf 85' lang='lat' dir='ltr'>omnibusque</span> <span class='ocrx_word' id='word_1_305' title='bbox 1038 3521 1301 3590; x_wconf 85' lang='lat' dir='ltr'>expensis</span> <span class='ocrx_word' id='word_1_306' title='bbox 1327 3521 1670 3576; x_wconf 84' lang='lat' dir='ltr'>sententiam</span> <span class='ocrx_word' id='word_1_307' title='bbox 1709 3523 2094 3577; x_wconf 84' lang='lat' dir='ltr'>affirmantem</span> <span class='ocrx_word' id='word_1_308' title='bbox 2135 3526 2328 3577; x_wconf 87' lang='lat' dir='ltr'>censet</span> <span class='ocrx_word' id='word_1_309' title='bbox 2365 3523 2664 3577; x_wconf 87' lang='lat' dir='ltr'>dicendam</span> <span class='ocrx_word' id='word_1_310' title='bbox 2702 3539 2819 3577; x_wconf 87' lang='lat' dir='ltr'>esse</span> <span class='ocrx_word' id='word_1_311' title='bbox 2846 3539 2976 3586; x_wconf 89' lang='lat' dir='ltr'>cum</span> 
     </span>
     <span class='ocr_line' id='line_1_32' title="bbox 358 3597 2124 3674; baseline 0.005 -26"><span class='ocrx_word' id='word_1_312' title='bbox 358 3613 401 3648; x_wconf 90' lang='lat' dir='ltr'>s.</span> <span class='ocrx_word' id='word_1_313' title='bbox 428 3597 478 3648; x_wconf 84' lang='lat' dir='ltr'>A</span> <span class='ocrx_word' id='word_1_314' title='bbox 494 3597 514 3652; x_wconf 93' lang='lat' dir='ltr'>l</span> <span class='ocrx_word' id='word_1_315' title='bbox 531 3616 567 3667; x_wconf 89' lang='lat' dir='ltr'>p</span> <span class='ocrx_word' id='word_1_316' title='bbox 582 3597 622 3651; x_wconf 88' lang='lat' dir='ltr'>h</span> <span class='ocrx_word' id='word_1_317' title='bbox 640 3615 673 3652; x_wconf 93' lang='lat' dir='ltr'>o</span> <span class='ocrx_word' id='word_1_318' title='bbox 693 3617 731 3653; x_wconf 86' lang='lat' dir='ltr'>n</span> <span class='ocrx_word' id='word_1_319' title='bbox 748 3617 774 3652; x_wconf 86' lang='lat' dir='ltr'>s</span> <span class='ocrx_word' id='word_1_320' title='bbox 790 3615 822 3653; x_wconf 90' lang='grc' dir='ltr'>ο</span> <span class='ocrx_word' id='word_1_321' title='bbox 850 3600 1296 3655; x_wconf 90' lang='lat' dir='ltr'>communiorem</span> <span class='ocrx_word' id='word_1_322' title='bbox 1323 3604 1550 3656; x_wconf 80' lang='lat' dir='ltr'>tantum</span> <span class='ocrx_word' id='word_1_323' title='bbox 1580 3605 1638 3655; x_wconf 90' lang='lat' dir='ltr'>et</span> <span class='ocrx_word' id='word_1_324' title='bbox 1664 3603 2124 3674; x_wconf 85' lang='lat' dir='ltr'>probabiliorem.</span> 
     </span>
    </p>

    <p class='ocr_par' dir='ltr' id='par_1_7' title="bbox 358 3677 2981 3915">
     <span class='ocr_line' id='line_1_33' title="bbox 581 3677 2978 3755; baseline 0.003 -24"><span class='ocrx_word' id='word_1_325' title='bbox 581 3681 616 3749; x_wconf 89' lang='lat'>¹)</span> <span class='ocrx_word' id='word_1_326' title='bbox 644 3677 846 3734; x_wconf 88' lang='lat' dir='ltr'>Billo</span> <span class='ocrx_word' id='word_1_327' title='bbox 863 3683 890 3734; x_wconf 86' lang='lat' dir='ltr'>t</span> <span class='ocrx_word' id='word_1_328' title='bbox 913 3680 982 3734; x_wconf 88' lang='lat' dir='ltr'>de</span> <span class='ocrx_word' id='word_1_329' title='bbox 1010 3697 1148 3735; x_wconf 78' lang='lat' dir='ltr'>sacr.</span> <span class='ocrx_word' id='word_1_330' title='bbox 1174 3681 1237 3735; x_wconf 91' lang='lat' dir='ltr'>in</span> <span class='ocrx_word' id='word_1_331' title='bbox 1265 3683 1550 3752; x_wconf 86' lang='lat' dir='ltr'>praeamb.</span> <span class='ocrx_word' id='word_1_332' title='bbox 1577 3683 1649 3736; x_wconf 83' lang='lat' dir='ltr'>ad</span> <span class='ocrx_word' id='word_1_333' title='bbox 1671 3690 1706 3739; x_wconf 84' lang='lat'><strong>3</strong></span> <span class='ocrx_word' id='word_1_334' title='bbox 1730 3702 1787 3753; x_wconf 89' lang='lat' dir='ltr'>p.</span> <span class='ocrx_word' id='word_1_335' title='bbox 1814 3700 1869 3750; x_wconf 87' lang='lat' dir='ltr'>q.</span> <span class='ocrx_word' id='word_1_336' title='bbox 1896 3691 1982 3739; x_wconf 83' lang='grc'>82.</span> <span class='ocrx_word' id='word_1_337' title='bbox 2009 3690 2080 3740; x_wconf 88' lang='grc'>83</span> <span class='ocrx_word' id='word_1_338' title='bbox 2104 3692 2131 3749; x_wconf 70' lang='lat'>5</span> <span class='ocrx_word' id='word_1_339' title='bbox 2159 3690 2208 3740; x_wconf 90' lang='grc'>3.</span> <span class='ocrx_word' id='word_1_340' title='bbox 2235 3681 2358 3748; x_wconf 83' lang='lat' dir='ltr'>Qua</span> <span class='ocrx_word' id='word_1_341' title='bbox 2392 3684 2461 3738; x_wconf 90' lang='lat' dir='ltr'>de</span> <span class='ocrx_word' id='word_1_342' title='bbox 2480 3700 2540 3738; x_wconf 91' lang='lat' dir='ltr'>re</span> <span class='ocrx_word' id='word_1_343' title='bbox 2561 3683 2789 3755; x_wconf 84' lang='lat' dir='ltr'>egregie</span> <span class='ocrx_word' id='word_1_344' title='bbox 2809 3683 2978 3737; x_wconf 82' lang='lat' dir='ltr'>disse-</span> 
     </span>
     <span class='ocr_line' id='line_1_34' title="bbox 359 3757 2981 3834; baseline 0.002 -23"><span class='ocrx_word' id='word_1_345' title='bbox 359 3759 437 3812; x_wconf 86' lang='lat' dir='ltr'>rit</span> <span class='ocrx_word' id='word_1_346' title='bbox 463 3757 497 3811; x_wconf 88' lang='lat' dir='ltr'>S</span> <span class='ocrx_word' id='word_1_347' title='bbox 516 3759 601 3812; x_wconf 88' lang='lat' dir='ltr'>ch</span> <span class='ocrx_word' id='word_1_348' title='bbox 619 3775 694 3812; x_wconf 86' lang='lat' dir='ltr'>ee</span> <span class='ocrx_word' id='word_1_349' title='bbox 714 3760 794 3813; x_wconf 92' lang='lat' dir='ltr'>be</span> <span class='ocrx_word' id='word_1_350' title='bbox 812 3778 850 3813; x_wconf 88' lang='lat' dir='ltr'>n</span> <span class='ocrx_word' id='word_1_351' title='bbox 877 3760 1188 3829; x_wconf 78' lang='lat' dir='ltr'>Mysterien</span> <span class='ocrx_word' id='word_1_352' title='bbox 1212 3771 1240 3828; x_wconf 71' lang='lat' dir='ltr'>g</span> <span class='ocrx_word' id='word_1_353' title='bbox 1268 3768 1353 3819; x_wconf 79' lang='lat'>72.</span> <span class='ocrx_word' id='word_1_354' title='bbox 1380 3764 1558 3831; x_wconf 74' lang='lat' dir='ltr'>Saepe</span> <span class='ocrx_word' id='word_1_355' title='bbox 1594 3761 1772 3816; x_wconf 87' lang='lat' dir='ltr'>etiam</span> <span class='ocrx_word' id='word_1_356' title='bbox 1807 3781 1851 3817; x_wconf 90' lang='lat' dir='ltr'>s.</span> <span class='ocrx_word' id='word_1_357' title='bbox 1885 3765 1934 3816; x_wconf 87' lang='lat' dir='ltr'>A</span> <span class='ocrx_word' id='word_1_358' title='bbox 1953 3782 1990 3817; x_wconf 92' lang='lat' dir='ltr'>u</span> <span class='ocrx_word' id='word_1_359' title='bbox 2008 3763 2328 3834; x_wconf 82' lang='lat' dir='ltr'>gustinu</span> <span class='ocrx_word' id='word_1_360' title='bbox 2349 3782 2375 3817; x_wconf 90' lang='lat' dir='ltr'>s</span> <span class='ocrx_word' id='word_1_361' title='bbox 2411 3763 2485 3817; x_wconf 88' lang='lat' dir='ltr'>ad</span> <span class='ocrx_word' id='word_1_362' title='bbox 2506 3764 2655 3818; x_wconf 86' lang='lat' dir='ltr'>hanc</span> <span class='ocrx_word' id='word_1_363' title='bbox 2674 3763 2981 3817; x_wconf 71' lang='lat' dir='ltr'>cooblah&#39;o·</span> 
     </span>
     <span class='ocr_line' id='line_1_35' title="bbox 358 3838 2980 3915; baseline 0.004 -26"><span class='ocrx_word' id='word_1_364' title='bbox 358 3853 489 3890; x_wconf 86' lang='lat' dir='ltr'>nem</span> <span class='ocrx_word' id='word_1_365' title='bbox 517 3838 773 3907; x_wconf 86' lang='lat' dir='ltr'>corporis</span> <span class='ocrx_word' id='word_1_366' title='bbox 800 3839 1012 3893; x_wconf 84' lang='lat' dir='ltr'>Christi</span> <span class='ocrx_word' id='word_1_367' title='bbox 1038 3840 1268 3908; x_wconf 77' lang='lat' dir='ltr'>mystici</span> <span class='ocrx_word' id='word_1_368' title='bbox 1306 3841 1369 3895; x_wconf 91' lang='lat' dir='ltr'>in</span> <span class='ocrx_word' id='word_1_369' title='bbox 1410 3840 1684 3897; x_wconf 86' lang='lat' dir='ltr'>sacrificio</span> <span class='ocrx_word' id='word_1_370' title='bbox 1725 3843 1930 3896; x_wconf 87' lang='lat' dir='ltr'>missae</span> <span class='ocrx_word' id='word_1_371' title='bbox 1956 3842 2209 3915; x_wconf 83' lang='lat' dir='ltr'>respicit,</span> <span class='ocrx_word' id='word_1_372' title='bbox 2237 3847 2304 3898; x_wconf 91' lang='lat' dir='ltr'>ut</span> <span class='ocrx_word' id='word_1_373' title='bbox 2327 3844 2396 3898; x_wconf 88' lang='lat' dir='ltr'>de</span> <span class='ocrx_word' id='word_1_374' title='bbox 2424 3843 2530 3898; x_wconf 81' lang='lat' dir='ltr'>civ.</span> <span class='ocrx_word' id='word_1_375' title='bbox 2556 3842 2660 3898; x_wconf 88' lang='lat' dir='ltr'>Dei</span> <span class='ocrx_word' id='word_1_376' title='bbox 2686 3844 2753 3897; x_wconf 86' lang='lat' dir='ltr'>X.</span> <span class='ocrx_word' id='word_1_377' title='bbox 2781 3849 2849 3900; x_wconf 82' lang='lat'>20</span> <span class='ocrx_word' id='word_1_378' title='bbox 2873 3845 2980 3899; x_wconf 82' lang='lat' dir='ltr'>etc.</span> 
     </span>
    </p>

    <p class='ocr_par' dir='ltr' id='par_1_8' title="bbox 357 3916 2985 4870">
     <span class='ocr_line' id='line_1_36' title="bbox 561 3916 2981 3994; baseline 0.003 -23"><span class='ocrx_word' id='word_1_379' title='bbox 561 3921 616 3986; x_wconf 64' lang='grc'>’9)</span> <span class='ocrx_word' id='word_1_380' title='bbox 646 3916 741 3971; x_wconf 89' lang='lat' dir='ltr'>Ch</span> <span class='ocrx_word' id='word_1_381' title='bbox 760 3936 834 3987; x_wconf 82' lang='lat' dir='ltr'>ry</span> <span class='ocrx_word' id='word_1_382' title='bbox 855 3936 928 3973; x_wconf 89' lang='lat' dir='ltr'>so</span> <span class='ocrx_word' id='word_1_383' title='bbox 946 3922 1133 3974; x_wconf 85' lang='lat' dir='ltr'>stom</span> <span class='ocrx_word' id='word_1_384' title='bbox 1152 3937 1231 3973; x_wconf 87' lang='lat' dir='ltr'>ns</span> <span class='ocrx_word' id='word_1_385' title='bbox 1260 3920 1409 3974; x_wconf 90' lang='lat' dir='ltr'>hom.</span> <span class='ocrx_word' id='word_1_386' title='bbox 1446 3924 1506 3977; x_wconf 87' lang='grc'>17</span> <span class='ocrx_word' id='word_1_387' title='bbox 1532 3920 1593 3974; x_wconf 90' lang='lat' dir='ltr'>in</span> <span class='ocrx_word' id='word_1_388' title='bbox 1620 3938 1708 3991; x_wconf 87' lang='lat' dir='ltr'>ep.</span> <span class='ocrx_word' id='word_1_389' title='bbox 1735 3922 1809 3976; x_wconf 85' lang='lat' dir='ltr'>ad</span> <span class='ocrx_word' id='word_1_390' title='bbox 1837 3922 2006 3977; x_wconf 87' lang='lat' dir='ltr'>Hebr.</span> <span class='ocrx_word' id='word_1_391' title='bbox 2033 3941 2089 3976; x_wconf 90' lang='lat' dir='ltr'>n.</span> <span class='ocrx_word' id='word_1_392' title='bbox 2117 3930 2181 3980; x_wconf 88' lang='lat'>3:</span> <span class='ocrx_word' id='word_1_393' title='bbox 2236 3922 2526 3984; x_wconf 87' lang='lat' dir='ltr'>„Eundem</span> <span class='ocrx_word' id='word_1_394' title='bbox 2566 3924 2720 3978; x_wconf 88' lang='lat' dir='ltr'>enim</span> <span class='ocrx_word' id='word_1_395' title='bbox 2759 3939 2981 3994; x_wconf 87' lang='lat' dir='ltr'>semper</span> 
     </span>
     <span class='ocr_line' id='line_1_37' title="bbox 359 3996 2979 4074; baseline 0.002 -22"><span class='ocrx_word' id='word_1_396' title='bbox 359 3996 699 4060; x_wconf 82' lang='lat' dir='ltr'>offerrimus,</span> <span class='ocrx_word' id='word_1_397' title='bbox 742 4016 859 4052; x_wconf 90' lang='lat' dir='ltr'>non</span> <span class='ocrx_word' id='word_1_398' title='bbox 901 4016 1058 4053; x_wconf 85' lang='lat' dir='ltr'>nunc</span> <span class='ocrx_word' id='word_1_399' title='bbox 1096 3999 1287 4057; x_wconf 84' lang='lat' dir='ltr'>aliam.</span> <span class='ocrx_word' id='word_1_400' title='bbox 1326 4017 1451 4054; x_wconf 85' lang='lat' dir='ltr'>cras</span> <span class='ocrx_word' id='word_1_401' title='bbox 1489 4000 1665 4054; x_wconf 82' lang='lat' dir='ltr'>aliam</span> <span class='ocrx_word' id='word_1_402' title='bbox 1707 4018 1888 4065; x_wconf 80' lang='lat' dir='ltr'>ovem,</span> <span class='ocrx_word' id='word_1_403' title='bbox 1930 4002 2027 4056; x_wconf 87' lang='lat' dir='ltr'>sed</span> <span class='ocrx_word' id='word_1_404' title='bbox 2051 4019 2271 4074; x_wconf 80' lang='lat' dir='ltr'>semper</span> <span class='ocrx_word' id='word_1_405' title='bbox 2295 4005 2551 4061; x_wconf 87' lang='lat' dir='ltr'>eandem.</span> <span class='ocrx_word' id='word_1_406' title='bbox 2602 4003 2979 4070; x_wconf 87' lang='lat' dir='ltr'>Quamobrem</span> 
     </span>
     <span class='ocr_line' id='line_1_38' title="bbox 359 4079 2981 4153; baseline 0.004 -25"><span class='ocrx_word' id='word_1_407' title='bbox 359 4092 542 4130; x_wconf 88' lang='lat' dir='ltr'>unum</span> <span class='ocrx_word' id='word_1_408' title='bbox 570 4079 656 4130; x_wconf 82' lang='lat' dir='ltr'>est</span> <span class='ocrx_word' id='word_1_409' title='bbox 680 4079 1021 4133; x_wconf 87' lang='lat' dir='ltr'>sacrificium</span> <span class='ocrx_word' id='word_1_410' title='bbox 1048 4083 1283 4150; x_wconf 84' lang='lat' dir='ltr'>propter</span> <span class='ocrx_word' id='word_1_411' title='bbox 1308 4081 1458 4134; x_wconf 88' lang='lat' dir='ltr'>hanc</span> <span class='ocrx_word' id='word_1_412' title='bbox 1476 4079 1759 4135; x_wconf 83' lang='lat' dir='ltr'>rationem</span> <span class='ocrx_word' id='word_1_413' title='bbox 1780 4103 1793 4136; x_wconf 71' lang='grc' dir='ltr'>ε</span> <span class='ocrx_word' id='word_1_414' title='bbox 1818 4081 2081 4150; x_wconf 87' lang='lat' dir='ltr'>alioquin</span> <span class='ocrx_word' id='word_1_415' title='bbox 2100 4083 2208 4137; x_wconf 90' lang='lat' dir='ltr'>hac</span> <span class='ocrx_word' id='word_1_416' title='bbox 2223 4083 2464 4148; x_wconf 86' lang='lat' dir='ltr'>ratione,</span> <span class='ocrx_word' id='word_1_417' title='bbox 2485 4086 2759 4153; x_wconf 83' lang='lat' dir='ltr'>quoniam</span> <span class='ocrx_word' id='word_1_418' title='bbox 2781 4083 2981 4138; x_wconf 83' lang='lat' dir='ltr'>multis</span> 
     </span>
     <span class='ocr_line' id='line_1_39' title="bbox 358 4155 2979 4233; baseline 0.003 -24"><span class='ocrx_word' id='word_1_419' title='bbox 358 4155 420 4209; x_wconf 88' lang='lat' dir='ltr'>in</span> <span class='ocrx_word' id='word_1_420' title='bbox 447 4155 589 4210; x_wconf 84' lang='lat' dir='ltr'>locis</span> <span class='ocrx_word' id='word_1_421' title='bbox 616 4157 869 4222; x_wconf 85' lang='lat' dir='ltr'>offertur,</span> <span class='ocrx_word' id='word_1_422' title='bbox 896 4159 1142 4212; x_wconf 86' lang='lat' dir='ltr'>mnltine</span> <span class='ocrx_word' id='word_1_423' title='bbox 1169 4162 1307 4212; x_wconf 88' lang='lat' dir='ltr'>sunt</span> <span class='ocrx_word' id='word_1_424' title='bbox 1332 4159 1583 4214; x_wconf 77' lang='lat' dir='ltr'>Christi?</span> <span class='ocrx_word' id='word_1_425' title='bbox 1609 4160 2008 4229; x_wconf 85' lang='lat' dir='ltr'>Nequaquam,</span> <span class='ocrx_word' id='word_1_426' title='bbox 2034 4162 2130 4217; x_wconf 88' lang='lat' dir='ltr'>sed</span> <span class='ocrx_word' id='word_1_427' title='bbox 2159 4181 2310 4217; x_wconf 87' lang='lat' dir='ltr'>unns</span> <span class='ocrx_word' id='word_1_428' title='bbox 2338 4164 2554 4232; x_wconf 89' lang='lat' dir='ltr'>ubique</span> <span class='ocrx_word' id='word_1_429' title='bbox 2575 4164 2850 4230; x_wconf 86' lang='lat' dir='ltr'>Christus,</span> <span class='ocrx_word' id='word_1_430' title='bbox 2877 4163 2979 4233; x_wconf 89' lang='lat' dir='ltr'>qui</span> 
     </span>
     <span class='ocr_line' id='line_1_40' title="bbox 359 4236 2980 4313; baseline 0.003 -23"><span class='ocrx_word' id='word_1_431' title='bbox 359 4238 418 4290; x_wconf 86' lang='lat' dir='ltr'>et</span> <span class='ocrx_word' id='word_1_432' title='bbox 441 4236 538 4290; x_wconf 87' lang='lat' dir='ltr'>hic</span> <span class='ocrx_word' id='word_1_433' title='bbox 562 4239 650 4290; x_wconf 87' lang='lat' dir='ltr'>est</span> <span class='ocrx_word' id='word_1_434' title='bbox 672 4239 879 4308; x_wconf 87' lang='lat' dir='ltr'>plenus</span> <span class='ocrx_word' id='word_1_435' title='bbox 904 4242 963 4292; x_wconf 87' lang='lat' dir='ltr'>et</span> <span class='ocrx_word' id='word_1_436' title='bbox 986 4239 1104 4295; x_wconf 88' lang='lat' dir='ltr'>illic</span> <span class='ocrx_word' id='word_1_437' title='bbox 1128 4240 1351 4310; x_wconf 85' lang='lat' dir='ltr'>plenus,</span> <span class='ocrx_word' id='word_1_438' title='bbox 1378 4257 1561 4295; x_wconf 88' lang='lat' dir='ltr'>unum</span> <span class='ocrx_word' id='word_1_439' title='bbox 1587 4258 1809 4312; x_wconf 86' lang='lat' dir='ltr'>corpus.</span> <span class='ocrx_word' id='word_1_440' title='bbox 1841 4240 1916 4295; x_wconf 89' lang='lat' dir='ltr'>Ut</span> <span class='ocrx_word' id='word_1_441' title='bbox 1940 4258 2075 4313; x_wconf 84' lang='lat' dir='ltr'>ergo</span> <span class='ocrx_word' id='word_1_442' title='bbox 2096 4243 2295 4298; x_wconf 81' lang='lat' dir='ltr'>multis</span> <span class='ocrx_word' id='word_1_443' title='bbox 2314 4243 2377 4298; x_wconf 87' lang='lat' dir='ltr'>in</span> <span class='ocrx_word' id='word_1_444' title='bbox 2391 4245 2531 4300; x_wconf 83' lang='lat' dir='ltr'>locis</span> <span class='ocrx_word' id='word_1_445' title='bbox 2553 4246 2779 4301; x_wconf 80' lang='lat' dir='ltr'>oblatus</span> <span class='ocrx_word' id='word_1_446' title='bbox 2800 4263 2980 4300; x_wconf 88' lang='lat' dir='ltr'>unum</span> 
     </span>
     <span class='ocr_line' id='line_1_41' title="bbox 359 4317 2983 4390; baseline 0.003 -22"><span class='ocrx_word' id='word_1_447' title='bbox 359 4317 446 4368; x_wconf 85' lang='lat' dir='ltr'>est</span> <span class='ocrx_word' id='word_1_448' title='bbox 479 4331 703 4387; x_wconf 88' lang='lat' dir='ltr'>corpus,</span> <span class='ocrx_word' id='word_1_449' title='bbox 729 4320 788 4371; x_wconf 85' lang='lat' dir='ltr'>et</span> <span class='ocrx_word' id='word_1_450' title='bbox 812 4335 929 4372; x_wconf 88' lang='lat' dir='ltr'>non</span> <span class='ocrx_word' id='word_1_451' title='bbox 954 4319 1141 4372; x_wconf 84' lang='lat' dir='ltr'>multa</span> <span class='ocrx_word' id='word_1_452' title='bbox 1168 4335 1405 4390; x_wconf 78' lang='lat' dir='ltr'>corpora</span> <span class='ocrx_word' id='word_1_453' title='bbox 1426 4320 1541 4375; x_wconf 87' lang='lat' dir='ltr'>:ita</span> <span class='ocrx_word' id='word_1_454' title='bbox 1568 4321 1737 4376; x_wconf 85' lang='lat' dir='ltr'>etiam</span> <span class='ocrx_word' id='word_1_455' title='bbox 1766 4340 1949 4376; x_wconf 88' lang='lat' dir='ltr'>unum</span> <span class='ocrx_word' id='word_1_456' title='bbox 1976 4324 2063 4377; x_wconf 86' lang='lat' dir='ltr'>est</span> <span class='ocrx_word' id='word_1_457' title='bbox 2087 4321 2446 4380; x_wconf 82' lang='lat' dir='ltr'>sacrificium.</span> <span class='ocrx_word' id='word_1_458' title='bbox 2500 4325 2766 4380; x_wconf 87' lang='lat' dir='ltr'>Pontifex</span> <span class='ocrx_word' id='word_1_459' title='bbox 2790 4327 2983 4380; x_wconf 81' lang='lat' dir='ltr'>noster</span> 
     </span>
     <span class='ocr_line' id='line_1_42' title="bbox 357 4394 2982 4475; baseline 0.005 -28"><span class='ocrx_word' id='word_1_460' title='bbox 357 4394 459 4447; x_wconf 89' lang='lat' dir='ltr'>ille</span> <span class='ocrx_word' id='word_1_461' title='bbox 486 4396 588 4459; x_wconf 85' lang='lat' dir='ltr'>est,</span> <span class='ocrx_word' id='word_1_462' title='bbox 618 4395 720 4465; x_wconf 88' lang='lat' dir='ltr'>qni</span> <span class='ocrx_word' id='word_1_463' title='bbox 748 4396 966 4451; x_wconf 89' lang='lat' dir='ltr'>obtulit</span> <span class='ocrx_word' id='word_1_464' title='bbox 990 4398 1254 4464; x_wconf 83' lang='lat' dir='ltr'>hostiam,</span> <span class='ocrx_word' id='word_1_465' title='bbox 1281 4416 1429 4468; x_wconf 89' lang='lat' dir='ltr'>quae</span> <span class='ocrx_word' id='word_1_466' title='bbox 1456 4418 1559 4454; x_wconf 88' lang='lat' dir='ltr'>nos</span> <span class='ocrx_word' id='word_1_467' title='bbox 1585 4401 1847 4454; x_wconf 89' lang='lat' dir='ltr'>mundat.</span> <span class='ocrx_word' id='word_1_468' title='bbox 1873 4401 2039 4455; x_wconf 83' lang='lat' dir='ltr'>Illam</span> <span class='ocrx_word' id='word_1_469' title='bbox 2067 4419 2221 4456; x_wconf 88' lang='lat' dir='ltr'>nunc</span> <span class='ocrx_word' id='word_1_470' title='bbox 2249 4420 2478 4472; x_wconf 91' lang='lat' dir='ltr'>quoque</span> <span class='ocrx_word' id='word_1_471' title='bbox 2505 4405 2814 4471; x_wconf 85' lang='lat' dir='ltr'>offerimus,</span> <span class='ocrx_word' id='word_1_472' title='bbox 2835 4422 2982 4475; x_wconf 83' lang='lat' dir='ltr'>quae</span> 
     </span>
     <span class='ocr_line' id='line_1_43' title="bbox 358 4473 2982 4555; baseline 0.005 -29"><span class='ocrx_word' id='word_1_473' title='bbox 358 4477 503 4530; x_wconf 86' lang='lat' dir='ltr'>tunc</span> <span class='ocrx_word' id='word_1_474' title='bbox 529 4473 646 4528; x_wconf 74' lang='lat' dir='ltr'>fuit.</span> <span class='ocrx_word' id='word_1_475' title='bbox 672 4474 884 4541; x_wconf 87' lang='lat' dir='ltr'>oblata,</span> <span class='ocrx_word' id='word_1_476' title='bbox 912 4494 1060 4545; x_wconf 85' lang='lat' dir='ltr'>quae</span> <span class='ocrx_word' id='word_1_477' title='bbox 1087 4496 1203 4533; x_wconf 88' lang='lat' dir='ltr'>non</span> <span class='ocrx_word' id='word_1_478' title='bbox 1228 4483 1421 4549; x_wconf 85' lang='lat' dir='ltr'>potest</span> <span class='ocrx_word' id='word_1_479' title='bbox 1445 4481 1723 4536; x_wconf 87' lang='lat' dir='ltr'>consumi.</span> <span class='ocrx_word' id='word_1_480' title='bbox 1784 4482 1904 4536; x_wconf 87' lang='lat' dir='ltr'>Hoc</span> <span class='ocrx_word' id='word_1_481' title='bbox 1949 4482 2016 4536; x_wconf 89' lang='lat' dir='ltr'>fit</span> <span class='ocrx_word' id='word_1_482' title='bbox 2056 4482 2119 4535; x_wconf 88' lang='lat' dir='ltr'>in</span> <span class='ocrx_word' id='word_1_483' title='bbox 2165 4483 2616 4538; x_wconf 86' lang='lat' dir='ltr'>recordationem</span> <span class='ocrx_word' id='word_1_484' title='bbox 2660 4486 2799 4555; x_wconf 87' lang='lat' dir='ltr'>ejus,</span> <span class='ocrx_word' id='word_1_485' title='bbox 2826 4486 2982 4554; x_wconf 86' lang='lat' dir='ltr'>quod</span> 
     </span>
     <span class='ocr_line' id='line_1_44' title="bbox 359 4555 2984 4638; baseline 0.004 -29"><span class='ocrx_word' id='word_1_486' title='bbox 359 4558 501 4612; x_wconf 81' lang='lat' dir='ltr'>tunc</span> <span class='ocrx_word' id='word_1_487' title='bbox 528 4555 745 4609; x_wconf 85' lang='lat' dir='ltr'>factum</span> <span class='ocrx_word' id='word_1_488' title='bbox 773 4559 888 4611; x_wconf 80' lang='lat' dir='ltr'>est:</span> <span class='ocrx_word' id='word_1_489' title='bbox 928 4562 1045 4613; x_wconf 82' lang='lat' dir='ltr'>Hoc</span> <span class='ocrx_word' id='word_1_490' title='bbox 1082 4565 1221 4614; x_wconf 77' lang='lat' dir='ltr'>enim</span> <span class='ocrx_word' id='word_1_491' title='bbox 1252 4564 1431 4631; x_wconf 71' lang='lat' dir='ltr'>facite,</span> <span class='ocrx_word' id='word_1_492' title='bbox 1470 4560 1683 4630; x_wconf 84' lang='lat' dir='ltr'>inquit,</span> <span class='ocrx_word' id='word_1_493' title='bbox 1721 4566 1780 4620; x_wconf 70' lang='lat' dir='ltr'>in</span> <span class='ocrx_word' id='word_1_494' title='bbox 1819 4581 1990 4617; x_wconf 80' lang='lat' dir='ltr'>meam</span> <span class='ocrx_word' id='word_1_495' title='bbox 2015 4568 2555 4620; x_wconf 74' lang='lat' dir='ltr'>commemorationem</span> <span class='ocrx_word' id='word_1_496' title='bbox 2581 4564 2736 4637; x_wconf 85' lang='lat' dir='ltr'>(Luc.</span> <span class='ocrx_word' id='word_1_497' title='bbox 2762 4569 2848 4630; x_wconf 87' lang='lat'>22,</span> <span class='ocrx_word' id='word_1_498' title='bbox 2880 4568 2984 4638; x_wconf 83' lang='lat'>19).</span> 
     </span>
     <span class='ocr_line' id='line_1_45' title="bbox 360 4634 2985 4714; baseline 0.004 -26"><span class='ocrx_word' id='word_1_499' title='bbox 360 4634 494 4688; x_wconf 86' lang='lat' dir='ltr'>Non</span> <span class='ocrx_word' id='word_1_500' title='bbox 518 4634 694 4690; x_wconf 85' lang='lat' dir='ltr'>aliam</span> <span class='ocrx_word' id='word_1_501' title='bbox 723 4635 987 4702; x_wconf 86' lang='lat' dir='ltr'>hostiam,</span> <span class='ocrx_word' id='word_1_502' title='bbox 1014 4637 1165 4694; x_wconf 84' lang='lat' dir='ltr'>sicut</span> <span class='ocrx_word' id='word_1_503' title='bbox 1188 4641 1449 4708; x_wconf 83' lang='lat' dir='ltr'>pontifex</span> <span class='ocrx_word' id='word_1_504' title='bbox 1476 4640 1785 4714; x_wconf 87' lang='lat' dir='ltr'>(leviticus)</span> <span class='ocrx_word' id='word_1_505' title='bbox 1816 4645 1972 4707; x_wconf 87' lang='lat' dir='ltr'>tunc,</span> <span class='ocrx_word' id='word_1_506' title='bbox 2000 4643 2096 4695; x_wconf 84' lang='lat' dir='ltr'>sed</span> <span class='ocrx_word' id='word_1_507' title='bbox 2118 4643 2354 4699; x_wconf 85' lang='lat' dir='ltr'>eandem</span> <span class='ocrx_word' id='word_1_508' title='bbox 2374 4661 2595 4714; x_wconf 83' lang='lat' dir='ltr'>semper</span> <span class='ocrx_word' id='word_1_509' title='bbox 2615 4645 2871 4710; x_wconf 82' lang='lat' dir='ltr'>facimus,</span> <span class='ocrx_word' id='word_1_510' title='bbox 2891 4646 2985 4700; x_wconf 80' lang='lat' dir='ltr'>vel</span> 
     </span>
     <span class='ocr_line' id='line_1_46' title="bbox 359 4712 2984 4793; baseline 0.004 -26"><span class='ocrx_word' id='word_1_511' title='bbox 359 4712 555 4784; x_wconf 86' lang='lat' dir='ltr'>potius</span> <span class='ocrx_word' id='word_1_512' title='bbox 583 4713 848 4768; x_wconf 86' lang='lat' dir='ltr'>sacrificii</span> <span class='ocrx_word' id='word_1_513' title='bbox 872 4715 1115 4771; x_wconf 79' lang='lat' dir='ltr'>facimus</span> <span class='ocrx_word' id='word_1_514' title='bbox 1143 4719 1790 4774; x_wconf 82' lang='lat' dir='ltr'>commemorationem.“</span> <span class='ocrx_word' id='word_1_515' title='bbox 1845 4720 1926 4776; x_wconf 84' lang='lat' dir='ltr'>cf.</span> <span class='ocrx_word' id='word_1_516' title='bbox 1969 4721 2013 4773; x_wconf 90' lang='lat' dir='ltr'>B</span> <span class='ocrx_word' id='word_1_517' title='bbox 2031 4738 2060 4774; x_wconf 92' lang='lat' dir='ltr'>e</span> <span class='ocrx_word' id='word_1_518' title='bbox 2077 4738 2105 4774; x_wconf 84' lang='lat' dir='ltr'>c</span> <span class='ocrx_word' id='word_1_519' title='bbox 2121 4738 2154 4774; x_wconf 85' lang='lat' dir='ltr'>a</span> <span class='ocrx_word' id='word_1_520' title='bbox 2171 4741 2208 4776; x_wconf 89' lang='lat' dir='ltr'>n</span> <span class='ocrx_word' id='word_1_521' title='bbox 2225 4740 2262 4775; x_wconf 91' lang='lat' dir='ltr'>u</span> <span class='ocrx_word' id='word_1_522' title='bbox 2279 4741 2304 4775; x_wconf 88' lang='lat' dir='ltr'>s</span> <span class='ocrx_word' id='word_1_523' title='bbox 2344 4723 2413 4777; x_wconf 89' lang='lat' dir='ltr'>de</span> <span class='ocrx_word' id='word_1_524' title='bbox 2454 4725 2671 4793; x_wconf 88' lang='lat' dir='ltr'>triplici</span> <span class='ocrx_word' id='word_1_525' title='bbox 2711 4723 2984 4779; x_wconf 83' lang='lat' dir='ltr'>sacrificio</span> 
     </span>
     <span class='ocr_line' id='line_1_47' title="bbox 361 4793 1901 4870; baseline 0.002 -19"><span class='ocrx_word' id='word_1_526' title='bbox 361 4793 458 4858; x_wconf 83' lang='lat'>111,</span> <span class='ocrx_word' id='word_1_527' title='bbox 488 4797 536 4850; x_wconf 78' lang='lat'>2.</span> <span class='ocrx_word' id='word_1_528' title='bbox 586 4795 864 4850; x_wconf 86' lang='lat' dir='ltr'>Suarez</span> <span class='ocrx_word' id='word_1_529' title='bbox 892 4797 1037 4869; x_wconf 86' lang='lat' dir='ltr'>disp.</span> <span class='ocrx_word' id='word_1_530' title='bbox 1066 4802 1151 4855; x_wconf 81' lang='lat'>75.</span> <span class='ocrx_word' id='word_1_531' title='bbox 1180 4803 1279 4858; x_wconf 77' lang='lat'>76:</span> <span class='ocrx_word' id='word_1_532' title='bbox 1309 4800 1678 4870; x_wconf 85' lang='lat' dir='ltr'>Stentrup</span> <span class='ocrx_word' id='word_1_533' title='bbox 1707 4801 1790 4855; x_wconf 84' lang='lat' dir='ltr'>th.</span> <span class='ocrx_word' id='word_1_534' title='bbox 1816 4807 1901 4858; x_wconf 79' lang='lat'>89.</span> 
     </span>
    </p>
   </div>
  </div>
 </body>
</html>
