3538 5364
553 252 686 316 254
1103 243 1285 297 Tract.
1317 243 1408 296 tx.
1436 243 1505 297 de
1535 242 1918 298 sacramentis,
1945 245 2437 298 Sacrameutorum
2466 242 2626 296 valor

557 425 760 490 Deum
791 426 883 489 uti
915 425 1177 489 homine
1208 424 1426 506 iniquo
1461 433 1532 489 ut
1564 426 1986 488 instrumento
2038 425 2120 487 ad
2167 424 2431 489 effectus
2484 430 2614 486 tam
2646 422 3163 505 supernaturales

550 540 617 596 et
654 540 933 608 sanctOS,
967 531 1066 595 vel
1101 531 1253 613 quia
1282 530 1606 596 Ecclesiae
1627 549 1757 594 non
1780 530 2035 611 expedit
2054 536 2428 612 peccatores
2448 538 3004 596 sacramentorum
3026 550 3164 595 esse

555 638 896 702 ministros.
960 638 1156 720 Atqui
1200 638 1430 702 horum
1477 637 1633 702 nihil
1678 638 1801 700 dici
1845 644 2072 719 potest.
2135 636 2277 701 Non
2328 638 2617 719 primum,
2670 637 2821 719 quia
2869 643 3166 718 peccator

554 765 686 809 non
736 745 1033 809 omnibus
1082 744 1159 807 iis
1210 746 1510 826 privatur,
1567 744 1799 826 quibus
1847 750 2110 826 propter
2153 749 2492 826 peccatum
2543 744 2831 809 redditur
2860 744 3167 825 indignuS,

552 852 840 933 alioquin
860 853 1206 933 privandus
1229 857 1738 933 essetpotestate
1759 850 2207 933 praecipiendi,
2240 850 2518 931 regendi,
2552 851 2841 926 docendi,
2882 853 3024 933 ipsa
3041 853 3168 915 vita

551 966 706 1033 etc.;
741 977 872 1022 non
905 958 1195 1033 alterum,
1234 958 1388 1038 quia
1422 956 1593 1021 Deus
1626 964 1762 1020 tam
1794 957 2007 1021 bonus
2042 962 2140 1021 est
2170 964 2366 1038 atque
2398 957 2826 1037 omnipotenS,
2860 963 2929 1020 ut
2964 964 3030 1022 et
3060 976 3172 1039 per

554 1064 764 1129 malos
797 1066 999 1146 possit
1033 1064 1275 1128 bonum
1308 1064 1593 1145 operari:
1641 1063 1791 1126 hinc
1845 1081 2012 1136 „non
2060 1062 2299 1127 deserit
2331 1062 2622 1127 Christus
2672 1071 3169 1139 sacramentum,

551 1172 814 1237 etiamsi
845 1172 1149 1237 habuerit
1182 1172 1421 1235 malum
1444 1172 1997 1247 instrumentum,‘
2037 1170 2319 1233 inculcat
2351 1171 2432 1233 ad
2464 1189 2600 1235 rem
2632 1169 2796 1234 Tho
2816 1188 2984 1234 mas
3016 1171 3170 1234 wal-

551 1280 770 1344 ‹lensis
803 1279 866 1341 in
900 1278 1152 1359 egregio
1201 1296 1300 1360 op.
1347 1277 1712 1342 Doctrinale
1763 1278 2219 1359 antiquitatum
2263 1276 2410 1341 fidei
2439 1276 2761 1342 Ecclesiae
2811 1277 3173 1343 catholicae

553 1386 869 1451 adversus
901 1385 1276 1451 Wiclessitas
1310 1392 1374 1450 et
1406 1385 1716 1460 HussitaS,
1750 1384 2036 1449 Venetiis
2075 1389 2240 1453 1757
2278 1392 2317 1448 t.
2341 1389 2398 1459 3,
2419 1385 2485 1447 in
2505 1385 2743 1465 cujusl.
2765 1391 2823 1453 5.
2844 1384 2985 1450 fuse
3004 1386 3173 1449 hanc

553 1494 756 1573 agitat
787 1494 1326 1567 controversiam3
1373 1511 1502 1555 non
1551 1492 1825 1567 tertium,
1872 1509 2019 1554 cum
2069 1493 2278 1573 ipsum
2311 1491 2635 1556 Ecclesiae
2669 1490 2910 1556 bonum
2941 1493 3173 1573 exigat,

553 1619 635 1664 ne
668 1599 943 1663 ministri
975 1599 1127 1663 mali
1160 1600 1285 1663 hac
1316 1600 1645 1681 priventur
1675 1605 2014 1680 potestate,
2037 1599 2319 1681 alioquin
2340 1598 2421 1663 de
2440 1598 2725 1663 Ecclesia
2745 1606 2917 1664 esset
2936 1606 3173 1662 actum.

563 1704 820 1788 „Neque
854 1707 1023 1770 enim
1050 1706 1303 1789 justum
1337 1706 1575 1782 suisset,
1610 1706 1815 1787 inquit
1845 1704 2487 1787 Chrysostomus
2527 1706 2698 1770 hom.
2733 1711 2815 1775 87
2850 1707 2915 1769 in
2947 1705 3173 1770 Matth.

553 1833 612 1874 n.
648 1819 706 1887 4,
741 1820 811 1875 ut
840 1821 1104 1894 propter
1138 1810 1402 1878 alterius
1436 1813 1919 1894 improbitatem
1950 1811 2053 1889 illi,
2090 1813 2406 1894 quifidem
2424 1820 2575 1876 sunt
2594 1813 2890 1894 amplexi,
2910 1813 2976 1876 in
2995 1832 3174 1894 sym-

553 1919 715 1982 bolis
748 1918 972 1984 salutis
1005 1928 1267 1985 nostrae
1311 1912 1793 1993 laederemur&
1846 1920 2016 1983 hom.
2051 1922 2092 1985 2
2124 1920 2189 1983 in
2223 1926 2279 1988 2.
2328 1919 2411 1982 ad
2441 1919 2714 1983 Timoth.
2747 1939 2807 1982 n.
2841 1924 2900 1993 3,
2932 1924 2976 1986 4
3008 1920 3179 1983 inter

550 2027 681 2089 alia
713 2028 1074 2108 praeclara:
1146 2025 1326 2102 ‚Non
1359 2026 1515 2092 talia
1547 2033 1697 2090 sunt
1728 2045 1824 2101 ea,
1859 2043 2025 2107 quae
2056 2025 2225 2091 Deus
2259 2026 2578 2106 elargitur,
2613 2032 2685 2089 ut
2714 2043 2754 2089 a
2785 2026 3177 2091 sacerdotali

549 2133 787 2199 virtute
819 2134 1261 2214 perficiantur:
1302 2140 1504 2198 totum
1541 2152 1622 2198 ex
1654 2134 1860 2213 gratia
1891 2137 2006 2208 est,
2038 2132 2225 2213 hujus
2246 2139 2464 2197 autem
2494 2138 2746 2197 tantum
2779 2139 2877 2197 est
2908 2152 2983 2197 os
3014 2150 3177 2213 ape-

551 2241 698 2317 rire,
733 2248 938 2305 totum
971 2260 1123 2305 vero
1157 2241 1326 2305 Deus
1359 2246 1694 2321 operatur:
1727 2239 2090 2321 symbolum
2123 2239 2227 2302 hic
2261 2239 2617 2328 (sacerdos)
2657 2240 2866 2304 solum
2886 2240 3167 2321 implet.‘

551 2347 718 2427 Ergo
751 2348 1024 2411 ministri
1068 2354 1621 2412 sacramentorum
1670 2352 1938 2428 peccato
1989 2366 2119 2411 non
2170 2348 2471 2412 amittunt
2518 2353 2907 2429 potestatem
2938 2348 3170 2413 eadem

553 2455 759 2518 valide
792 2454 1299 2530 administrandi,
1351 2454 1624 2536 ideoque
1673 2459 2231 2519 sacramentorum
2281 2453 2464 2518 valor
2512 2454 2947 2535 independens
2997 2464 3100 2518 est
3131 2474 3175 2517 a

553 2562 824 2625 ministri
856 2562 1216 2626 sanctitate.
1281 2560 1366 2624 Cf.
1400 2560 1748 2624 Thomas
1782 2566 1840 2628 3.
1873 2581 1930 2642 p.
1965 2566 2049 2629 82
2082 2578 2139 2624 a.
2172 2565 2214 2629 5
2246 2580 2331 2623 ss.

729 2673 878 2740 290.
911 2670 1332 2738 Declaratio
1365 2689 1432 2753 p.
1464 2668 1568 2736 11.
1618 2665 2183 2732 Sacramentorum
2215 2667 2399 2732 valor
2432 2687 2640 2751 neque
2672 2687 2714 2731 a
2744 2669 3016 2733 ministri
3047 2670 3172 2734 side

549 2777 800 2858 pendet.
864 2776 1054 2856 Quod
1103 2776 1603 2856 baptismum
1651 2776 1893 2852 attinet,
1938 2776 2003 2838 id
2050 2783 2148 2839 est
2179 2776 2259 2840 de
2290 2774 2431 2850 fide,
2483 2783 2555 2839 ut
2584 2782 2765 2858 patet
2796 2794 2874 2840 ex
2906 2783 3171 2841 contro-

547 2887 768 2950 versia
799 2885 1177 2967 praesertim
1210 2902 1357 2946 cum
1404 2883 1857 2947 donatistis
1904 2889 1967 2947 et
2012 2902 2090 2946 ex
2136 2883 2385 2947 concilii
2430 2884 2609 2947 trid.
2661 2900 2814 2947 sess.
2852 2886 2886 2948 7
2921 2901 3062 2946 can.
3096 2889 3169 2950 4:

558 2990 663 3064 ,Si
694 2993 834 3073 quis
868 2991 1111 3066 dixerit,
1145 2989 1557 3071 baptismum,
1591 2990 1699 3071 qui
1731 2991 1928 3053 etiarn
1960 2991 2154 3054 datur
2184 2990 2268 3054 ab
2301 2991 2639 3056 haereticis
2673 2990 2739 3053 in
2767 2990 3027 3054 nomine
3044 2988 3172 3053 Pa-

549 3099 663 3162 tris
697 3105 760 3162 et
793 3096 930 3160 Filii
962 3104 1026 3161 et
1059 3096 1334 3178 Spiritus
1369 3117 1415 3159 s.
1451 3116 1598 3160 cum
1631 3097 1985 3162 intentione
2018 3097 2288 3162 faciendi
2321 3098 2494 3179 quod
2526 3097 2672 3161 facit
2702 3097 3004 3173 Ecclesia,
3037 3116 3173 3160 non

546 3223 691 3268 esse
724 3222 948 3267 verum
980 3203 1393 3285 baptismum,
1426 3203 1496 3267 A.
1532 3202 1630 3267 S.«
1701 3203 1793 3268 De
1825 3204 2180 3286 reliquis
2215 3205 2641 3268 sacramentis
2662 3204 2727 3267 id
2747 3204 3002 3286 quidem
3036 3222 3174 3268 non

545 3316 648 3373 est
681 3310 760 3374 de
793 3309 933 3386 fide,
969 3311 1060 3373 ita
1093 3317 1314 3374 tamen
1348 3312 1410 3372 in
1441 3310 1728 3375 Ecclesia
1760 3318 2112 3391 receptum,
2164 3318 2236 3375 ut
2267 3318 2513 3376 certum
2546 3318 2738 3393 atque
2770 3311 2916 3376 fidei
2947 3311 3171 3392 proxi-

551 3436 725 3480 mum
756 3417 857 3480 sit.
922 3416 1505 3483 poenitentiae
1555 3436 1707 3483 vero
1760 3425 2237 3483 sacramentum
2282 3419 2489 3500 excipi
2534 3419 2742 3493 debet,
2790 3436 2935 3481 cum
2969 3416 3171 3480 abso-

551 3524 707 3588 lutio
741 3525 1096 3588 sacerdotis
1130 3525 1438 3588 haeretici
1483 3524 1763 3588 invalida
1808 3525 1891 3588 sit
1937 3545 2015 3589 ex
2062 3524 2312 3589 defectu
2358 3544 2490 3589 non
2535 3525 2794 3608 quidem
2824 3524 3172 3606 potestatis

545 3631 806 3708 ordiniS,
840 3633 954 3696 sed
980 3632 1459 3713 jurisdictionis
1495 3651 1623 3714 qua
1662 3640 1887 3697 carent
1923 3633 2243 3698 haeretici.
2322 3633 2535 3712 Quare
2566 3651 2714 3696 cum
2751 3632 3051 3708 Ecclesia,
3085 3650 3171 3695 ne

545 3739 690 3819 quis
725 3745 962 3820 pereat,
995 3740 1290 3820 suppleat
1320 3740 1422 3803 vel
1455 3740 1775 3805 concedat
1787 3740 2295 3822 jurisdictionem
2331 3741 2396 3804 in
2417 3741 2689 3804 articulo
2709 3740 2936 3803 mortis
2969 3739 3171 3803 etiam

549 3844 895 3921 haeretico,
928 3847 1136 3910 valide
1169 3847 1223 3909 is
1255 3846 1381 3909 hoc
1413 3848 1474 3910 in
1508 3864 1665 3910 casu
1697 3846 1987 3910 absolvit.

728 3956 875 4020 291.
909 3954 1487 4022 Demonstratio.
1524 3952 1844 4017 Probatur
1873 3955 2109 4019 veritas
2143 3954 2375 4018 asserti
2406 3953 2629 4017 iisdem
2662 3952 2792 4017 fere
2823 3970 3168 4032 argumen-

546 4059 644 4132 tis,
678 4058 908 4139 quibus
941 4060 1221 4141 priorem
1253 4060 1834 4125 demonstravimus
1867 4067 2147 4142 partem;
2182 4061 2560 4125 nominatim
2581 4060 2753 4123 circa
2773 4060 3168 4141 baptismum

547 4183 622 4227 ex
659 4164 895 4228 celebri
926 4168 1365 4232 controversia
1398 4186 1523 4231 sec.
1557 4167 1646 4230 111.
1683 4186 1834 4230 cum
1867 4188 1915 4230 S.
1948 4166 2192 4250 Cypri
2215 4186 2367 4232 ano
2402 4174 2466 4232 et
2486 4168 2715 4232 deinde
2736 4186 2863 4232 see.
2886 4166 2982 4229 lV.
3006 4173 3068 4230 et
3089 4165 3167 4230 V.

545 4289 690 4333 cum
727 4271 1214 4348 donatistis;
1249 4291 1326 4336 ex
1360 4292 1489 4356 qua
1517 4274 1734 4356 liquet,
1768 4275 2153 4339 sententiam
2184 4280 2525 4355 negantem
2558 4273 2843 4338 valorem
2865 4273 3168 4355 baptismi

546 4377 628 4440 ab
661 4377 998 4443 haereticis
1033 4377 1247 4443 collati
1281 4386 1572 4461 tempore
1605 4399 1745 4445 esse
1780 4382 2199 4462 posteriorem
2233 4380 2612 4458 affirmante,
2648 4379 2842 4445 fuisse
2876 4381 3166 4462 particu—

547 4485 764 4561 larem,
799 4503 966 4567 quae
1001 4486 1261 4550 tandem
1283 4487 1543 4551 evanuit
1575 4488 1986 4567 praevalente
2018 4488 2336 4552 sententia
2369 4487 2744 4553 affirmante.
2779 4486 2944 4551 Nam
2984 4489 3167 4569 ,quis

547 4600 697 4654 tunc
717 4592 997 4655 universi
1017 4593 1256 4672 negotii
1277 4592 1486 4657 exitus
1505 4595 1534 4655 ‘?
1555 4593 1808 4675 quaerit
1828 4593 2117 4657 Vincen
2132 4594 2239 4656 tiu
2253 4614 2283 4657 s
2302 4593 2619 4659 lirinensis
2640 4593 3011 4658 commonit.
3032 4612 3084 4657 c.
3101 4600 3163 4662 6.

543 4696 702 4776 Quis
739 4699 957 4780 utique
989 4698 1112 4760 nisi
1146 4699 1418 4763 usitatus
1452 4706 1516 4763 et
1548 4698 1820 4764 solitus?
1854 4699 2129 4764 Retenta
2164 4708 2261 4765 est
2291 4700 2421 4764 scil.
2445 4702 2791 4783 antiquitas
2812 4708 2877 4765 et
2896 4701 3163 4782 explosa
