3538 5364
1218 300 1503 369 probatur
1528 299 1729 354 missae
1755 299 2116 356 sacrificium.
2842 309 2973 375 389

351 486 701 562 sanguinem
734 503 910 544 suum
944 486 1288 549 vivificum.
1370 486 1661 558 .‚Venite
1710 486 1985 562 discipuli
2022 487 2157 559 mei,
2208 491 2269 546 et
2312 488 2559 564 accipite
2605 505 2715 559 me,
2767 506 2859 546 me
2905 487 2972 546 in

350 580 579 633 vestras
612 573 844 633 tradere
876 575 1009 633 volo
1040 593 1269 638 manus,
1335 575 1500 645 Ecce,
1548 575 1783 652 integer
1814 594 1949 635 vere
1983 574 2082 635 hic
2117 576 2345 647 adsum,
2394 577 2497 635 sed
2530 575 2710 635 simul
2742 593 2845 635 vos
2877 595 2971 635 me

348 665 651 764 integrum
676 682 814 722 vere
835 662 1220 726 consumitis,
1276 664 1536 741 ,Corpus
1568 684 1766 724 meum
1788 664 2212 735 manducastis,
2249 684 2323 724 ne
2354 664 2470 724 mei
2503 663 2967 771 obliviscamini.

350 752 701 829 sanguinem
732 771 933 811 meum
964 751 1220 827 bibistis,
1252 752 1634 831 recordemini
1664 752 1844 811 met«

456 878 460 882 ’
528 874 592 940 3.
628 872 874 936 Docent
917 890 1131 954 saepe,
1177 871 1609 939 eucharistiae
1658 872 2158 938 celebrationem
2205 873 2598 939 successisse
2641 872 2969 937 sacrificiis

350 980 423 1043 V.
457 979 522 1043 T.
560 980 755 1061 ipsius
789 978 971 1061 typis.
1033 977 1128 1043 Ita
1160 980 1399 1061 passim
1433 978 1958 1060 Augustinus
1990 985 2060 1044 ut
2093 979 2173 1043 de
2205 978 2321 1043 ciV.
2355 979 2470 1045 Dei
2498 978 2685 1057 XVII,
2719 985 2835 1049 20·

530 1107 639 1178 ,Id
672 1108 832 1166 enim
864 1108 1219 1168 sacrificium
1250 1109 1536 1168 successit
1566 1109 1845 1168 omnibus
1874 1108 1997 1167 illis
2029 1108 2326 1168 sacrificiis
2357 1109 2424 1169 V.
2460 1109 2542 1180 T„
2577 1128 2731 1185 quae
2762 1109 2967 1169 immo-

347 1198 673 1257 labantur
659 1217 722 1256 in
754 1198 964 1256 umbra
994 1197 1203 1260 futuri.
1249 1198 1496 1273 Propter
1526 1198 1684 1274 quod
1716 1198 1896 1257 etiam
1927 1216 2130 1257 vocem
2160 1198 2373 1256 illam
2358 1217 2422 1256 in
2453 1200 2547 1260 Ps.
2584 1208 2663 1261 39
2699 1198 2968 1274 ejusdem

348 1287 688 1347 mediatoris
719 1305 827 1362 per
855 1287 1223 1362 prophetiam
1258 1288 1665 1365 agnoscimus:
1700 1288 2068 1361 Sacrificium
2098 1293 2148 1344 et
2180 1288 2515 1346 oblationem
2547 1288 2808 1361 noluisti,
2841 1306 2966 1346 cor-

344 1396 462 1453 pus
496 1384 688 1435 autem
718 1378 937 1450 aptasti
967 1377 1143 1434 mihi:
1187 1376 1330 1452 quia
1372 1395 1482 1451 pro
1513 1376 1636 1435 illis
1667 1376 1945 1435 omnibus
1978 1376 2278 1435 sacrificiis
2310 1378 2372 1434 et
2402 1377 2806 1436 oblationibus
2837 1395 2966 1435 cor·

346 1485 464 1543 pus
494 1467 625 1541 ejus
657 1466 904 1524 offertur
935 1469 996 1523 et
1024 1465 1523 1541 participantibus
1553 1466 1988 1524 ministratur.‘
2053 1465 2125 1524 In
2156 1466 2252 1524 Ps.
2286 1474 2365 1529 39
2398 1484 2457 1524 n.
2496 1476 2606 1529 12:
2649 1466 2964 1541 ,Antiqui‚

347 1556 585 1630 quando
619 1553 811 1613 adhuc
842 1553 1195 1612 sacrificium
1216 1573 1442 1624 verum,
1473 1555 1633 1630 quod
1665 1554 1868 1614 fideles
1899 1557 2139 1624 norunt,
2172 1554 2234 1613 in
2266 1554 2473 1631 figuris
2506 1554 2968 1631 praenunciaba-

347 1651 468 1713 tur,
518 1642 897 1703 celebrabant
926 1643 1147 1719 figuras
1179 1643 1418 1702 futurae
1464 1644 1550 1702 rei
1583 1688 1596 1701 .
1632 1686 1645 1700 .
1678 1688 1691 1702 .
1739 1643 2038 1702 Sacrificia
2086 1661 2227 1720 ergo
2276 1644 2383 1702 illa
2409 1647 2739 1720 »tamquam
2787 1644 2968 1703 verba

345 1732 698 1810 promissiva
715 1732 913 1791 ablata
933 1735 1106 1789 sunt:
1141 1731 1283 1807 quid
1319 1733 1427 1802 est,
1462 1732 1625 1808 quod
1655 1733 1859 1791 datum
1892 1736 1982 1792 est
2011 1732 2481 1808 completivum?
2528 1733 2770 1810 Corpus,
2805 1733 2964 1808 quod

346 1822 557 1892 nostia,
605 1820 763 1898 quod
796 1839 914 1879 non
947 1839 1149 1879 omnes
1181 1821 1391 1891 nostiS,
1438 1820 1596 1896 quod
1630 1822 1861 1880 utinam
1893 1823 1999 1897 qui
2029 1821 2236 1892 nostis,
2270 1840 2473 1880 omnes
2518 1841 2641 1881 non
2686 1821 2762 1881 ad
2798 1820 2963 1897 judi·

346 1912 505 1970 cium
536 1911 864 1969 noveritis‘
897 1912 1007 1973 etc.

523 2031 592 2098 4.
625 2030 971 2096 Testantur
1002 2030 1125 2094 hoc
1156 2030 1536 2094 sacrificium
1568 2030 1805 2112 ubique
1840 2037 2154 2095 terrarum
2187 2030 2320 2096 Deo
2356 2030 2585 2095 offerri.

528 2160 934 2227 ,Firmissime
964 2163 1119 2231 tene,
1153 2159 1361 2218 scribit
1389 2159 1865 2237 Fulgentius
1898 2159 1970 2219 de
2001 2159 2116 2219 fide
2148 2161 2220 2219 ad
2239 2162 2483 2219 Petrum
2509 2178 2557 2218 c.
2586 2170 2661 2222 19
2684 2179 2741 2218 n.
2765 2168 2867 2229 60,
2900 2162 2965 2217 et

345 2249 693 2308 nullatenus
726 2248 985 2318 dubites,
1031 2250 1228 2325 ipsum
1261 2249 1641 2327 unigenitum
1672 2250 1862 2307 Deum
1892 2249 2153 2308 Verbum
2200 2268 2433 2308 carnem
2478 2249 2700 2307 factum
2747 2266 2810 2307 se
2853 2267 2962 2324 pro

344 2339 520 2397 nobis
551 2338 844 2396 obtulisse
876 2337 1225 2397 sacrificium
1260 2342 1322 2397 et
1351 2339 1607 2397 hostiam
1639 2338 1757 2398 Deo
1791 2339 1855 2396 in
1886 2338 2123 2397 odorem
2155 2337 2469 2398 suavitatis
2501 2332 2738 2418 (Ephes.
2771 2345 2826 2406 5,
2864 2333 2958 2419 2):

346 2427 444 2486 cui
476 2445 610 2486 cum
646 2428 818 2486 Patre
849 2432 910 2485 et
943 2426 1174 2503 Spiritu
1220 2431 1422 2486 sancto
1467 2447 1501 2485 a
1545 2427 1910 2503 patriarchis,
1963 2430 2024 2486 et
2072 2427 2394 2503 prophetis,
2446 2429 2510 2485 et
2557 2424 2958 2484 sacerdotibus

344 2522 611 2591 tempore
643 2516 861 2575 veteris
895 2516 1257 2575 Testamenti
1288 2515 1566 2575 animalia
1597 2516 2109 2588 sacrificabantur;
2155 2522 2216 2575 et
2246 2516 2342 2575 cui
2374 2533 2551 2587 nunc,
2592 2514 2655 2573 id
2686 2518 2780 2573 est
2808 2517 2959 2573 tem-

345 2624 491 2682 pore
522 2604 662 2664 novi
694 2605 1073 2675 Testamenti,
1119 2625 1255 2664 cum
1285 2606 1458 2664 Patre
1492 2609 1553 2663 et
1585 2605 1821 2681 Spiritu
1867 2608 2086 2676 sancto,
2133 2624 2268 2664 cum
2313 2605 2532 2682 quibus
2575 2602 2662 2662 illi
2706 2605 2797 2662 est
2839 2621 2961 2662 una

348 2695 650 2764 divinitas,
686 2695 1034 2754 sacrificium
1066 2696 1239 2770 panis
1271 2699 1332 2754 et
1363 2695 1487 2754 vini
1519 2696 1580 2753 in
1613 2695 1729 2753 fide
1774 2699 1836 2755 et
1879 2695 2126 2754 caritate
2157 2697 2360 2754 sancta
2389 2693 2674 2752 catholica
2701 2693 2962 2752 Ecclesia

346 2803 454 2861 per
472 2785 822 2843 universum
842 2785 1043 2843 orbem
1061 2787 1253 2842 terrae
1277 2786 1483 2843 offerre
1515 2803 1635 2843 non
1667 2788 1858 2842 cessat
1890 2829 1904 2842 .
1936 2832 1949 2848 .
1984 2828 1998 2842 .
2032 2785 2102 2842 In
2132 2783 2255 2842 illis
2287 2803 2427 2861 ergo
2458 2781 2778 2853 sacrificiis,
2814 2781 2957 2858 quid

342 2873 516 2932 nobis
550 2877 706 2932 esset
738 2873 1093 2943 donandum,
1128 2875 1378 2950 figurate
1411 2873 1895 2951 significabatur:
1946 2873 2011 2930 in
2061 2873 2168 2931 hoc
2216 2875 2416 2931 autem
2462 2871 2763 2943 sacrificio,
2816 2870 2962 2946 quid

341 2962 515 3020 nobis
539 2964 664 3038 Jam
697 2963 983 3020 donatum
1015 2962 1112 3026 sit.
1146 2962 1451 3021 evidenter
1483 2963 1841 3021 ostenditur.
1903 2961 1974 3021 In
2005 2962 2125 3020 illis
2159 2961 2459 3020 sacrificiis
2490 2959 2960 3037 praenunciaba-

341 3055 445 3110 tur
475 3051 662 3110 Filius
697 3051 800 3110 Dei
832 3070 938 3126 pro
973 3051 1171 3126 impiis
1218 3051 1603 3112 occidendus:
1651 3051 1717 3110 in
1762 3052 1872 3110 hoc
1915 3054 2116 3110 autem
2163 3069 2268 3127 pro
2313 3050 2515 3126 impiis
2562 3048 2962 3109 annunciatur

343 3140 636 3200 occisuS.‘
677 3173 758 3183 -
788 3140 866 3198 Et
895 3140 1396 3217 Augustinus
1430 3144 1659 3216 quaest.
1691 3160 1901 3217 evang.
1932 3141 2008 3210 ΙΙ,
2046 3149 2125 3204 33
2160 3159 2218 3203 n.
2253 3149 2323 3204 5:
2373 3140 2572 3209 ,Istae
2616 3139 2827 3215 epulae
2872 3140 2962 3197 at-

344 3248 462 3303 que
493 3229 787 3288 festivitas
818 3225 953 3308 (pro
984 3228 1183 3288 reditu
1215 3229 1322 3287 filii
1351 3227 1612 3311 prodigi)
1646 3231 2026 3289 celebrantur
2065 3247 2173 3306 per
2201 3230 2404 3290 orbem
2436 3230 2732 3287 terrarum
2763 3227 2963 3286 Eccle-

343 3319 431 3376 sia
462 3318 707 3377 dilatata
736 3320 915 3393 atque
947 3317 1181 3380 diffusa.
1241 3318 1485 3377 Vitulus
1517 3320 1673 3378 enim
1721 3319 1823 3378 ille
1868 3319 1931 3377 in
1978 3336 2223 3393 corpore
2254 3322 2315 3377 et
2346 3316 2636 3394 sanguine
2667 3316 2963 3375 dominico

342 3411 403 3465 et
436 3407 686 3466 offertur
716 3406 878 3465 Patri
910 3409 971 3465 et
1001 3408 1193 3483 pascit
1223 3409 1407 3466 totam
1441 3408 1741 3466 domum.‘

521 3527 587 3593 5.
623 3524 871 3588 Docent
903 3524 1231 3588 Christum
1262 3545 1378 3607 per
1408 3526 1736 3590 ministros
1771 3545 1928 3589 suos
1964 3526 2245 3606 seipsum
2280 3525 2525 3590 offerre.

525 3653 696 3722 ,Etsi
728 3673 886 3712 nunc
916 3653 1199 3723 Christus»,
1245 3655 1446 3730 inquit
1476 3655 1938 3714 Ambrosius
1970 3655 2033 3713 in
2065 3656 2161 3713 Ps.
2198 3664 2276 3720 88
2313 3673 2371 3712 n.
2408 3661 2510 3724 25,
2557 3671 2679 3711 non
2723 3652 2967 3711 videtur

341 3743 575 3812 offerre,
608 3746 806 3801 tamen
837 3743 962 3818 ipse
996 3744 1244 3802 offertur
1273 3744 1336 3802 in
1368 3744 1565 3813 terris,
1599 3744 1837 3819 quando
1870 3745 2089 3803 Christi
2120 3761 2337 3819 corpus
2368 3744 2646 3800 offertur:
2687 3740 2805 3799 imo
2837 3741 2966 3816 ipse

342 3832 552 3890 offerre
584 3831 1001 3890 manifestatur
1031 3833 1093 3891 in
1140 3833 1328 3902 nobis,
1376 3834 1547 3909 cujus
1579 3852 1772 3892 sermo
1806 3833 2138 3892 sanctificat
2169 3831 2541 3900 sacrificium,
2590 3829 2748 3905 quod
2794 3829 2965 3889 offer-

343 3927 519 3988 tur;‘
555 3924 617 3978 et
648 3921 708 3980 in
740 3920 990 3997 liturgia
1020 3922 1166 3980 alex.
1201 3940 1246 3981 s.
1279 3922 1547 3997 Gregorii
1580 3918 1747 4003 (Mig.
1784 3932 1884 3992 36,
1925 3921 2107 4001 703):
2159 3922 2464 3997 ,Dignum
2493 3938 2587 3978 me
2618 3918 2728 3989 fac,
2772 3921 2846 3978 ut
2877 3918 2966 3978 of-

342 4009 615 4068 ferantur
645 4009 801 4068 dona
831 4009 946 4068 ista
976 4030 1011 4067 a
1042 4028 1133 4068 me
1167 4013 1470 4086 peccatore
1500 4013 1562 4069 et
1581 4011 1828 4088 indigno
1851 4029 2022 4070 servo
2043 4015 2180 4070 tuo:
2214 4014 2287 4069 tu
2318 4028 2382 4068 es
2416 4009 2575 4067 enim
2607 4008 2713 4083 qui
2747 4007 2971 4066 sancti-

344 4099 484 4158 ficas
517 4102 579 4157 et
611 4098 1015 4168 sanctificariS,
1063 4099 1165 4175 qui
1201 4101 1375 4159 offers
1408 4103 1469 4158 et
1499 4099 1783 4169 offereriS,
1819 4100 1923 4175 qui
1958 4100 2213 4174 suscipis
2260 4102 2321 4157 et
2353 4097 2693 4173 susciperis,
2725 4096 2831 4172 qui
2865 4096 2968 4155 das

345 4191 405 4268 et
438 4188 659 4250 daris!

525 4309 590 4376 6.
624 4305 1031 4387 Distinguunt
1064 4307 1228 4371 inter
1259 4307 1384 4372 hoc
1415 4306 1798 4370 sacrificium
1830 4313 1894 4370 et
1926 4305 2241 4369 sacrificia
2286 4305 2645 4386 improprie,
2680 4305 2870 4382 dicta,
2901 4310 2973 4368 ut

348 4410 612 4492 Grego
632 4414 810 4477 rius
856 4431 1016 4489 naz.⁹
1066 4413 1174 4495 qui
1219 4420 1565 4496 postquam
1614 4412 1816 4476 multa
1862 4411 2023 4476 dixit
2054 4413 2132 4476 de
2165 4411 2510 4475 sanctitate
2542 4429 2580 4474 a
2616 4410 2749 4476 Deo
2783 4428 2971 4491 prae-

356 4517 599 4599 scripta
630 4518 1076 4584 sacerdotibus
1108 4519 1395 4597 leviticiS‚
1428 4519 1683 4601 subjicit
1716 4537 1807 4582 or.
1842 4519 2006 4600 apol.
2040 4521 2073 4603 g
2109 4524 2225 4589 95:

530 4647 698 4715 ,Hoc
729 4666 862 4706 cum
894 4665 1132 4707 nossem
1164 4647 1435 4724 illudque
1467 4649 1729 4724 insuper,
1778 4647 2074 4706 neminem
2110 4666 2323 4726 magno
2354 4651 2415 4707 et
2446 4648 2565 4707 Deo
2598 4650 2658 4706 et
2690 4647 2973 4706 sacrificio

346 4743 407 4794 et
454 4735 732 4812 pontifice
765 4736 1011 4814 dignum
1045 4755 1189 4808 esse,
1236 4737 1354 4796 nisi
1400 4737 1505 4813 qui
1538 4738 1705 4812 prius
1739 4736 2001 4812 seipsum
2034 4738 2155 4797 Deo
2187 4737 2443 4796 hostiam
2472 4735 2771 4796 viventem
2804 4754 2971 4794 sanc-

347 4833 469 4883 tam
505 4825 846 4884 exhibuerit
973 4873 985 4884 .
1027 4826 1265 4902 Deoque
1297 4826 1648 4885 sacrificium
1679 4825 1876 4884 laudis
1908 4828 1969 4883 et
2000 4825 2276 4901 spiritum
2311 4825 2633 4886 contritum
2667 4824 2973 4895 obtulerit,
