3538 5364
1256 315 1335 370 De
1367 316 1590 371 unitate
1621 316 2025 386 poenitentiae.
2824 325 2950 388 441

333 507 716 566 Innocentius
764 500 851 585 (et
897 522 1074 578 quam
1120 502 1211 561 illi
1241 503 1503 580 theologi
1539 503 1939 563 universalem
1972 502 2156 562 fnisse
2188 500 2605 584 contendunt),
2655 502 2955 562 liberatio-

337 614 472 654 nem
515 615 550 653 a
596 599 884 671 perpetuo
930 592 1113 651 exitio
1160 592 1297 651 data
1342 593 1509 666 quasi
1545 611 1721 668 opera
1753 592 2106 670 neglexisse.
2173 592 2365 662 Quare
2397 592 2606 650 horum
2641 592 2955 651 verborum

337 702 549 745 sensus
580 686 702 743 est:
753 690 824 741 ut
855 680 1194 756 hujusmodi
1229 681 1495 741 homines
1530 684 1708 752 omni,
1744 701 1863 757 quo
1896 688 2163 757 possunt,
2198 681 2465 740 subsidio
2496 686 2558 740 et
2589 681 2802 740 salutis
2831 700 2956 740 me-

334 774 433 832 dio
464 793 498 832 a
530 776 818 848 perpetuo
837 770 1019 831 exitio
1042 769 1450 839 vindicentnr;
1489 772 1648 846 quod
1680 772 1783 830 fiet
1813 791 1881 831 eo
1912 771 2212 831 efficacius
2232 774 2295 830 et
2313 771 2598 840 securius,
2631 788 2750 845 quo
2769 770 2959 846 pluri·

336 864 450 921 bus
481 860 862 921 sacramentis
887 863 1195 935 juvantur,
1237 859 1509 934 quamvis
1543 862 1634 919 vel
1673 880 1861 919 unum
1893 861 2169 924 sufficiat.
2235 860 2326 918 Ad
2373 878 2671 918 summum
2716 859 2957 919 concedi

338 954 558 1027 potest,
596 948 1006 1009 lunocentinm
1043 948 1335 1024 respicere
1368 950 1860 1009 consuetudinem
1910 968 2018 1009 seu
2050 950 2251 1025 potius
2282 950 2557 1021 abusum,
2605 950 2712 1024 qni
2754 952 2961 1008 contra

336 1059 621 1100 canonem
666 1057 824 1100 conc.
857 1038 1088 1096 nicaeni
1137 1037 1435 1113 aliquibus
1482 1039 1542 1097 in
1575 1039 1838 1098 ecclesiis
1881 1039 2365 1115 particularibus,
2418 1057 2538 1097 non
2589 1038 2649 1096 in
2699 1038 2960 1097 Ecclesia

337 1128 784 1189 universali
832 1123 1018 1207 (quod
1070 1127 1280 1185 saltem
1315 1126 1551 1202 probari
1584 1129 1813 1203 nequit,
1861 1128 1930 1187 cf.
1969 1129 2226 1187 Collet
2257 1129 2293 1185 1.
2326 1145 2374 1186 c.
2407 1128 2588 1186 concl.
2622 1124 2743 1206 11.)‚
2793 1127 2959 1186 inva-

335 1220 468 1285 luit,
501 1216 831 1294 denegandi
865 1216 1095 1274 veniam
1125 1214 1449 1274 clinicis
1483 1212 1583 1296 (iis
1617 1218 1743 1279 scil.
1777 1219 1882 1294 qui
1915 1218 1986 1275 ad
2021 1222 2271 1276 mortem
2304 1234 2497 1291 usque
2528 1216 2959 1291 poenitentiam

336 1308 732 1386 differebant),
780 1304 940 1381 quod
975 1304 1358 1364 dubitaretur
1403 1305 1474 1363 de
1522 1307 1867 1366 sinceritate
1899 1306 2319 1382 poenitentiae,
2363 1305 2490 1365 sine
2522 1325 2641 1381 qua
2671 1305 2840 1364 nulla
2870 1311 2962 1363 est

337 1402 714 1473 peccatorum
746 1394 1034 1462 remissie,
1086 1394 1248 1468 ,quia
1279 1412 1488 1470 rogare
1521 1396 1657 1454 illos
1690 1415 1810 1454 non
1844 1395 2048 1455 delicti
2082 1394 2465 1472 poenitentia,
2501 1395 2602 1453 sed
2637 1394 2826 1454 morbi
2860 1413 2960 1452 ur-

336 1486 535 1562 gentis
556 1484 880 1544 admonitio
901 1482 1239 1558 compellit‘,
1272 1489 1342 1541 ut
1362 1483 1634 1559 loquitur
1653 1505 1696 1547 s,
1731 1485 1962 1561 Cypri
1981 1504 2185 1553 anua,
2222 1485 2401 1559 hujus
2433 1484 2630 1560 praxis
2664 1480 2795 1565 (sed
2826 1486 2959 1542 tan-

335 1582 470 1634 tum
501 1575 657 1633 circa
687 1572 908 1649 lapsos)
942 1573 1139 1631 fautor
1186 1570 1302 1651 (ep.
1340 1572 1463 1649 52).
1532 1574 1795 1633 Dicimus
1845 1575 1918 1632 ad
1970 1592 2271 1632 summum
2322 1574 2432 1632 hoc
2480 1591 2654 1649 posse
2702 1573 2958 1640 concedi,

337 1683 533 1740 neque
565 1662 725 1722 enim
767 1663 997 1721 certum
1041 1666 1147 1731 est,
1198 1680 1243 1719 s.
1290 1661 1651 1737 cyprianum
1684 1664 1914 1722 clinicis
1946 1664 2267 1741 denegasse
2297 1661 2730 1721 absolutionem
2761 1682 2796 1720 a
2826 1679 2961 1738 pec·

340 1754 521 1812 catis:
554 1752 709 1811 sorte
740 1750 981 1827 negavit
1010 1752 1247 1809 tantum
1271 1751 1810 1812 reconciliationem
1829 1753 2166 1828 perfectam,
2198 1752 2453 1827 ideoque
2472 1752 2960 1820 communionem,

340 1861 521 1919 qnam
552 1842 816 1918 pontifex
848 1838 1089 1898 omnino
1121 1838 1372 1898 dandam
1421 1858 1549 1900 esse
1592 1843 1872 1901 inculcat.
1935 1843 2150 1918 Ingens
2200 1858 2338 1899 vero
2389 1839 2459 1898 fit
2507 1843 2712 1899 contra
2758 1858 2961 1899 omnes

340 1932 566 2009 logicae
598 1929 835 2008 regulas
870 1929 1078 1999 saltus,
1112 1928 1163 1985 si
1192 1947 1263 1987 ex
1295 1928 1404 1987 hac
1433 1932 1597 2004 praxi
1631 1931 1886 1990 infertur
1916 1930 2121 2001 thesis,
2153 1929 2477 1989 Ecclesiam
2509 1929 2716 2005 primis
2746 1929 2961 1989 seculis

340 2021 473 2098 lege
504 2018 939 2079 universali
971 2017 1345 2093 quorundam
1377 2018 1694 2079 criminum
1725 2021 1843 2079 reis
1876 2020 2043 2078 nulla
2075 2019 2278 2078 habita
2296 2018 2528 2077 ratione
2548 2018 2961 2094 dispositionis

340 2110 513 2185 qnasi
547 2128 583 2167 a
613 2108 795 2186 priori
830 2106 1057 2166 veniam
1080 2107 1421 2183 denegasse,
1456 2109 1616 2183 quod
1647 2114 1850 2169 tamen
1883 2108 2239 2168 contendere
2272 2107 2553 2166 videntur
2586 2108 2786 2183 plures
2818 2107 2962 2166 alio-

339 2200 487 2273 quin
519 2198 740 2258 eruditi
774 2196 1051 2272 theologi.

525 2297 671 2350 457.
705 2285 771 2349 5.
806 2286 1134 2344 Provocant
1153 2285 1428 2347 nonnulli
1461 2288 1724 2366 theologi
1758 2306 1864 2363 pro
1898 2306 2008 2346 sua
2039 2286 2335 2346 sententia
2365 2286 2438 2344 ad
2472 2291 2709 2362 patrum
2740 2286 2962 2345 doctri-

344 2396 482 2435 nam
515 2377 583 2435 de
613 2377 836 2434 unitate
864 2376 1243 2449 poenitentiae
1273 2374 1454 2449 lapsis
1499 2378 1564 2435 in
1610 2381 1913 2453 peccatum
1945 2380 2079 2454 post
2108 2375 2472 2451 baptismum
2507 2375 2846 2450 permissae,
2893 2378 2963 2434 ut

344 2466 483 2525 inde
513 2466 790 2534 inferant,
838 2462 1085 2540 relapsis
1116 2463 1327 2522 saltem
1361 2463 1425 2521 in
1455 2467 1659 2543 gravia
1689 2465 1940 2525 crimina
1970 2466 2240 2525 iteratam
2274 2484 2309 2522 a
2339 2464 2601 2539 peccatis
2632 2464 2960 2523 absolutio-

341 2574 481 2615 nem
512 2554 697 2614 t’uisse
728 2554 1097 2629 denegatam.
1163 2552 1328 2611 Hanc
1376 2556 1775 2627 poenitentiae
1806 2555 2100 2614 unitatem
2131 2556 2431 2613 testantur
2468 2554 2594 2628 jam
2637 2552 2692 2610 H
2709 2571 2740 2610 e
2762 2571 2963 2611 rmae

346 2646 555 2705 Pastor
584 2645 623 2703 l.
661 2653 695 2707 2
729 2642 924 2707 mand.
959 2652 1030 2704 4:
1068 2641 1255 2711 ,Post
1285 2645 1651 2705 vocationem
1683 2645 1851 2705 illam
1883 2663 2157 2723 magnam
2188 2646 2250 2703 et
2281 2646 2542 2702 sanctam
2577 2641 2706 2721 (per
2732 2641 2960 2718 baptis-

344 2731 556 2816 mum),
607 2735 657 2793 si
708 2734 844 2809 quis
896 2735 1163 2791 tentatus
1211 2732 1396 2790 fuerit
1440 2755 1473 2792 a
1519 2735 1753 2794 diabolo
1786 2738 1847 2793 et
1877 2734 2222 2810 peccaverit,
2270 2752 2490 2791 unam
2537 2731 2963 2808 poenitentiam

345 2824 583 2885 habet.‘
649 2823 995 2882 Clemens
1040 2821 1186 2881 alex.
1217 2822 1256 2881 l.
1294 2831 1327 2882 2
1366 2821 1671 2893 Stromat.;
1719 2824 2100 2901 Origenes
2131 2822 2285 2881 hom.
2327 2833 2400 2885 15
2436 2821 2500 2879 in
2532 2821 2738 2890 Levit„
2784 2821 2960 2879 Ter-

344 2913 742 2972 tullianus
788 2911 861 2970 de
905 2910 1128 2986 poenit.
1175 2928 1224 2968 c.
1274 2921 1328 2973 7.
1378 2923 1447 2980 93
1498 2913 1960 2972 Ambrosius
2010 2913 2084 2971 de
2132 2911 2358 2987 poenit.
2402 2912 2438 2969 l.
2486 2920 2518 2971 2
2554 2928 2604 2969 c.
2643 2921 2718 2973 10
2753 2929 2811 2968 n.
2848 2920 2962 2973 95:

346 3002 600 3072 ,Merito
633 2999 1167 3077 reprehenduntur,
1213 2999 1319 3074 qui
1349 3003 1586 3079 saepius
1617 3003 1902 3079 agendam
1936 3001 2365 3078 poenitentiam
2397 3003 2632 3075 putant,
2681 2999 2825 3074 quia
2867 3000 2961 3057 lu-

346 3091 663 3151 xuriantur
691 3092 755 3150 in
775 3090 1022 3148 Christo.
1056 3088 1208 3146 Nam
1240 3087 1293 3146 si
1325 3108 1459 3150 vere
1491 3094 1737 3168 agerent
1769 3090 2214 3167 poenitentiam,
2249 3089 2576 3148 iterandam
2608 3092 2813 3165 postea
2843 3106 2962 3147 non

346 3184 663 3256 putarent:
696 3177 840 3255 quia
870 3178 1029 3237 sicut
1058 3196 1247 3236 unum
1272 3178 1587 3254 baptisma,
1620 3181 1707 3238 ita
1740 3181 1861 3239 una
1894 3180 2273 3255 poenitentia,
2309 3197 2462 3254 quae
2493 3182 2695 3237 tamen
2723 3177 2961 3254 publice

345 3271 549 3346 agitur
578 3273 731 3328 etc.‘
798 3268 878 3330 cf.
912 3267 1260 3327 Morinus
1294 3266 1361 3336 V,
1399 3278 1476 3331 27
1517 3289 1592 3338 s.;
1628 3270 1876 3327 Frank
1911 3269 1976 3337 V,
2016 3281 2048 3331 7
2087 3266 2119 3335 ἓ
2154 3278 2211 3330 2.
2279 3268 2492 3326 Verum

524 3374 590 3420 a.
624 3360 798 3417 effata
829 3358 968 3415 haec
998 3374 1119 3415 non
1151 3356 1224 3414 de
1256 3376 1718 3433 quacunque
1752 3358 2136 3433 poenitent-ia,
2171 3357 2365 3432 qualis
2395 3357 2459 3414 in
2481 3356 2734 3414 Ecclesia
2762 3356 2966 3433 agitur

345 3466 619 3523 quaeque
652 3446 1018 3507 remissionis
1050 3449 1425 3521 peccatorum
1458 3447 1741 3506 beneficio
1788 3447 2062 3516 donatur,
2111 3451 2256 3505 sunt
2299 3445 2705 3522 intelligenda,
2753 3464 2963 3519 seque·

345 3540 557 3596 rentur
586 3536 745 3595 enim
777 3535 1130 3612 gravissima
1159 3534 1449 3593 absurda:
1493 3537 1596 3595 sed
1629 3536 1702 3594 de
1735 3535 2024 3613 singulari
2058 3536 2259 3611 aliqua
2290 3535 2416 3592 scil.
2452 3534 2525 3592 de
2558 3534 2874 3609 publica
2905 3539 2966 3592 et

347 3626 626 3696 solemni3
661 3626 911 3701 ejusque
944 3623 1144 3682 unitas
1176 3627 1271 3682 est
1299 3627 1539 3684 tantum
1564 3625 1721 3701 juris
1755 3644 1863 3683 seu
1892 3624 2094 3701 potius
2126 3622 2577 3682 consuetudinis
2610 3623 2963 3681 ecclesiasti·

346 3733 461 3784 cae,
511 3733 587 3773 ne
634 3733 702 3773 ea
752 3713 1155 3790 poenitentiae
1203 3713 1390 3771 forma
1436 3715 1758 3777 vilesceret.
1824 3713 2158 3782 ,Solemnis
2189 3711 2559 3788 poenitentia
2598 3710 2801 3769 iterari
2845 3729 2964 3769 non

347 3803 540 3874 debet,
573 3803 786 3862 scribit
817 3821 862 3861 s.
894 3803 1211 3862 Thomas
1242 3804 1437 3878 suppl.
1471 3823 1525 3879 q.
1563 3813 1640 3866 28
1677 3823 1725 3861 a.
1764 3812 1819 3871 2,
1853 3806 2098 3878 propter
2128 3802 2275 3860 tria:
2321 3800 2513 3877 primo
2559 3818 2634 3858 ne
2680 3818 2747 3858 ex
2784 3799 2963 3858 itera-

347 3892 512 3951 tione
560 3893 833 3962 vilescat;
886 3891 1146 3951 secundo
1195 3899 1442 3969 propter
1490 3892 2001 3969 significationem,
2053 3891 2197 3967 quia
2228 3889 2525 3968 significat
2555 3889 2962 3964 expulsionem

347 3981 527 4057 primi
558 3981 816 4040 hominis
848 3981 919 4039 de
951 3980 1242 4057 paradis0‚
1276 3999 1428 4056 quae
1467 3981 1648 4039 semel
1679 3984 1918 4039 tantum
1951 3983 2044 4038 est
2075 3980 2257 4046 facta;
2298 3980 2478 4037 tertio
2510 3978 2651 4054 quia
2681 3978 2963 4037 solemni-

347 4070 496 4129 zatio
529 4076 620 4129 est
651 4070 820 4145 quasi
854 4070 1141 4145 quaedam
1174 4069 1462 4144 professio
1496 4073 1784 4146 perpetuo
1816 4070 2241 4144 poenitentiam
2275 4066 2677 4127 conservandi.
2725 4067 2802 4125 Et
2833 4067 2963 4125 ideo

346 4159 582 4218 iteratio
614 4160 983 4219 solemnitati
1017 4163 1369 4234 repugnat.‘

527 4245 594 4313 b.
627 4249 710 4307 Ex
743 4249 850 4306 hac
880 4249 1046 4322 praxi
1080 4248 1296 4306 inferre
1328 4266 1449 4307 non
1481 4249 1638 4317 licet,
1671 4266 1909 4307 cansam
1941 4251 2332 4323 peccatorum,
2377 4244 2481 4320 qui
2512 4247 2751 4320 peracta
2782 4244 2966 4302 semel

347 4337 717 4413 poenitentia
747 4337 999 4396 solemni
1030 4337 1094 4395 in
1126 4337 1328 4396 eadem
1362 4338 1454 4396 vel
1488 4337 1759 4415 graviora
1792 4336 2143 4395 incidissent
2172 4338 2430 4410 peccata,
2481 4334 2664 4392 fuisse
2697 4334 2965 4409 despera-

348 4430 501 4490 tam;
532 4446 670 4484 nam
703 4429 980 4502 poterant
1010 4427 1229 4485 iterum
1261 4426 1505 4485 illorum
1538 4426 1944 4485 remissionem
1978 4424 2279 4499 consequi.

527 4529 593 4578 G.
628 4513 856 4583 Quaero
889 4515 1064 4585 enim,
1100 4534 1242 4574 num
1277 4516 1570 4591 ejusmodi
1602 4518 1939 4591 peccatores
1986 4516 2046 4573 in
2077 4518 2318 4589 peccata
2362 4513 2564 4589 gravia
2594 4512 2809 4588 relapsi
2843 4527 2964 4571 non·

350 4605 659 4680 potuerint
690 4605 887 4663 dolere
920 4605 991 4664 de
1025 4604 1151 4663 suis
1184 4604 1438 4679 peccatis
1471 4623 1537 4663 ac
1568 4605 1990 4680 poenitentiam
2013 4606 2227 4679 agere?
2277 4603 2406 4661 Non
2441 4602 2636 4661 solum
2670 4604 2962 4677 poterant,

352 4692 456 4753 sed
502 4696 565 4752 et
608 4693 925 4764 debebant,
972 4693 1090 4752 imo
1136 4694 1206 4752 ad
1257 4693 1683 4768 poenitentiam
1715 4697 1888 4752 erant
1931 4692 2297 4762 cohortandi,
2345 4690 2654 4760 incitandi,
2702 4690 2964 4766 cogendi.

350 4782 616 4852 Quilibet
646 4783 805 4840 enim
836 4786 1106 4858 peccator
1129 4785 1266 4858 jure
1298 4783 1518 4853 divino,
1554 4783 1684 4858 ipso
1708 4783 1847 4858 jure
1867 4786 2116 4840 naturae
2135 4780 2208 4839 ad
2229 4779 2658 4857 poenitentiam
2678 4778 2965 4855 agendam
