3538 5364
1104 260 1250 315 varii
1276 262 1491 333 gradus
1515 258 1888 332 profectionis
1914 259 2216 316 libertatis.
2859 271 2946 337 83

498 447 657 505 Hinc
698 448 1213 524 Augustinus
1257 468 1348 525 ep.
1389 458 1505 511 157
1557 448 1630 507 ad
1663 448 1847 507 Hilar.
1880 466 1927 506 c.
1964 457 1998 509 2
2033 468 2090 506 n.
2127 457 2195 511 8:
2246 449 2445 517 ,Haec
2477 449 2637 508 enim
2669 450 2947 508 voluntas

318 540 490 595 tanto
522 536 640 594 erit
672 537 933 605 liberior,
975 542 1199 613 quanto
1229 538 1460 596 sanior:
1508 540 1678 596 tanto
1709 542 1912 596 autem
1945 537 2158 608 sanior,
2191 542 2415 613 quanto
2447 538 2684 597 divinae
2714 538 2946 598 miseri-

319 625 557 683 cordiae
590 626 920 702 subjectior
955 669 965 682 .
1000 670 1013 683 .
1047 671 1059 683 .
1095 625 1397 694 Quomodo
1429 627 1585 685 enim
1619 626 1805 685 libera
1835 632 1944 697 est,
1978 626 2074 685 cui
2104 626 2446 687 dominatur
2465 627 2837 703 iniquitas?‘
2866 661 2948 675 --

321 715 463 772 Leo
498 714 659 776 XIII.
705 717 768 772 in
817 715 907 773 lit.
955 716 1175 792 encycl.
1223 716 1294 774 de
1326 715 1602 774 libertate
1634 716 1895 774 humana
1929 725 2028 778 20.
2061 714 2202 774 Jun.
2246 725 2443 780 1888:
2494 716 2733 793 ‚Longe
2780 719 2873 775 est
2916 736 2952 775 a

321 804 580 862 veritate
612 804 911 874 alienum,
930 804 1365 864 interveniente
1388 805 1505 863 Deo
1538 805 1737 863 minus
1776 824 1902 863 esse
1924 805 2141 863 liberos
2161 806 2358 863 motus
2382 805 2781 864 voluntarios:
2815 824 2950 864 nam

322 893 540 951 intima
585 893 649 951 in
690 893 926 952 homine
957 897 1020 951 et
1049 912 1186 952 cum
1215 893 1475 952 naturali
1507 894 1902 969 propensione
1933 911 2268 969 congruens
2300 896 2395 953 est
2424 894 2661 954 divinae
2693 895 2786 953 vis
2817 914 2950 972 gra-

322 982 458 1050 tiae,
494 984 642 1054 quia
672 984 746 1041 ab
778 983 907 1058 ipso
940 987 999 1041 et
1030 983 1216 1041 animi
1246 986 1310 1041 et
1339 982 1667 1041 voluntatis
1696 987 1933 1041 nostrae
1964 988 2202 1042 auctore
2234 988 2450 1054 manat,
2484 1004 2519 1043 a
2552 1002 2670 1059 quo
2701 1003 2794 1043 res
2826 1002 2949 1042 om·

324 1090 427 1129 nes
461 1073 892 1130 convenienter
922 1076 1168 1131 naturae
1200 1090 1343 1130 suae
1375 1074 1709 1131 moventur.
1775 1070 1901 1130 Imo
1933 1071 2126 1149 gratia
2156 1072 2378 1143 divina,
2423 1076 2493 1131 ut
2537 1076 2741 1132 monet
2770 1090 2949 1150 ange-

328 1160 473 1217 licus
505 1161 733 1231 doctor,
775 1161 851 1219 ob
884 1160 1032 1219 hanc
1064 1179 1321 1231 causam,
1371 1158 1531 1235 quod
1574 1179 1609 1218 a
1651 1164 1900 1219 naturae
1932 1160 2138 1237 opifice
2172 1160 2584 1235 proficiscitur,
2632 1162 2778 1221 mire
2810 1165 2954 1221 nata

325 1256 504 1324 atque
537 1255 682 1325 apta
711 1256 806 1308 est
837 1249 908 1307 ad
941 1250 1192 1309 tuendas
1225 1267 1494 1325 quasque
1525 1253 1772 1308 naturas
1805 1249 2354 1326 conservandosque
2387 1269 2598 1322 mores,
2644 1251 2783 1322 vim,
2824 1250 2951 1309 effi-

327 1340 609 1398 cientiam
647 1339 1074 1415 singularem.‘
1144 1338 1225 1400 Cf.
1262 1338 1510 1397 Weiss
1543 1340 1712 1414 Apol.
1744 1339 1850 1397 des
1883 1339 2239 1401 Christenth.
2273 1339 2375 1409 V2,
2421 1350 2558 1402 177.
2590 1337 2634 1422 3

2867 1442 2935 1458 §A

515 1476 616 1527 89.
668 1465 852 1523 Varia
884 1466 1163 1524 libertatis
1192 1466 1483 1541 perfectio,
1513 1498 1603 1509 ——-
1634 1464 1715 1523 Ex
1750 1465 2060 1539 hucusque
2092 1464 2267 1523 dictis
2301 1466 2441 1524 haec
2470 1468 2834 1540 sequuntur:

516 1552 577 1618 l.
610 1554 974 1613 Libertatem
1021 1555 1285 1613 omnium
1326 1554 1703 1613 deterrimam
1749 1558 1813 1612 et
1858 1554 2429 1629 imperfectissimam
2476 1573 2603 1614 esse
2649 1554 2954 1614 damna-

326 1649 582 1705 torum
619 1644 976 1711 libertatem,
1011 1644 1118 1719 qui
1148 1643 1225 1702 ob
1256 1662 1422 1702 suam
1456 1644 1905 1702 irrevocabilem
1934 1663 1969 1702 a
2001 1643 2139 1713 Dec,
2180 1644 2342 1703 sonte
2374 1644 2565 1703 omnis
2598 1643 2756 1712 boni,
2790 1662 2955 1702 aver-

328 1736 558 1793 sionem
593 1734 683 1791 ita
712 1733 1039 1792 confirmati
1070 1736 1133 1791 et
1163 1732 1447 1791 obstinati
1481 1737 1624 1791 sunt
1656 1733 1718 1790 in
1750 1733 1924 1799 malo.
1970 1736 2042 1790 ut
2087 1733 2306 1791 malum
2338 1737 2574 1792 tantum
2607 1733 2693 1791 eis
2726 1733 2961 1809 placeat

329 1827 389 1882 et
419 1825 583 1881 inter
614 1822 768 1879 mala
798 1825 1036 1881 tantum
1067 1822 1282 1898 eligere
1315 1820 1567 1897 possint.

504 1907 574 1977 2.
610 1911 1017 1986 Imperfectum
1049 1930 1175 1969 esse
1220 1911 1557 1970 libert-atem
1602 1909 1865 1969 hominis
1913 1909 2151 1985 lapsi,
2198 1909 2305 1985 qui
2353 1929 2630 1986 persaepe
2676 1911 2953 1987 concupi-

328 2001 588 2060 scentiae
612 2000 919 2058 lenociniis
941 2000 1214 2058 irretitus
1248 2004 1429 2075 atque
1461 1999 1743 2075 deceptus
1775 2017 1811 2056 a
1840 1999 1997 2057 bono
2030 1999 2277 2058 honesto
2297 2001 2587 2059 avertitur
2619 2004 2681 2058 et
2710 2000 2781 2058 ad
2816 2018 2949 2058 sen·

326 2091 529 2148 sibilia
576 2090 693 2165 legi
737 2088 972 2147 divinae
1002 2088 1295 2147 contraria
1326 2089 1601 2148 trahitur.
1671 2089 1792 2146 Hac
1823 2091 2023 2146 tamen
2053 2087 2498 2163 imperfectione
2528 2107 2645 2147 non
2680 2089 2955 2148 obstante

331 2182 531 2255 potest
563 2179 784 2255 eligere
814 2178 975 2236 inter
1010 2178 1167 2236 bona
1197 2182 1259 2236 et
1288 2178 1444 2236 mala
1472 2181 1533 2235 et
1563 2178 1723 2235 inter
1753 2178 1907 2235 bona
1938 2181 2183 2235 naturae
2216 2196 2358 2236 suae
2390 2196 2670 2253 congrua.

509 2265 574 2331 3.
607 2268 746 2326 Jam
778 2267 1090 2343 perfectior
1121 2266 1365 2325 libertas
1395 2271 1486 2325 est
1515 2266 1840 2343 gratiae,
1873 2266 2117 2324 libertas
2150 2266 2416 2341 liberata,
2471 2267 2716 2325 libertas
2759 2269 2954 2341 justo-

332 2378 494 2417 rum:
548 2358 745 2434 gratia
788 2356 945 2415 enim
995 2356 1411 2415 illustrationis
1456 2355 1844 2432 corriguntur
1882 2355 2111 2430 judicia
2159 2355 2303 2413 falsa
2347 2359 2409 2414 et
2453 2356 2834 2431 praejudicia,
2885 2359 2958 2413 ut

331 2448 597 2523 prudens
620 2446 704 2504 sit
724 2446 1098 2515 deliberati0;
1133 2445 1327 2522 gratia
1347 2445 1756 2520 inspirationis
1779 2453 2025 2502 sanatur
2043 2444 2308 2519 palatum
2330 2444 2677 2515 voluntati8‚
2712 2448 2783 2504 ut
2815 2464 2956 2504 sana

334 2537 416 2595 sit
447 2536 692 2605 electi03
727 2535 1051 2610 ampliatur
1082 2534 1429 2603 dominium,
1465 2538 1720 2607 augetur
1744 2533 2099 2592 sufficientia
2130 2534 2370 2592 remotis
2402 2534 2785 2608 compedibus
2818 2552 2955 2592 con-

333 2625 736 2703 cupiscentiae
769 2628 831 2682 et
860 2624 1229 2699 ignorantiae
1261 2628 1324 2682 et
1371 2622 1927 2682 subministratione
1958 2641 2141 2681 novae
2173 2622 2434 2681 virtutis.
2495 2623 2587 2681 Ad
2620 2643 2743 2681 rem
2777 2623 2956 2681 Coe-

337 2717 682 2775 lestinus
728 2734 818 2789 ep.
856 2725 925 2776 21
970 2715 1044 2771 ad
1077 2714 1254 2789 episc.
1287 2713 1510 2772 Galliae
1542 2731 1589 2770 c.
1625 2722 1695 2774 6:
1748 2713 1912 2780 ,Hoc
1943 2714 2153 2788 utique
2184 2713 2403 2771 auxilio
2449 2717 2510 2771 et
2553 2732 2796 2771 munere
2837 2732 2955 2771 non

334 2807 605 2863 aufertur
637 2804 887 2862 liberum
922 2802 1238 2861 arbitrium
1271 2802 1374 2861 sed
1407 2802 1717 2868 liberatur,
1766 2806 1837 2860 ut
1883 2802 1955 2860 de
1988 2802 2297 2861 tenebroso
2329 2801 2611 2869 lucidum,
2659 2802 2731 2860 de
2779 2820 2956 2878 pravo

337 2897 582 2963 rectum,
616 2893 692 2950 de
725 2891 1009 2968 languido
1040 2909 1268 2960 sanum,
1302 2891 1376 2950 de
1409 2890 1792 2967 imprudente
1818 2891 1900 2949 sit
1919 2891 2292 2967 providum.‘
2327 2891 2484 2951 ctu.
2509 2891 2659 2960 93²3
2693 2890 2951 2950 Schee·

334 2983 475 3040 ben
510 2983 547 3042 l.
587 2992 620 3044 3
660 2977 692 3046 ἕ
722 2993 840 3044 170
876 3000 935 3042 n.
960 2991 1075 3044 911
1119 2980 1251 3039 coll.
1286 2980 1321 3041 l.
1361 2989 1394 3042 2
1430 3000 1487 3043 n.
1513 2988 1660 3044 535.
1708 2979 1860 3048 Quia
1889 2985 2088 3039 tamen
2121 2980 2294 3039 homo
2326 2981 2521 3057 gratia
2549 2999 2666 3039 non
2702 2981 2957 3056 perfecte

338 3074 585 3129 sanatur
614 3091 649 3128 a
681 3070 1033 3128 vulneribus
1067 3069 1285 3144 peccati
1315 3069 1650 3145 originalis:
1698 3069 1831 3127 ideo
1865 3088 1972 3144 pro
2003 3069 2186 3128 insita
2217 3069 2405 3127 cuivis
2438 3073 2704 3140 naturae,
2749 3073 2959 3146 utpote

339 3181 405 3219 ex
437 3160 629 3218 nihilo
664 3160 869 3232 factae,
919 3158 1319 3217 mutabilitate
1349 3162 1411 3217 et
1444 3159 1677 3234 reliqua
1709 3159 2220 3235 concupiscentiae
2250 3159 2592 3234 fragilitate,
2639 3159 2808 3217 facile
2854 3159 2956 3218 ad-

341 3250 454 3308 huc
485 3251 549 3307 in
582 3248 861 3325 eligendo
893 3247 1138 3306 deficere
1169 3251 1230 3307 et
1259 3249 1483 3306 malum
1522 3248 1674 3306 bono
1708 3248 2000 3323 praeferre
2032 3250 2246 3323 potest.

513 3350 582 3416 4.
619 3355 870 3413 Felicior
919 3354 1036 3412 fuit
1083 3354 1329 3412 libertas
1380 3353 1906 3430 paradisiaca,
1965 3353 2295 3431 originalis,
2344 3373 2494 3429 quae
2539 3354 2613 3412 ab
2646 3355 2805 3414 omni
2836 3355 2960 3414 sive

345 3445 712 3522 ignorantiae
760 3444 886 3502 sive
932 3443 1438 3518 concupiscentiae
1471 3441 1753 3518 compede
1786 3442 1989 3512 libera,
2037 3443 2229 3519 gratia
2261 3444 2503 3520 insuper
2533 3447 2706 3501 aucta
2737 3444 2959 3502 bonum

339 3535 556 3610 eligere
590 3536 652 3591 et
682 3534 963 3609 perficere
997 3533 1220 3607 absque
1251 3533 1376 3591 ulla
1406 3532 1917 3608 concupiscentiae
1950 3532 2346 3608 repugnantia
2378 3537 2439 3590 et
2470 3533 2821 3591 difficultate
2853 3552 2957 3608 po-

340 3624 478 3680 tuit.
546 3621 700 3690 Quia
734 3640 873 3680 vero
904 3621 1087 3680 solius
1120 3621 1226 3679 Dei
1259 3623 1353 3680 est
1380 3639 1500 3680 non
1536 3639 1706 3697 posse
1738 3639 1992 3697 peccare,
2028 3626 2331 3680 creaturae
2351 3639 2525 3697 posse
2546 3621 2820 3680 deficere:
2853 3641 2956 3698 po-

344 3713 464 3770 tuit
495 3715 559 3770 et
589 3712 696 3769 illa
730 3711 991 3784 deficere,
1026 3710 1206 3786 idque
1239 3710 1460 3768 factum
1492 3729 1619 3769 esse
1654 3710 1904 3769 historia
1937 3711 2122 3770 docet.

520 3816 589 3880 5.
622 3819 815 3886 Quare
838 3817 1178 3876 felicissima
1208 3817 1323 3875 erit
1355 3816 1597 3875 libertas
1628 3816 1965 3893 gloriae,
1997 3817 2187 3887 beata,
2223 3817 2286 3874 in
2318 3837 2436 3891 qua
2467 3820 2635 3875 tanta
2666 3819 2782 3875 erit
2812 3817 2960 3876 visio

350 3907 713 3982 abortusque
747 3906 882 3964 inde
915 3925 1075 3964 amor
1112 3906 1330 3963 summi
1376 3905 1535 3974 boni,
1588 3911 1657 3964 ut-
1710 3907 1869 3981 quod
1915 3906 2222 3982 proprium
2267 3910 2359 3963 cst
2403 3907 2513 3963 soli
2565 3908 2680 3965 Deo
2726 3909 2956 3978 natura,

348 3997 538 4073 'gratia
570 4003 630 4053 et
662 3994 1115 4071 participatione
1147 3993 1441 4053 redundet
1473 3994 1535 4052 in
1566 3994 1787 4063 beatos,
1823 3999 1893 4053 ut
1924 3995 2162 4052 nonnisi
2182 3994 2400 4053 bonum
2427 3995 2612 4052 velint
2635 3999 2816 4069 atque
2836 4015 2956 4053 am-

345 4086 684 4161 plectantur
726 4087 790 4142 et
826 4084 952 4158 jam
997 4084 1254 4158 amplius
1287 4101 1525 4158 peccare
1557 4089 1875 4159 nequeant.
1938 4084 2018 4146 of.
2065 4083 2533 4141 Lombardus
2583 4094 2638 4146 2.
2686 4085 2824 4145 dist.
2862 4095 2960 4148 25.

521 4174 590 4236 6.
630 4173 898 4248 Denique
930 4172 1354 4248 perfectissima
1384 4176 1477 4230 est
1508 4173 1752 4231 libertas
1786 4172 2054 4231 divina
2075 4216 2088 4241 ‚
2120 4175 2190 4229 ut
2222 4192 2326 4247 per
2359 4191 2418 4230 se
2451 4173 2656 4247 liquet,

521 4298 625 4363 90.
662 4294 753 4356 Ex
789 4294 1019 4376 quibus
1052 4295 1348 4358 omnibus
1381 4294 1869 4376 patet‚liberum
1893 4292 2240 4368 arbitrium,
2263 4293 2382 4357 etsi
2403 4294 2753 4357 secundum
2774 4314 2960 4357 suum

343 4403 738 4467 elementum
773 4401 1054 4478 formale,
1088 4408 1403 4483 quatenus
1426 4409 1524 4466 est
1543 4401 1815 4480 eligendi
1836 4400 2121 4474 facultas,
2145 4400 2589 4466 inamissibile:
2611 4401 2961 4464 secundum

346 4510 738 4575 elementum
785 4509 1238 4584 materiale,
1285 4509 1414 4571 scil.
1449 4508 1802 4572 secundum
1837 4504 2316 4587 amplitudinem
2350 4507 2610 4570 dominii
2641 4506 2960 4569 sufficien-

350 4618 600 4698 tiaeque
634 4616 949 4679 virtutem
981 4616 1265 4696 augeri
1296 4622 1361 4679 et
1392 4615 1781 4690 imminui,
1816 4613 2076 4688 intendi,
2108 4613 2323 4694 persici
2357 4620 2420 4676 et
2440 4613 2790 4678 secundum
2813 4613 2962 4695 quid

348 4725 541 4786 etiam
577 4721 856 4786 amitti
890 4740 1094 4802 posse.

2588 4826 2643 4879 6.
