3538 5364
1369 294 1428 345 et
1453 292 1634 347 forma
1663 291 1949 362 baptismi.
2829 303 2953 366 271

343 474 574 537 veritas
625 472 959 553 colligitur.
994 473 1055 539 1.
1089 490 1168 536 ex
1219 472 1451 554 praxi
1502 472 1870 553 baptizandi
1920 473 2205 537 infirmos
2256 479 2320 537 et
2365 474 2804 549 moribundos
2850 476 2959 557 qui

344 587 512 646 certe
572 581 638 643 in
691 597 930 661 aquam
980 597 1109 643 non
1161 579 1720 659 immergebantur.
1783 579 1998 660 Quare
2029 599 2076 642 s.
2111 578 2470 663 Cypriani
2489 599 2529 642 u
2548 602 2578 645 s
2624 583 2957 646 consultus

345 707 380 751 a
398 688 628 767 Magno
645 686 726 751 de
743 687 1138 751 infirmorum
1160 686 1480 768 baptismo
1502 705 1597 768 ep.
1622 691 1707 755 69
1724 688 1803 751 al.
1824 692 1906 756 76
1927 706 1986 750 n.
2012 693 2094 756 12
2108 687 2490 769 respondet:
2531 687 2699 763 ‚Nec
2730 707 2959 771 quem-

345 813 538 876 quam
571 812 839 859 movere
858 793 1068 869 debet,
1089 792 1262 876 quod
1286 793 1536 876 aspergi
1556 794 1656 859 vel
1675 793 1968 876 perfundi
1987 794 2284 858 videntur
2304 795 2496 875 aegri,
2518 815 2663 859 cum
2685 797 2957 876 gratiam

345 900 732 965 dominicam
765 906 1262 982 consequuntur,
1298 900 1556 981 quando
1578 898 1913 981 Scriptura
1945 921 1993 964 s,
2024 919 2141 982 per
2159 900 2554 967 Ezechielem
2575 902 2958 984 prophetam

345 1009 643 1092 loquatur
664 1017 727 1073 et
749 1009 946 1072 dicat:
969 1007 1050 1072 Et
1072 1027 1401 1093 asperyam
1422 1028 1613 1092 super
1630 1029 1734 1072 vos
1754 1028 1987 1095 aquam
2008 1009 2310 1072 mundam
2332 1015 2449 1073 etc.
2472 1010 2602 1093 (36,
2626 1010 2755 1094 25).
2778 1007 2958 1073 Unde

345 1123 611 1198 apparet
644 1117 1084 1198 aspersionem
1116 1135 1373 1199 quoque
1406 1134 1615 1198 aquae
1650 1116 1853 1180 instar
1884 1114 2185 1181 salutaris
2219 1114 2461 1179 lavacri
2482 1115 2771 1180 obtinere
2793 1122 2950 1180 etc«

347 1224 655 1304 Baptismi
685 1243 799 1305 per
831 1224 1273 1305 aspersionem
1312 1223 1448 1305 jam
1497 1223 1735 1288 mentio
1782 1223 1852 1288 fit
1897 1242 1949 1287 c.
1986 1229 2019 1291 7
2058 1223 2093 1286 l.
2139 1222 2471 1287 doctrinae
2513 1230 2717 1305 apost.
2752 1242 2958 1304 nuper

342 1335 611 1410 repert0‚
647 1330 753 1412 qui
786 1329 947 1393 forte
980 1336 1079 1394 est
1108 1347 1234 1392 sec.
1269 1329 1306 1397 1.
1341 1328 1441 1394 vel
1475 1329 1753 1394 ineuntis
1787 1328 1852 1392 11.

516 1455 582 1524 2.
615 1455 776 1518 Eum
808 1452 1025 1518 valere
1058 1454 1231 1518 haud
1263 1448 1580 1519 immerito
1614 1453 1967 1535 colligimus
2001 1473 2078 1519 ex
2112 1452 2249 1516 Act
2284 1460 2342 1529 2,
2375 1460 2480 1530 41,
2526 1453 2635 1517 ubi
2669 1453 2956 1519 refertur.

344 1560 442 1623 die
474 1558 893 1627 Pentecostes
924 1561 1314 1642 baptismum
1345 1561 1667 1643 recepisse
1701 1560 1874 1625 circa
1920 1560 2043 1625 tria
2087 1560 2417 1623 hominum
2451 1558 2664 1637 millia,
2710 1560 2820 1642 qui
2852 1561 2957 1624 vix

345 1686 568 1732 omnes
599 1669 1010 1733 immersione
1042 1666 1348 1749 baptizati
1381 1673 1562 1743 sunt3
1597 1666 1671 1730 cf.
1706 1667 1904 1731 etiam
1947 1673 2045 1742 16.
2077 1671 2178 1735 33.

516 1793 579 1862 3.
613 1791 983 1873 Colligimus
1015 1791 1211 1856 etiam
1243 1812 1321 1857 ex
1344 1810 1440 1868 ec,
1463 1790 1637 1874 quod
1659 1791 1943 1873 alioquin
1965 1790 2264 1872 baptismi
2287 1792 2451 1855 adeo
2473 1791 2818 1857 necessarii
2838 1792 2955 1856 ad-

345 1901 727 1965 ministratio
759 1900 1134 1964 redderetur
1164 1918 1359 1982 saepe
1392 1900 1740 1964 admodum
1774 1899 2044 1963 difficilis
2090 1898 2225 1964 sive
2258 1899 2342 1963 ob
2375 1898 2694 1966 desectum
2727 1916 2955 1981 aquae,

341 2008 474 2072 sive
506 2007 591 2071 ob
627 2006 836 2087 frigus,
868 2008 1002 2073 sive
1034 2009 1119 2073 ob
1152 2008 1707 2090 baptizandorum,
1755 2008 1863 2090 qui
1910 2026 2051 2073 esse
2097 2015 2370 2089 possunt
2420 2008 2693 2074 infantes
2725 2009 2955 2085 tenelli,

340 2133 549 2188 seneS,
580 2115 946 2179 moribundi
978 2122 1116 2190 etc,
1147 2114 1585 2180 infirmitatem
1616 2117 1716 2179 vel
1748 2115 2237 2180 multitudinem.

519 2245 665 2310 309.
701 2240 1246 2310 Demonstratlo
1279 2261 1351 2326 p.
1384 2241 1526 2311 111.
1576 2240 1976 2322 Baptismum
2008 2239 2467 2307 conferendum
2500 2260 2642 2306 esse
2674 2259 2820 2303 cum
2855 2240 2952 2303 in-

343 2348 682 2411 vocatione
714 2346 1013 2410 distincta
1044 2346 1236 2410 trium
1270 2364 1694 2428 personarum
1727 2366 1810 2415 ss,
1842 2345 2174 2411 Trinitatis
2189 2350 2255 2433 ¹),
2289 2345 2604 2425 colligitur

518 2470 581 2537 l.
617 2488 697 2534 ex
729 2469 948 2534 Matth.
982 2474 1086 2541 28,
1127 2474 1236 2538 19:
1300 2468 1534 2532 Eunias
1579 2472 1785 2533 docete
1829 2490 2036 2533 omnes
2062 2477 2292 2555 yenteS,
2339 2473 2727 2556 baptizantes
2756 2493 2856 2534 eos
2890 2475 2950 2533 in

343 2578 586 2639 nomine
619 2576 837 2640 Patris
868 2585 921 2640 et
953 2574 1106 2640 Filii
1136 2582 1192 2639 et
1213 2576 1492 2659 Spiritus
1522 2578 1724 2641 sancti
1745 2599 1765 2639 .·
1797 2577 1967 2642 unde
2000 2578 2157 2642 satis
2190 2578 2360 2642 clare
2394 2576 2707 2658 colligitur
2739 2578 2803 2641 in
2835 2578 2951 2641 ad-

345 2684 766 2748 ministrando
800 2682 1121 2765 baptismo
1154 2684 1316 2749 haec
1349 2684 1612 2747 nomina
1645 2703 1790 2749 esse
1822 2685 2200 2762 invocanda,
2233 2705 2385 2750 nam
2418 2686 2629 2767 plures
2661 2685 2821 2750 alias
2845 2704 2952 2749 sa-

344 2808 488 2854 crae
518 2791 857 2872 potestatis
890 2790 1246 2856 functiones
1277 2790 1694 2873 praescripsit
1718 2789 2010 2856 Christus
2042 2793 2373 2874 apostolis,
2406 2810 2572 2875 quae
2591 2810 2751 2857 sane
2770 2810 2952 2858 exer-

344 2898 584 2962 cendae
617 2904 767 2962 sunt
797 2898 861 2961 in
893 2899 1151 2963 nomine
1185 2897 1319 2973 Dei,
1352 2905 1417 2962 et
1450 2905 1668 2962 tamen
1697 2917 2031 2980 nunquam
2064 2899 2307 2963 addidit
2326 2901 2491 2964 sicut
2513 2899 2615 2964 hic
2636 2918 2748 2965 eas
2768 2918 2952 2964 exer-

343 3003 576 3067 cendas
611 3023 754 3069 esse
787 3005 849 3068 in
882 3003 1141 3069 nomine
1173 3003 1382 3069 Patris
1415 3012 1532 3070 etc.
1566 3004 1753 3085 Quod
1786 3005 1839 3068 si
1874 3005 2035 3070 haec
2067 3025 2197 3070 non
2229 3007 2528 3072 videntur
2548 3006 2860 3082 sufficere,
2882 3015 2951 3070 ut

344 3109 486 3174 inde
521 3110 832 3175 inseratur
861 3111 1049 3192 hujus
1084 3112 1511 3175 invocationis
1559 3113 1912 3178 necessitas
1963 3113 2044 3177 ad
2090 3114 2374 3178 valorem
2420 3114 2741 3196 baptismi,
2774 3132 2950 3178 com-

347 3217 575 3297 plenda
608 3226 706 3282 est
738 3237 965 3283 eorum
998 3219 1313 3300 probandi
1345 3220 1444 3283 vis
1481 3219 1845 3283 traditionis
1884 3221 2203 3301 suffragio.

513 3326 578 3394 2.
615 3325 702 3389 Ex
735 3326 964 3406 praxi
997 3325 1337 3402 Ecclesiae,
1371 3344 1538 3408 quae
1584 3326 1662 3390 de
1709 3326 2011 3408 baptismi
2058 3328 2280 3392 valore
2305 3327 2602 3409 Judicans
2636 3328 2698 3392 in
2730 3329 2953 3411 primis

346 3439 478 3494 erat
510 3431 800 3508 sollicita,
850 3452 1004 3496 num
1049 3434 1102 3495 is
1149 3432 1419 3497 collatus
1467 3432 1656 3498 tuerit
1686 3433 1751 3497 in
1784 3435 2041 3499 nomine
2072 3432 2285 3499 Patris
2318 3441 2382 3500 et
2414 3435 2551 3498 Filii
2583 3443 2648 3499 et
2678 3433 2952 3517 Spiritus

344 3538 559 3601 sancti.
623 3538 718 3602 lta
762 3556 938 3604 conc.
979 3539 1460 3620 arelatense
1512 3559 1566 3602 a.
1604 3545 1732 3608 314
1767 3559 1907 3604 can.
1943 3548 2013 3608 8:
2086 3541 2213 3615 „De
2245 3541 2427 3605 afris:
2490 3542 2661 3623 quod
2693 3544 2950 3624 propria

345 3644 476 3724 lege
509 3664 630 3708 sua
661 3651 940 3722 utantur,
974 3654 1046 3711 ut
1076 3646 1488 3728 rebaptizent,
1521 3647 1781 3728 placuit,
1813 3655 1881 3711 ut
1900 3648 1950 3712 si
1975 3648 2055 3710 ad
2078 3648 2424 3714 Ecclesiam
2448 3649 2674 3731 aliquis
2694 3650 2774 3714 de
2794 3650 2950 3714 hae-

344 3752 465 3815 resi
495 3754 756 3828 venerit,
795 3754 1187 3834 interrogent
1237 3772 1385 3819 eum
1418 3754 1799 3836 symbolum,
1853 3761 1915 3818 et
1962 3756 2014 3818 si
2060 3755 2454 3836 perviderint
2485 3774 2631 3821 eum
2663 3756 2727 3818 in
2760 3755 2951 3821 Patre

348 3866 408 3922 et
437 3857 594 3923 Filio
628 3857 950 3942 etSpiritu
983 3879 1030 3923 s,
1065 3879 1206 3926 esse
1239 3860 1657 3942 baptizatum,
1691 3878 1922 3925 manus
1955 3862 2014 3926 ei
2050 3868 2299 3927 tantum
2332 3863 2716 3944 imponatur,
2749 3871 2820 3927 ut
2841 3881 2949 3927 ac-

345 3964 533 4046 cipiat
564 3964 876 4049 Spiritum
907 3987 956 4031 s.
989 3966 1175 4047 Quod
1211 3968 1263 4030 si
1295 3969 1725 4048 interrogatus
1757 3986 1889 4032 non
1923 3970 2327 4050 responderit
2357 3970 2524 4033 hanc
2556 3970 2949 4044 Trinitatem,

345 4071 747 4152 baptizetur<
819 4074 950 4138 Imo
985 4073 1148 4138 adeo
1181 4080 1357 4139 certa
1391 4072 1506 4139 fuit
1537 4075 1724 4156 hujus
1771 4074 2015 4140 formae
2061 4076 2431 4151 necessitas
2464 4082 2535 4140 ut
2566 4076 2949 4157 Augusti-

345 4199 483 4242 nus
515 4179 596 4245 de
619 4180 789 4262 bapt.
809 4181 846 4244 l.
867 4187 906 4251 6
928 4201 988 4244 n.
1010 4188 1093 4250 47
1119 4189 1417 4247 testetur:
1458 4181 1650 4261 ‚Quis
1683 4183 1902 4259 nescit,
1937 4202 2068 4246 non
2103 4201 2244 4247 esse
2278 4182 2668 4263 baptismum
2699 4183 2948 4258 Christi,

343 4286 393 4347 si
421 4287 619 4351 verba
652 4288 1039 4368 evangelica,
1087 4289 1316 4370 quibus
1362 4289 1726 4372 symbolum
1780 4297 2053 4367 constat,
2103 4290 2227 4353 illic
2259 4289 2616 4354 defuerint?
2680 4287 2805 4354 Sed
2854 4290 2947 4355 fa-

554 4513 589 4576 ¹)
620 4507 866 4563 Notatur
891 4513 950 4563 et
975 4526 1135 4580 prop.
1164 4514 1230 4564 2?
1271 4510 1542 4564 damnata
1581 4513 1654 4564 ab
1695 4512 1825 4564 Ale
1842 4529 1871 4562 x
1890 4528 1924 4563 a
1941 4529 1975 4563 n
1994 4511 2026 4563 d
2046 4529 2074 4564 1·
2091 4531 2121 4564 o
2152 4511 2309 4565 Vm:
2365 4510 2598 4574 „Valuit
2635 4510 2947 4578 aliquando

339 4584 653 4656 baptismus
680 4590 787 4643 sub
813 4590 918 4643 hac
945 4591 1128 4644 forma
1153 4590 1427 4644 collatus:
1454 4591 1514 4644 in
1543 4590 1772 4645 nomine
1801 4589 1985 4643 Patris
2012 4595 2070 4643 et·
2099 4589 2227 4644 Filii
2255 4594 2312 4644 et
2338 4589 2589 4659 Spiritus
2618 4610 2675 4653 3.,
2704 4592 2947 4660 praeter·

337 4666 518 4720 missis
545 4666 701 4722 istis:
752 4668 874 4740 Ego
901 4673 955 4723 te
985 4671 1263 4740 baptizo‚“
1295 4688 1462 4739 quam
1493 4671 1820 4740 opinionem
1864 4671 1975 4739 jam
2019 4673 2185 4723 antea
2216 4673 2617 4740 reproba-verat
2646 4671 2948 4724 Alexan-

339 4746 369 4798 d
388 4764 460 4800 er
488 4750 577 4802 111.
607 4750 665 4802 L.
693 4757 726 4806 3
753 4749 913 4803 Decr.
941 4750 1026 4808 tit,
1056 4760 1124 4806 42
1152 4771 1196 4804 c.
1231 4761 1273 4807 l.

3034 1218 3374 1323 [⁵⁸⁸⁰ss-
