3538 5364
1029 272 1304 341 probatur
1330 288 1397 324 ex
1426 271 1611 325 verbis
1639 270 2024 325 institutionis
2050 274 2108 325 et
2135 291 2175 325 s.
2206 270 2388 327 Pauli.
2889 282 3015 347 307

583 459 851 535 Denique
882 471 951 535 g.
987 457 1224 532 quando
1246 456 1517 516 Christus
1540 456 1832 515 Dominus
1853 456 2245 517 eucharistiae
2269 461 2701 517 sacramentum
2734 459 3020 530 instituit,

401 569 523 609 non
556 549 749 608 solum
781 546 1103 623 apostoIOS,
1151 546 1254 604 sed
1284 548 1472 605 totam
1503 545 1844 616 Ecclesiam,
1889 545 2095 605 fideles
2140 565 2343 606 omnes
2388 565 2581 623 usque
2626 547 2699 606 ad
2748 567 3021 608 consum-

404 639 719 698 mationem
741 635 944 708 seculi,
978 654 1116 711 prae
1150 635 1337 694 oculis
1370 634 1583 694 habuit
1611 638 1674 693 et
1704 634 1766 692 in
1801 636 1907 693 hac
1926 653 2037 693 sua
2053 635 2445 711 praescientia
2463 637 2640 695 verba
2660 638 3022 709 enunciavit,

404 747 554 804 quae
585 727 740 786 vidit
785 745 853 785 ex
899 743 1026 784 sese
1069 724 1154 782 ita
1198 728 1552 800 comparata,
1600 726 1672 782 ut
1716 742 1821 798 per
1865 724 2057 782 multa
2099 724 2310 784 saltem
2344 726 2542 784 secula
2573 744 2753 784 sensu
2783 727 3024 803 proprio

399 820 606 876 essent
624 814 963 890 accipienda
994 833 1028 871 a
1059 813 1335 872 fidelibus
1369 832 1487 872 non
1520 813 1696 871 aliam
1729 812 1805 872 ob
1837 831 2091 885 causam,
2127 834 2303 890 quam
2337 814 2479 889 quia
2509 833 2578 873 ea
2607 814 2791 873 animi
2823 818 3023 893 dispo·

406 907 638 976 sitione,
671 923 852 980 quam
885 904 1008 979 ipse
1040 920 1274 979 semper
1302 902 1514 979 exegit,
1548 902 1847 972 instructi,
1896 902 2185 961 rationem
2219 903 2536 962 humanam
2566 902 2706 963 fidei
2752 909 2815 964 et
2857 924 3023 964 reve-

403 996 631 1054 rentiae
676 1012 816 1070 erga
859 992 1047 1068 ipsius
1085 991 1381 1050 infinitam
1414 992 1796 1050 veracitatem
1843 994 1904 1049 et
1949 992 2443 1068 omnipotentiam
2476 992 2803 1068 subjecturi
2836 998 3022 1066 erant,

402 1085 587 1144 donec
617 1086 930 1143 novatores
960 1080 1150 1157 aliqui
1181 1079 1458 1139 credendi
1490 1080 1843 1139 difficultate
1873 1080 2016 1139 victi
2062 1081 2390 1140 subtilibus
2424 1080 2783 1157 quibusdam
2815 1083 3023 1159 dispu-

403 1173 732 1233 tationibus
765 1189 1006 1230 sensum
1038 1169 1283 1229 obvium
1313 1169 1695 1244 repudiarent
1737 1172 1800 1228 et
1844 1169 2062 1246 figuras
2093 1170 2196 1228 alii
2227 1171 2376 1229 alias
2408 1170 2761 1230 invenirent.
2824 1172 3023 1232 Nihilo

293 1306 296 1309 2
402 1268 603 1321 tamen
635 1262 854 1332 minus,
897 1260 947 1318 si
978 1277 1118 1319 vera
1147 1262 1242 1317 est
1271 1258 1868 1318 sacramentariorum
1901 1259 2263 1335 hypothesis,
2312 1259 2506 1318 voluit
2538 1259 2811 1320 Christus
2846 1261 3024 1320 verba

405 1354 489 1410 ita
518 1354 853 1421 enunciare,
901 1351 973 1407 ut
1016 1348 1219 1406 fideles
1266 1366 1467 1406 omnes
1499 1348 1808 1424 supposita
1838 1348 2159 1407 christiana
2188 1349 2371 1407 animi
2402 1348 2792 1425 dispositione
2822 1368 3021 1409 neces-

401 1441 557 1500 sario
588 1442 884 1500 errarent:
939 1455 1152 1496 sensus
1185 1440 1384 1495 autem
1416 1437 1717 1513 genuinus
1748 1437 1987 1495 nonnisi
2019 1437 2093 1495 ab
2126 1437 2201 1496 iis
2234 1438 2492 1496 inveniri
2540 1442 2761 1513 posset,
2807 1439 2913 1515 qui
2957 1458 3026 1498 ea

406 1532 639 1605 rejecta,
687 1531 758 1587 ut
801 1526 1215 1586 difficultatem
1247 1525 1522 1585 credendi
1553 1527 1898 1603 effugerent,
1946 1527 2127 1585 verba
2158 1526 2265 1585 Dei
2296 1545 2403 1602 pro
2435 1527 2680 1586 arbitrio
2712 1530 3023 1587 consuetae

406 1620 606 1695 legum
636 1617 1016 1694 physicarum
1047 1615 1441 1692 experientiae
1471 1615 1997 1674 accommodarent.
2065 1616 2249 1691 Atqui
2281 1615 2423 1675 haec
2452 1616 2650 1675 omnia
2678 1621 2800 1676 tam
2832 1618 3023 1677 mani-

404 1709 557 1767 festo
588 1708 978 1765 adversantur
1008 1704 1351 1780 sapientiae,
1385 1704 1641 1763 bonitati
1673 1707 1735 1762 et
1764 1704 2070 1763 veracitati
2091 1705 2308 1764 Christi
2330 1705 2760 1780 universaeque
2791 1707 3022 1766 redem-

405 1797 629 1872 ptionis
661 1795 1050 1864 oeconomiae,
1098 1796 1168 1851 ut
1209 1794 1286 1852 iis
1330 1794 1541 1869 positis
1587 1793 1781 1852 omnis
1825 1793 1970 1853 fides
2016 1794 2080 1852 in
2125 1795 2412 1870 mysteria
2442 1796 2934 1869 superrationalia
2965 1800 3025 1855 et

405 1886 613 1962 religio
644 1884 965 1944 christiana
996 1883 1398 1942 subvertatur.
1463 1882 1619 1959 Ergo
1665 1881 1935 1941 Christus
1978 1901 2116 1941 eum
2161 1883 2355 1943 voluit
2400 1885 2716 1944 enunciare
2762 1904 3021 1955 sensum,

403 1994 583 2050 quem
616 1974 798 2033 verba
827 1991 966 2049 prae
999 1989 1062 2030 se
1105 1972 1326 2047 ferunt,
1375 1990 1553 2048 quem
1587 1971 1898 2030 christiani
1930 1990 2133 2030 omnes
2165 1991 2273 2048 per
2303 1972 2494 2030 multa
2524 1974 2724 2033 secula
2755 1993 2824 2033 ex
2855 1994 3020 2034 reve-

406 2064 600 2122 rentia
630 2082 770 2139 erga
802 2063 930 2137 ejus
961 2060 1343 2119 veracitatem
1376 2065 1439 2119 et
1469 2060 1959 2136 omnipotentiam
1989 2061 2371 2119 crediderunt
2406 2055 2488 2143 (n.
2514 2060 2721 2143 335⁸).
2770 2063 2851 2123 Cf.
2883 2063 3025 2123 haec

403 2156 757 2229 argumenta
806 2150 1043 2227 egregie
1092 2150 1395 2226 proposita
1441 2169 1475 2207 a
1520 2148 1674 2211 card.
1722 2149 2132 2208 Franzelin
2182 2150 2266 2208 th.
2320 2161 2389 2221 43
2441 2152 2686 2211 eandem
2735 2153 3021 2212 rationem

406 2246 580 2318 urget
603 2243 729 2317 jam
763 2240 1124 2298 Erasmus
1156 2239 1220 2298 in
1253 2257 1343 2315 ep.
1377 2239 1452 2298 ad
1483 2239 1545 2297 L.
1575 2239 1794 2297 Berum
1829 2258 1879 2301 a.
1917 2247 2101 2302 1529.

587 2383 731 2448 339.
754 2376 1183 2442 Confirmatur
1202 2395 1429 2440 sensus
1444 2376 1802 2440 catholicus
1823 2376 1914 2452 iis,
1937 2394 2102 2458 quae
2124 2375 2359 2440 Paulus
2379 2377 2582 2441 relata
2598 2379 3021 2444 eucharistiae

404 2485 802 2550 institutione
835 2484 1177 2548 occasione
1225 2503 1418 2547 usus
1467 2483 1753 2565 ejusdem
1787 2482 2042 2565 subjicit
2083 2492 2131 2551 1.
2165 2481 2306 2547 Cor.
2348 2489 2444 2559 11,
2480 2490 2596 2552 27:
2632 2484 2849 2568 Itaque
2880 2488 3021 2570 qui-

399 2613 639 2678 cunqne
669 2592 1142 2656 manducaverit
1171 2612 1400 2675 panem
1430 2590 1595 2655 hunc
1640 2593 1730 2655 vel
1763 2593 1979 2655 biberit
2010 2592 2264 2656 calicem
2284 2591 2545 2655 Domini
2574 2592 2845 2675 indique,
2877 2613 3023 2655 reus

403 2702 522 2764 erit
553 2702 830 2783 emporis
862 2708 917 2763 et
947 2700 1279 2782 sanquinis
1312 2698 1586 2762 Domini.
1634 2699 1827 2781 Atqui
1860 2720 1922 2769 a.
1955 2699 2079 2763 dici
2118 2717 2247 2763 non
2279 2704 2493 2781 potest
2524 2700 2890 2763 communio
2922 2701 3021 2764 in-

403 2807 595 2887 digna
623 2807 865 2871 crimen
896 2809 960 2868 in
1002 2824 1234 2887 corpus
1285 2813 1349 2869 et
1397 2806 1775 2886 sanguinem
1835 2805 2088 2870 Domini
2137 2807 2572 2882 commissum,
2604 2808 2656 2870 si
2689 2807 2873 2888 panis
2924 2815 3023 2874 est

399 2913 602 2993 figura
631 2917 884 2977 tantum
916 2912 1206 2994 corporis
1244 2911 1477 2977 Christi
1524 2912 1824 2976 absentis
1891 2910 2063 2978 Sane
2096 2932 2423 2996 nunquam
2456 2913 2759 2977 dicuntur
2782 2914 3020 2995 judaei,

397 3022 509 3104 qui
540 3028 809 3102 peccato
844 3011 1151 3083 maculati
1183 3021 1665 3084 manducabant
1695 3037 1933 3100 agnum
1963 3018 2332 3101 paschalem
2352 3021 2450 3084 vel
2473 3038 2731 3097 manna,
2764 3021 2855 3085 rei
2876 3038 3019 3085 cor-

401 3128 579 3208 poris
610 3126 874 3200 Christi;
921 3126 1023 3190 vel
1058 3126 1167 3207 qui
1197 3126 1494 3208 profanat
1524 3127 1827 3208 baptismi
1864 3144 2120 3208 aquam,
2152 3145 2303 3191 reus
2335 3125 2605 3209 Spiritus
2636 3128 2874 3203 sanoti;
2922 3128 3021 3192 vel

397 3234 510 3316 qui
541 3233 772 3315 injuria
805 3232 997 3297 afficit
1031 3233 1197 3312 regis
1230 3233 1589 3313 imaginem,
1623 3252 1771 3298 reus
1806 3233 2096 3315 corporis
2129 3240 2193 3298 et
2224 3233 2549 3314 sanguinis
2571 3234 2755 3316 regiS,
2788 3235 2902 3299 sed
2920 3233 3020 3297 in-

397 3341 676 3419 juriosus
711 3341 772 3404 in
807 3341 1013 3422 ipsum
1047 3358 1280 3420 regem.
1314 3339 1476 3421 Ergo
1510 3341 1900 3406 eucharistia
1932 3361 2062 3404 non
2084 3347 2182 3406 est
2200 3360 2447 3407 merum
2479 3343 2843 3424 symbolum
2874 3361 3019 3407 cor-

402 3448 573 3529 poris
606 3456 670 3512 et
701 3447 1027 3527 sanguinis
1064 3446 1312 3511 Christi.
1376 3446 1568 3512 Addit
1619 3450 1686 3518 b.
1737 3469 1785 3511 S.
1839 3446 2075 3511 Paulus
2126 3448 2461 3526 rationem,
2516 3468 2716 3530 quare
2766 3450 3020 3530 indigne

403 3556 883 3619 communicans
910 3554 1224 3635 judicium
1255 3554 1376 3617 sibi
1406 3556 1752 3621 manducet
1786 3561 1851 3619 et
1881 3555 2077 3630 bibat,
2114 3556 2264 3637 quia
2296 3574 2427 3619 non
2461 3556 2768 3637 dijudicat
2800 3577 3022 3640 corpus

401 3660 664 3725 Domini
695 3662 1154 3752 (μὴ’διακρῐνων
1188 3671 1253 3730 τὸ
1288 3663 1504 3751 σῶμα).
1539 3663 1704 3744 Ergo
1731 3663 1921 3744 juxta
1952 3662 2334 3744 Apostolum
2354 3663 2742 3727 eucharistia
2774 3665 3021 3727 censeri

397 3769 796 3852 judicarique
830 3770 1020 3836 debet
1051 3792 1276 3854 corpus
1307 3769 1576 3834 Domini.
1640 3771 1799 3835 Hinc
1846 3791 1911 3839 c.
1960 3772 2477 3835 communionem
2529 3770 3018 3834 eucharisticam

400 3886 593 3942 vocat
625 3881 754 3964 (10,
795 3882 898 3966 16)
934 3882 1546 3945 communicationem
1578 3884 1909 3965 sanquinis
1943 3881 2175 3946 Christi
2207 3889 2271 3946 et
2292 3880 2851 3967 participationem
2882 3897 3020 3941 cor-

395 3987 579 4068 poris
613 3987 886 4050 Domini.
920 3987 1004 4053 At
1035 3988 1089 4051 si
1119 3988 1378 4067 sanguis
1412 3994 1476 4050 et
1507 4005 1739 4068 corpus
1761 4005 1830 4051 re
1852 3987 2154 4053 abessent
2175 4006 2214 4050 a
2233 3986 2538 4068 symbolis
2562 3982 3018 4058 eucharisticiS,

407 4092 753 4157 haberetur
785 4094 1041 4176 quidem
1077 4094 1198 4158 fide
1229 4095 1381 4157 unio
1429 4094 1773 4175 spiritualis
1820 4113 1967 4158 cum
2006 4093 2291 4168 Christ03
2339 4112 2417 4156 ea
2449 4099 2665 4156 tamen
2697 4110 2828 4154 non
2860 4091 3017 4154 satis

406 4207 706 4262 accurate
738 4200 1057 4265 diceretur
1088 4201 1590 4265 communicatio
1623 4201 1951 4281 sanguinis
1985 4209 2049 4264 et
2081 4200 2482 4282 participatio
2516 4198 2838 4280 corporis:
2870 4198 3019 4260 hinc

410 4306 752 4388 participes
784 4326 1048 4372 mensae
1069 4308 1556 4372 daemoniorum
1589 4309 1739 4371 dicit
1772 4314 2019 4372 tantum
2048 4309 2191 4390 fieri
2222 4308 2413 4371 socios
2444 4308 2816 4371 daemonum
2835 4325 2891 4367 v.
2915 4310 3016 4372 20.

401 4409 878 4477 ¹Concludamus
924 4414 1112 4495 igitur
1157 4432 1303 4478 cum
1336 4435 1383 4477 s,
1417 4413 1730 4496 Cyrillo
1779 4416 2009 4480 hieros.
2044 4421 2164 4477 cat.
2200 4422 2382 4495 myst.
2417 4419 2459 4481 4
2491 4433 2549 4476 n.
2590 4420 2642 4480 1.
2678 4419 2748 4481 2:
2820 4410 3015 4486 ,Cum

404 4518 591 4597 igitur
623 4520 761 4602 ipse
795 4521 1314 4602 pronunciaverit
1346 4527 1411 4584 et
1443 4520 1671 4584 dixerit
1702 4521 1782 4586 de
1814 4539 2011 4601 pane:
2058 4526 2200 4585 Hoc
2232 4528 2317 4583 est
2348 4541 2575 4603 corpus
2608 4539 2844 4585 meum:
2876 4518 3017 4600 quis

404 4624 703 4708 deinceps
735 4626 996 4692 audebit
1029 4626 1396 4707 ambigere?
1430 4634 1493 4692 et
1526 4647 1671 4690 cum
1708 4628 1841 4708 ipse
1875 4628 2339 4692 asseveraverit
2372 4634 2434 4691 et
2465 4626 2722 4690 dixerit:
2778 4626 2901 4689 Hic
2930 4632 3016 4688 est

403 4752 574 4795 meus
604 4736 903 4816 sanquis:
949 4735 1087 4816 quis
1126 4753 1408 4816 unquam
1445 4734 1845 4809 dubitaverit,
1880 4735 2059 4815 ajens
2093 4753 2220 4797 non
2256 4753 2397 4798 esse
2431 4734 2566 4812 ejus
2599 4733 3017 4812 sanguinem?

2586 4838 2679 4891 20·
