3538 5364
1362 330 1855 386 sacramentorum
1888 331 2090 387 virtue.
2901 344 2939 406 2
2957 344 3029 405 17

392 508 532 570 tivo
565 508 1011 583 instrumenti;
1059 529 1119 579 c.
1153 509 1468 590 particula
1511 510 1683 575 finali
1716 514 1818 588 im
1867 515 1937 580 d.
1972 512 2261 595 synthesi
2293 511 2854 591 subordinationis,
2905 534 3034 598 qua

393 615 912 678 instrumentalis
943 615 1100 678 ritus
1134 632 1280 680 cum
1301 614 1538 698 Spiritu
1560 637 1607 679 s.
1643 636 1761 681 ceu
1797 637 1997 682 causa
2029 617 2342 683 efficiente
2374 619 2658 701 principe
2679 621 3030 702 copulatur.

396 718 603 803 Atqui
647 722 823 786 hisce
857 722 1153 786 omnibus
1200 721 1457 787 habitus
1490 724 1749 789 effertur
1782 743 2019 789 causae
2051 726 2556 791 instrumentalis
2603 734 2666 791 et
2698 728 3035 805 obnoxiae,

397 846 537 910 qua
567 828 865 892 homines
912 837 1385 909 regenerentur,
1432 839 1826 896 renoventur
1873 840 1991 898 etc.
2070 831 2232 913 Ergo
2266 853 2381 915 per
2426 842 2835 899 sacramenta
2866 841 3035 900 tam-

394 953 603 1015 quam
636 954 750 1016 per
780 954 1014 999 causas
1048 937 1566 1002 instrumentales
1600 940 1925 1004 confertur
1956 941 2177 1021 gratia.

585 1044 654 1109 2.
689 1041 931 1107 Eadem
961 1044 1196 1107 veritas
1229 1044 1539 1125 probatur
1570 1064 1648 1109 ex
1682 1048 2033 1111 traditio
2054 1067 2147 1112 ne
2178 1047 2533 1129 symbolica
2553 1048 2682 1111 scil.
2717 1067 2797 1112 ex
2829 1069 3032 1131 sym-

393 1149 438 1212 b
460 1148 582 1213 oli
615 1150 916 1213 articulo:
956 1148 1198 1224 ‚Credo
1233 1171 1431 1214 unum
1451 1152 1775 1232 baptisma
1807 1154 1869 1217 in
1893 1154 2336 1219 remissionem
2359 1161 2826 1235 peccatorum«
2872 1156 3033 1222 Nam

397 1276 486 1321 ex
523 1256 773 1320 duobus
807 1255 1217 1321 alterutrum:
1250 1258 1350 1322 vel
1382 1259 1793 1324 immediatus
1815 1260 2253 1343 baptismiceu
2274 1262 2777 1327 instrumentalis
2798 1283 3036 1329 causae

403 1364 675 1428 effectus
722 1370 819 1427 est
850 1369 1264 1444 peccatorum
1310 1366 1621 1441 remissio,
1675 1368 1846 1449 quod
1881 1374 1979 1431 est
2010 1367 2245 1448 dogma
2276 1369 2694 1446 catholicum;
2728 1372 2830 1435 vel
2861 1374 3035 1437 exci-

399 1471 569 1534 tatio
602 1470 766 1544 fidei,
799 1488 928 1552 qua
947 1471 1268 1536 mediante
1288 1473 1613 1553 potiamur
1632 1473 2013 1539 remissione
2033 1481 2463 1555 peccatorum,
2498 1496 2663 1558 quae
2699 1484 2797 1542 est
2817 1480 3033 1560 opinio

398 1578 924 1658 protestantium.
977 1579 1171 1660 Atqui
1201 1579 1364 1643 haec
1397 1579 1735 1662 explicatio
1773 1581 2153 1645 adversatur
2184 1602 2250 1651 a.
2286 1583 2476 1646 obvio
2510 1584 2853 1648 verborum
2885 1604 3033 1649 sen-

402 1685 543 1757 sui;
577 1684 957 1749 describitur
989 1687 1159 1748 enim
1193 1685 1551 1767 baptismus
1585 1706 1662 1751 ex
1697 1707 1815 1752 suo
1849 1690 2075 1753 effectu
2097 1690 2461 1771 praecipuo.
2496 1690 2708 1754 Causa
2728 1710 2881 1756 vero
2904 1712 3034 1756 non

399 1791 574 1855 solet
607 1791 878 1855 describi
925 1810 1003 1856 ex
1051 1793 1280 1858 effectu
1327 1794 1696 1859 mediato
1730 1802 1796 1860 et
1826 1801 2097 1874 remote,
2144 1797 2258 1861 sed
2292 1817 2372 1861 ex
2404 1798 2715 1879 proximo,
2766 1799 3032 1864 imme-

402 1899 643 1961 diato
677 1905 742 1964 et
770 1900 1047 1980 proprio.
1082 1899 1476 1965 Adversatur
1509 1904 1581 1970 b.
1618 1901 1986 1984 Scripturae
2020 1905 2225 1969 effatis
2258 1905 2393 1968 Act.
2429 1913 2485 1981 2,
2522 1912 2639 1982 383
2674 1912 2776 1982 22,
2819 1914 2896 1976 16
2931 1908 3031 1993 (cf.

398 2007 661 2091 supra);
694 2006 883 2068 Marc.
922 2012 1020 2079 16,
1062 2013 1171 2075 16:
1206 2007 1328 2084 Qua·
1361 2010 1691 2072 crediderit
1723 2018 1779 2072 et
1812 2011 2172 2093 baptizatas
2201 2013 2418 2095 fuerit,
2451 2015 2661 2076 salvus
2692 2016 2810 2076 erit
2824 2038 2853 2093 ,·
2893 2016 3032 2097 qui-

405 2112 535 2175 bus
565 2112 972 2193 significatur,
1007 2114 1326 2195 baptisma
1358 2133 1488 2179 non
1509 2116 1721 2180 media
1753 2116 1894 2192 fide,
1917 2136 2112 2199 quam
2132 2118 2349 2195 exitat,
2383 2120 2495 2184 sed
2528 2120 2650 2184 fide
2676 2121 2811 2201 jam
2846 2141 3032 2202 prae-

398 2219 743 2300 supposita
775 2220 1028 2301 operari
1060 2220 1351 2285 salutem.
1399 2222 1798 2287 Adversatur
1838 2244 1897 2293 c.
1932 2226 2115 2305 praxi
2148 2226 2527 2290 universalis
2558 2226 2880 2293 Ecclesiae
2913 2228 3030 2293 fla-

405 2326 668 2404 gitantis
715 2326 904 2390 fidem
951 2332 1014 2391 et
1059 2327 1521 2408 poenitentiam
1578 2330 1668 2415 (in
1727 2330 1987 2417 adultis)
2036 2338 2184 2395 ante
2242 2331 2542 2411 baptismi
2588 2335 3030 2411 collationem;

407 2433 482 2499 d.
523 2434 705 2514 praxi
737 2433 1281 2514 paedobaptismi3
1329 2434 1381 2497 si
1416 2437 1586 2500 enim
1632 2443 1698 2500 et
1741 2436 2089 2500 infantibus
2133 2437 2584 2503 conserebatur
2613 2440 2936 2522 baptisma
2967 2444 3029 2506 in

401 2539 852 2604 remissionem
871 2550 1303 2621 peccatorum,
1337 2542 1402 2604 in
1422 2543 1650 2624 quibus
1672 2544 1953 2608 excitare
1975 2562 2103 2607 non
2125 2551 2338 2625 potest
2358 2546 2565 2622 fidem,
2585 2549 3030 2614 remissionem

401 2648 655 2727 peccati
702 2647 1026 2728 originalis
1071 2667 1187 2732 per
1230 2667 1300 2713 se
1352 2655 1415 2715 et
1459 2650 1827 2716 immediate
1873 2651 2257 2717 credebatur
2300 2654 2569 2735 operari.
2632 2654 3030 2720 Adversatur

405 2775 469 2824 e.
506 2754 807 2836 baptismi
840 2755 1370 2837 descriptionibus
1423 2763 1486 2821 et
1533 2757 2081 2839 appellationibus
2142 2778 2308 2842 quae
2342 2761 2512 2842 apud
2544 2768 2758 2844 patres
2791 2762 3033 2843 passim

406 2868 778 2938 occurrunt,
818 2882 1090 2945 quarum
1121 2883 1202 2929 ne
1236 2883 1365 2928 una
1396 2865 1653 2947 quidem
1699 2866 1861 2928 illius
1900 2867 2280 2953 (secundum
2312 2869 2765 2953 protestantes)
2800 2869 3026 2932 imme-

403 2968 583 3046 diati,
614 2970 960 3051 praecipui,
991 2972 1232 3054 proprii
1264 2973 1541 3048 ell'ectuS,
1575 2973 1682 3054 qui
1715 2973 1798 3036 sit
1829 2972 1973 3037 fidei
2006 2976 2327 3051 excitatio,
2362 2977 2665 3041 meminit.

585 3100 678 3157 Ita
709 3100 867 3158 enim
897 3120 982 3163 ex.
1004 3120 1092 3178 gr.
1113 3102 1187 3159 ab
1221 3102 1267 3160 Ο
1288 3105 1504 3177 ptato
1537 3102 1880 3161 milevitano
1901 3102 2256 3163 describitur
2287 3107 2357 3164 de
2391 3106 2619 3164 schism.
2640 3106 2846 3166 donat.
2869 3107 2936 3177 V,
2970 3118 2989 3167 1
3017 3128 3030 3165 ε

407 3188 601 3258 ,Quis
648 3189 915 3247 fidelium
960 3191 1201 3256 nesciat,
1255 3192 1557 3268 singulare
1604 3192 1895 3267 baptisma
1939 3193 2237 3252 virtutum
2287 3214 2414 3253 esse
2461 3195 2661 3264 vitam,
2715 3196 3031 3255 criminum

404 3282 678 3349 mortem,
713 3279 1088 3338 nativitatem
1121 3278 1535 3349 immortalem,
1584 3281 1858 3339 coelestis
1897 3283 2066 3358 regni
2098 3285 2613 3357 comparationem,
2662 3285 3032 3344 innocentiae

403 3370 667 3442 portum,
688 3379 1060 3443 peccatorum
1079 3369 1457 3446 naufragium
1474 3373 1500 3427 ’ἒ
1516 3378 1543 3406 ⁴
1565 3404 1650 3413 -—
1674 3370 1715 3428 C
1727 3390 1766 3446 y
1786 3371 1850 3427 ri
1867 3370 1888 3427 l
1905 3371 1924 3428 l
1942 3390 1981 3428 u
1998 3391 2025 3429 s
2060 3372 2333 3431 hierosol.
2355 3373 2579 3432 Procat.
2600 3394 2657 3436 n.
2689 3386 2797 3437 16:
2827 3414 2854 3443 ‚
2870 3376 3030 3451 Mag·

407 3475 554 3514 num
603 3461 697 3514 est
741 3476 882 3515 sane
927 3458 1298 3532 propositum
1355 3460 1459 3517 hoc
1507 3459 1831 3534 baptisma:
1886 3460 2139 3535 captivis
2185 3462 2464 3537 pretium,
2514 3467 2892 3538 peccatorum
2936 3483 3028 3522 re-

408 3545 636 3615 missi0,
670 3564 829 3603 mors
862 3547 1103 3622 peccati,
1136 3548 1365 3606 animae
1398 3549 1781 3625 regeneratiO,
1831 3549 2192 3607 luminosum
2229 3550 2661 3622 indumentum,
2711 3571 2922 3611 currus
2956 3553 3029 3610 ad

412 3635 643 3692 coelum
679 3639 831 3694 etc.‘
898 3636 1053 3713 Lege
1084 3637 1264 3695 etiam
1301 3637 1753 3714 Gregorium
1787 3657 1910 3695 naz.
1944 3657 2026 3696 or.
2064 3650 2143 3701 40
2180 3659 2237 3700 n.
2277 3651 2333 3703 3.
2369 3651 2424 3700 4.

589 3754 652 3824 3.
687 3753 1009 3819 Probatur
1040 3756 1384 3820 traditione
1416 3757 1808 3838 practica.
1843 3756 2162 3823 Constans
2195 3760 2364 3824 enim
2399 3759 2512 3822 fuit
2532 3759 2852 3824 Ecclesiae
2873 3761 3028 3824 doc-

411 3861 597 3936 trina,
648 3860 925 3926 infantes
969 3862 1293 3944 baptismo
1340 3863 1649 3927 mundari.
1713 3864 1909 3946 Atqui
1939 3865 2041 3928 hic
2074 3865 2336 3931 effectus
2382 3885 2513 3931 non
2546 3866 3029 3932 adscribebatur

411 3968 639 4031 merito
673 3968 965 4045 ministri,
1011 3975 1221 4033 ratum
1255 3971 1427 4034 enim
1458 3969 1820 4034 habebatur
1851 3972 2173 4053 baptisma
2218 3973 2299 4037 ab
2332 3973 2657 4038 haeretico
2690 3974 3027 4050 collatum3

411 4092 622 4156 neque
654 4073 993 4139 infantium
1025 4076 1449 4158 dispositioni,
1484 4083 1555 4140 ut
1586 4084 1780 4158 patet.
1828 4078 2168 4161 Reliquum
2201 4098 2350 4160 ergo
2386 4086 2498 4154 est,
2533 4087 2602 4144 ut
2634 4080 3031 4146 adscribere-

413 4188 515 4244 tur
545 4181 668 4262 ipsi
697 4181 860 4245 ritui.
894 4181 1069 4246 Idem
1099 4182 1328 4248 inferre
1375 4184 1522 4249 licet
1555 4203 1633 4248 ex
1668 4187 1851 4266 praxi
1883 4186 2251 4251 conserendi
2283 4187 2591 4250 nonnulla
2624 4194 3031 4251 sacramenta

414 4287 645 4352 adultis
678 4288 1079 4353 moribundis
1111 4290 1406 4354 sensibus
1432 4291 1569 4372 jam
1602 4291 1936 4356 destitutis,

588 4395 657 4463 4.
691 4395 960 4460 Accedit
988 4397 1247 4462 illustris
1279 4404 1604 4480 patrum
1636 4398 1942 4462 doctrina.
1986 4398 2233 4464 Docent
2265 4400 2434 4463 enim
2468 4420 2529 4470 a.
2564 4401 2858 4466 intimum
2892 4420 3033 4464 esse

414 4520 653 4565 nexum
685 4503 853 4567 inter
883 4504 1077 4567 ritum
1109 4506 1646 4570 sacramentalem
1678 4505 1942 4587 ejusque
1976 4506 2289 4569 effectum.

592 4634 780 4701 ,Caro
814 4633 1097 4705 abluitur,
1134 4635 1220 4693 ita
1250 4634 1803 4693 Tertullianus
1837 4635 1908 4692 de
1941 4653 2126 4693 resur.
2159 4635 2352 4692 carnis
2385 4655 2431 4693 c.
2458 4645 2513 4704 8,
2547 4639 2618 4693 ut
2650 4636 2843 4693 anima
2876 4655 3033 4694 ema-

412 4722 680 4792 culetur-3
725 4740 858 4780 caro
889 4723 1159 4799 ungitur,
1205 4727 1279 4781 ut
1309 4724 1506 4781 anima
1536 4726 1943 4792 consecratum
1992 4741 2123 4781 caro
2156 4725 2445 4798 signatur,
2482 4727 2552 4781 ut
2583 4728 2644 4782 et
2675 4725 2870 4782 anima
2902 4745 3034 4783 mu-

411 4811 641 4881 niatnr;
676 4829 809 4870 caro
843 4831 1055 4871 manus
1088 4813 1465 4889 impositione
1499 4813 1909 4884 adumbratur,
1944 4818 2014 4871 nt
2045 4816 2108 4870 et
2137 4813 2333 4871 anima
2364 4812 2590 4888 Spiritu
2623 4813 3032 4882 illuminetnr;
