3538 5364
707 350 838 413 204
1486 337 1670 392 Tract.
1697 337 1849 392 v111.
1877 338 1947 392 de
1974 336 2179 407 gratia.
2207 335 2558 392 concionum

704 547 750 585 s.
785 527 964 585 Paulo
996 527 1159 589 Rom.
1191 537 1284 595 11,
1324 534 1400 588 29
1438 527 1636 600 patres
1666 524 1985 583 inculcant.
2032 524 2239 598 Neque
2271 522 2430 580 enim
2460 522 2787 597 probabilis
2819 527 2911 581 est
2939 522 3150 600 opinio
3182 543 3329 600 quo-

706 616 977 674 rumdam
995 616 1428 691 theologorum,
1464 614 1568 688 qui
1590 616 1803 689 putent
1831 615 2068 688 peccata
2097 612 2193 671 vel
2222 612 2496 670 absolute
2528 611 2738 682 redire,
2772 613 2866 671 vel
2897 613 2947 671 si
2979 631 3100 671 non
3133 614 3331 689 quoad

705 705 1018 769 maculam.
1067 705 1278 762 saltem
1327 702 1521 777 quoad
1567 721 1837 779 poenam,
1890 702 1987 760 vel
2037 701 2245 759 saltem
2280 705 2519 776 peccata
2548 701 2837 777 graviora.
2905 701 2985 762 Cf.
3017 701 3330 761 Maurus

703 814 803 869 qq.
835 794 1011 852 theol.
1043 794 1082 851 1.
1114 793 1194 850 VI
1225 811 1280 868 q.
1317 802 1416 853 86.
1484 791 1651 861 Quod
1701 792 1751 849 si
1798 794 1999 867 patres
2046 789 2299 848 subinde
2344 790 2415 850 de
2460 790 2728 849 reditu
2760 790 3093 866 loquuntur
3124 792 3331 867 pecca·

702 888 924 951 torum,
958 883 1031 940 de
1062 901 1130 940 eo
1165 881 1428 957 intelligi
1461 880 1696 947 debent,
1734 899 1912 954 quem
1946 898 1990 939 S.
2023 879 2340 937 Thomas
2378 891 2412 943 3
2437 900 2492 955 p.
2515 899 2570 956 q.
2595 888 2673 943 88
2708 899 2759 937 a.
2801 891 2821 942 1
2867 883 3037 939 vocat
3067 880 3334 939 reditum

707 972 1032 1030 secundum
1081 970 1257 1045 quid:
1306 973 1602 1044 quatenus
1650 969 1774 1032 scil.
1821 972 2128 1044 peccatum
2160 968 2532 1045 subsequens
2563 987 2632 1027 eo
2663 969 2941 1044 majorem
2975 970 3245 1028 malitiae
3276 972 3336 1027 et

706 1059 1163 1137 ingratitudinis
1196 1078 1337 1136 prae
1371 1078 1433 1117 se
1466 1061 1579 1117 fert
1611 1059 1921 1128 rationem,
1957 1076 2073 1131 quo
2107 1057 2347 1133 saepius
2371 1059 2495 1133 jam
2518 1058 2676 1116 Deus
2707 1059 3002 1132 peccatori
3034 1058 3338 1117 remiserit

707 1153 971 1226 pecc-ata;
1017 1149 1248 1207 ratione
1292 1149 1473 1224 hujus
1520 1147 1759 1224 majoris
1794 1146 2247 1224 ingratitudinis
2279 1147 2431 1205 solet
2461 1148 2619 1205 Deus
2654 1146 2910 1206 subinde
2940 1148 3190 1224 gravius
3223 1167 3336 1224 pu-

704 1239 834 1298 nire
867 1242 1173 1315 peccatum
1206 1238 1577 1310 subsequens
1609 1256 1675 1295 ac
1708 1236 1861 1295 illud
1893 1235 2184 1311 punisset,
2231 1236 2281 1294 si
2328 1236 2496 1294 nulla
2528 1235 2943 1311 praecessisset
2966 1236 3092 1313 jam
3128 1254 3336 1311 pecca·

706 1333 907 1386 torum
939 1326 1228 1386 remissio,
1295 1326 1375 1385 Cf.
1423 1326 1797 1384 Palmieri
1844 1325 1917 1383 de
1950 1324 2169 1400 poenit.
2202 1325 2287 1388 th.
2332 1335 2440 1394 183
2489 1325 2841 1385 Scheller
2873 1326 2928 1388 S.
2961 1325 3016 1385 J.
3051 1326 3336 1389 Zeitschr.

708 1418 806 1475 fiir
836 1418 894 1474 k.
929 1416 1125 1475 Theol.
1167 1425 1286 1479 189
1309 1429 1352 1484 Ι,
1396 1425 1683 1485 19-44;
1719 1414 1943 1473 Sasse
1977 1414 2049 1472 de
2083 1432 2227 1477 sacr.
2260 1414 2414 1472 Eccl.
2446 1414 2522 1483 Il,
2562 1423 2682 1475 220
2720 1432 2795 1476 s8.

892 1550 1036 1602 241.
1073 1536 1566 1604 corollarium
1599 1536 2033 1619 practicum.
2098 1538 2382 1597 Doctrina
2431 1539 2715 1597 catholica
2764 1538 2837 1596 de
2887 1539 3078 1615 gratia
3128 1539 3336 1597 multi-

708 1630 851 1707 plici
882 1629 1115 1687 ratione
1146 1630 1207 1686 in
1242 1630 1448 1705 populi
1484 1628 1796 1687 christiani
1827 1629 2156 1686 utilitatem
2186 1631 2385 1703 potest
2417 1629 2697 1687 converti.
2744 1624 2806 1691 Ῑ.
2839 1629 2926 1687 Ex
2959 1629 3240 1704 dogmate
3271 1629 3338 1685 de

712 1721 1036 1777 necessitate
1061 1719 1288 1794 qratiae
1319 1717 1392 1776 ad
1441 1718 1589 1776 bene
1624 1716 1920 1794 agendum
1954 1736 2230 1792 expresso
2262 1717 2354 1775 J0.
2396 1728 2490 1787 15,
2530 1728 2562 1780 5
2612 1719 2736 1775 sine
2779 1737 2866 1774 me
2908 1718 3056 1776 nihil
3089 1720 3338 1791 potestis

710 1810 902 1883 facere
933 1802 1017 1889 (n.
1053 1803 1162 1887 31)
1210 1807 1487 1884 colligere
1532 1806 1675 1865 licet
1719 1810 1780 1865 et
1827 1806 2082 1864 hominis
2130 1806 2687 1864 infirmitatem
2722 1810 2783 1864 et
2814 1807 3234 1882 impotentiam
3264 1806 3336 1864 ad

711 1915 819 1955 nos
855 1897 1198 1955 salutariter
1230 1896 1657 1964 humiliandos3
1713 1896 1928 1954 salutis
1960 1899 2198 1954 nostrae
2231 1895 2793 1954 celsitudinem
2826 1895 2898 1954 ad
2930 1914 3041 1954 uos
3075 1896 3140 1954 in
3173 1896 3336 1954 illius

711 1984 1052 2061 cupidinem
1086 1985 1459 2054 excitandos;
1490 1986 1717 2062 gratiae
1749 1983 2229 2043 beneficium
2251 2028 2265 2055 ,
2300 1989 2371 2043 ut
2401 2004 2469 2044 ea
2499 1988 2741 2044 strenue
2772 1990 3031 2043 utamur.

901 2089 962 2155 l.
1016 2092 1100 2150 Ex
1149 2092 1254 2150 illo
1302 2092 1575 2169 dogmate
1621 2091 1905 2150 discimus
1952 2095 2201 2150 naturae
2247 2091 2918 2151 imbecillitatem:
2969 2092 3102 2150 sine
3147 2091 3340 2168 gratia

712 2182 870 2239 enim
921 2197 983 2247 a.
1021 2181 1173 2239 nihil
1203 2181 1276 2239 ad
1309 2183 1562 2240 salutem
1596 2184 1868 2256 spectans
1902 2199 2214 2256 possumus
2246 2175 2332 2264 (n.
2370 2191 2446 2243 :30
2482 2176 2617 2260 ss,);
2666 2179 2734 2247 b,
2782 2200 2854 2240 ne
2898 2181 3163 2256 incipere
3209 2180 3337 2256 qui-

713 2271 849 2328 dem
879 2266 963 2350 (n.
1001 2266 1127 2349 33),
1161 2271 1280 2329 imo
1313 2288 1422 2329 nec
1453 2270 1788 2328 desiderare
1820 2271 1916 2328 vel
1946 2271 2205 2346 cogitare
2240 2265 2325 2350 (n.
2367 2265 2487 2350 18),
2534 2269 2715 2345 idque
2749 2284 2813 2333 e.
2848 2270 3206 2346 impotentia
3236 2269 3336 2328 ab·

717 2362 915 2417 soluta
946 2362 1008 2419 et
1045 2360 1286 2436 physica
1319 2360 1429 2439 (th.
1469 2354 1653 2440 178);
1701 2358 1860 2434 quod
1907 2360 1958 2417 si
2003 2356 2071 2423 d.
2118 2360 2374 2417 salutem
2405 2359 2600 2435 gratia
2631 2359 2736 2417 Dei
2770 2358 3073 2417 consecuti
3107 2377 3333 2428 sumus,

713 2469 844 2508 eam
876 2449 1098 2523 absque
1130 2468 1284 2507 nova
1314 2448 1509 2526 gratia
1539 2465 1890 2506 conservare
1923 2449 2016 2506 vel
2047 2448 2205 2506 tueri
2237 2466 2356 2507 non
2387 2466 2704 2522 possumus
2736 2443 2820 2528 (n.
2842 2458 2915 2510 41
2958 2445 3048 2526 s.).
3094 2448 3339 2523 Absque

719 2538 823 2596 Dei
855 2538 1077 2596 auxilio
1125 2553 1188 2601 c.
1236 2539 1382 2597 adeo
1427 2538 1752 2595 imbecilles
1785 2555 2009 2606 sumus,
2057 2542 2128 2595 ut
2171 2555 2280 2596 nec
2323 2538 2683 2596 tentationes
2729 2540 3072 2597 constanter
3103 2537 3335 2595 vincere

715 2646 908 2704 neque
939 2631 1177 2704 peccata
1207 2627 1411 2704 gravia
1441 2625 1832 2687 habitualiter
1862 2643 2064 2685 cavere
2097 2626 2396 2702 possimus
2430 2623 2513 2707 (n.
2548 2636 2624 2690 47
2662 2621 2749 2708 3.),
2799 2644 3003 2686 omnes
3048 2621 3102 2690 f.
3148 2626 3333 2686 nostri

715 2721 983 2788 conatuS,
1016 2717 1169 2776 facta
1198 2717 1292 2776 vel
1325 2717 1575 2775 maxime
1606 2716 1933 2792 splendida,
1967 2716 2090 2774 sint
2120 2734 2331 2774 cursus
2350 2719 2586 2792 praeter
2607 2717 2778 2786 viam,
2801 2716 2945 2775 folia
2964 2716 3092 2774 sine
3115 2716 3331 2792 fructu,

717 2807 941 2881 peccati
974 2806 1303 2864 materialis
1336 2808 1624 2866 rationem
1670 2805 1933 2864 habeant
1979 2800 2063 2887 (n.
2101 2800 2226 2886 55),
2273 2812 2337 2864 ut
2382 2825 2493 2864 non
2535 2807 2817 2883 qlorietur
2861 2807 3049 2865 omnis
3091 2824 3231 2864 caro
3276 2808 3335 2863 in

715 2903 1011 2971 conspectu
1041 2897 1168 2969 ejus
1210 2906 1258 2957 1.
1292 2897 1417 2958 Cor.
1461 2907 1508 2966 1,
1546 2905 1647 2957 29.

894 2999 961 3063 2.
997 3002 1109 3060 Sed
1140 3002 1300 3062 unde
1332 3006 1500 3060 tanta
1531 3001 1926 3076 impotentia?
1974 3001 2045 3058 ln
2077 3000 2282 3077 primis
2312 3015 2374 3065 a.
2407 3020 2476 3058 ex
2506 3000 2642 3059 finis
2677 3001 3188 3061 celsitudine.
3247 3003 3337 3061 Ad

716 3097 840 3148 tam
872 3091 1060 3148 altum
1097 3091 1270 3149 finem
1302 3090 1458 3149 enim
1493 3091 1652 3148 Deus
1685 3090 1933 3148 caritate
1965 3094 2269 3165 perpetua,
2304 3108 2423 3165 qua
2453 3109 2560 3149 nos
2593 3091 2805 3149 dilexit
2834 3087 2939 3170 (Is.
2975 3101 3074 3162 31,
3114 3090 3197 3170 3),
3231 3111 3337 3152 nos

719 3179 1073 3237 destinavit:
1131 3179 1295 3251 Quod
1325 3180 1522 3237 oculus
1553 3198 1668 3237 non
1702 3179 1855 3249 vidit,
1908 3198 2006 3236 nec
2036 3181 2206 3237 auris
2236 3180 2475 3254 audivit,
2509 3198 2610 3237 nec
2641 3181 2702 3238 in
2732 3199 2833 3239 cor
2862 3181 3111 3239 hominis
3141 3200 3336 3241 ascen·

716 3270 822 3343 dit,
858 3287 1005 3344 quae
1031 3270 1415 3343 praeparavit
1447 3269 1606 3326 Deus
1637 3270 1729 3344 iis,
1764 3270 1866 3344 qui
1895 3269 2142 3346 diligunt
2171 3269 2333 3326 illum
2374 3280 2421 3331 1.
2444 3269 2569 3327 Cor.
2606 3278 2661 3339 2,
2701 3280 2768 3339 93
2805 3269 2942 3328 hinc
2972 3288 3048 3328 ne
3079 3271 3338 3347 cogitare

716 3356 959 3432 quidem
980 3356 1340 3416 sufficientes
1373 3376 1580 3415 sumus
1613 3378 1647 3415 a
1677 3357 1852 3416 nobis
1883 3357 2127 3432 aliquid,
2163 3357 2321 3431 quod
2352 3358 2609 3417 salutem
2639 3361 2888 3433 spectet,
2921 3361 3021 3417 sed
3049 3360 3337 3434 sufficien-

717 3448 802 3503 tia
833 3453 1037 3504 nostra
1069 3465 1138 3504 ex
1172 3446 1289 3505 Deo
1320 3455 1399 3505 est
1433 3456 1487 3507 2.
1521 3447 1643 3505 Cor.
1681 3456 1735 3516 3,
1777 3456 1844 3515 53
1894 3446 2026 3503 ideo
2060 3445 2319 3504 donandi
2352 3466 2561 3505 sumus
2591 3446 2767 3505 novis
2800 3448 3008 3516 oculis,
3056 3467 3209 3507 novo
3247 3449 3337 3506 in-

720 3534 964 3593 tellectu
996 3555 1105 3611 per
1135 3535 1390 3612 gratiam
1422 3535 1575 3605 fidei,
1610 3553 1762 3594 novo
1797 3534 1991 3606 corde,
2024 3538 2096 3592 ut
2127 3534 2297 3593 illum
2320 3554 2667 3613 cognoscere
2699 3539 2879 3611 atque
2913 3536 3175 3612 aspirare
3205 3555 3339 3612 pos-

720 3624 925 3693 simus,
975 3624 1533 3683 subministratione
1578 3643 1766 3682 novae
1812 3623 2056 3681 virtutis
2100 3624 2389 3699 novisque
2420 3625 2651 3684 viribus
2683 3643 2835 3700 opus
2884 3629 2995 3696 est,
3046 3628 3120 3684 ut
3168 3624 3341 3684 illum

717 3713 1002 3789 consequi
1034 3714 1337 3772 valeamus
1372 3709 1456 3796 (n.
1494 3723 1549 3775 2.
1584 3722 1664 3776 93
1702 3708 1825 3794 ss.).
1886 3712 2035 3781 Quia
2065 3731 2203 3771 vero
2238 3711 2303 3776 b.
2336 3718 2459 3772 tam
2493 3714 2767 3773 sublimis
2798 3718 2891 3773 est
2920 3717 3127 3774 nostra
3157 3715 3340 3775 desti-

718 3802 880 3860 natio
913 3805 975 3860 et
1006 3802 1255 3871 vocatio,
1288 3803 1619 3877 requiritur
1649 3802 1721 3860 ad
1753 3821 1884 3860 eam
1914 3802 2246 3877 exquisitus
2278 3802 2507 3861 animae
2539 3808 2784 3862 ornatus
2817 3807 2878 3862 et
2907 3805 3129 3873 cultus,
3163 3824 3342 3880 quem

721 3891 847 3950 sola
878 3891 1078 3950 virtus
1113 3891 1338 3968 gratiae
1371 3891 1598 3950 efficere
1631 3895 1692 3949 et
1722 3895 2023 3967 praestare
2055 3894 2270 3967 potest,
2319 3891 2461 3967 quia
2494 3893 2612 3951 Deo
2644 3892 2774 3951 sine
2805 3893 2926 3952 Deo
2959 3894 3190 3969 placere
3222 3913 3342 3953 non

715 3997 1035 4054 possumus
1069 3975 1150 4060 (n.
1188 3973 1333 4062 93);
1379 3981 1556 4038 Pater
1585 3981 1861 4039 coelestis
1906 3981 1981 4039 iis
2026 3985 2262 4039 tantum
2296 3980 2628 4039 delectatur
2656 3980 2972 4051 fructibu8‚
3018 4001 3167 4058 quos
3214 3984 3341 4058 ipse

720 4069 876 4127 sevit
921 4074 984 4127 et
1027 4069 1176 4144 justi
1223 4089 1342 4145 qua
1378 4070 1655 4145 palmites
1687 4069 1835 4127 vitis
1868 4068 2085 4138 ferunt,
2120 4090 2271 4146 quae
2302 4074 2397 4129 est
2427 4070 2693 4129 Christus
2726 4071 2818 4129 Jo.
2860 4081 2957 4140 15,
3001 4083 3025 4134 1
3066 4090 3144 4134 ss.
3208 4072 3342 4130 Alia

719 4172 779 4220 (3.
814 4157 979 4216 radix
1012 4159 1381 4216 necessitatis
1417 4159 1625 4216 auxilii
1658 4158 1848 4216 divini
1880 4162 1972 4217 est
2004 4178 2144 4217 sane
2175 4160 2354 4218 etiam
2388 4159 2703 4217 infirmitas
2734 4162 3037 4219 contracta
3066 4179 3172 4237 per
3203 4179 3340 4219 con-

718 4246 1161 4322 cupiscentiam,
1196 4264 1348 4321 quae
1379 4250 1697 4306 consecuta
1728 4250 1822 4305 est
1852 4252 2156 4322 peccatum
2190 4249 2478 4325 originale
2510 4247 2592 4325 (n.
2627 4243 2757 4329 48),
2792 4248 2951 4307 unde
2983 4249 3175 4325 liquet
3204 4268 3343 4326 gra-

721 4335 874 4394 vitas
908 4336 1108 4393 damni
1138 4336 1321 4412 hujus
1353 4337 1595 4410 peccati.

899 4438 962 4506 3.
1008 4442 1093 4499 Ex
1139 4442 1229 4500 his
1276 4442 1552 4518 sequitur
1592 4458 1656 4505 a.
1692 4443 2013 4502 maximum
2045 4461 2176 4502 esse
2208 4444 2434 4521 gratiae
2466 4443 2946 4502 beneficium
2978 4447 3210 4503 attenta
3241 4463 3343 4503 na·

721 4535 890 4588 turae
921 4531 1155 4590 vilitate
1187 4532 1439 4607 finisque
1471 4532 1661 4590 nostri
1693 4532 2066 4604 celsitudine,
2099 4532 2171 4591 ad
2206 4552 2381 4610 quem
2412 4533 2892 4608 consequendum
2917 4534 3123 4608 juvat:
3156 4551 3345 4608 eoque

724 4620 910 4695 majus
956 4617 1027 4683 b.
1076 4639 1194 4695 quo
1240 4621 1444 4678 minus
1492 4621 1644 4680 illud
1676 4622 1906 4680 viribus
1938 4625 2186 4680 naturae
2219 4623 2290 4680 de
2336 4641 2617 4698 congruo,
2664 4622 2889 4681 nedum
2933 4623 3005 4680 de
3049 4620 3347 4698 condigno

722 4726 960 4779 merere,
996 4709 1116 4767 imo
1148 4727 1255 4766 nec
1285 4709 1607 4786 impetrare
1639 4729 1959 4786 possumus
1993 4710 2100 4788 (th.
2141 4713 2322 4791 187);
2364 4729 2482 4786 quo
2515 4711 2702 4788 magis
2733 4730 2801 4770 eo
2833 4715 3078 4787 propter
3107 4714 3351 4787 peccata

722 4797 955 4874 indigni
987 4816 1209 4857 sumus⁸
1275 4797 1465 4867 Quare
1507 4814 1565 4863 c.
1597 4817 1716 4874 qua
1747 4800 2141 4859 aviditate
2171 4800 2366 4877 gratia
2397 4803 2491 4858 est
2521 4801 2880 4875 expetenda3
2926 4820 3046 4876 qua
3086 4800 3351 4878 grati-
