3538 5364
1441 285 1521 340 De
1549 287 1854 341 coelibatu.
2816 293 2947 356 543

333 470 739 551 impositione
771 466 1215 542 conferantur3
1259 483 1437 530 conc.
1471 485 1627 532 vero
1662 467 2208 531 tridentinum
2257 485 2411 531 sess
2454 473 2532 536 14
2564 484 2616 535 c.
2649 473 2689 537 3
2723 467 2802 532 de
2835 486 2947 531 ex-

335 584 540 640 trema
570 582 739 640 unct.
773 574 1143 640 sacerdotes
1176 573 1331 637 dicit
1383 573 1538 646 „rite
1585 573 1918 639 ordinatos
1963 592 2078 655 per
2122 573 2595 656 impositionem
2636 591 2947 638 manuum

334 683 783 765 presbyterii‘3
818 689 881 746 et
913 681 1070 746 Leo
1102 680 1255 757 XIII,
1293 681 1355 743 in
1387 681 1472 744 lit.
1507 688 1711 761 apost.
1747 681 1827 744 de
1861 681 2132 745 ordinat.
2166 681 2389 760 anglic.
2430 685 2525 749 13.
2548 678 2720 761 Sept.
2747 686 2947 749 1896:

340 786 629 863 ,Ordinis
661 789 1028 854 conferendi
1060 788 1347 863 materia,
1395 787 1613 870 inquit,
1645 794 1962 869 quatenus
2013 789 2138 851 hoc
2187 788 2328 852 loco
2375 806 2445 852 se
2492 787 2605 851 dat
2650 788 2947 851 conside-

333 896 623 972 randam,
657 900 756 959 est
806 913 1116 958 manuum
1165 894 1544 976 impositio«
1614 893 1798 957 Prior
1846 894 2166 958 sententia
2216 893 2643 958 exclusive
2693 902 2949 976 sumpta

329 1009 503 1066 certe
553 1000 806 1067 defendi
856 1002 1092 1082 nequit,
1139 1018 1287 1064 cum
1335 1009 1713 1080 argumenta
1762 1000 1960 1064 allata
2009 999 2461 1065 necessitatem
2523 1000 2949 1082 impositionis

331 1126 638 1173 manuum
686 1127 802 1189 pro
855 1106 1277 1172 ordinationis
1325 1107 1542 1171 valore
1593 1106 1857 1170 omnino
1910 1107 2225 1170 evincant.
2288 1105 2528 1170 Verum
2574 1113 2639 1171 et
2678 1108 2948 1171 alteram

333 1215 758 1280 exclusive
790 1214 1041 1279 detendi
1073 1233 1209 1277 non
1241 1232 1432 1295 posse
1465 1232 1596 1277 non
1617 1214 1868 1291 desunt,
1903 1215 2011 1296 qui
2032 1215 2313 1278 sentiant
2334 1212 2417 1277 ob
2438 1213 2703 1295 Eugenii
2723 1216 2948 1280 decre-

331 1327 486 1397 tum,
520 1322 689 1404 quod
723 1329 855 1387 tam
906 1321 1029 1386 levi
1079 1339 1294 1396 manu,
1345 1321 1499 1384 illud
1549 1339 1691 1385 esse
1742 1328 1992 1384 tantum
2044 1321 2530 1386 instructionem
2581 1323 2948 1402 practicam.

327 1428 559 1509 negligi
588 1435 883 1510 nequeat,
915 1445 1062 1492 cum
1095 1428 1379 1509 alioquin
1413 1428 1696 1508 theologi
1727 1429 1791 1491 in
1825 1447 1894 1492 re
1925 1427 2434 1492 sacramentaria
2466 1427 2792 1493 decretum
2826 1428 2949 1490 hoc

327 1553 564 1614 magno
598 1535 898 1599 invocent
928 1551 1266 1599 consensu.
1300 1534 1516 1614 Quare
1550 1534 1688 1597 aliis
1708 1533 2135 1617 praeferenda
2154 1533 2403 1598 videtur
2418 1535 2608 1599 tertia
2628 1535 2949 1600 sententia

328 1643 396 1706 in
428 1642 612 1724 praxi
632 1642 894 1706 omnino
916 1640 1255 1718 servanda,
1276 1649 1619 1723 utrumque
1640 1641 1769 1704 scil.
1792 1641 1983 1704 ritum
2006 1659 2123 1705 seu
2142 1641 2619 1721 impositionem
2640 1659 2947 1705 manuum

325 1748 902 1814 instrumentorum
936 1748 1280 1812 traditione
1314 1753 1573 1811 auctam
1607 1754 1671 1811 et
1702 1747 2168 1828 expressiorem
2200 1746 2519 1811 redditam
2539 1766 2655 1829 pro
2677 1749 2949 1813 materia

326 1856 658 1921 essentiali
688 1857 753 1919 in
785 1854 1070 1920 Ecclesia
1104 1854 1486 1920 occidentali
1517 1872 1659 1919 esse
1691 1853 2090 1929 habendam;
2142 1871 2272 1936 qua
2303 1855 2753 1936 conjunctione
2785 1853 2948 1918 diffi-

325 1961 619 2038 cultates,
653 1981 819 2045 quae
852 1964 918 2027 in
949 1964 1159 2045 prima
1191 1968 1258 2028 et
1290 1963 1494 2027 altera
1524 1963 1846 2028 sententia
1877 1968 2246 2038 occurrunt,
2276 1962 2578 2026 vitantur.
2640 1961 2826 2041 Quod
2857 1963 2949 2027 ita

326 2071 650 2152 expressit
664 2071 744 2135 de
763 2071 937 2152 Lugo
953 2075 1022 2158 ¹):
1051 2071 1392 2151 ,Quamvis
1405 2071 1726 2153 impositio
1739 2088 2049 2133 manuum
2069 2087 2216 2134 cum
2237 2070 2443 2133 forma
2461 2069 2951 2150 proportionata

327 2176 668 2255 sufficeret,
699 2185 894 2260 prout
925 2177 1156 2243 sufficit
1189 2178 1361 2260 apud
1394 2195 1692 2258 graecos:
1739 2178 1891 2260 quia
1937 2184 2156 2242 tamen
2187 2176 2472 2240 Ecclesia
2516 2176 2718 2239 latina
2748 2177 2950 2240 voluit

327 2283 640 2348 adhibere
671 2285 1012 2348 materiam
1045 2291 1109 2350 et
1140 2284 1413 2348 formam
1446 2285 1650 2365 magis
1683 2282 2064 2365 explicitam,
2100 2283 2370 2347 noluit
2413 2280 2739 2362 complere
2772 2282 2948 2346 ordi-

327 2392 665 2455 nationem
697 2391 760 2453 in
793 2408 1105 2454 manuum
1125 2389 1552 2471 impositione,
1584 2396 1648 2454 et
1667 2389 1813 2455 ideo
1835 2407 1968 2453 non
1988 2387 2304 2470 profertur
2324 2394 2478 2451 tunc
2498 2387 2722 2465 forma,
2742 2388 2949 2453 donec

327 2496 686 2577 explicetur
717 2497 921 2577 magis
954 2497 1226 2561 materia
1260 2496 1571 2560 tradendo
1604 2513 1840 2577 panem
1873 2503 1939 2560 et
1957 2496 2173 2559 vinum
2195 2501 2331 2572 etc.,
2365 2501 2515 2559 tunc
2548 2502 2765 2559 autem
2797 2514 2948 2577 pro-

327 2603 531 2668 fertur
550 2604 787 2667 forma:
811 2603 1043 2687 Accipe
1064 2610 1451 2685 potestatem
1474 2602 1782 2668 offerendi
1801 2601 2183 2666 sacrificium
2203 2607 2339 2678 eto,
2361 2619 2528 2684 quae
2548 2599 2756 2665 forma
2775 2603 2946 2667 cadit

326 2731 529 2793 supra
563 2717 766 2775 totam
798 2712 1136 2776 materiam
1168 2711 1663 2793 praecedentem
1683 2717 2090 2774 constantem
2112 2728 2191 2774 ex
2212 2727 2521 2773 manuum
2539 2709 2946 2791 impositione

327 2824 400 2882 et
434 2818 775 2882 traditione
808 2819 995 2899 panis
1029 2826 1094 2883 et
1125 2820 1270 2893 vini,
1304 2836 1473 2901 quae
1507 2818 1747 2881 faciunt
1780 2817 2120 2881 materiam
2152 2817 2518 2896 integram<

512 2938 594 3002 57
606 2939 660 3001 7.
697 2935 1047 3003 Scholion
1082 2935 1164 3004 V.
1212 2933 1310 2998 De
1342 2934 1657 2997 coelibatu.
1680 2974 1762 2983 -
1787 2932 2109 2997 Ecclesiae
2141 2932 2410 2996 ministri
2440 2932 2640 2995 sacris
2673 2950 2788 2997 seu
2806 2950 2947 2995 ma-

319 3041 575 3123 joribus
606 3041 835 3106 initiati
867 3041 1196 3105 ordinibus
1229 3041 1264 3104 i.
1301 3060 1353 3105 e.
1386 3040 1766 3105 subdiaconi
1813 3040 1969 3126 (non
2019 3046 2236 3104 tamen
2284 3056 2540 3120 semper
2571 3044 2635 3102 et
2665 3037 2947 3125 ubique),

329 3148 606 3225 diaconi,
638 3148 996 3232 presbyteri
1029 3155 1094 3213 et
1126 3149 1409 3231 episcopi
1441 3148 1523 3212 ad
1557 3149 1946 3213 servandum
1979 3147 2367 3212 coelibatum
2416 3148 2507 3233 (in
2539 3147 2822 3211 Ecclesia
2852 3148 2947 3212 la-

329 3255 492 3340 tina)
526 3253 907 3334 obligantur.
956 3255 1117 3319 Cum
1149 3273 1305 3320 vero
1340 3254 1695 3319 coelibatus
1729 3253 1832 3318 lex
1867 3271 2066 3319 exosa
2086 3256 2167 3319 sit
2187 3254 2604 3319 novatoribus
2624 3272 2749 3320 sec.
2770 3254 2947 3330 XVI,

326 3360 652 3443 quaedam
683 3361 768 3425 ad
802 3379 946 3425 eam
979 3361 1430 3426 vindicandam
1463 3362 1796 3444 synoptice
1828 3378 2280 3442 proponemus,

512 3470 572 3538 l.
621 3467 987 3532 Coelibatus
1019 3469 1307 3532 innititur
1338 3469 1629 3549 exemplo
1665 3467 1900 3532 Christi
1948 3476 2010 3533 et
2043 3468 2516 3549 apostolorum,
2563 3468 2671 3550 qui
2715 3467 2949 3533 relictis

279 3568 282 3571 ’
328 3574 649 3652 omnibuS,
697 3575 892 3639 etiam
925 3574 1263 3650 uxoribu5‚
1314 3576 1519 3639 secuti
1565 3581 1714 3639 sunt
1746 3572 2069 3638 Christum
2101 3573 2294 3639 Math.
2334 3580 2435 3651 19,
2482 3581 2583 3644 27.
2618 3580 2741 3650 29;
2789 3594 2948 3657 qua-

327 3687 592 3763 propter
636 3681 809 3746 nulla
855 3682 922 3745 in
967 3682 1346 3764 antiquitate
1379 3700 1656 3745 uxorum
1707 3689 1772 3746 et
1803 3682 2080 3745 filiorum
2114 3681 2555 3763 apostolorum
2587 3680 2658 3746 fit
2689 3682 2947 3745 mentio.

509 3813 701 3882 Quare
735 3813 1287 3871 Tertullianus
1322 3813 1392 3871 de
1425 3831 1656 3890 monog.
1683 3831 1730 3874 c.
1754 3822 1822 3877 8:
1858 3814 2146 3882 ‚Petrum
2178 3814 2371 3872 solum
2403 3813 2639 3872 invenio
2670 3811 2949 3869 maritum

329 3921 438 3977 per
483 3920 715 3960 socrum
751 3945 763 3957 .
799 3947 810 3960 .
845 3945 860 3959 .
922 3902 1173 3973 Ceteros,
1223 3921 1355 3961 cum
1404 3902 1651 3961 maritos
1683 3921 1803 3961 non
1836 3902 2092 3972 inveni0,
2140 3906 2244 3961 aut
2290 3902 2580 3978 spadones
2613 3900 2949 3977 intelligam

329 4008 566 4050 necesse
596 3994 690 4049 est
721 3995 826 4049 aut
856 3992 1304 4062 continentes;‘
1337 3994 1398 4050 et
1429 3991 1484 4049 H
1503 3991 1713 4050 ieron
1733 4011 1951 4068 ymus
1986 4011 2031 4050 c.
2064 3991 2260 4050 Jovin.
2293 3991 2338 4061 Ι,
2378 4001 2490 4054 26:
2540 3990 2948 4065 ‚Quamquam

327 4083 572 4157 excepto
603 4081 869 4156 apostolo
902 4081 1077 4139 Petro
1108 4099 1228 4139 non
1261 4081 1339 4139 sit
1367 4080 1682 4139 manifeste
1715 4081 1967 4139 relatum
2003 4080 2076 4138 de
2106 4080 2240 4139 aliis
2273 4080 2575 4155 apostolis,
2609 4078 2771 4154 quod
2802 4097 2947 4137 uxo·

328 4187 422 4227 res
455 4168 786 4239 habuerint,
833 4172 895 4227 et
941 4187 1073 4227 cum
1119 4169 1191 4228 de
1237 4188 1359 4228 uno
1405 4170 1688 4244 scriptum
1733 4170 1814 4228 sit
1857 4189 1922 4228 ac
1967 4170 2039 4227 de
2073 4170 2278 4228 ceteris
2309 4170 2576 4238 tacitum,
2611 4167 2948 4244 intelligere

552 4360 588 4425 ¹)
617 4355 697 4409 De
743 4372 957 4411 sacram
1003 4356 1064 4409 in
1109 4375 1235 4425 gen.
1277 4357 1426 4427 disp.
1466 4365 1497 4412 2
1538 4375 1578 4410 s.
1609 4367 1654 4412 5.
1710 4358 1792 4410 Cf.
1839 4358 2243 4410 Gutberlet
2284 4355 2609 4409 Zeitschrift
2652 4357 2744 4408 fiir
2786 4354 2946 4407 kath.

331 4435 526 4491 Theol.
554 4435 710 4489 XXV
738 4439 936 4507 (1901),
965 4442 1265 4500 Sal—634,
1293 4436 1394 4504 qui
1421 4437 1658 4490 eandem
1688 4436 2028 4491 sententiam
2057 4437 2137 4489 ita
2165 4436 2465 4506 exprimit:
2504 4437 2574 4489 So
2616 4436 2693 4489 ist
2717 4435 2810 4489 die
2838 4438 2947 4487 tra-

331 4515 475 4570 ditio
503 4515 1015 4570 instrumentorum
1061 4518 1170 4570 mit
1212 4518 1376 4573 ihren
1421 4518 1796 4587 beziiglichen
1842 4517 2106 4572 Formeln
2150 4516 2242 4570 die
2288 4516 2452 4571 Form
2495 4515 2586 4568 fiir
2625 4513 2716 4568 die
2758 4514 2948 4567 Hand-

330 4595 652 4667 auflegung
677 4598 761 4651 als
789 4595 1042 4660 Materie,
1069 4597 1177 4651 mit
1203 4598 1302 4651 der
1329 4598 1407 4651 sie
1435 4597 1528 4651 ein
1555 4597 1924 4651 moralisches
1952 4596 2167 4649 Ganzes
2196 4596 2392 4649 bildet.
2438 4595 2586 4650 Oder
2611 4594 2703 4648 die
2730 4594 2947 4655 VVorte,

335 4674 546 4729 welche
573 4675 666 4729 bei
692 4675 793 4728 der
818 4674 1214 4748 Darreichung
1254 4678 1605 4748 gesprochen
1646 4676 1890 4739 werden,
1931 4674 2060 4728 sind
2090 4674 2252 4729 Form
2294 4675 2385 4727 fiir
2424 4674 2517 4727 die
2562 4674 2799 4727 traditio
2828 4675 2946 4727 und

331 4753 512 4809 durch
540 4754 621 4807 sie
651 4754 743 4807 fiir
769 4754 861 4808 die
891 4754 1428 4826 Handeaufleguug.
