3538 5364
556 230 643 294 80
1353 218 1539 272 Tract.
1566 217 1716 273 VIlI.
1742 217 1814 271 de
1840 217 2031 289 gratia
2057 216 2386 272 sufficienti.

554 407 717 467 omni
745 405 1014 465 adhibita
1042 404 1356 482 diligentia
1383 403 1791 463 indifferentes
1822 422 1885 463 se
1917 404 2178 463 sentiant
2206 403 2280 463 ad
2312 403 2508 464 varios
2539 404 2699 464 vitae
2729 404 2951 474 status,
2987 421 3057 462 ac
3089 422 3194 480 pro

555 496 803 555 arbitrio
836 497 963 554 sine
996 495 1120 553 ullo
1153 492 1543 553 conscientiae
1573 493 1855 568 scrupulo
1886 494 2045 552 hunc
2076 494 2278 570 potius
2310 494 2544 571 eligant
2573 513 2750 570 quam
2782 493 3001 552 alium.

735 619 835 686 85.
870 596 1295 684 Corollaria.
1362 614 1421 681 1.
1456 612 1618 677 Cum
1667 632 1819 694 ergo
1871 611 2044 678 Deus
2095 613 2394 677 omnibus
2438 613 2647 695 justiS,
2697 613 2827 678 imo
2884 613 3198 677 omnibus

553 721 922 785 hominibus
955 720 1066 786 det
1097 721 1392 801 gratiam,
1427 728 1497 785 ut
1528 718 1806 785 salutem
1838 718 2149 802 consequi
2181 720 2447 803 possint,
2480 739 2694 803 neque
2713 727 2942 784 tamen
2965 738 3200 785 omnes

548 828 721 910 justi,
752 828 953 892 multo
999 828 1210 892 minus
1257 846 1483 893 omnes
1528 828 1823 892 homines
1869 828 2230 891 salventur:
2278 827 2478 909 liquet
2524 827 3005 892 admittendam
3053 845 3202 892 esse

555 934 831 1015 gratiam
863 934 1454 1011 sufficientem,
1488 936 1762 1017 gratiam
1795 934 2055 1012 scilicet,
2089 953 2255 1017 quae
2288 954 2368 1000 ex
2401 935 2757 1001 intentione
2807 935 3108 1016 operis
3161 953 3201 998 a

555 1040 689 1105 Deo
723 1040 1069 1119 confertur,
1102 1043 1217 1108 sed
1248 1062 1331 1109 ex
1375 1043 1628 1109 defectu
1679 1062 1769 1107 co
1793 1060 2046 1125 opera
2066 1042 2326 1106 tionis
2375 1043 2715 1115 humanae,
2749 1061 2887 1106 non
2919 1060 3084 1106 vero
3118 1059 3200 1106 ex

553 1147 813 1228 proprio
846 1147 1117 1226 defectu,
1151 1149 1360 1213 fructu
1381 1156 1576 1214 caret.
1611 1147 1949 1229 Quaelibet
1982 1148 2156 1215 enim
2187 1148 2411 1230 gratia,
2445 1149 2642 1213 etiam
2673 1166 2770 1225 ea,
2803 1167 2982 1231 quae
3016 1155 3200 1214 caret

559 1253 806 1330 effectu,
841 1254 1069 1343 efficax
1101 1263 1200 1320 est
1232 1255 1517 1319 efficacia
1537 1256 1804 1338 duplici:
1839 1255 2127 1322 efficacia
2155 1254 2502 1319 virtutis
2534 1261 2599 1321 et
2630 1254 3016 1337 subjectiva,
3050 1274 3200 1318 cum

554 1361 918 1443 suppeditet
946 1363 1118 1428 vires
1163 1381 1353 1444 pares
1401 1363 1483 1427 ad
1534 1363 1907 1427 salutariter
1958 1362 2388 1443 operandum:
2441 1369 2505 1426 et
2549 1361 2838 1426 efficacia
2889 1360 3200 1426 morali

558 1486 673 1531 seu
705 1468 1043 1549 objectiva,
1078 1489 1206 1552 qua
1236 1470 1561 1535 hominem
1609 1470 1694 1534 ad
1737 1471 1983 1534 bonum
2036 1469 2248 1545 allicit,
2281 1486 2322 1532 a
2351 1468 2524 1533 malo
2558 1469 2854 1545 deterret,
2890 1468 3199 1551 quamvis

553 1591 685 1637 non
717 1593 974 1656 semper
1004 1575 1294 1640 obtineat
1326 1594 1716 1641 consensum
1750 1574 1850 1662 (cf.
1883 1594 1944 1638 n.
1980 1576 2107 1662 99).

729 1703 824 1762 Ad
868 1705 1014 1763 haec
1057 1705 1416 1766 illustranda
1444 1707 1676 1781 juverit
1704 1709 1960 1781 notasse,
2007 1705 2261 1782 gratiam
2293 1703 2686 1764 sufficientem
2716 1723 2897 1780 posse
2933 1704 3199 1780 spectari

554 1792 905 1869 tripliciter:
939 1808 1001 1859 a.
1032 1794 1097 1853 in
1130 1813 1193 1853 se
1224 1793 1409 1870 prout
1437 1795 1765 1872 potentiam
1802 1794 2029 1854 confert
2060 1794 2425 1868 (salutariter
2455 1792 2782 1876 operandi),
2816 1793 3197 1870 praecisione

552 1882 707 1940 facta
737 1882 811 1940 ab
843 1885 1079 1953 eventu,
1119 1887 1325 1943 utrum
1358 1884 1551 1960 reipsa
1581 1886 1762 1943 etiam
1795 1885 2156 1961 conjugatur
2186 1901 2319 1941 cum
2353 1883 2694 1958 operatione
2727 1901 2949 1955 necne;
2999 1888 3064 1941 et
3110 1882 3197 1942 sic

554 1969 672 2028 dici
708 1974 911 2046 potest
941 1972 1182 2031 omnis
1230 1972 1422 2050 gratia
1454 1973 1755 2032 sufficiens
1789 1974 2232 2049 opponiturque
2265 1971 2683 2041 insufficienti:
2733 1968 2801 2038 l).
2850 1977 3042 2049 prout
3086 1990 3195 2047 po-

552 2059 806 2118 tentiam
838 2060 1068 2120 confert
1096 2064 1159 2121 et
1189 2062 1370 2120 simul
1400 2068 1494 2121 est
1523 2063 1839 2137 conjuncta
1869 2080 2003 2121 cum
2034 2061 2379 2137 operatione
2411 2080 2515 2120 seu
2546 2064 2714 2131 actu:
2748 2065 2810 2119 et
2842 2062 2931 2119 sic
2965 2060 3196 2119 dicitur

556 2149 902 2224 positive
944 2150 1241 2210 sufficiens
1272 2154 1451 2227 atque
1484 2151 1686 2210 eadem
1716 2156 1810 2210 est
1842 2169 1978 2208 cum
2009 2150 2201 2226 gratia
2231 2150 2481 2221 efficaci:
2530 2165 2592 2213 e.
2639 2153 2820 2227 prout
2851 2151 3195 2226 potentiam

557 2236 803 2310 confert,
838 2239 940 2296 sed
973 2243 1133 2298 caret
1165 2240 1377 2299 effectu
1408 2240 1482 2299 ob
1514 2240 1844 2299 voluntatis
1878 2239 2281 2298 resistentiam
2312 2239 2408 2297 vel
2440 2239 2812 2316 neglectum;
2862 2242 2926 2297 et
2974 2239 3065 2297 sic
3104 2237 3193 2296 di-

556 2328 715 2385 citur
745 2327 1114 2404 negative
1145 2334 1251 2388 aut
1282 2349 1428 2406 pure
1462 2330 1764 2388 sufficiens
1797 2331 1976 2403 atque
1995 2328 2318 2403 opponitur
2347 2327 2574 2405 gratiae
2608 2328 2840 2386 efficaci.
2891 2327 2975 2392 cf.
3009 2328 3193 2386 theol.

555 2416 903 2494 wirceburg.
936 2420 979 2480 t.
1018 2426 1054 2480 4
1088 2437 1145 2477 n.
1181 2428 1326 2482 325.
1393 2418 1593 2477 Gratia
1623 2437 1758 2476 vero
1793 2417 2018 2476 dicitur
2048 2416 2376 2492 dupliciter
2406 2416 2712 2500 efficax,
2746 2418 2841 2475 vel
2874 2416 3194 2494 dynamice

557 2503 810 2591 efficacia
841 2504 1202 2577 virtutiS,
1235 2510 1308 2566 ut
1340 2526 1519 2584 supra
1536 2507 1909 2578 notavimus:
1944 2508 2006 2565 et
2035 2506 2121 2563 ita
2151 2525 2187 2581 q
2207 2504 2564 2564 uaelibet
2593 2507 2786 2583 gratia
2816 2512 2912 2565 est
2944 2505 3190 2580 dicique

555 2596 758 2668 potest
789 2594 1022 2666 efficax:
1055 2615 1192 2655 nam
1225 2600 1285 2655 et
1316 2616 1383 2655 ea
1415 2596 1707 2655 medicina
1737 2596 1958 2654 dicitur
1990 2593 2209 2664 efficax,
2244 2614 2396 2670 quae
2417 2595 2731 2654 sanitatem
2754 2595 2987 2654 efficere
3008 2595 3190 2665 valet,

557 2682 681 2742 sive
715 2687 938 2744 sanitas
971 2704 1097 2744 eam
1132 2690 1418 2762 sequatur
1449 2686 1573 2745 sive
1605 2704 1726 2744 non
1756 2691 2062 2761 sequatur,
2096 2684 2256 2760 quod
2289 2684 2555 2744 adhibita
2586 2703 2706 2744 non
2741 2686 2951 2756 fuerit:
2994 2689 3058 2744 et
3093 2703 3190 2744 aa·

556 2777 856 2832 eramenta
886 2774 1170 2833 dicuntur
1200 2775 1456 2834 efficacia
1488 2777 1549 2832 et
1581 2775 1821 2850 quidem
1854 2794 1924 2833 ex
1957 2792 2135 2850 opere
2167 2777 2422 2850 operato,
2471 2774 2584 2832 etsi
2630 2778 2767 2832 actu
2799 2793 2921 2834 non
2953 2793 3192 2850 semper

556 2862 874 2921 conferunt
891 2865 1144 2939 gratiam
1162 2867 1409 2939 propter
1441 2864 1666 2922 obicem
1701 2882 1769 2922 ex
1801 2869 1966 2939 parte
2000 2863 2413 2937 suscipientis:
2446 2863 2541 2921 vel
2573 2862 2795 2921 dicitur
2824 2864 3034 2923 efficax
3068 2860 3188 2944 (hi-

556 2950 791 3028 storice)
813 2951 1068 3010 efficacia
1091 2971 1125 3010 o
1140 2971 1180 3028 p
1196 2971 1226 3010 e
1242 2952 1307 3011 ri
1324 2971 1369 3022 s,
1398 2953 1447 3011 si
1470 2953 1595 3012 scil.
1616 2953 2004 3029 conjungitur
2018 2970 2149 3010 cum
2168 2970 2361 3028 opere,
2385 2952 2458 3010 ad
2473 2951 2631 3028 quod
2648 2951 2841 3011 datur.
2874 2952 3031 3015 ofin.
3048 2950 3188 3015 236-

737 3076 839 3139 86.
871 3072 935 3138 2.
956 3071 1183 3152 Liquet
1202 3069 1429 3133 salsam
1465 3087 1606 3135 esse
1634 3069 1669 3134 J
1681 3069 1984 3135 ansenii
2015 3070 2421 3145 sententiam,
2445 3070 2552 3151 qui
2572 3069 2971 3152 distinguens
2993 3090 3036 3152 q
3053 3089 3095 3132 u
3113 3086 3185 3131 a·

556 3179 1013 3260 druplicem
1057 3179 1304 3259 generis
1335 3179 1601 3242 humani
1631 3185 1889 3255 statum,
1921 3186 2073 3243 ante
2107 3177 2332 3259 legem,
2365 3178 2484 3241 sub
2515 3179 2671 3260 lege,
2707 3177 2841 3242 sub·
2860 3177 3089 3258 gratia,
3122 3176 3188 3238 in

556 3302 732 3365 pace,
767 3285 1098 3350 contendit
1127 3286 1505 3366 praesertim
1537 3286 1617 3350 de
1650 3284 1854 3350 altero
1888 3292 2080 3360 stam,
2114 3286 2289 3349 illum
2329 3292 2619 3367 ,tempus
2651 3285 2844 3349 fuisse
2876 3285 3038 3365 legis
3060 3280 3185 3347 tol-

557 3389 743 3455 lentis
778 3391 1036 3473 quidem
1067 3391 1468 3472 ignoratiam,
1501 3393 1813 3457 nullam
1844 3398 2065 3457 tamen
2097 3391 2262 3457 bene
2295 3392 2606 3473 operandi
2626 3393 2917 3472 gratiam,
2940 3392 3183 3455 multo-

559 3516 682 3579 que
713 3498 924 3562 minus
957 3498 1318 3562 libertatem
1352 3499 1616 3563 arbitrio
1651 3517 1692 3562 a
1722 3499 2113 3563 dominantis
2145 3499 2510 3579 cupiditatis
2544 3499 2880 3580 tyrannide
2899 3497 3184 3578 largien÷

557 3604 704 3679 tis3‘
744 3605 1041 3687 hancque
1074 3623 1216 3670 esse
1247 3606 1582 3686 Augustini
1630 3607 2035 3671 sententiam.
2098 3605 2263 3668 Nam
2313 3611 2691 3686 argumenta
2737 3604 2934 3668 allata
2977 3624 3040 3667 n.
3076 3609 3181 3679 80,

556 3711 610 3773 si
643 3711 793 3793 quid
824 3712 1120 3793 probant,
1155 3713 1458 3776 evincunt
1477 3713 1671 3777 etiam
1685 3712 1958 3794 judaeiS,
1980 3719 2045 3776 et
2064 3712 2416 3792 generatim
2435 3710 2800 3774 hominibus
2821 3717 2973 3774 ante
2995 3708 3180 3774 Chri-

557 3823 729 3880 stum
759 3818 1119 3883 viventibus
1152 3818 1456 3882 collatam
1487 3817 1680 3885 fuisse
1713 3820 2003 3901 gratiam,
2058 3819 2348 3900 quamvis
2398 3837 2530 3882 nou
2563 3819 2623 3881 vi
2654 3817 2728 3881 V.
2762 3816 3177 3890 Testamenti,

557 3923 671 3987 sed
703 3924 933 3988 intuitu
966 3922 1196 3990 Christi
1229 3934 1294 3992 et
1324 3946 1438 4010 per
1470 3929 1797 4010 quandam
1829 3928 2002 3992 velut
2023 3926 2518 3991 redundantiam
2551 3946 2630 3991 ex
2662 3925 2734 3990 N.
2767 3925 2867 4001 T.;
2900 3925 3177 4007 ideoque

557 4029 1032 4096 distinctionem
1083 4032 1256 4096 illam
1305 4035 1577 4116 proponi
1627 4032 1879 4099 ratione
1930 4033 2152 4096 habita
2202 4032 2623 4097 oeconomiae
2669 4039 2993 4107 externae,
3045 4048 3177 4095 non

556 4138 807 4202 ratione
840 4139 1083 4218 gratiae
1114 4141 1405 4207 internae
1439 4139 1539 4228 (cf.
1572 4161 1631 4204 n.
1670 4144 1832 4228 708).
1868 4141 2144 4222 Ideoque
2177 4147 2241 4204 et
2273 4140 2669 4221 Augustinus
2701 4140 3176 4203 distinctionem

557 4242 731 4306 illam
763 4245 1057 4322 admittit,
1093 4266 1221 4311 non
1255 4254 1473 4313 tamen
1506 4255 1851 4330 propterea
1882 4254 2077 4328 negat
2096 4246 2372 4313 defuisse
2386 4246 2638 4328 judaeis
2670 4247 2771 4311 vel
2804 4244 3172 4309 hominibus

559 4357 710 4416 ante
743 4350 1067 4417 Christum
1099 4355 1387 4435 gratiam.
1430 4356 1620 4436 „Quis
1654 4356 1824 4420 enim
1857 4353 2232 4431 catholicus,
2266 4355 2469 4437 inquit
2500 4374 2551 4419 c.
2586 4354 2746 4418 duas
2780 4373 2873 4437 ep.
2907 4354 3026 4436 pel.
3063 4350 3098 4413 l.
3132 4355 3172 4418 3

558 4477 609 4522 c.
643 4464 703 4532 4,
738 4460 925 4537 dicat,
962 4462 1132 4544 quod
1166 4481 1286 4527 nos
1318 4463 1530 4528 dicere
1575 4464 1827 4544 jactant
1873 4462 2265 4549 (pelagiani),
2299 4460 2603 4543 Spiritum
2636 4483 2682 4525 s.
2718 4461 3078 4542 adjutorem
3107 4458 3171 4520 in

557 4567 631 4630 V.
664 4567 731 4630 T.
764 4588 895 4633 non
926 4569 1199 4634 fuisset><
1240 4569 1317 4635 Et
1347 4570 1484 4651 ipse
1516 4577 1614 4635 est
1644 4570 1752 4651 qui
1783 4568 2091 4633 inculcat:
2133 4569 2470 4649 „Magnum
2488 4568 2725 4651 aliquid
2757 4587 2827 4632 se
2859 4568 3022 4634 scire
3052 4584 3169 4647 pu-

562 4681 717 4752 tant,
753 4677 1010 4758 quando
1044 4677 1296 4740 dicunt:
1329 4676 1474 4739 Non
1500 4676 1755 4758 juberet
1788 4675 1975 4753 DeuS,
2010 4677 2183 4758 quod
2215 4677 2407 4740 sciret
2436 4695 2565 4740 non
2597 4693 2788 4757 posse
2809 4676 2892 4739 ab
2911 4674 3169 4738 homine
