3538 5364
1322 234 1724 290 convenientia
1751 240 1810 290 et
1838 236 2062 291 veritas.
2871 241 3006 308 653

382 424 560 484 ditias
602 418 777 494 amat,
822 423 996 499 cujus
1028 421 1452 500 castigationes
1481 422 1713 498 probat,
1759 424 1934 500 cujus
1966 422 2082 482 sibi
2114 422 2421 498 passiones
2454 422 2781 499 adpretiat:
2804 423 3002 483 (haec-

381 513 510 579 cine
539 528 662 573 non
689 513 966 589 resurget
994 511 1216 571 totiens
1235 511 1386 572 Dei?
1431 511 1625 584 Absit,
1657 512 1833 585 absit,
1866 515 1938 571 ut
1960 511 2117 571 Deus
2146 531 2436 571 manuum
2467 531 2710 573 suarum
2742 530 2999 590 operam,

381 602 613 681 ingenii
641 601 739 663 sui
769 620 988 673 euram,
1033 601 1285 668 adflatus
1316 602 1413 661 sui
1444 601 1734 679 vaginam,
1774 600 2102 660 molitionis
2131 620 2272 661 suae
2303 602 2588 679 reginam,
2622 600 3006 661 liberalitatis

382 710 525 767 suae
556 691 849 769 heredem,
894 689 1207 767 religionis
1239 709 1381 750 suae
1412 692 1793 762 sacerdotem,
1838 690 2170 750 testimonii
2202 690 2297 750 sui
2329 690 2597 761 militem,
2647 690 2870 751 Christi
2903 691 3001 750 sui

383 774 647 840 sororem
688 779 754 838 in
798 782 1106 839 aeternum
1150 779 1443 839 destituat
1486 779 1877 839 interituml‘
1944 779 2024 838 cf.
2072 780 2243 856 Apol.
2275 798 2323 843 c.
2358 788 2439 844 48
2475 798 2531 839 n.
2572 790 2691 843 165
2730 798 2774 839 s.
2807 813 2895 824 -
2926 780 3012 839 Et

381 871 653 929 Irenae
670 887 757 929 us
788 868 855 940 V,
892 878 926 931 6
961 886 1019 927 n.
1055 877 1125 931 2:
1161 867 1516 944 ,Templum
1546 868 1733 947 igitur
1761 868 1889 940 Dei,
1921 868 1987 926 in
2017 887 2137 944 quo
2170 868 2467 928 inhabitat
2495 868 2754 945 Spiritus
2783 869 2999 941 Patris,

381 960 444 1018 et
471 959 738 1018 membra
767 951 989 1017 Christi
1017 976 1141 1018 non
1170 957 1527 1035 participare
1559 959 1832 1030 salutem,
1878 958 1982 1018 sed
2024 958 2091 1017 in
2133 957 2531 1035 perditionem
2563 958 2754 1035 redigi
2786 958 3003 1030 dicere,

384 1047 677 1124 quomodo
695 1066 818 1113 non
834 1045 1122 1107 ma'ximae
1151 1049 1242 1107 est
1271 1047 1669 1124 blasphemiae
1682 1050 1710 1106 ’ἒ
1726 1055 1754 1086 ‘
1773 1079 1862 1092 -
1882 1047 2190 1107 Praeclare
2221 1047 2295 1106 de
2326 1047 2433 1109 hac
2462 1048 2854 1125 congruentia
2883 1047 3009 1107 dis-

383 1139 592 1198 serunt
620 1136 998 1196 «Iustinus
1043 1137 1116 1196 de
1159 1155 1345 1197 resur.
1377 1156 1434 1201 n.
1473 1147 1505 1203 7
1544 1156 1617 1201 ss.
1661 1139 1723 1199 et
1753 1136 2290 1197 Theodoretus
2321 1137 2360 1195 l.
2393 1156 2441 1198 c.
2472 1169 2559 1179 —
2593 1137 2650 1218 β.
2685 1137 3002 1197 Resurrec-

382 1227 610 1286 tionem
655 1226 922 1285 inferunt
969 1245 1039 1285 ex
1097 1226 1461 1303 justitia:
1516 1227 1755 1301 justum
1803 1226 1963 1285 enim
2011 1228 2106 1284 est
2153 1244 2367 1302 corpus
2417 1225 2711 1301 particeps
2759 1225 3005 1301 reddere

383 1315 648 1394 praemii,
680 1333 816 1375 cum
846 1315 1140 1392 particeps
1171 1314 1357 1374 suerit
1385 1315 1746 1391 passionum,
1779 1314 2133 1374 meritorum
2163 1316 2271 1376 etc.
2337 1314 2525 1385 Quam
2558 1315 3007 1374 convenientiae

382 1403 674 1465 rationem
702 1404 991 1464 rhetorice
1021 1404 1246 1464 evolvit
1262 1404 1662 1464 'theodoretus
1692 1405 1733 1463 1.
1764 1422 1829 1475 c.‚
1862 1403 2105 1463 brevius
2137 1403 2419 1480 proponit
2448 1405 2495 1463 Τ
2510 1404 2844 1463 ertullia
2859 1422 2900 1462 n
2915 1424 2960 1463 u
2975 1422 3009 1463 s

383 1496 421 1557 l.
454 1513 500 1558 c.
533 1512 580 1553 c.
610 1503 719 1557 15:
753 1494 873 1563 ,Et
903 1493 957 1552 si
987 1493 1187 1553 anima
1217 1495 1326 1566 est,
1360 1512 1512 1569 quae
1543 1493 1671 1571 agit
1701 1495 1764 1552 et
1793 1489 2056 1568 impellit
2085 1493 2151 1553 in
2183 1493 2400 1565 omnia,
2433 1494 2626 1552 carnis
2648 1492 3009 1570 obsequium

382 1586 493 1659 est,
527 1584 717 1643 Deum
746 1601 868 1642 non
897 1582 1038 1642 licet
1067 1585 1175 1642 aut
1205 1583 1501 1656 iniustum
1525 1582 1791 1659 judicem
1823 1582 1985 1641 credi
2015 1585 2122 1641 aut
2151 1582 2438 1642 inertem:
2469 1582 2787 1659 injustum,
2821 1582 2874 1641 si
2907 1600 3003 1641 so-

382 1673 533 1732 ciam
562 1672 853 1732 bonorum
883 1690 1130 1749 operum
1159 1691 1195 1730 a
1222 1672 1502 1749 praemiis
1535 1673 1758 1741 arceat;
1805 1671 2076 1742 inertem,
2127 1673 2180 1731 si
2225 1672 2441 1731 sociam
2472 1671 2763 1731 malorum
2794 1691 2829 1730 a
2860 1689 3007 1747 sup·-

381 1763 578 1838 pliciis
624 1764 918 1830 secernat;
967 1780 1101 1820 cum
1133 1760 1392 1820 humana
1420 1778 1674 1820 censura
1703 1779 1773 1819 eo
1805 1760 2120 1837 perfectior
2150 1760 2457 1833 habeatur,
2502 1778 2621 1837 quo
2667 1760 2847 1820 etiam
2890 1761 3005 1819 mi-

383 1850 603 1911 nistros
635 1849 778 1909 facti
811 1851 1101 1927 cujusque
1135 1850 1417 1926 deposcit,
1451 1868 1558 1908 nec
1589 1868 1854 1926 parcenS,
1898 1868 2009 1909 nec
2036 1849 2310 1909 invidens
2341 1850 2481 1921 illis,
2515 1850 2835 1924 quominus
2867 1868 3009 1908 cum

382 1930 725 2001 auctoribus
756 1958 978 2015 poenae
1008 1942 1115 1998 aut
1144 1940 1370 2017 gratiae
1402 1939 1839 1998 communicent
1869 1938 2147 1997 fructum.
2162 1948 2190 1977 ⁴²

563 2061 631 2131 d.
664 2064 926 2124 Probant
971 2066 1170 2139 patres
1219 2064 1639 2123 veritatem
1688 2062 2147 2122 resurrectionis
2194 2063 2388 2122 carnis
2434 2062 2746 2138 principiis
2792 2063 3001 2122 certis-

384 2154 570 2226 simis,
622 2153 922 2214 Christum
955 2152 1081 2215 scil.
1113 2153 1367 2212 alterum
1414 2172 1537 2212 esse
1568 2153 1895 2224 Adamum3
1944 2170 2244 2229 quaerere,
2291 2152 2451 2227 quod
2496 2151 2787 2228 perierat;
2835 2170 3002 2227 repa-

384 2262 516 2303 rare
547 2243 758 2302 Adami
803 2242 1036 2301 ruinam
1081 2243 1412 2319 mortisque
1455 2260 1584 2302 esse
1628 2242 1933 2301 victorem.
1992 2241 2220 2301 Invicte
2262 2240 2815 2300 Tertullianus
2862 2241 3009 2300 haec

384 2334 738 2410 argumenta
767 2340 947 2409 urget
975 2332 1062 2390 ita
1090 2332 1406 2408 disputans
1438 2350 1485 2391 c.
1521 2341 1634 2394 34:
1669 2332 1785 2400 ,In
1814 2330 2025 2407 primis
2055 2348 2193 2390 cum
2224 2330 2298 2388 ad
2330 2330 2439 2389 hoc
2471 2331 2709 2391 venisse
2742 2348 2805 2389 se
2836 2330 3007 2401 dicit,

378 2425 458 2490 ‚ut
486 2421 646 2498 quod
677 2421 855 2498 periit
884 2422 1113 2480 salvum
1145 2420 1337 2493 faciat,
1370 2420 1519 2497 quid
1549 2421 1709 2480 dicas
1729 2419 2023 2496 periisse?
2053 2419 2352 2479 hominem
2383 2419 2512 2480 sine
2541 2419 2743 2481 dubio,
2789 2420 3002 2479 Totum

385 2530 462 2570 an
492 2530 562 2570 ex
594 2512 802 2587 parte?
835 2510 1044 2586 utique
1063 2512 1257 2569 totum
1291 2553 1305 2569 .
1336 2554 1350 2569 .
1384 2554 1399 2569 .
1430 2510 1616 2569 Totus
1646 2509 1851 2585 itaque
1885 2509 2085 2568 salvus
2116 2509 2235 2582 fiet,
2268 2509 2374 2586 qui
2406 2508 2586 2584 periit
2616 2512 2782 2568 totus
2814 2509 3006 2567 delin-

385 2600 640 2676 quend0,
687 2599 807 2658 nisi
847 2599 897 2658 si
928 2601 990 2658 et
1018 2599 1146 2658 ovis
1178 2599 1283 2657 illa
1311 2595 1474 2681 (Luc.
1516 2608 1612 2671 15,
1646 2608 1682 2661 4
1717 2596 1789 2679 S.)
1822 2598 1946 2658 sine
1978 2616 2220 2675 corpore
2251 2598 2555 2657 amittitur
2599 2601 2659 2657 et
2703 2598 2831 2657 sine
2876 2616 3002 2657 cor-

386 2709 528 2766 pore
558 2691 930 2751 revocatur.‘
977 2690 1054 2748 Et
1085 2708 1129 2748 c.
1152 2698 1266 2751 46:
1305 2688 1536 2758 ,Quam
1566 2688 1885 2766 indignum
1905 2690 2025 2747 Deo
2056 2688 2372 2747 dimidium
2404 2688 2701 2747 hominem
2733 2688 3007 2765 redigere

385 2781 452 2839 in
496 2779 768 2842 salutem.
831 2779 988 2838 Pene
1021 2777 1219 2836 minus
1251 2778 1460 2849 facere,
1505 2796 1640 2837 cum
1671 2778 1852 2836 etiam
1882 2778 2237 2837 secularium
2268 2777 2605 2855 principum
2638 2778 2816 2853 plena
2848 2796 3001 2837 sem-

384 2887 494 2945 per
523 2867 902 2946 indulgentia
931 2867 1282 2927 vindicetur.
1347 2867 1628 2926 Diabolus
1659 2866 1913 2926 validior
1940 2868 2006 2926 in
2037 2867 2290 2926 hominis
2320 2866 2603 2942 injuriam
2636 2866 3008 2943 intelligitur

384 2960 582 3017 totum
611 2976 747 3016 eum
779 2957 1025 3016 elidens.
1087 2957 1247 3015 Deus
1278 2956 1566 3015 infirmior
1596 2956 2048 3015 renunciabitur
2079 2975 2200 3015 non
2232 2958 2428 3015 totum
2457 2957 2746 3019 relevans,
2810 2956 3002 3032 Atqui

386 3051 449 3106 et
490 3046 793 3123 apostolus
837 3045 1107 3123 suggerit
1151 3040 1340 3127 (Rom.
1376 3056 1433 3117 5,
1472 3039 1601 3126 20),
1646 3045 1754 3103 ubi
1800 3045 2089 3104 delictum
2120 3045 2525 3116 abundaverit,
2573 3045 2699 3105 illic
2741 3045 2997 3123 gratiam

384 3136 774 3195 abundasse«
825 3134 1476 3198 Cf.Bonaventura
1506 3133 1570 3191 in
1600 3133 1808 3197 brevil.
1829 3134 1957 3205 V11,
1992 3144 2062 3206 53
2096 3134 2414 3193 Thomas
2446 3153 2492 3193 c.
2525 3137 2734 3212 gentes
2754 3134 2852 3205 IV,
2879 3144 2994 3206 793

386 3226 452 3284 in
482 3242 677 3300 expos.
697 3224 886 3302 symb.
904 3242 964 3287 n.
988 3233 1103 3293 363
1135 3225 1466 3299 martyrum
1496 3222 1640 3281 fides
1674 3241 1870 3298 opusc.
1890 3223 2049 3286 XIII.
2079 3224 2259 3300 praef.
2292 3241 2349 3283 n.
2378 3234 2488 3294 16;
2522 3241 2796 3300 syrorum
2825 3223 3004 3283 effata

388 3314 664 3373 Zeitschr.
696 3313 734 3377 f.
767 3313 926 3373 kath.
958 3311 1270 3389 Theologie
1312 3320 1473 3375 1892
1508 3331 1564 3387 p.
1600 3320 1724 3374 279
1764 3330 1867 3380 ss.;
1902 3312 2202 3371 Oswald
2232 3312 2525 3372 Eschatol.
2558 3331 2601 3372 s.
2636 3321 2671 3376 3
2706 3333 2755 3371 a.
2792 3322 2848 3375 2.

565 3438 712 3502 699.
744 3432 1163 3501 Declaratio
1196 3452 1266 3517 p.
1299 3432 1398 3500 11.
1431 3437 1496 3495 et
1526 3431 1670 3499 111.
1736 3429 1879 3495 Non
1912 3430 2270 3508 defuerunt,
2318 3432 2426 3514 qui
2458 3449 2499 3494 a
2529 3431 3007 3497 resurrectione

386 3541 756 3621 exciperent
786 3538 1115 3621 impios:
1151 3538 1496 3604 tenendum
1527 3545 1745 3603 autem
1779 3539 2040 3601 omnino
2075 3544 2189 3615 est,
2222 3544 2511 3602 mortuos
2544 3556 2824 3603 omnes
2859 3557 3007 3603 esse

385 3651 890 3722 resurrecturos3
924 3646 1095 3728 quod
1127 3646 1430 3728 implicite
1451 3645 1844 3711 credendum
1864 3645 2267 3726 proponitur,
2300 3664 2448 3709 cum
2479 3644 2545 3708 in
2567 3645 2863 3727 symbolo
2886 3644 3003 3708 do-

384 3759 608 3819 ceatur
638 3752 951 3818 illimitate
1001 3753 1283 3817 carnis
1333 3753 1750 3829 resurrecti03
1798 3750 2094 3834 explicite
2126 3770 2279 3816 vero
2310 3751 2584 3816 traditur
2614 3752 2680 3815 in
2710 3751 3009 3834 symbolo

379 3859 971 3936 'athanasianQ
1004 3859 1291 3942 insymb.
1325 3860 1578 3924 concilii
1609 3859 1974 3924 toletani
2004 3858 2104 3922 XI.
2140 3877 2195 3923 a.
2230 3863 2361 3927 675
2393 3859 2553 3922 etin
2586 3877 2764 3924 conc,
2797 3859 3006 3923 late-

385 3969 726 4034 ranensi
757 3967 856 4033 IV.
906 3988 956 4032 c.
992 3969 1338 4045 firmiter,
1382 3969 1449 4031 in
1496 3987 1621 4051 quo
1667 3968 1999 4032 statuitur:
2070 3966 2230 4046 ,Qui
2277 3986 2501 4031 omnes
2547 3965 2759 4052 (electi
2806 3970 2870 4030 et
2901 3984 3006 4029 re-

386 4075 598 4162 probi)
631 4093 779 4140 cum
825 4075 956 4138 suis
996 4076 1268 4162 propriis
1313 4075 1687 4157 corporibus
1732 4080 2083 4155 resurgent,
2136 4091 2302 4156 quae
2334 4092 2504 4137 nunc
2536 4079 2844 4154 gestant.‘
2914 4071 3009 4135 De

385 4181 881 4257 infantibuS,
928 4181 1036 4264 qui
1081 4188 1233 4246 ante
1267 4188 1603 4264 acceptum
1634 4180 2029 4263 baptismum
2063 4180 2438 4256 moriuntur,
2468 4178 2793 4243 conclusio
2820 4177 3012 4259 juxta

388 4287 698 4379 Suarez
729 4288 793 4352 in
828 4293 885 4358 3.
917 4308 977 4369 p.
1010 4294 1051 4352 t.
1085 4293 1126 4357 2
1158 4289 1216 4353 d.
1251 4295 1336 4359 60
1368 4309 1416 4352 s.
1450 4295 1491 4359 3
1542 4307 1672 4353 non
1720 4288 1973 4353 videtur
2024 4294 2157 4353 tam
2208 4304 2517 4368 expressa
2547 4285 2614 4349 in
2646 4283 3009 4365 ScripturiS,

389 4413 585 4477 quam
615 4395 1014 4478 praecedens
1047 4395 1127 4461 de
1159 4395 1409 4473 adultis,
1450 4396 1640 4478 ‚quia
1673 4395 2045 4460 testimonia
2078 4395 2355 4459 adducta
2385 4393 2684 4458 videntur
2713 4391 2889 4473 loqui
2922 4390 3006 4455 de

389 4503 644 4580 adultiS,
678 4502 786 4585 qui
816 4502 897 4568 de
927 4503 1202 4585 propriis
1234 4502 1485 4567 actibus
1518 4510 1670 4568 sunt
1696 4503 2080 4586 judicandi.‘
2120 4502 2684 4568 Resurrectionem
2716 4497 3005 4563 omnium

383 4609 672 4675 *eodem
722 4609 858 4674 fieri
902 4616 1193 4691 tempore
1236 4628 1368 4673 non
1399 4609 1651 4675 videtur
1682 4609 1762 4674 de
1795 4609 1937 4685 fide,
1970 4610 2123 4692 quia
2155 4626 2485 4691 nunquam
2516 4624 2816 4688 expresse
2848 4605 3007 4669 defi-

383 4717 611 4795 nitum,
643 4724 891 4782 certum
923 4723 1142 4782 tamen
1175 4722 1272 4782 est
1303 4724 1367 4781 et
1399 4716 1745 4782 tenendum
1768 4717 2081 4781 adversus
2111 4716 2457 4792 chiliastaS,
2480 4714 2560 4780 de
2583 4713 2814 4796 quibus
2834 4730 3006 4777 mox.
