3538 5364
592 276 713 345 136
917 271 1103 324 Tract.
1138 269 1286 324 Vnt.
1313 269 1383 323 de
1404 268 1838 339 justificatione.
1865 268 2065 322 Thesis
2091 268 2380 323 cxcvffl.
2409 267 2853 323 protestantium

576 453 1033 536 praeputium:
1078 452 1186 514 sed
1227 451 1402 532 fides,
1448 470 1608 533 quae
1630 470 1752 534 per
1782 449 2148 514 chat-itatem
2182 457 2485 535 operatur
2517 456 2634 515 etc.
2697 448 2858 513 Hinc
2903 450 3099 515 etiam
3148 453 3210 514 in

587 559 886 624 omnibus
917 558 1201 640 epistolis
1234 557 1502 621 sollicite
1537 557 1619 620 ad
1653 556 1829 620 bona
1860 557 2155 620 hortatur
2185 574 2400 640 opera.

763 685 826 756 2,
859 683 1178 747 Probatur
1210 701 1291 747 ex
1321 699 1459 746 sco
1477 700 1574 764 po
1607 701 1655 744 s.
1688 680 1902 758 Pauli;
1955 680 2282 746 evidenter
2327 681 2499 747 enim
2531 699 2643 746 eos
2676 679 2917 757 refellit,
2966 683 3077 763 qui
3107 700 3209 748 re-

579 793 756 874 Jecta
787 793 884 856 vel
919 791 1209 872 neglecta
1230 789 1352 854 fide
1373 790 1526 852 solis
1546 788 1787 852 viribus
1808 794 2081 852 naturae
2102 788 2532 871 operibusque
2552 789 2687 853 sive
2706 788 3061 852 moralibus
3077 787 3209 854 sive

586 896 1162 965 caeremonialibus
1195 914 1265 959 se.
1297 914 1516 959 veram
1550 913 1773 959 coram
1805 893 1939 961 Deo
1974 895 2233 977 assequi
2258 895 2577 977 justitiam
2607 894 3037 960 confidebant.

763 1024 824 1093 3.
858 1022 1178 1086 Probatur
1209 1040 1288 1086 ex
1319 1002 2056 1101 argumentatione
2088 1040 2136 1083 s,
2171 1019 2354 1084 Pauli
2387 1021 2469 1084 ad
2492 1019 2698 1085 Galat.
2721 1028 2779 1098 2,
2803 1024 2918 1089 21:
2954 1021 3028 1084 Si
3049 1024 3207 1084 enim

583 1151 698 1214 per
712 1128 1185 1214 leyemjustitia,
1205 1122 1572 1210 er909rat1is
1593 1126 1875 1191 Christus
1896 1135 2177 1191 mortuus
2203 1137 2330 1207 est;
2361 1133 2421 1204 3,
2449 1133 2562 1203 183
2593 1131 2656 1204 ὅ,
2689 1134 2763 1203 5;
2796 1147 2964 1211 quae
2994 1129 3212 1193 valida

585 1244 698 1314 est,
732 1238 786 1300 si
816 1236 1097 1318 loquitur
1128 1235 1207 1299 de
1241 1234 1544 1316 operibus
1575 1233 1700 1300 fide
1732 1253 1863 1298 non
1893 1234 2128 1299 innixis
2159 1254 2274 1300 seu
2306 1234 2706 1299 naturalibus
2737 1234 2946 1317 deque
2979 1236 3210 1299 merito

585 1343 903 1422 condigno
937 1341 1085 1406 inde
1117 1340 1383 1404 oborto:
1416 1340 1696 1404 invalida
1726 1359 1900 1417 vero,
1935 1341 1989 1404 si
2023 1341 2391 1406 excluderet
2412 1342 2607 1406 etiam
2627 1359 2827 1423 opera
2845 1340 3024 1405 fidei:
3059 1360 3211 1405 nam

585 1449 668 1512 ad
697 1449 860 1512 haec
893 1446 1144 1513 edenda
1174 1447 1521 1528 requiritur
1552 1448 1777 1527 gratia,
1812 1465 2010 1529 quam
2042 1445 2335 1511 Christus
2368 1448 2678 1528 sanguine
2710 1466 2828 1512 suo
2847 1448 3037 1511 nobis
3057 1467 3210 1530 pro-

585 1555 833 1632 meruit,
867 1572 993 1637 quo
1029 1554 1225 1618 etiam
1247 1553 1539 1629 obtinuit,
1574 1559 1644 1617 ut
1676 1553 1990 1635 ejusmodi
2024 1550 2233 1635 opera
2255 1554 2322 1617 in
2354 1554 2837 1635 dispositionem
2870 1555 2952 1619 ad
2977 1555 3209 1637 justifi-

585 1662 907 1726 cationem
940 1680 979 1724 a
1010 1659 1202 1724 Patre
1235 1666 1742 1740 acceptarentur.
1777 1660 1990 1741 Quare
2022 1662 2076 1724 si
2109 1661 2423 1744 ejusmodi
2457 1680 2656 1744 opera
2686 1663 3097 1745 requiruntur
3130 1662 3211 1727 ad

579 1768 1119 1851 justificationem,
1154 1765 1445 1831 Christus
1476 1786 1609 1831 non
1631 1774 1731 1832 est
1749 1768 1946 1849 gratis
1969 1774 2274 1832 mortuus.
2309 1768 2560 1834 Revera
2581 1769 2850 1833 Paulum
2870 1789 3073 1852 opera
3092 1790 3210 1835 na·

586 1874 819 1939 turalia
850 1881 1100 1939 tantum
1133 1873 1488 1950 excludere,
1537 1874 1849 1954 colligitur
1894 1875 2090 1939 etiam
2123 1894 2200 1939 ex
2234 1875 2417 1938 Rom.
2449 1880 2511 1951 4,
2547 1882 2586 1944 2
2619 1895 2722 1951 ss,
2773 1875 2884 1939 ubi
2915 1876 3211 1957 explicat,

585 1982 737 2064 quid
769 1981 1026 2045 nomine
1059 1999 1325 2061 operum
1358 1980 1682 2061 intelligat,
1705 1999 1785 2046 ea
1808 1981 1957 2058 scil,
1980 1999 2147 2063 quae
2169 1987 2581 2063 opponuntur
2597 1981 2761 2059 fidei,
2784 1982 3015 2064 quibus
3037 1984 3210 2065 quod

584 2089 885 2163 redditur,
919 2106 1167 2151 merces
1201 2093 1317 2164 est,
1351 2105 1483 2151 non
1517 2089 1737 2168 gratia.

761 2214 826 2281 4.
860 2212 1179 2278 Probatur
1211 2232 1289 2277 ex
1324 2214 1653 2278 constanti
1683 2215 1916 2278 horum
1951 2215 2242 2278 locorum
2275 2214 3007 2296 interpretatione,
3043 2233 3211 2297 quae

586 2320 857 2384 obtinuit
907 2319 971 2383 in
1025 2320 1310 2385 Ecclesia
1360 2339 1564 2404 usque
1615 2321 1699 2384 ad
1750 2321 2035 2385 seculum
2069 2320 2229 2384 XVI.
2294 2316 2534 2385 Omnes
2580 2321 2750 2385 enim
2781 2322 3208 2397 consentiunt,

583 2426 853 2492 Paulum
885 2446 1016 2491 non
1049 2428 1384 2492 excludere
1419 2446 1618 2509 opera
1651 2429 1913 2507 gratiae,
1951 2428 2191 2492 fructus
2226 2427 2387 2492 fidei.
2420 2426 2508 2492 Cf.
2543 2427 2864 2493 Wieser
2895 2427 3078 2491 Pauli
3111 2445 3209 2509 ap.

586 2534 878 2600 doctrina
909 2535 988 2599 de
1014 2535 1165 2617 just.
1203 2537 1236 2619 ξ
1275 2542 1329 2601 3.
1365 2540 1422 2601 4.
1466 2540 1562 2602 10.
1606 2540 1718 2610 153
1753 2532 2064 2597 Suarez
2097 2533 2246 2597 v111.
2283 2539 2384 2603 22.

769 2693 909 2746 155.
944 2678 1467 2747 corollarium.
1517 2680 1721 2740 Jacobs
1752 2682 2036 2740 doctrina.
2079 2715 2150 2724 —-
2190 2680 2383 2750 Quare
2415 2681 2655 2742 difficile
2687 2700 2807 2741 non
2838 2685 2933 2741 est
2957 2681 3207 2741 Paulum

583 2793 714 2831 cum
749 2772 989 2843 Jacob0,
1036 2773 1142 2846 qui
1172 2776 1296 2829 tum
1330 2771 1547 2829 diserte
1579 2789 1756 2845 opera
1787 2771 1860 2828 ad
1883 2770 2373 2845 justificationem
2405 2772 2610 2849 exigit,
2661 2771 2992 2833 conciliare.
3058 2771 3210 2830 Nam

584 2862 872 2920 Paulus
906 2862 1174 2919 excludit
1205 2881 1239 2918 a
1263 2859 1710 2935 justificationis
1731 2860 1972 2936 negotio
2007 2879 2182 2935 opera
2213 2861 2275 2918 in
2308 2860 2421 2919 fide
2452 2879 2572 2919 non
2602 2860 2865 2928 fundata,
2898 2863 3207 2919 natura-

582 2951 719 3010 lia:
754 2951 792 3008 J
809 2971 841 3008 a
858 2969 935 3007 co
953 2950 990 3007 b
1008 2969 1090 3008 us
1123 2968 1260 3008 vero
1283 2948 1552 3023 postulat
1570 2964 1746 3024 opera
1780 2968 1807 3006 s
1825 2949 1894 3007 al
1918 2968 1959 3006 u
1976 2951 2199 3018 taria,
2232 2968 2297 3007 ex
2321 2948 2435 3008 fide
2453 2953 2754 3025 tamquam
2777 2950 2957 3024 hujus
2979 2950 3210 3008 fructus

582 3038 862 3116 profecta.
924 3038 1220 3113 Loquitur
1250 3037 1409 3096 enim
1458 3053 1524 3101 a.
1566 3036 1638 3094 de
1670 3038 1763 3106 iis,
1812 3057 1963 3113 quae
1996 3038 2067 3097 ad
2093 3037 2587 3113 justificationem
2620 3037 2961 3098 conducunt
2996 3047 3053 3110 2,
3093 3047 3205 3108 24;

582 3129 709 3186 sine
742 3127 962 3202 quibus
999 3124 1069 3190 b.
1103 3126 1249 3184 fides
1281 3132 1374 3185 est
1406 3130 1641 3184 mortua
1671 3145 1825 3189 vers.
1868 3135 1960 3189 14.
2000 3138 2097 3190 17.
2135 3136 2212 3190 20
2248 3131 2310 3186 et
2345 3137 2458 3196 263
2507 3146 2658 3203 quae
2705 3141 2766 3192 e.
2800 3134 2945 3186 sunt
2975 3127 3210 3186 fructus

583 3220 645 3275 et
674 3217 1107 3275 consummatio
1139 3215 1295 3286 fidei,
1337 3215 1412 3274 ad
1443 3234 1595 3291 quae
1628 3214 1774 3275 fides
1807 3222 2153 3292 cooperatur
2186 3234 2333 3278 vers.
2370 3225 2482 3284 223
2530 3236 2784 3291 quorum
2827 3213 2895 3281 d.
2941 3217 3211 3292 exempla

585 3304 870 3363 babemus
904 3305 968 3362 in
986 3304 1285 3363 Abrabam
1312 3310 1372 3363 et
1394 3304 1613 3374 Rahab,
1648 3306 1754 3379 qui
1790 3308 2032 3381 propter
2065 3305 2238 3363 fidem
2272 3311 2334 3364 et
2365 3323 2545 3380 opera
2577 3305 2715 3364 inde
2747 3305 3014 3381 profecta
3045 3325 3207 3382 mag·

583 3413 720 3452 nam
750 3393 985 3452 laudem
1021 3393 1179 3470 apud
1216 3395 1399 3452 Deum
1434 3400 1496 3453 et
1526 3394 1781 3471 gratiam
1815 3395 2120 3452 consecuti
2153 3398 2297 3452 sunt
2329 3415 2378 3452 v.
2417 3404 2492 3456 21
2533 3413 2608 3463 s.;
2649 3404 2727 3456 25
2752 3395 2881 3455 coll.
2907 3394 3082 3456 Hebr.
3115 3406 3206 3464 11,

594 3493 688 3546 17.
722 3491 822 3546 31.
881 3483 959 3545 Cf,
994 3483 1290 3541 Wieser
1323 3478 1355 3548 ἓ
1394 3492 1493 3544 20.
1547 3483 1754 3557 Neque
1789 3483 2010 3541 desunt
2041 3487 2332 3560 exegetae,
2367 3484 2474 3559 qui
2506 3502 2640 3542 cum
2674 3502 2721 3544 s,
2756 3483 3209 3560 Augustino

582 3572 618 3634 l.
659 3580 736 3634 83
774 3591 869 3647 qq.
902 3591 958 3647 q.
995 3583 1108 3639 763
1157 3591 1345 3630 enarr.
1384 3581 1439 3634 2.
1485 3571 1548 3629 in
1592 3572 1684 3629 Ps.
1723 3582 1793 3634 31
1838 3591 1896 3632 n.
1935 3582 2002 3639 3;
2052 3573 2123 3630 de
2168 3572 2281 3630 fide
2314 3576 2376 3630 et
2407 3591 2498 3648 op.
2533 3590 2580 3631 c.
2620 3583 2694 3633 14
2730 3591 2787 3630 n.
2825 3581 2893 3635 21
2941 3575 3204 3640 censent,

583 3660 840 3719 voluisse
859 3680 902 3723 s,
923 3660 963 3719 J
965 3662 1210 3719 acobum
1231 3661 1523 3737 corrigere
1554 3659 1764 3718 falsam
1800 3660 2103 3719 doctrinae
2134 3679 2177 3717 s.
2203 3661 2369 3719 Pauli
2390 3661 2857 3737 explicationem.
2906 3661 2987 3719 cf.
3008 3660 3209 3720 Theol.

583 3749 851 3821 Qtlschr„
886 3751 1201 3827 Tiibingen
1242 3759 1404 3813 1880
1439 3769 1570 3826 pag.
1607 3759 1686 3812 60
1723 3768 1797 3808 ss.
2941 3775 2944 3778 2
3161 3747 3166 3752 ‘

770 3873 908 3939 156.
943 3869 1313 3933 Provocant
1346 3868 1576 3933 deinde
1609 3874 2045 3950 protestantes
2078 3868 2161 3932 ad
2193 3867 2374 3933 Pauli
2407 3869 2792 3945 testimonia,
2826 3854 3060 3951 quibus
3092 3868 3209 3932 do·

583 3982 685 4042 cet
716 3976 1047 4041 hominem
1074 3976 1413 4058 justificari
1439 3978 1663 4059 qratis.
1726 3974 1871 4055 Qua
1900 3976 2203 4058 loquendi
2237 3974 2490 4040 ratione
2523 3975 2803 4040 excludit
2833 3993 3035 4057 opera
3064 3983 3208 4039 tan-

585 4091 722 4149 tum
751 4084 1088 4160 naturalia,
1142 4101 1221 4148 ex
1266 4083 1391 4149 fide
1435 4102 1569 4146 non
1615 4083 1922 4165 profecta,
1969 4083 2301 4148 meritoria
2346 4085 2426 4149 de
2473 4082 2825 4162 condigno:
2874 4101 3008 4148 non
3052 4100 3207 4147 vero

585 4208 843 4255 omnem
875 4189 1363 4271 dispositionem
1395 4208 1475 4253 ex
1508 4190 1715 4270 gratia
1746 4189 2122 4271 profectam,
2157 4190 2439 4272 alioquin
2472 4187 2841 4253 excluderet
2870 4189 2972 4254 vel
3003 4189 3210 4270 ipsam

584 4296 790 4360 fidem.
824 4293 1003 4360 Sicut
1035 4315 1185 4377 ergo
1219 4295 1375 4361 fides
1407 4313 1538 4358 non
1572 4295 1762 4360 obest
1806 4296 2133 4376 gratuitati
2173 4295 2665 4377 justificationiS,
2710 4293 2808 4359 ita
2850 4314 3061 4378 neque
3093 4296 3208 4360 ad-

582 4402 1011 4467 versabuntur
1054 4401 1223 4465 aliae
1272 4401 1742 4483 dispositiones.
1808 4401 2194 4466 Praesertim
2246 4420 2393 4466 cum
2444 4400 2751 4484 quidquid
2796 4401 2964 4465 inest
3022 4401 3208 4483 pretii

584 4508 901 4590 ejusmodi
933 4507 1200 4586 actibuS,
1234 4508 1354 4572 illis
1401 4509 1552 4574 insit
1596 4527 1675 4572 ex
1723 4509 1932 4589 gratia
1964 4509 2417 4589 praeveniente
2451 4508 2941 4590 gratis'prorsus
2972 4509 3210 4572 collata

586 4620 649 4681 et
681 4634 760 4680 ex
792 4615 1217 4697 promissione
1249 4614 1466 4678 divina
1495 4615 1790 4695 gratuita.
1825 4613 2039 4694 Quare
2068 4614 2442 4695 justificatio
2474 4614 2753 4680 mediate
2773 4632 3029 4695 semper
3050 4621 3114 4679 et
3145 4615 3210 4677 in

584 4722 797 4787 radice
830 4729 930 4786 est
960 4722 1269 4803 gratuita:
1304 4722 1433 4785 imo
1467 4722 1662 4787 etiam
1697 4721 2170 4803 quadamtenus
2203 4721 2572 4787 immediate
2605 4728 2671 4785 et
2699 4722 3025 4802 proxime3
3058 4721 3211 4803 quia
