3538 5364
1246 289 1524 357 probatur
1551 286 1738 341 verbis
1765 286 2170 343 institutionis.
2884 298 3013 362 305

396 470 573 533 nobis
592 470 975 555 parabolam
1005 471 1194 535 istam
1225 469 1445 534 Matth.
1485 473 1583 546 15,
1623 475 1736 545 153
1778 474 1874 546 13,
1910 475 2027 539 36:
2060 487 2214 533 nam
2245 471 2431 551 panis
2451 488 2661 552 neque
2682 489 2760 535 ex
2780 472 2873 537 rei
2893 491 3012 536 na-

398 584 544 641 tura
572 596 782 660 neque
815 594 894 641 ex
924 597 1045 641 usu
1076 576 1379 659 loquendi
1411 575 1780 659 symbolum
1813 583 1910 641 est
1942 577 2248 658 corporis.
2283 575 2497 656 Quare
2530 595 2570 640 a
2601 578 2860 660 proprio
2882 597 3014 643 non

393 683 543 749 licet
573 683 875 748 recedere
908 702 1119 749 sensu.

575 809 639 876 3.
675 804 910 871 Omnia
940 807 1216 888 exigunt,
1249 813 1322 871 ut
1352 825 1584 872 sensus
1615 807 1910 889 proprius
1943 812 2009 872 et
2041 806 2268 871 obvius
2301 808 2667 872 retineatur.
2714 809 2921 889 Exigit
2951 832 3013 880 a.

395 932 431 977 c
451 913 751 978 ollatio
783 931 931 977 cum
961 913 1174 979 verbis
1205 914 1647 997 promissionis
1678 914 1864 978 Joan.
1896 920 1956 991 6,
1990 918 2077 983 52
2110 933 2226 978 ss:
2259 915 2384 978 hoc
2416 916 2584 979 enim
2617 934 2788 979 nunc
2820 917 3015 981 tradit

394 1021 936 1095 manducandum,
984 1021 1157 1104 quod
1207 1029 1361 1085 tunc
1399 1011 1540 1085 ¹tam
1585 1021 1960 1086 solemniter
1990 1021 2363 1109 promisit1).
2427 1020 2519 1086 De
2551 1021 2824 1102 figurata
2854 1041 3013 1088 vero

395 1128 895 1194 manducatione
927 1130 1212 1209 cogitare
1243 1136 1467 1195 vetant
1498 1128 1699 1194 verba
1729 1128 1952 1194 Matth.
1987 1134 2094 1204 26,
2129 1134 2246 1198 26:
2278 1131 2536 1213 Accepit
2566 1129 2755 1193 Jesus
2778 1150 3014 1214 panem

395 1241 452 1298 et
482 1236 783 1299 benedixit
817 1258 891 1301 ac
919 1234 1132 1319 freyn,
1178 1237 1464 1321 deditque
1507 1237 1835 1322 discipulis
1883 1239 2015 1299 suis
2045 1242 2102 1299 et
2135 1238 2262 1299 ait:
2295 1238 2569 1320 Accipite
2599 1244 2654 1300 et
2685 1238 3014 1301 comedite:

394 1342 503 1405 hoc
533 1350 619 1405 est
652 1362 878 1427 corpus
909 1363 1127 1407 meum.
1190 1343 1290 1407 Ab
1323 1342 1578 1424 objecto
1612 1342 2150 1419 manducationiS,
2184 1343 2356 1426 quod
2382 1342 2612 1407 dicitur
2631 1344 2734 1407 hic
2766 1364 3015 1429 corpus.

396 1466 654 1514 omnem
686 1448 955 1529 figuram
987 1449 1264 1515 excludit
1296 1469 1509 1516 sermo
1543 1449 1778 1515 Christi
1811 1450 1981 1532 apud
2011 1450 2193 1514 Joan.
2217 1455 2276 1525 6,
2299 1452 2384 1519 52
2405 1470 2512 1527 ss,
2546 1450 2655 1514 ubi
2688 1458 2821 1515 tam
2841 1450 3013 1517 clare

395 1554 583 1620 docet
615 1555 939 1637 objectum
974 1557 1490 1622 manducationis
1522 1576 1665 1622 esse
1697 1573 1961 1622 carnem
1997 1564 2061 1622 et
2084 1557 2479 1639 sanguinem,
2511 1564 2683 1622 utne
2705 1558 3012 1623 audacio-

392 1680 499 1726 res
533 1663 790 1744 quidem
823 1664 1243 1746 interpretum
1275 1666 1778 1747 protestantium
1812 1665 1952 1729 ausi
1985 1665 2113 1728 sint
2142 1664 2230 1729 ibi
2249 1666 2514 1729 nomina
2544 1668 2757 1730 carnis
2777 1673 2842 1731 et
2859 1686 3012 1730 san-

388 1771 603 1852 quinis
632 1772 1072 1853 metaphorice
1104 1772 1442 1855 explicare.
1505 1772 1668 1853 Ergo
1701 1773 1911 1854 ipsum
1944 1790 2179 1854 corpus
2211 1777 2275 1835 et
2307 1773 2566 1853 sanguis
2598 1771 2831 1836 Christi
2863 1790 3013 1838 vere

393 1874 458 1939 in
490 1877 882 1943 eucharistia
913 1879 1362 1961 percipiuntur.

572 2001 842 2083 Exigunt
875 2004 944 2071 b.
976 2003 1116 2084 ipsa
1148 2021 1188 2066 a
1204 2003 1244 2067 d
1255 2003 1280 2084 j
1300 2009 1549 2067 uncta
1581 2009 1645 2067 et
1665 2003 1976 2066 orationis
1998 2004 2337 2085 emphasis.
2370 2002 2820 2068 valedicturus
2842 2005 3010 2069 enim

394 2108 681 2174 Christus
728 2109 1055 2192 apostoliS,
1106 2110 1215 2192 qui
1260 2116 1446 2175 erant
1489 2109 1842 2174 admodum
1882 2108 2221 2192 simpliceS,
2268 2128 2509 2192 eosque
2557 2109 2882 2176 solaturus
2927 2111 3011 2177 ob

394 2216 670 2281 futuram
702 2235 889 2281 suam
920 2217 1286 2299 passionem
1320 2223 1383 2282 et
1407 2216 1782 2293 discessum,
1814 2217 2041 2281 ultima
2070 2215 2369 2280 tradebat
2402 2217 2665 2293 monita,
2697 2218 2762 2281 in
2793 2219 3012 2300 primis

395 2323 821 2388 eucharistiae
853 2325 1319 2390 institutionem
1351 2324 1702 2389 memoriae
1734 2332 1800 2390 et
1832 2324 2202 2390 testamenti
2234 2324 2451 2387 instar.
2485 2324 2679 2406 Atqui
2711 2326 3015 2407 adiuncta

394 2432 707 2513 ejusmodi
737 2433 947 2497 minus
979 2440 1338 2515 congruunt
1387 2434 1808 2516 metaphorae
1840 2432 2156 2509 insolitae,
2189 2432 2319 2495 imo
2352 2438 2417 2497 et
2446 2430 2790 2497 inauditae.
2853 2433 3013 2497 Hinc

393 2539 682 2622 discipuli
714 2558 796 2604 ne
827 2540 1132 2622 suspicati
1165 2541 1423 2624 quidem
1474 2546 1623 2604 sunt
1656 2540 1936 2621 aliquam
1983 2539 2451 2620 metaphoram,
2498 2538 2783 2621 alioquin
2815 2539 3011 2602 dixis-

392 2655 566 2713 sent:
600 2647 892 2712 Edissere
923 2650 1095 2714 nobis
1119 2651 1500 2733 parabolam
1533 2651 1721 2713 istam
1751 2647 1973 2713 Matth.
2016 2652 2112 2724 15,
2152 2651 2264 2723 153
2304 2651 2402 2724 13,
2436 2650 2538 2717 36.

571 2791 635 2840 c.
672 2771 935 2837 Praeter
966 2792 1213 2838 morem
1259 2792 1300 2836 a
1343 2773 1546 2838 tribus
1580 2773 1984 2855 evangelistis
2030 2779 2094 2838 et
2137 2772 2219 2835 ab
2254 2772 2548 2854 apostolo
2583 2770 2783 2835 Paulo
2817 2771 2881 2834 in
2914 2790 3009 2852 ep.

393 2878 475 2942 ad
508 2877 870 2943 Corinthios
902 2887 1205 2945 accurate
1237 2880 1509 2946 refertur
1528 2881 1961 2946 eucharistiae
1983 2880 2314 2955 institutiO,
2347 2880 2435 2943 nil
2455 2897 2717 2961 prorsus
2738 2877 3010 2959 adjecto·

391 2985 561 3049 unde
593 2986 801 3066 colligi
834 2985 1306 3068 possit-Christi
1343 2986 1560 3063 verba,
1594 2986 1765 3069 quod
1798 3004 2032 3068 corpus
2065 2993 2131 3050 et
2161 2986 2540 3067 sanguinem
2573 2986 2817 3061 attinet,
2851 2984 3009 3064 figu-

391 3098 530 3156 rate
564 3112 704 3159 esse
737 3094 1127 3175 accipienda.

569 3222 738 3292 Quod
769 3223 992 3282 factum
1023 3242 1144 3283 non
1176 3227 1266 3282 est
1305 3223 1752 3301 negligendum.
1820 3224 1972 3282 Nam
2005 3242 2193 3299 pauca
2222 3223 2537 3282 admodum
2572 3225 2732 3291 sunt,
2781 3241 2931 3297 quae
2977 3241 3011 3279 a

391 3311 589 3370 tribus
621 3313 1006 3390 evangelistis
1041 3312 1224 3371 simul
1253 3312 1614 3387 referuntur,
1660 3315 1722 3371 et
1765 3313 2011 3388 insuper
2055 3313 2128 3370 ab
2174 3312 2443 3388 apostolo
2475 3312 2872 3389 evangelistae
2916 3311 3009 3370 in-

393 3402 546 3470 star;
581 3401 742 3476 quod
773 3401 823 3459 si
855 3401 1014 3459 idem
1045 3401 1329 3472 referunt,
1364 3401 1425 3459 id
1457 3405 1703 3460 narrant
1733 3401 2044 3460 nonnullis
2077 3401 2325 3477 adjectis
2356 3401 2767 3477 explicationis
2798 3401 3007 3478 gratia,

391 3490 485 3548 vel
516 3490 767 3560 omissis,
801 3491 897 3549 vel
930 3490 1066 3549 aliis
1099 3490 1315 3553 verbis.
1365 3490 1680 3549 Institutio
1711 3510 1850 3549 vero
1881 3490 2273 3549 eucharistiae
2305 3509 2339 3556 a
2370 3493 2630 3565 quatuor
2659 3490 2917 3548 refertur
2947 3492 3010 3548 et

610 3716 646 3783 ¹)
675 3712 968 3766 Praeclare
1011 3713 1254 3769 Bruno
1295 3714 1537 3767 astensis
1574 3717 1621 3782 (τ
1651 3718 1809 3785 1125)
1849 3713 1912 3766 in
1939 3712 2143 3767 Matth.
2185 3718 2271 3774 26,
2302 3718 2381 3768 ,26
2425 3712 2593 3783 (Mig
2612 3729 2693 3766 ne
2737 3719 2855 3774 165,
2883 3716 3008 3783 290)

391 3792 620 3848 scribit:
673 3794 960 3862 „Exponit
1002 3794 1277 3849 Dominus
1317 3797 1425 3850 hoc
1452 3795 1514 3849 in
1540 3795 1665 3850 loco
1693 3794 1848 3863 quod
1874 3792 2239 3865 significaret,
2267 3811 2395 3847 cum
2424 3793 2563 3846 alibi
2595 3793 2838 3847 diceret:
2889 3797 3013 3848 Mei

390 3878 838 3930 manducaveritis
861 3895 1077 3930 carnem
1103 3879 1208 3943 filii
1230 3879 1459 3930 hominis
1498 3886 1544 3930 et
1582 3879 1817 3930 biberitis
1854 3880 1966 3944 ejus
2003 3879 2327 3943 sanquinem,
2356 3895 2463 3929 non
2488 3878 2739 3930 habebitis
2764 3878 2924 3929 vitam
2948 3879 3008 3928 in

389 3957 531 4008 vobis
571 3954 753 4027 (Joan.
782 3963 831 4020 6,
861 3960 966 4028 54).
1017 3956 1158 4011 Ecce
1200 3956 1458 4011 sacerdos
1504 3956 1568 4009 in
1601 3960 1899 4010 aeternum
1943 3954 2257 4008 secundum
2298 3955 2552 4009 ordinem
2593 3954 3009 4008 Melchisedech

389 4051 595 4105 panem
619 4039 677 4090 ct
706 4037 905 4091 vinum
932 4037 1150 4091 virtute
1178 4036 1461 4091 ineffabili
1489 4037 1551 4090 in
1578 4037 1669 4091 sui
1696 4036 1948 4106 corporis
1975 4038 2033 4090 et
2058 4035 2359 4106 sanguinis
2378 4034 2762 4088 substantiam
2782 4050 3010 4088 conver·

391 4117 480 4172 tit.
509 4117 668 4172 Sicut
694 4118 849 4172 enim
877 4121 1015 4173 tunc
1041 4121 1101 4172 et
1125 4118 1362 4173 vivebat
1387 4120 1446 4170 et
1468 4117 1815 4186 loquebatur
1841 4120 1899 4171 et
1924 4120 2116 4172 tamen
2142 4134 2177 4170 a.
2202 4116 2504 4186 discipulis
2530 4114 2932 4169 comedebatur
2952 4118 3009 4167 et

390 4199 710 4264 bibebatur,
739 4199 821 4253 ita
848 4201 906 4253 et
931 4199 1096 4254 modo
1125 4197 1352 4268 integer
1380 4201 1437 4252 et
1462 4198 1922 4269 incorruptibilis
1948 4199 2143 4252 manet
2168 4200 2227 4251 et
2249 4215 2283 4249 a
2311 4197 2575 4251 fidelibus
2620 4194 2739 4249 suis
2767 4194 2826 4247 in
2843 4193 3009 4265 panis

390 4283 447 4333 et
473 4280 594 4334 vini
625 4283 975 4336 sacramento
1003 4280 1266 4349 quotidie
1296 4280 1513 4334 bibitur
1554 4282 1612 4333 et
1652 4279 2052 4335 manducatur.
2104 4277 2234 4330 Nisi
2259 4277 2413 4330 enim
2442 4278 2607 4347 panis
2634 4280 2692 4329 et
2717 4276 2917 4329 vinum
2944 4275 3005 4327 in

391 4363 513 4430 ejus
540 4378 764 4416 carnem
794 4363 852 4415 et
875 4359 1216 4430 sanguinem
1244 4363 1618 4423 verterentur,
1660 4375 1960 4426 nunquam
2001 4358 2122 4426 ipsc
2168 4357 2542 4426 corporaliter
2567 4355 3011 4423 manducaretur

391 4443 448 4494 et
474 4442 779 4497 biberetur.
831 4442 1135 4496 Mutantur
1178 4440 1332 4496 enim
1376 4441 1486 4495 ista
1525 4443 1589 4494 in
1633 4440 1765 4500 illa:
1813 4440 2194 4494 comeduntur
2239 4441 2296 4491 et
2322 4437 2602 4492 bibuntur
2629 4437 2731 4490 illa
2758 4436 2821 4490 in
2848 4435 3005 4494 istis;

391 4521 545 4588 quod
572 4522 821 4590 qualiter
845 4522 965 4587 fiat,
991 4521 1113 4590 ipse
1140 4523 1294 4577 solus
1321 4522 1500 4585 novit,
1544 4520 1645 4588 qui
1686 4518 1881 4574 omnia
1921 4520 2111 4588 potest
2137 4522 2195 4572 et
2222 4517 2412 4572 omnia
2438 4517 2619 4572 novit.
2671 4515 2833 4568 Dixit
2857 4515 3008 4569 enim

391 4605 529 4654 tunc
554 4620 655 4672 per
682 4620 759 4667 se,
785 4602 930 4657 dicit
956 4605 1015 4656 et
1040 4604 1204 4658 modo
1231 4620 1333 4673 per
1360 4619 1490 4655 suos
1517 4601 1841 4655 ministros:
1882 4605 2000 4655 Hoc
2037 4610 2111 4654 est
2149 4604 2285 4654 enim
2311 4617 2504 4667 corpus
2522 4617 2691 4652 meum
2709 4618 2726 4659 ,·
2766 4598 2824 4649 et
2848 4598 3009 4648 tanta

391 4684 477 4735 est
500 4683 625 4752 ejus
649 4684 809 4736 verbi
836 4683 1017 4736 virtus
1045 4685 1104 4735 et
1128 4682 1398 4744 efficacia,
1426 4685 1493 4735 ut
1519 4680 1714 4734 statim
1741 4680 1859 4744 fiat,
1887 4679 2040 4748 quod
2069 4678 2297 4732 dicitur.
2329 4678 2608 4731 Similiter
2640 4680 2848 4738 autem,
2871 4675 3006 4728 dum

391 4762 565 4816 dicit:
590 4766 696 4818 Hic
721 4773 795 4819 est
816 4767 1036 4832 sanquis
1063 4783 1222 4827 meus,
1249 4781 1379 4817 mox
1409 4763 1468 4815 in
1496 4763 1621 4832 ejus
1648 4760 1989 4832 sanguinem
2018 4761 2217 4813 vinum
2247 4757 2648 4811 convertitur.“

606 4861 647 4908 Η
664 4877 691 4907 u
710 4877 732 4908 r
747 4866 768 4908 t
785 4876 809 4908 e
827 4877 849 4908 r
866 4898 877 4916 ,
919 4861 1170 4922 Compend.
1211 4862 1471 4916 theolog-iae
1508 4859 1590 4916 111,
1637 4862 1717 4907 11.
1758 4861 1830 4908 ed.
2621 4851 2689 4900 20
