3538 5364
1111 377 1118 382 ,
1159 317 1358 368 contra
1384 314 1476 369 SS.
1503 313 1927 368 invocationem
1953 314 2176 369 satisfit.
2845 323 2972 386 677

355 502 630 578 gelornm
665 500 817 558 circa
847 517 954 559 nos
987 499 1284 571 custodia3
1335 503 1502 576 patet
1547 515 1608 563 c.
1654 519 1723 559 ex
1771 500 1863 571 iis,
1912 520 2063 576 quae
2095 501 2363 560 Christus
2402 503 2609 559 narrat
2647 500 2718 559 de
2758 502 2978 578 gaudio

353 590 709 667 angelorum
740 607 919 665 super
951 607 1071 647 uno
1104 593 1408 662 peccatore
1442 589 1873 666 poenitentiam
1905 593 2120 666 agente
2151 590 2291 648 Luc.
2332 599 2427 660 15,
2467 601 2535 660 73
2583 590 2653 649 cf.
2702 588 2837 649 Iob.
2879 599 2975 661 12,

374 689 480 750 123
512 681 691 754 Apoc.
727 689 783 748 5,
821 687 856 741 8
893 680 999 736 etc.
1067 677 1258 746 Quare
1290 674 1362 741 d.
1398 679 1545 738 hanc
1578 682 1916 738 sanctorum
1947 679 2343 756 cognitionem
2375 684 2574 755 patres
2604 679 2725 738 fere
2756 679 2819 738 in
2852 699 2977 738 om-

355 768 539 826 nibus
572 768 643 827 de
675 785 878 825 eorum
911 766 1337 827 intercessione
1367 767 1559 826 effatis
1592 770 1959 844 supponunt.
2023 768 2101 826 Et
2132 785 2273 826 sane
2305 783 2366 831 θ.
2399 768 2450 826 si
2482 769 2639 827 Deus
2670 768 2978 828 nonnullis

363 856 583 915 sanctis
608 857 734 932 jam
767 855 863 914 hic
893 855 955 913 in
988 854 1165 914 terris
1197 857 1505 927 concessit,
1537 861 1609 916 ut
1641 860 2064 935 cognoscerent
2095 856 2356 916 cordium
2392 861 2648 916 secreta:
2688 876 2755 916 eo
2787 857 2978 934 magis

355 946 422 1003 id
456 945 724 1004 concedit
755 944 964 1018 beatis,
1000 945 1052 1003 si
1085 945 1227 1004 haec
1256 946 1514 1022 cognitio
1546 947 1610 1004 in
1642 964 1846 1004 eorum
1881 944 2050 1004 cedat
2078 946 2345 1022 gloriam.

543 1067 606 1134 3.
653 1071 861 1145 Neque
893 1068 1038 1127 adeo
1070 1069 1400 1144 impervius
1446 1074 1540 1128 est
1582 1069 1812 1139 modus,
1860 1088 1978 1146 quo
2025 1070 2267 1129 coelites
2299 1070 2701 1129 invocantium
2735 1070 2981 1128 audiant

362 1177 579 1235 preces.
642 1158 719 1215 Et
762 1158 825 1215 in
871 1158 1076 1232 primis
1120 1174 1186 1221 a.
1221 1177 1352 1218 cum
1386 1159 1853 1238 Hieronymo
1885 1158 2170 1217 adversus
2203 1159 2592 1236 Vigilantiam
2627 1158 2845 1216 similia
2876 1159 2980 1216 ob-

350 1249 664 1323 jicientem
697 1265 753 1304 n.
779 1258 813 1309 6
849 1247 1228 1323 reponimus:
1263 1248 1394 1318 ,Tu
1416 1249 1534 1308 Deo
1567 1248 1727 1325 leges
1759 1250 1987 1323 pones?
2019 1248 2109 1307 Tu
2140 1247 2429 1324 apostolis
2461 1247 2698 1306 vincula
2729 1246 2977 1323 injicieS‚

365 1341 436 1394 ut
481 1353 674 1412 usque
720 1336 794 1394 ad
840 1336 998 1395 diem
1021 1335 1238 1411 judicii
1270 1341 1589 1397 teneantur
1622 1337 1911 1408 custodia,
1962 1355 2069 1395 nec
2115 1337 2241 1395 sint
2271 1355 2402 1396 cum
2438 1337 2686 1395 Domino
2731 1354 2854 1406 suc,
2908 1335 2980 1394 de

364 1426 587 1500 quibus
620 1424 912 1501 scriptum
957 1430 1050 1483 est
1095 1421 1299 1506 (Apoc.
1342 1436 1436 1496 14,
1475 1422 1569 1509 4):
1620 1426 1953 1503 Sequuntur
1983 1425 2231 1503 Aynum,
2281 1444 2607 1503 quocunque
2648 1425 2853 1483 vadit?
2920 1426 2981 1486 Si

361 1516 574 1591 Agnus
607 1512 852 1589 ubique,
885 1532 1025 1592 ergo
1058 1517 1119 1572 et
1150 1514 1230 1585 hi,
1266 1516 1371 1591 qui
1403 1535 1536 1574 cum
1568 1516 1739 1593 Agno
1772 1518 1931 1585 sunt,
1963 1515 2189 1590 ubique
2219 1533 2349 1574 esse
2382 1514 2655 1573 credendi
2687 1518 2849 1577 sunt.
2906 1514 2983 1572 Et

365 1622 497 1662 cum
533 1603 805 1661 diabolus
852 1606 912 1661 et
960 1602 1272 1663 daemones
1302 1607 1430 1664 toto
1463 1612 1758 1682 vagentur
1803 1604 1868 1662 in
1915 1604 2054 1663 orbe
2100 1606 2162 1662 et
2207 1604 2507 1663 celeritate
2538 1604 2726 1664 nimia
2757 1603 2983 1678 ubique

362 1696 702 1768 praesentes
735 1692 873 1763 sint,
907 1697 1196 1768 martyres
1229 1697 1366 1770 post
1396 1694 1741 1753 effusionem
1759 1693 2068 1770 sanguinis
2102 1693 2196 1752 sui
2227 1711 2361 1752 arca
2391 1692 2735 1769 operientur
2763 1692 2984 1753 inclusi

358 1783 425 1839 et
456 1780 594 1839 inde
625 1780 783 1840 exire
803 1799 922 1839 non
941 1785 1312 1857 poteruntP‘
1360 1783 1566 1858 Neque
1598 1779 1670 1848 b.
1704 1781 2114 1858 improbabilis
2135 1786 2228 1840 est
2244 1783 2471 1851 modus,
2507 1801 2682 1858 quem
2703 1781 2984 1859 proponit

364 1869 683 1928 concilium
730 1887 1069 1928 senonen
1089 1889 1165 1929 se
1212 1867 1289 1952 (a.
1330 1872 1521 1950 1528)
1553 1870 1710 1930 decr.
1755 1882 1862 1934 13:
1913 1871 2086 1940 ,Etsi
2131 1890 2324 1946 neque
2357 1870 2554 1930 desint
2584 1870 2755 1929 nobis
2786 1871 2983 1948 angeli

366 1958 635 2017 Gabriele
666 1958 949 2029 Danielis,
986 1960 1281 2035 Raphaele
1312 1960 1526 2020 Tobiae
1560 1961 2017 2036 haudquaquam
2051 1960 2369 2037 segniores,
2417 1959 2522 2035 qui
2567 1960 2738 2018 nobis
2777 1960 2851 2017 ab
2884 1978 2981 2018 ex-

361 2048 531 2106 ordio
579 2066 818 2124 precum
871 2051 1210 2107 nostrarum
1258 2048 1572 2120 assideant,
1618 2052 1690 2107 ut
1734 2049 1859 2108 illis
1904 2058 2055 2108 mox'
2083 2050 2349 2119 offerant,
2397 2066 2651 2124 quorum
2704 2048 2984 2125 suffragia

366 2137 752 2212 imploramus
785 2140 938 2195 etc!
987 2137 1091 2196 Vel
1124 2152 1182 2201 (3.
1214 2156 1349 2197 cum
1381 2140 1829 2216 Augustino
1862 2138 1935 2197 de
1965 2156 2107 2197 cura
2136 2158 2226 2215 ag.
2260 2155 2366 2213 pro
2386 2138 2641 2198 mortuis
2673 2155 2720 2196 c.
2750 2147 2824 2199 15
2861 2141 2981 2196 sta-

361 2229 535 2283 tuas:
584 2225 890 2294 ,Possunt
920 2226 1097 2285 ctiam
1131 2227 1382 2302 spiritus
1413 2232 1787 2287 mortuorum
1820 2227 2036 2303 aliqua,
2071 2246 2222 2302 quae
2254 2226 2351 2286 hic
2382 2229 2661 2303 aguntur,
2697 2245 2848 2301 quae
2881 2246 2983 2285 ne-

363 2314 687 2373 cessarium
721 2318 815 2372 est
844 2334 944 2373 eos
976 2333 1150 2374 nosse
1182 2319 1244 2374 ct
1273 2335 1424 2391 quae
1456 2317 1855 2375 necessarium
1886 2334 2005 2374 non
2035 2321 2129 2375 est
2159 2335 2258 2374 eos
2287 2334 2405 2375 non
2436 2334 2609 2375 nosse
2641 2334 2760 2374 non
2792 2316 2980 2374 solum

363 2404 688 2479 praeterita
720 2404 813 2462 vel
842 2404 1186 2480 praesentia,
1235 2407 1335 2464 sed
1382 2406 1560 2479 etiam
1591 2407 1795 2464 futura
1827 2404 2056 2481 Spiritu
2085 2406 2192 2464 Dei
2225 2405 2526 2463 revelante
2557 2413 2981 2481 cognoscer03‘

361 2491 526 2567 quod
560 2489 627 2558 d.
660 2492 913 2551 ducibus
946 2486 1320 2571 Gregorio
1354 2496 1428 2557 M.
1462 2495 1603 2554 Mor.
1625 2494 1753 2566 XII,
1800 2505 1870 2556 14
1905 2497 1965 2553 et
1996 2494 2272 2553 Thoma
2306 2502 2361 2555 2.
2398 2502 2454 2556 2.
2485 2513 2540 2570 q.
2566 2504 2645 2557 83
2681 2515 2730 2555 a.
2765 2504 2800 2554 4
2837 2494 2908 2551 ad
2945 2502 2977 2554 2

365 2581 682 2640 concilium
717 2600 1150 2641 senonense
1180 2601 1227 2641 c.
1254 2594 1332 2646 14
1355 2585 1595 2661 probat:
1631 2583 1787 2653 ,Sed
1810 2602 1986 2658 quam
2019 2583 2099 2641 sit
2130 2578 2506 2663 (figmentum
2540 2582 2613 2640 de
2644 2585 2985 2641 sanctorum

366 2670 708 2748 ignorantia
740 2670 846 2730 hac
877 2671 942 2729 in
973 2670 1064 2754 re)
1100 2692 1216 2731 non
1251 2673 1424 2746 modo
1445 2673 1698 2742 veritati,
1731 2672 1831 2733 sed
1855 2671 2178 2749 Scriptnris
2197 2691 2435 2749 quoque
2456 2671 2778 2738 dissonum,
2815 2671 2984 2730 facile

365 2760 673 2837 intelligit,
711 2762 815 2835 qui
846 2760 1038 2819 beatis
1070 2762 1340 2837 pervium
1373 2781 1503 2821 esse
1536 2782 1656 2822 non
1689 2763 1927 2839 ignorat
1946 2762 2298 2821 omniforme
2319 2762 2473 2820 illud
2492 2761 2823 2820 divinitatis
2856 2779 2985 2836 spe-

366 2850 587 2919 culum,
624 2850 685 2907 in
718 2868 836 2925 quo
868 2850 1162 2925 quidquid
1184 2870 1387 2909 eorum
1409 2851 1664 2921 intersit,
1701 2852 2068 2910 illucescat.‘
2120 2850 2325 2926 Neque
2359 2865 2419 2915 e.
2451 2849 2672 2909 desunt
2702 2850 2984 2926 theologi,

369 2938 474 3014 qui
508 2957 641 2997 cum
675 2938 946 2998 Lessio
979 2939 1049 2998 de
1083 2957 1312 2999 summo
1334 2942 1498 2999 Bono
1518 2940 1596 3011 11,
1638 2951 1713 3003 10
1749 2937 2128 3010 contendant,
2162 2940 2449 2999 virtutem
2481 2938 2730 2998 luminis
2762 2939 2986 3015 gloriae

363 3026 443 3086 ad
475 3045 674 3103 preces
705 3032 940 3086 nostras
972 3028 1406 3106 cognoscendas
1439 3048 1501 3088 se
1532 3030 1898 3106 protendere.
1969 3028 2179 3098 ,Quod
2227 3029 2279 3087 si
2324 3029 2387 3087 in
2434 3029 2634 3104 quiete
2675 3030 2986 3097 nocturna,

366 3115 570 3191 inquit
597 3116 1053 3176 Ambrosius
1087 3118 1159 3177 de
1190 3136 1434 3178 excessu
1466 3119 1535 3177 fr.
1557 3120 1599 3189 Ι,
1640 3128 1736 3189 73,
1772 3118 2030 3177 vinculis
2062 3118 2255 3177 adhuc
2286 3118 2578 3193 corporeis
2611 3118 2987 3176 inhaerentes

369 3215 430 3263 et.
460 3206 632 3280 quasi
663 3205 821 3264 inter
852 3207 1169 3266 carceraria
1198 3208 1483 3284 religatae
1515 3207 1773 3267 claustra
1791 3207 2210 3277 membrorum,
2243 3210 2496 3283 possunt
2524 3209 2726 3265 tamen
2756 3206 2988 3265 animae

366 3293 581 3352 altiora
609 3297 669 3352 et
700 3294 926 3354 dicrota
945 3298 1309 3372 perspicere:
1345 3301 1566 3373 quanto
1588 3297 1780 3374 magis
1801 3298 2069 3372 spectant
2087 3296 2245 3366 haec,
2280 3314 2415 3354 cum
2440 3297 2564 3371 jam
2586 3313 2735 3372 puro
2756 3295 2989 3354 aether·

365 3401 556 3457 eoque
579 3401 758 3442 sensu
778 3385 944 3442 nulla
966 3403 1276 3461 corporeae
1299 3386 1451 3444 labis
1471 3385 1897 3462 impedimenta
1916 3385 2271 3461 patiuntur?
2288 3392 2315 3422 ‘
2349 3385 2430 3444 cf.
2453 3384 2497 3442 T
2516 3385 2553 3442 h
2570 3403 2603 3442 o
2620 3404 2677 3442 m
2696 3404 2730 3442 a
2744 3403 2771 3442 s
2793 3384 2987 3459 suppl.

368 3490 425 3546 q.
453 3481 528 3534 72
566 3483 791 3542 a.1.2;
827 3474 1200 3532 Patavina
1234 3475 1306 3533 de
1336 3475 1560 3534 incarn.
1582 3475 1730 3546 XIV,
1772 3485 1879 3542 163
1915 3475 2257 3532 Becanus
2288 3492 2379 3549 op.
2413 3477 2457 3533 t.
2494 3483 2526 3535 5
2563 3491 2761 3548 opusc.
2794 3485 2814 3534 1
2847 3483 2987 3535 c.5:

369 3561 946 3621 Scheffmacher
976 3583 1067 3639 ep.
1103 3573 1158 3626 4.

555 3701 698 3766 7⁸27·
731 3700 990 3768 ΤῙΙθΕῙΒ
1024 3699 1473 3769 CCLXXXI·
1532 3722 1811 3775 Sanctis
1843 3723 1920 3775 in
1955 3721 2140 3775 coelo
2159 3721 2624 3788 reanantibus
2638 3720 2865 3773 cultus
2882 3734 2990 3773 re-

367 3809 664 3875 liniacus
700 3824 748 3863 a
784 3812 976 3866 civili
1013 3814 1384 3867 distinctus
1421 3826 1634 3880 eoque
1673 3811 1931 3878 major,
1968 3811 2193 3865 latria
2229 3825 2393 3864 vcro
2418 3809 2638 3863 multo
2665 3810 2992 3873 inferior,

366 3899 582 3964 licite,
617 3901 896 3955 honeste
928 3903 1180 3969 pieque
1218 3902 1605 3956 exhibetur.

551 4024 994 4093 Declaratio.
1067 4025 1124 4091 1.
1185 4023 1406 4087 Cultus
1453 4030 1583 4088 tres
1629 4022 2079 4103 complectitur
2125 4027 2336 4085 actus:
2383 4026 2706 4087 mactum
2753 4017 2991 4082 intel-

372 4128 659 4205 lectuS,
708 4148 835 4212 quo
869 4128 1129 4195 alterius
1161 4130 1609 4211 praerogativa
1640 4129 2009 4208 agnoscitur
2054 4127 2372 4208 dignaque
2404 4124 2715 4208 obsequio
2741 4123 2991 4205 judica-

371 4244 507 4313 tur;
553 4239 623 4308 b.
657 4245 870 4301 actum
902 4238 1390 4314 voluntatiS,
1437 4256 1563 4319 quo
1590 4236 1902 4319 judicium
1935 4235 2296 4299 intellectus
2327 4232 2766 4314 approbamus
2799 4236 2991 4311 atque

371 4344 798 4423 decernimuS,
847 4345 1170 4425 cognitam
1233 4345 1494 4409 alterius
1556 4344 2003 4409 excellentiam
2053 4348 2473 4422 nostramque
2527 4338 2991 4421 subjectionem

373 4458 643 4534 propter
690 4452 1136 4516 excellentiam
1184 4452 1563 4534 practice
1612 4449 1929 4532 profiteri;
1980 4468 2044 4517 c.
2091 4456 2308 4512 actum
2359 4453 2785 4514 externum
2833 4462 2990 4508 con-

373 4575 618 4638 gruum,
670 4576 797 4640 quo
849 4559 1136 4624 internos
1177 4558 1382 4621 ‘hosce
1434 4563 1618 4620 actus
1670 4555 2101 4637 exprimimus.
2163 4553 2254 4617 Ex
2304 4553 2534 4636 quibus
2581 4551 2993 4616 secundus

373 4664 654 4728 maxime
686 4665 982 4747 proprius
1014 4671 1207 4730 estet
1238 4663 1628 4738 essentialis;
1679 4662 1923 4744 primus
1970 4661 2142 4725 enim
2189 4668 2375 4726 actus
2425 4665 2638 4742 potest
2682 4676 2823 4722 esse
2856 4658 2992 4722 sine

374 4771 585 4846 cultu3
621 4772 847 4835 tertius
880 4753 1084 4835 etiam¹
1108 4789 1256 4834 cum
1291 4769 1599 4833 irrisione.
1644 4766 1730 4831 Cf.
1765 4767 2317 4832 Bellarminus
2350 4767 2429 4831 de
2459 4766 2627 4832 beat.
2661 4762 2769 4828 SS.
2802 4781 2853 4827 e.
2894 4768 2992 4831 12.
