3538 5364
978 327 1079 380 pro
1108 310 1417 365 obtinenda
1446 314 1811 381 peccatorum
1839 309 2187 366 remissione.
2757 319 2885 383 469

452 512 515 562 e.
551 491 773 574 Neque
805 491 1207 572 negligantur
1254 508 1333 555 ea
1378 497 1634 572 patrum
1683 491 1895 566 effata,
1942 491 2007 554 in
2054 490 2286 573 quibus
2332 490 2505 555 nulla
2537 492 2889 556 sacerdotis

273 601 444 665 facta
476 601 802 664 mentione
834 597 1204 681 simpliciter
1236 598 1316 663 de
1336 597 1758 663 confessionis
1791 599 2172 662 necessitate
2204 597 2576 680 loquuntur:
2609 617 2688 664 ea
2720 599 2889 664 enim

274 705 684 787 intelligenda
733 713 882 770 sunt
913 706 992 771 de
1039 705 1440 770 confessione
1486 707 1762 770 clavium
1809 705 2102 770 ministro
2149 705 2456 771 facienda.
2519 707 2893 789 Loquuntur

269 814 446 878 enim
478 813 557 877 de
590 810 988 877 confessione
1035 811 1326 877 fidelibus
1366 812 1502 894 jam
1549 820 1723 888 nota,
1772 830 1941 895 quae
1988 813 2117 876 scil.
2151 830 2301 894 pars
2335 821 2431 878 est
2460 814 2891 895 poenitentiae

272 921 342 983 in
373 918 656 984 Ecclesia
689 920 994 1001 agendae,
1036 936 1357 1001 quamque
1406 918 1514 982 alii
1559 925 1775 999 patres
1825 925 1889 982 et
1922 919 2043 1000 ipsi
2076 917 2226 982 alibi
2259 919 2621 984 accuratius
2654 919 2893 983 descri-

275 1027 503 1092 bentes
535 1026 859 1090 sacerdoti
895 1024 1255 1089 faciendam
1287 1043 1429 1089 esse
1461 1030 1754 1088 statuunt
1786 1024 1871 1107 (n.
1907 1025 2083 1111 492).

453 1176 662 1249 Itaque
712 1192 1029 1250 provocare
1084 1191 1403 1249 possumus
1453 1173 1526 1231 ad
1577 1173 1756 1231 verba
1806 1172 2002 1230 Clem
2022 1173 2231 1231 entis
2282 1191 2427 1235 rom.
2478 1170 2597 1254 (vel
2647 1172 2894 1232 alterius

273 1263 537 1324 auctoris
569 1259 829 1345 antiqui)
860 1282 951 1339 ep.
987 1272 1021 1324 2
1058 1262 1132 1320 ad
1163 1263 1287 1321 Cor.
1320 1282 1376 1320 n.
1413 1271 1481 1325 8:
1531 1261 1870 1331 ,Quamdiu
1914 1280 2120 1320 sumus
2168 1262 2231 1319 in
2276 1261 2386 1320 hoc
2417 1262 2659 1331 mund0,
2692 1280 2893 1337 pecca-

274 1357 493 1421 torum,
527 1371 677 1426 quae
709 1354 771 1410 in
803 1370 977 1410 carne
1008 1351 1320 1429 gessimuS,
1367 1370 1433 1409 ex
1466 1353 1593 1409 toto
1626 1351 1800 1409 corde
1831 1350 2256 1426 poenitentiam
2289 1369 2552 1427 agamus,
2601 1354 2672 1409 ut
2716 1371 2750 1410 a
2781 1351 2894 1409 Do·

275 1443 440 1501 mino
471 1442 782 1511 salvemur,
816 1441 960 1499 dum
994 1440 1394 1516 poenitentiae
1425 1443 1663 1516 tempus
1695 1440 1997 1498 habemus
2061 1440 2386 1516 Postquam
2419 1440 2574 1499 enim
2609 1459 2642 1498 e
2672 1441 2895 1499 mundo

271 1530 585 1600 exivimus,
638 1549 760 1589 non
806 1529 1063 1606 amplius
1108 1547 1426 1604 possumus
1473 1528 1558 1587 ibi
1605 1529 1872 1588 confiteri
1918 1531 2025 1587 aut
2060 1528 2486 1604 poenitentiam
2519 1537 2767 1606 agere;‘
2822 1529 2895 1587 ad

277 1621 458 1678 verba
489 1619 800 1678 Doctrinae
832 1623 1019 1696 apost.
1055 1620 1091 1677 1.
1127 1629 1163 1680 4
1197 1637 1246 1682 e.
1289 1629 1393 1680 14:
1430 1619 1542 1688 ,In
1575 1617 1835 1677 Ecclesia
1866 1618 2242 1676 confiteberis
2274 1623 2511 1694 peccata
2543 1620 2668 1692 tua,
2702 1635 2897 1693 neque

276 1708 517 1768 accedes
549 1708 623 1766 ad
655 1709 979 1767 orationem
1012 1713 1177 1765 tuam
1210 1707 1273 1764 in
1306 1707 1667 1766 conscientia
1697 1707 1929 1776 mala3‘
1965 1712 2026 1765 et
2056 1707 2097 1770 1.
2138 1717 2212 1769 14
2247 1725 2292 1770 c.
2322 1718 2344 1768 l
2373 1728 2386 1764 ε
2423 1706 2572 1776 ,Die
2606 1707 2901 1766 dominica

275 1798 694 1857 convenientes
725 1797 982 1874 frangite
1014 1815 1224 1873 panem
1271 1799 1330 1853 et
1370 1797 1590 1872 gratias
1623 1796 1801 1873 agite,
1847 1799 2165 1872 postquam
2196 1795 2449 1854 confessi
2482 1796 2627 1855 estis
2660 1799 2898 1871 peccata

278 1892 495 1956 vestra,
547 1890 618 1945 ut
663 1887 742 1944 sit
785 1886 1076 1945 mundum
1110 1884 1465 1943 sacrificium
1499 1891 1836 1956 vestrum3‘
1892 1884 1967 1943 ad
2018 1885 2195 1943 verba
2238 1885 2642 1944 Lactantii
2688 1887 2901 1944 notatu

278 1976 466 2052 digna
496 1975 684 2037 instit.
718 1975 813 2045 IV,
851 1986 929 2038 30
965 1975 1074 2038 ool.
1117 1985 1186 2037 17
1210 1995 1222 2031 :
1267 1973 1459 2043 ,Quia
1490 1973 1712 2050 singuli
1748 1974 1971 2050 quique
2003 1979 2207 2033 coetus
2240 1974 2669 2033 haereticorum
2701 1993 2764 2032 se
2795 1993 2900 2050 po·

275 2065 584 2123 tissimum
616 2063 967 2123 christianos
1001 2069 1060 2121 et
1092 2081 1259 2121 suam
1292 2080 1420 2121 esse
1451 2063 1801 2121 catholicam
1831 2062 2153 2122 Ecclesiam
2186 2067 2417 2140 putant,
2453 2063 2758 2122 sciendum
2790 2067 2899 2133 est,

277 2155 446 2212 illam
479 2172 606 2211 esse
641 2172 834 2211 veram
854 2147 1241 2234 (Ecclesiam),
1275 2152 1336 2210 in
1370 2170 1488 2226 qua
1518 2156 1612 2210 est
1642 2151 1907 2210 confes
1926 2153 2040 2211 sio
2071 2156 2132 2210 et
2161 2152 2545 2226 poenitentia,
2578 2171 2729 2227 quae
2762 2171 2898 2227 pec-

284 2248 410 2301 cata
442 2246 504 2300 et
547 2243 811 2306 vulnera.
860 2241 1083 2317 quibus
1118 2241 1388 2315 subjecta
1421 2243 1515 2298 est
1549 2241 1928 2300 imbecillitas
1961 2242 2171 2309 carnis,
2220 2241 2540 2300 salubriter
2569 2246 2798 2311 curat,‘
2845 2246 2905 2300 et
2983 2245 2987 2249 '

287 2332 645 2408 Gregorii
678 2350 841 2407 nyss.
874 2350 957 2391 or.
994 2340 1027 2392 2
1064 2349 1111 2388 c.
1144 2331 1424 2391 Eunom.:
1466 2331 1566 2396 ,Si
1601 2333 1837 2389 sanctae
1869 2330 2179 2389 Trinitatis
2213 2330 2497 2389 consessio
2528 2334 2622 2389 est
2651 2330 2903 2401 inutilis,

283 2421 530 2479 inutiles
565 2426 708 2479 sunt
739 2420 1035 2478 Ecclesiae
1068 2419 1240 2482 ritus.
1303 2420 1372 2476 In
1420 2419 1512 2477 his
1562 2422 1764 2478 autem
1811 2418 2029 2477 ritibus
2075 2421 2165 2477 est
2210 2419 2495 2496 sigillum,
2548 2419 2904 2496 deprecatio,

277 2510 593 2582 baptisma,
627 2512 1002 2586 peccatorum
1039 2508 1391 2567 confessi0.‘
1455 2507 1536 2569 Cf.
1569 2508 1685 2566 alia
1717 2508 1869 2567 infra
1901 2526 1957 2570 n.
1994 2515 2151 2571 514⁸
2182 2523 2241 2573 θ.
2275 2503 2327 2572 f.

463 2652 610 2716 484.
643 2647 707 2717 4.
741 2645 1006 2712 Accedit
1038 2645 1210 2710 ratio
1259 2646 1492 2728 duplex
1539 2645 1899 2726 theologica
1944 2645 2118 2710 haud
2162 2644 2542 2727 spernenda
2606 2643 2787 2709 Prior
2818 2645 2908 2709 ita

282 2761 502 2836 potest
532 2756 838 2836 proponi:
881 2752 1319 2836 Supponimus
1356 2754 1708 2818 Ecclesiam
1741 2772 1885 2819 esse
1917 2772 2283 2834 perennem,
2314 2752 2644 2827 visibilem,
2676 2750 2906 2815 infalli-

283 2864 495 2929 bilem.
559 2863 721 2944 Ergo
756 2869 907 2927 ante
941 2863 1454 2926 controversiam
1502 2861 1582 2925 de
1628 2861 2050 2925 consessionis
2082 2860 2465 2924 necessitate
2498 2858 2715 2923 seculo
2749 2857 2906 2921 XVI.

283 2972 587 3036 obortam
620 2970 861 3035 exstitit
892 2968 1126 3034 alicubi
1159 2987 1314 3034 vera
1348 2969 1585 3033 Christi
1618 2968 1905 3032 Ecclesia
1936 2967 2197 3030 visibilis
2230 2973 2292 3031 et
2325 2964 2682 3029 infallibilis.
2715 2964 2909 3046 Atqui

282 3098 327 3141 a
358 3097 485 3144 sec.
519 3078 643 3141 ΧΠ.
677 3096 881 3160 usque
913 3077 996 3141 ad
1029 3077 1187 3140 XVI.
1224 3077 1431 3140 nullus
1469 3075 1583 3140 suit
1615 3084 1859 3151 coetuS,
1891 3075 2000 3158 qui
2033 3073 2248 3157 aliqua
2279 3073 2413 3138 veri
2445 3074 2657 3155 specie
2690 3090 2908 3137 veram

283 3203 356 3249 se
390 3185 619 3249 dixerit
653 3184 1020 3259 Ecclesiam,
1053 3184 1161 3265 qui
1197 3201 1326 3246 non
1349 3183 1543 3246 etiam
1564 3181 1986 3247 confessionis
2008 3181 2464 3245 necessitatem
2485 3179 2907 3262 profiteretur.

287 3291 454 3371 Ergo
502 3308 648 3353 cum
681 3291 846 3354 inter
895 3289 1036 3353 illos
1085 3289 1373 3354 diversos
1422 3296 1645 3353 coetus
1694 3307 1861 3352 unus
1912 3286 2095 3353 fuerit
2144 3305 2299 3351 vera
2345 3286 2577 3351 Christi
2610 3286 2909 3362 Ecclesia,

286 3398 485 3462 etiam
519 3415 675 3460 vera
708 3395 940 3461 Christi
971 3396 1258 3460 Ecclesia
1293 3394 1633 3459 infallibilis
1667 3395 1940 3460 eandem
1973 3396 2191 3458 tenuit„
2226 3393 2387 3475 Ergo
2422 3395 2584 3460 haec
2616 3393 2910 3457 doctrina

283 3511 386 3569 est
418 3521 573 3568 vera
607 3511 671 3568 et
703 3503 1003 3567 revelata.

466 3628 687 3691 Altera
719 3627 882 3690 ratio
915 3627 1153 3709 petitur
1203 3646 1282 3691 ex
1339 3627 1483 3707 ipso
1536 3624 1956 3688 confessionis
2006 3632 2372 3706 praeceptO,
2411 3624 2582 3706 quod
2616 3624 2909 3705 expensis

291 3734 589 3798 omnibus
622 3733 939 3815 adiunctis
970 3734 1258 3798 humana
1308 3732 1697 3797 auctoritate
1730 3750 1860 3794 non
1893 3732 2097 3812 potuit
2131 3731 2404 3813 imponi;
2441 3737 2537 3795 est
2558 3748 2707 3810 ergo
2729 3730 2910 3793 insti-

291 3842 556 3905 tutionis
588 3841 854 3905 divinae.
918 3840 1100 3920 Quae
1134 3840 1347 3905 illatio
1383 3839 1611 3921 triplici
1645 3839 1840 3903 modo
1875 3837 2305 3902 confirmatur.

471 4006 537 4052 a.
590 3989 794 4047 Omnis
846 3989 1241 4049 innovationis
1293 3989 1581 4045 humanae
1631 3988 1695 4045 in
1745 3986 2013 4044 Ecclesia
2059 3987 2311 4062 alicujus
2358 3985 2641 4043 momenti
2693 3983 2912 4041 scimus

285 4082 589 4154 parentes,
621 4078 893 4152 patriam,
936 4097 1159 4136 annum
1192 4077 1448 4135 natalem
1481 4080 1590 4134 etc.
1653 4075 1841 4149 Atqui
1871 4075 2051 4151 hujus
2085 4074 2500 4142 innovationis,
2549 4092 2667 4147 qua
2711 4072 2913 4130 fideles

287 4167 582 4225 dicuntur
611 4167 830 4242 privati
857 4167 1131 4226 libertate
1151 4166 1492 4242 evangelica
1524 4167 1585 4222 et
1616 4164 1756 4224 facti
1788 4164 2028 4223 obnoxii
2054 4165 2204 4240 jugo
2236 4163 2544 4240 tyrannico
2578 4165 2754 4235 atque
2788 4178 2912 4219 car·

287 4255 567 4313 nificinae
617 4255 1012 4326 confessionis,
1072 4273 1179 4314 nec
1232 4259 1456 4325 auctor,
1523 4273 1629 4312 nec
1678 4254 1891 4329 patria,
1956 4272 2063 4311 nec
2112 4270 2304 4311 annus
2355 4250 2569 4310 natalis
2623 4250 2916 4326 assignari

289 4347 510 4420 potest,
546 4344 819 4417 quamvis
851 4344 927 4402 sit
958 4363 1053 4403 res
1084 4344 1405 4403 admodum
1428 4344 1713 4420 practica;
1747 4343 2037 4400 ridendus
2069 4342 2228 4400 enim
2260 4342 2428 4409 soret,
2461 4340 2565 4415 qui
2599 4339 2753 4398 serio
2784 4339 2915 4414 ejus

289 4443 596 4491 auctorem
629 4432 853 4490 diceret
884 4434 1432 4492 Innocentium
1467 4434 1589 4504 ΙΙΙ.,
1638 4451 1772 4491 cum
1819 4433 1870 4489 is
1904 4432 2249 4489 necessitate
2280 4428 2661 4488 confessionis
2694 4446 2910 4504 suppo-

289 4522 410 4580 sita
441 4525 749 4597 tamquam
783 4521 856 4579 ab
888 4522 1162 4581 omnibus
1195 4522 1465 4591 admissa,
1500 4528 1739 4597 tempus
1758 4526 1999 4579 tantum
2018 4518 2518 4587 determinaverit,
2554 4536 2673 4593 quo
2705 4517 2915 4575 saltem

290 4611 349 4669 ei
382 4614 548 4669 esset
579 4610 1075 4669 satisfaciendum.
1137 4612 1434 4689 Legantur
1464 4611 1554 4669 Al
1575 4610 1793 4668 cuini
1826 4629 1914 4685 ep.
1956 4618 2110 4677 1123
2159 4626 2356 4684 opusc.
2394 4617 2424 4671 7
2477 4612 2538 4666 et
2568 4607 2916 4665 Damiani

296 4718 475 4764 serm.
514 4710 613 4769 58,
664 4699 769 4758 ubi
815 4699 954 4757 data
997 4717 1175 4775 opera
1219 4702 1291 4759 de
1324 4700 1706 4759 confessionis
1740 4698 2207 4775 proprietatibus
2240 4697 2431 4772 deque
2463 4697 2657 4755 causis
2689 4696 2915 4754 confes-
