3538 5364
545 259 633 324 54
1010 251 1196 306 Tract.
1223 251 1373 304 VIII.
1402 250 1471 303 de
1497 250 1703 322 gratia.
1730 250 1929 304 Thesis
1957 244 2301 304 CLXXXVI.
2323 249 2392 303 de
2419 249 2689 321 operibns

727 447 827 500 60.
861 432 1233 501 Scholion.
1301 435 1467 505 Quod
1499 435 1791 495 factum
1834 436 2071 507 attinet,
2119 435 2445 511 quaeritur,
2490 442 2690 495 utrum
2734 454 2943 495 revera
2990 455 3169 511 opera

543 527 715 586 ethice
745 527 892 585 bona
922 527 1162 585 subinde
1191 527 1393 585 saltem
1428 528 1596 601 fiant,
1642 545 1718 584 an
1757 525 2086 601 adaequata
2115 524 2199 584 sit
2227 524 2537 584 distinctio
2567 530 2819 600 operum
2849 524 3171 584 moralium

542 615 607 674 in
640 616 928 674 salutaria
959 634 1067 674 seu
1099 615 1640 691 supernaturaliter
1669 615 1827 674 bona
1856 617 1920 672 et
1957 614 2130 679 mala.
2195 613 2447 673 Videtur
2489 614 2987 690 respondendum,
3040 630 3173 673 esse

542 704 616 763 de
646 704 801 763 facto
831 723 1010 780 opera
1040 703 1232 763 ethice
1262 707 1501 762 tantum
1533 704 1704 763 bona.
1749 704 1878 763 Hoc
1908 703 2299 779 consequitur
2327 718 2392 766 a.
2424 702 2862 763 damnationem
2895 721 3061 780 prop.
3086 712 3166 765 24

545 792 760 870 synodi
791 794 999 870 pistor.
1035 789 1117 875 (n.
1154 794 1260 869 27)
1295 795 1355 853 et
1384 810 1548 870 prop.
1586 802 1689 857 34.
1723 801 1825 857 36.
1861 801 1940 856 37
1976 793 2108 868 Baji
2142 788 2226 874 (n.
2263 789 2393 875 58),
2431 808 2585 868 quae
2617 794 2688 851 de
2719 792 2874 851 facto
2905 793 3169 868 loquun-

543 886 677 954 tur3
720 879 793 945 b.
828 882 1204 942 definitiones
1237 882 1619 942 conciliorum
1651 885 1714 942 et
1742 885 1986 959 patrum
2017 881 2210 955 effata,
2246 900 2397 957 quae
2429 878 2602 957 saepe
2633 882 2886 959 gratiam
2919 881 3178 958 exigunt

543 991 666 1031 non
698 971 1054 1046 simpliciter
1085 972 1160 1030 ad
1192 975 1359 1031 actus
1389 971 1591 1042 bonna,
1625 971 1730 1030 sed
1760 971 1836 1030 ad
1865 976 2036 1030 actus
2066 971 2255 1030 bonos
2284 988 2419 1030 cum
2444 970 2752 1047 appositis,
2788 973 2882 1041 ‚ut
2914 972 3167 1047 oportet,

545 1064 619 1119 ut
649 1060 928 1136 expedit,‘
973 1062 1132 1136 quod
1167 1061 1258 1132 ,ad
1289 1061 1575 1137 pietatem
1609 1078 1928 1137 veramque
1950 1060 2255 1136 justitiam
2306 1059 2587 1135 pertinet‘
2619 1063 2749 1130 etc„
2798 1078 2950 1135 quae
2982 1059 3171 1135 parti-

546 1150 712 1209 culae
743 1149 1073 1209 limitantes
1105 1152 1455 1226 supponunt
1491 1153 1729 1225 praeter
1760 1152 1927 1209 actus
1960 1150 2250 1209 salutares
2280 1167 2410 1209 esse
2441 1152 2610 1207 actus
2641 1149 2791 1208 alios
2824 1149 3010 1209 bonos
3042 1149 3172 1209 scil.

546 1239 739 1298 ethice
770 1239 974 1309 bonos,
1023 1238 1130 1316 qui
1161 1240 1235 1297 ad
1268 1240 1524 1298 salutem
1556 1242 1861 1313 nequeant
1891 1238 2236 1309 conducere,
2284 1238 2552 1314 alioquin
2582 1241 2786 1298 essent
2817 1238 3174 1313 superfluae.

547 1328 700 1387 Hinc
749 1342 813 1391 e.
863 1340 1064 1404 patres
1113 1331 1176 1386 et
1220 1328 1484 1405 theologi
1534 1328 1830 1404 ejusmodi
1876 1346 2057 1404 opera
2098 1346 2322 1387 revera,
2349 1329 2412 1386 in
2456 1327 2786 1404 gentilibus
2835 1330 3173 1404 agnoscunt

550 1413 634 1498 (n.
671 1414 771 1480 53.
808 1415 972 1498 55⁸),
1021 1436 1172 1493 quae
1217 1419 1419 1477 tamen
1449 1416 1660 1476 dicunt
1691 1416 1939 1486 sterilia,
1973 1420 2207 1492 praeter
2237 1417 2392 1476 viam
2425 1419 2533 1476 otc.
2598 1417 2786 1491 Atqui
2819 1435 2939 1475 non
2969 1419 3177 1475 essent

548 1508 784 1582 praeter
815 1506 990 1577 viam,
1026 1506 1077 1564 si
1111 1510 1518 1583 supponerent
1546 1506 1655 1565 illa
1685 1522 1796 1580 ope
1827 1505 2055 1583 gratiae
2087 1505 2270 1576 facta3
2303 1506 2421 1565 imo
2454 1504 2708 1565 subinde
2739 1508 3011 1575 tuentur,
3046 1504 3172 1563 illis

548 1594 918 1653 retributum
948 1594 1135 1654 fuisse
1166 1615 1201 1653 a
1231 1595 1351 1654 Deo
1395 1596 1725 1671 praemium
1757 1595 1969 1654 saltem
2000 1595 2342 1672 temporale.
2406 1595 2563 1672 Ergo
2609 1612 2694 1653 ea⁴
2720 1586 3058 1672 agnoscunt
3102 1596 3176 1653 ut

549 1684 857 1742 moraliter
887 1684 1057 1754 bona,
1089 1702 1211 1743 non
1242 1687 1315 1742 ut
1344 1688 1596 1760 peccata.

728 1790 832 1854 61.
865 1785 1120 1853 'rhesis
1167 1785 1622 1857 CLXXXVI.
1674 1808 1983 1862 Frustra
2013 1811 2252 1861 autem
2272 1808 2706 1874 objiciuntur
2739 1809 2881 1862 sive
2903 1808 2963 1860 1.
2983 1807 3173 1861 Scri-

543 1899 807 1962 ptum-ae
845 1897 1140 1949 oracula
1195 1898 1437 1951 Genea.
1477 1898 1542 1962 6,
1579 1897 1627 1951 ὅ
1665 1897 1817 1951 coll.
1857 1898 1925 1963 8,
1964 1896 2092 1963 215
2140 1897 2353 1950 Joan.
2392 1897 2459 1962 8,
2494 1896 2633 1963 34,-
2681 1898 2884 1951 Rom.
2931 1892 2996 1960 7,
3033 1894 3168 1961 14,-

548 1988 696 2042 sive
714 1986 780 2040 2.
800 1987 1259 2040 conciliorum
1279 1994 1604 2051 canones,
1632 1988 2064 2041 nominatim
2091 1987 2354 2040 can-22
2382 2000 2567 2040 conc.
2596 1986 3022 2040 arausicani
3039 1986 3172 2049 IL,

549 2066 799 2144 quibus
835 2078 1227 2141 venem-atim
1264 2077 1684 2141 affirmatur
1732 2077 1918 2130 nihil
1969 2076 2133 2130 boni
2182 2089 2310 2130 nos
2341 2089 2546 2141 posse
2595 2076 2852 2142 absque
2891 2077 3174 2142 mutia,-

549 2165 693 2217 sive
743 2162 812 2216 3.
856 2168 1157 2229 patrum
1207 2164 1444 2231 effata,
1494 2166 1744 2234 quibus
1794 2166 2057 2231 dicunt,
2109 2166 2411 2220 liberum
2462 2166 2850 2219 arbitrium
2886 2168 2982 2220 ad
3018 2178 3164 2220 non

544 2254 985 2319 peccandum
1022 2254 1171 2307 sine
1208 2255 1449 2320 pratia
1484 2268 1629 2308 non
1664 2254 1925 2309 valere.

730 2340 1279 2409 Demonstratio
1309 2361 1377 2426 Ρ.
1413 2341 1476 2408 I.
1548 2343 1607 2410 l.
1652 2346 1848 2405 Verba
1892 2346 2032 2407 Gen.
2069 2357 2124 2415 6,
2164 2356 2232 2408 5:
2293 2344 2508 2403 Videras
2551 2353 2743 2404 autem
2791 2345 2968 2421 Deus,
3021 2347 3173 2421 quod

551 2435 735 2492 multa
766 2435 995 2491 malitia
1023 2434 1318 2493 hominum
1349 2442 1487 2493 esset
1517 2437 1581 2492 in
1612 2443 1792 2513 terra,
1840 2443 1891 2493 et
1920 2442 2123 2494 cuncta
2154 2437 2421 2511 coyitatio
2450 2436 2644 2493 cordis
2673 2436 2892 2493 intenta
2923 2441 3062 2492 esset
3093 2436 3176 2493 ad

552 2523 771 2581 malum
802 2526 960 2582 omni
979 2530 1248 2599 temporo,
1279 2523 1619 2599 accipienda
1642 2527 1789 2583 sunt
1819 2541 1881 2587 a.
1916 2524 2367 2583 universalitate
2398 2524 2696 2582 morali.
2744 2524 2873 2582 Noe'
2897 2526 3049 2582 enim
3081 2525 3173 2581 in-

552 2614 705 2670 venit
731 2614 989 2690 qratiam
1021 2632 1219 2671 coram
1249 2603 1582 2675 Dominov.
1620 2622 1675 2676 8.
1739 2612 1825 2670 Ea
1869 2610 1942 2675 b.
1991 2613 2316 2672 enunciant
2354 2612 2598 2682 factum,
2646 2613 3011 2688 pronitatem
3045 2613 3174 2676 scil.

552 2701 863 2761 hominum
894 2702 969 2761 ad
1013 2703 1268 2761 malum:
1318 2703 1586 2778 pronitas
1619 2721 1757 2761 vero
1790 2703 1863 2761 ad
1897 2704 2120 2762 malum
2152 2700 2415 2761 nondum
2449 2706 2543 2762 est
2573 2703 2931 2778 impotentia
2960 2704 3033 2760 ad
3067 2702 3173 2762 bo-

553 2810 716 2853 num.
783 2804 845 2854 (3.
892 2791 1176 2850 Homines
1209 2791 1301 2849 illi
1331 2792 1525 2868 gratia
1555 2810 1675 2850 non
1705 2791 1955 2850 fuerunt
1985 2792 2285 2859 destituti,
2333 2792 2452 2851 imo
2497 2793 2757 2869 gratia
2800 2791 3172 2862 fruebantur,

554 2897 690 2938 cum
721 2879 829 2939 diu
862 2880 986 2938 Noe
1017 2880 1089 2939 ad
1121 2880 1552 2956 poenitentiam
1584 2899 1683 2940 eos
1715 2881 2076 2940 hortaretur.
2142 2881 2205 2939 Si
2249 2899 2390 2957 ergo
2427 2881 2659 2956 aliquid
2691 2882 3033 2957 probarent,
3081 2899 3175 2940 se-

554 2972 855 3043 queretur,
888 2968 1156 3027 homines
1188 2987 1262 3027 ne
1295 2970 1490 3046 gratia
1520 2970 1762 3046 quidem
1794 2970 2033 3046 adjutos
2065 2988 2239 3046 posse
2271 2969 2416 3028 boni
2446 2970 2672 3046 aliquid
2705 2971 2952 3046 operari.
3016 2971 3175 3047 Ergo

553 3055 626 3115 ad
659 3076 785 3115 rem
816 3076 938 3115 non
972 3061 1130 3116 sunt.
2978 3114 3006 3117 ‚a

733 3143 798 3209 2.
830 3145 1000 3204 Joan.
1025 3156 1079 3214 8,
1119 3155 1201 3209 34
1234 3165 1309 3206 s.:
1345 3148 1657 3224 Respondit
1688 3150 1772 3206 eis
1803 3149 2009 3207 Jews:
2058 3149 2241 3207 Amen
2275 3149 2401 3207 dico
2431 3148 2621 3207 vobis:
2666 3149 2806 3225 quia
2837 3149 3041 3224 omnis,
3077 3150 3179 3224 qui

554 3235 698 3302 facit
719 3242 1036 3311 peccatum,
1085 3254 1283 3293 servus
1328 3245 1408 3295 est
1451 3239 1668 3312 peccati
1699 3282 1711 3295 .
1747 3281 1759 3293 .
1795 3284 1809 3298 .
1857 3238 1926 3296 Si
1956 3253 2092 3315 erqo
2122 3257 2217 3296 vos
2250 3238 2437 3296 Filius
2467 3238 2815 3311 liberaverit,
2847 3255 2975 3294 vere
3006 3237 3175 3295 liberi

553 3325 730 3382 eritis.
777 3324 1013 3384 Dicitur
1043 3324 1287 3400 quidem
1317 3329 1592 3401 peccator
1624 3344 1831 3386 servus
1863 3326 2117 3403 peccati3
2165 3325 2269 3385 sed
2303 3326 2511 3385 exinde
2540 3343 2664 3385 non
2696 3326 2989 3401 sequitur,
3038 3345 3177 3385 eum

553 3411 834 3487 quovis
880 3411 944 3471 in
983 3416 1160 3472 actu
1194 3415 1415 3475 servire
1447 3422 1686 3490 peccato
1719 3433 1827 3475 seu
1858 3434 2128 3491 peccare:
2178 3416 2335 3494 sicut
2380 3433 2448 3472 ex
2494 3433 2580 3492 φο,
2630 3415 2789 3491 quod
2828 3416 3036 3491 justus
3084 3419 3181 3474 est

554 3518 761 3559 servus
786 3502 1067 3576 justitiae
1098 3504 1264 3566 Rom.
1300 3515 1355 3576 6,
1399 3516 1495 3577 18,
1530 3523 1650 3564 non
1683 3504 1975 3581 sequitur,
2009 3524 2145 3564 enm
2175 3523 2486 3579 nunquam
2514 3522 2769 3580 peccare.
2831 3504 2913 3567 Of.
2944 3523 3002 3567 n.
3040 3504 3178 3568 51³.

556 3589 775 3648 Servus
808 3589 1030 3650 dicitur
1060 3592 1302 3667 peccati,
1351 3594 1511 3668 quod
1556 3609 1622 3656 a.
1672 3612 1735 3653 se
1780 3594 2033 3653 liberare
2063 3594 2277 3669 nequit
2306 3593 2537 3652 viribus
2569 3594 2824 3668 propriis
2870 3613 2904 3651 a
2948 3593 3178 3668 peccati

552 3680 816 3748 macu1a3
863 3679 1022 3755 quod
1072 3677 1138 3746 b.
1183 3682 1476 3757 peccando
1523 3682 1739 3741 excidit
1785 3685 1952 3741 statu
1995 3682 2331 3758 adoptionis
2368 3684 2547 3758 atque
2577 3682 2793 3740 incidit
2837 3683 2900 3740 in
2948 3685 3178 3741 statum

554 3766 973 3841 damnationis,
1007 3790 1184 3846 quem
1217 3789 1326 3847 per
1356 3789 1418 3830 se
1450 3771 1697 3830 evadere
1729 3790 1848 3830 non
1880 3774 2099 3847 potest,
2135 3771 2545 3847 obnoxiusque
2576 3770 2849 3830 redditur
2871 3771 3178 3840 daemoni;

555 3856 716 3931 quod
762 3871 827 3920 c.
875 3876 943 3916 eo
988 3859 1222 3918 facilius
1266 3861 1783 3935 concupiscentiae
1829 3861 2167 3919 succumbit
2211 3863 2274 3920 et
2316 3861 2381 3919 in
2426 3860 2727 3934 quandam
2757 3860 3040 3936 peccandi
3070 3879 3178 3919 ne-

555 3945 896 4006 cessitatem
925 3947 1155 4019 incidit,
1204 3967 1323 4025 quo
1356 3950 1594 4025 saepius
1625 3951 1858 4025 peccat;
1904 3949 2064 4025 quod
2108 3946 2178 4015 d.
2210 3948 2497 4026 quamdiu
2527 3950 2591 4007 in
2622 3949 2732 4008 hoc
2763 3951 2925 4009 statu
2955 3952 3179 4020 manet,

554 4037 793 4109 peccata
824 4036 1022 4094 omnia
1051 4038 1333 4096 mortalia
1365 4037 1553 4096 vitare
1582 4057 1704 4097 non
1735 4040 1941 4114 potest
1972 4034 2058 4119 (n.
2094 4035 2223 4121 46).

738 4120 803 4186 3.
837 4123 1058 4184 Eadem
1090 4127 1209 4184 fere
1240 4127 1359 4186 dici
1390 4127 1612 4186 debent
1643 4127 1714 4186 de
1746 4128 1910 4189 Rom.
1948 4138 2003 4197 7,
2048 4137 2154 4189 14:
2205 4127 2328 4204 qu
2372 4135 2563 4186 autem
2592 4129 2851 4186 carnalis
2895 4146 3041 4203 sum,
3091 4146 3179 4186 ve-

555 4214 871 4271 numdatus
900 4215 1007 4273 sub
1029 4222 1280 4290 peccato.
1331 4215 1499 4284 Quod
1547 4216 1598 4275 si
1645 4217 1787 4275 haec
1832 4217 2013 4274 verba
2056 4216 2318 4293 intelligi
2350 4215 2571 4275 debent
2614 4215 2688 4274 de
2734 4216 2864 4293 ipso
2907 4216 3180 4293 apostolo

555 4300 839 4377 loquente
885 4302 947 4361 in
993 4322 1249 4377 persona
1293 4323 1402 4363 sua
1447 4324 1554 4364 seu
1598 4306 1662 4364 in
1699 4322 1956 4382 persona
1984 4305 2243 4364 hominis
2277 4306 2390 4363 sub
2420 4305 2615 4382 gratia
2644 4306 2976 4376 constituti,
3025 4324 3180 4380 quae

560 4391 859 4449 sententia
890 4394 984 4450 est
1015 4392 1329 4452 admodum
1363 4395 1689 4470 probabilis
1701 4393 1767 4474 1),
1801 4393 1875 4452 ad
1907 4412 2029 4452 rem
2063 4412 2185 4453 non
2217 4397 2376 4457 sunt.

779 4566 814 4634 ¹)
843 4561 926 4616 Cf.
952 4564 1056 4617 Au
1075 4582 1113 4634 g
1131 4582 1167 4617 u
1185 4562 1394 4617 stinu
1412 4581 1437 4616 s
1464 4567 1662 4618 contra
1688 4563 1832 4618 duas
1869 4580 1956 4635 ep.
1984 4563 2173 4635 pelag.
2202 4566 2239 4619 1.
2271 4573 2295 4621 1
2325 4583 2372 4618 c.
2400 4571 2434 4620 8
2462 4582 2514 4617 n.
2546 4571 2612 4621 13
2638 4582 2738 4623 sa:
2779 4567 2977 4618 contra
3002 4563 3179 4618 Julia-

560 4659 697 4696 num
726 4640 761 4699 l.
792 4648 825 4698 6
851 4662 895 4698 c.
924 4649 992 4698 23
1016 4661 1071 4695 n.
1100 4645 1199 4702 70:
1226 4643 1295 4696 de
1322 4643 1600 4713 praedest.
1628 4646 1956 4699 sanctorum
1987 4660 2034 4697 c.
2059 4641 2178 4700 4'n.
2207 4652 2240 4701 8
2263 4666 2274 4702 ;
2304 4644 2522 4699 Thom
2544 4660 2617 4697 as
2644 4643 2706 4698 in
2732 4645 2789 4698 h.
2816 4644 2872 4708 1.,
2902 4644 3106 4715 Setapl
3128 4660 3177 4697 e-

560 4723 631 4776 to
652 4740 707 4787 n,
736 4721 1000 4776 universa
1018 4721 1451 4793 justificationis
1478 4723 1739 4780 doctrina
1767 4723 1806 4779 l.
1836 4731 1866 4778 2
1895 4741 1940 4781 c.
1974 4732 1999 4780 1
2029 4727 2084 4777 et
2115 4730 2195 4780 11.
