3538 5364
950 288 1157 343 Variae
1184 288 1498 343 sententiae
1525 290 1594 343 de
1623 289 1868 344 essentia
1893 289 2155 345 sacrificii
2183 291 2402 346 missae.
2845 301 2972 366 401

534 474 619 531 Ex
653 472 745 532 his
777 473 1089 532 sententiis
1120 474 1268 533 aliae
1300 478 1445 533 sunt
1474 474 1720 534 minoris
1749 475 2055 547 momenti,
2086 476 2430 552 antiquatae
2466 478 2526 536 et
2555 477 2750 549 falsae,
2785 482 2856 538 ut
2887 497 2973 537 ex.

357 583 444 640 gr.
477 561 827 621 sacrificium
860 562 1181 621 consistere
1213 562 1276 621 in
1309 564 1605 623 oblatione
1635 582 1723 622 vo
1742 565 1925 634 cali,
1961 583 2112 640 quae
2130 565 2430 625 antecedit
2458 566 2555 625 vel
2587 568 2974 642 consequitur

357 650 876 721 consecrationem,
931 651 1025 709 vel
1071 652 1135 710 in
1186 652 1713 712 communione
1731 698 1745 724 ,
1798 673 1918 730 qua
1962 654 2186 730 species
2234 660 2701 727 consumuntur;
2765 657 2860 715 vel
2909 658 2974 715 in

356 740 1270 812 transubstantiatione,
1336 745 1633 817 quatenus
1683 760 1790 818 per
1839 761 1967 800 eam
2016 743 2187 820 panis
2238 744 2579 803 substantia
2627 746 2819 804 cessat
2866 764 2974 805 seu

357 830 788 905 quadamtenus
820 829 1170 890 destruitur.
1234 830 1569 890 Succedunt
1600 831 1929 890 sententiae
1961 832 2097 907 plus
2131 832 2403 891 minusve
2433 833 2786 909 probabileS,
2826 854 2975 911 quas

356 936 565 996 graves
598 921 849 977 tuentur
878 918 1159 995 theologi.

535 1039 600 1106 l.
636 1044 973 1105 Secundum
1003 1043 1347 1119 Vasquez
1376 1044 1442 1102 in
1478 1054 1532 1107 3.
1565 1064 1620 1120 p.
1640 1045 1792 1120 disp.
1817 1054 1940 1108 222
1975 1063 2022 1104 o.
2048 1055 2081 1108 8
2118 1045 2472 1105 sacrificium
2502 1045 2656 1104 nihil
2687 1047 2852 1106 aliud
2885 1052 2975 1106 est

356 1153 533 1210 quam
565 1136 707 1192 nota
735 1133 1022 1191 exsistens
1049 1132 1113 1191 in
1142 1150 1206 1190 re
1240 1127 1322 1214 (h.
1355 1151 1406 1194 e.
1438 1134 1677 1211 signum
1708 1152 1830 1193 non
1859 1134 1923 1192 in
1951 1135 2167 1205 verbis,
2203 1134 2306 1194 sed
2336 1134 2402 1194 in
2431 1154 2495 1194 re
2526 1134 2876 1208 consistens,
2912 1156 2973 1195 re

357 1224 490 1299 ipsa
519 1217 909 1305 expressum),
942 1241 1063 1297 qua
1092 1221 1442 1297 profitemur
1459 1223 1648 1282 Deum
1680 1227 1979 1282 auctorem
2010 1223 2168 1282 vitae
2200 1226 2260 1282 et
2289 1225 2520 1283 mortis.
2599 1224 2728 1294 Quo
2776 1225 2970 1300 posito

354 1311 676 1388 distinguit
704 1311 865 1369 inter
895 1310 1247 1369 sacrificium
1278 1311 1619 1370 absolutum
1651 1315 1713 1370 et
1743 1313 2079 1371 relativum.
2127 1312 2220 1371 Ad
2250 1312 2405 1372 illud
2438 1313 2679 1390 quidem
2714 1315 2971 1390 requirit

352 1400 628 1459 victimae
657 1401 996 1459 immutatio
1045 1418 1199 1471 nem,
1248 1417 1372 1458 non
1420 1401 1660 1477 quidem
1710 1404 1784 1459 ut
1831 1402 2120 1461 rationem
2169 1402 2476 1461 formalem
2528 1402 2815 1474 sacrificii,
2867 1404 2970 1462 sed

352 1491 426 1548 ut
460 1489 604 1564 quid
642 1508 712 1547 ex
745 1492 914 1565 parte
950 1488 1230 1547 materiae
1277 1489 1664 1564 requisitum:
1712 1508 1850 1548 nam
1886 1490 2081 1559 ,ratio
2114 1489 2386 1549 sacrificii
2432 1491 2496 1549 in
2542 1491 2973 1569 significatione

354 1577 818 1654 omnipotentiae
849 1577 957 1637 Dei
988 1578 1246 1637 auctoris
1277 1577 1436 1636 vitae
1482 1583 1543 1636 et
1587 1579 1796 1637 mortis
1845 1579 2179 1638 formaliter
2228 1580 2422 1655 posita
2468 1584 2578 1652 est,
2612 1599 2679 1640 ac
2723 1581 2970 1657 proinde

351 1668 407 1729 si
439 1668 521 1725 sit
550 1666 771 1726 oblatio
803 1666 1019 1742 aliqua,
1071 1685 1177 1742 per
1208 1685 1383 1742 quam
1433 1666 1658 1742 absque
1707 1669 1793 1726 rei
1843 1669 2076 1728 oblatae
2113 1669 2530 1729 immutatione
2561 1688 2703 1729 vera
2732 1673 2796 1729 et
2824 1672 2971 1729 reali

362 1757 522 1814 Deus
542 1760 751 1815 auctor
779 1755 937 1814 vitae
969 1759 1030 1814 et
1059 1755 1269 1814 mortis
1304 1755 1573 1814 denotari
1605 1758 1665 1814 et
1696 1756 1810 1815 coli
1843 1758 2053 1833 possit,
2088 1776 2223 1816 vere
2255 1762 2318 1816 et
2349 1758 2586 1834 proprie
2618 1759 2971 1819 sacrificium

354 1844 470 1903 dici
510 1844 742 1906 debet.‘
800 1844 989 1919 Atqui
1032 1844 1094 1902 in
1138 1845 1496 1903 eucharistia
1525 1845 1587 1903 vi
1619 1846 2081 1905 consecrationis
2113 1864 2328 1922 corpus
2376 1850 2438 1905 et
2471 1849 2716 1925 sanguis
2749 1849 2969 1908 Christi

354 1932 441 1991 ita
484 1933 551 1991 fit
594 1951 890 2010 praesens,
939 1936 1010 1991 ut
1055 1937 1538 2009 repraesentetur
1586 1934 1942 1993 sacrificium
1985 1934 2050 1993 in
2102 1954 2272 1994 cruce
2305 1935 2576 1995 oblatum
2606 1937 2856 2013 ejusque
2890 1938 2970 1997 sit

353 2022 848 2093 commemoratio,
896 2024 959 2080 et
988 2022 1097 2080 hoc
1129 2021 1262 2096 ipso
1295 2021 1613 2081 denotetur
1644 2024 1799 2081 Deus
1830 2026 2038 2083 auctor
2070 2024 2227 2083 vitae
2260 2027 2322 2082 et
2353 2025 2584 2097 mortis,
2619 2044 2685 2084 ac
2729 2026 2780 2085 si
2823 2030 2972 2086 tunc

355 2111 624 2170 Christus
670 2112 736 2169 in
768 2111 1051 2169 honorem
1082 2110 1190 2169 Dei
1222 2110 1419 2186 reipsa
1463 2112 1848 2172 occideretur.
1912 2113 2070 2189 Ergo
2103 2112 2418 2172 celebratio
2451 2115 2848 2175 eucharistiae
2878 2120 2972 2174 est

354 2200 701 2259 sacrificium
747 2217 863 2258 non
910 2199 1147 2274 quidem
1192 2198 1558 2270 absolutum,
1607 2201 1711 2261 sed
1754 2201 2090 2265 relativum.
2154 2201 2315 2270 Quae
2364 2203 2595 2261 theoria
2637 2203 2865 2280 placuit
2909 2210 2972 2263 et

352 2289 688 2348 Perrone
720 2289 792 2347 de
824 2289 992 2347 euch.
1022 2308 1083 2363 p.
1122 2297 1155 2349 2
1192 2307 1237 2351 c.
1277 2300 1304 2351 l
1345 2308 1430 2364 pr.
1474 2302 1525 2351 1

531 2426 596 2492 2.
629 2430 966 2490 Secundum
996 2431 1341 2490 Lessiutn
1374 2431 1448 2490 de
1479 2432 1596 2490 div.
1629 2431 1776 2508 perf.
1808 2432 1936 2502 XII,
1995 2442 2065 2495 13
2100 2433 2462 2492 consecratio
2494 2436 2588 2492 est
2618 2452 2756 2493 vere
2789 2436 2967 2495 sacri-

354 2518 608 2589 ficativa,
641 2519 783 2595 quia
813 2538 883 2579 ea
910 2520 973 2578 vi
1006 2520 1320 2579 verborum
1348 2525 1656 2596 separatur
1686 2539 1901 2597 corpus
1933 2541 1968 2579 a
1998 2522 2317 2599 sanguine3
2367 2522 2639 2597 quamvis
2672 2523 2831 2581 enim
2862 2542 2969 2599 per

354 2607 871 2667 concomitantiam
903 2608 985 2667 sit
1013 2608 1171 2667 idem
1203 2609 1317 2668 sub
1348 2613 1603 2687 utraque
1622 2610 1835 2687 specie,
1867 2611 1978 2669 hoc
2007 2614 2100 2669 est
2130 2630 2237 2687 per
2267 2611 2564 2671 accidens:
2598 2631 2732 2670 nam
2766 2612 2967 2684 verba,

353 2700 647 2774 quantum
679 2701 772 2756 est
803 2697 875 2757 de
907 2717 988 2769 se,
1022 2702 1302 2775 separant
1333 2718 1544 2776 corpus
1577 2720 1611 2759 a
1641 2701 1936 2778 sanguine
1968 2705 2029 2759 et
2060 2700 2251 2760 instar
2281 2701 2467 2778 gladii
2487 2701 2729 2778 mystici
2749 2702 2964 2761 dissol-

282 2822 295 2856 4
346 2789 517 2849 mn
550 2786 701 2845 illud
748 2788 1140 2863 compositum
1186 2783 1283 2869 (cf.
1331 2789 1690 2865 Gregorii
1735 2808 1859 2848 naz.
1891 2789 2072 2849 verba
2100 2809 2159 2852 n.
2195 2785 2350 2873 418)
2395 2795 2576 2866 atque
2608 2791 2739 2849 ideo
2771 2809 2965 2851 sacra-

350 2876 692 2936 mentaliter
710 2894 817 2935 seu
834 2876 1239 2935 immolatione
1257 2896 1378 2936 non
1397 2877 1639 2953 quidem
1657 2879 1822 2949 reali,
1855 2878 1957 2937 sed
1987 2898 2047 2936 m
2059 2898 2100 2955 y
2116 2897 2143 2937 s
2157 2878 2218 2937 ti
2236 2896 2267 2937 c
2281 2899 2316 2937 a
2345 2881 2607 2938 mactant
2637 2884 2700 2938 et
2730 2884 2968 2955 ponunt

350 2966 415 3022 in
446 2964 630 3023 altari
649 2967 955 3041 tamquam
986 2965 1288 3024 victimam
1316 2965 1565 3027 occisam
1598 2970 1661 3025 et
1703 2971 2037 3026 mactatam.
2101 2968 2268 3026 Hanc
2313 2969 2676 3027 sententiam
2719 2969 2964 3044 plurimi

350 3053 609 3131 theologi
639 3052 905 3124 tuentur,
938 3057 1010 3112 ut
1042 3054 1315 3124 Gonet,
1325 3054 1702 3135 „Billuart
1731 3057 1860 3127 etc,
1893 3059 2098 3127 nostra
2129 3061 2322 3116 aetate
2355 3057 2686 3127 Oswald,
2735 3058 2963 3116 Knit-

347 3139 507 3201 tel
491 3149 571 3201 ιιι
587 3141 688 3201 fol.
719 3143 881 3200 trim.
915 3142 1042 3205 tub.
1082 3153 1178 3213 59,
1217 3151 1376 3214 5303
1383 3145 1646 3202 *Pesch
1677 3144 1952 3219 praelect.
1985 3145 2181 3222 dogm.
2200 3146 2279 3204 Vl
2310 3165 2477 3222 prop.
2501 3156 2602 3216 91,
2638 3147 2962 3205 secundum

258 3289 277 3302 ‚
344 3235 531 3305 quem
549 3230 1107 3332 Vas'quez,12essius
1140 3236 1202 3290 et
1232 3233 1493 3292 Suerez
1474 3228 1539 3305 ιιι
1572 3234 1911 3310 exponenda
1941 3234 2170 3292 ratione
2202 3235 2474 3294 sacrificii
2494 3235 2871 3294 eucharistici
2901 3255 2965 3295 re

324 3300 886 3381 mdissentiunt.
936 3322 1027 3378 Ab
1060 3340 1129 3378 ea
1158 3339 1279 3379 non
1311 3301 1593 3380 multum
1601 3320 1825 3404 'distare
1857 3322 2096 3381 videtur
2126 3324 2438 3399 explicatio
2458 3324 2522 3382 P.
2555 3323 2825 3396 Billot,
2857 3326 2963 3400 qui

233 3450 236 3454 .
348 3409 433 3467 in·
445 3426 554 3467 suo
585 3412 669 3471 tr.-
693 3409 764 3468 de
796 3427 943 3468 sacr.
974 3408 1059 3467 th.
1097 3419 1178 3472 54
1211 3409 1510 3511 reponit,
1525 3410 1832 3475 formalem
1863 3411 2151 3470 rationem
2174 3412 2443 3471 sacrificii
2466 3412 2678 3471 missae
2711 3413 2776 3471 in
2807 3434 2963 3472 mac-

335 3485 574 3556 'tatione
605 3497 855 3574 mystica
886 3498 1211 3557 secundum
1243 3517 1304 3556 se
1333 3499 1373 3556 i.
1405 3517 1452 3558 e.
1492 3499 1558 3557 in
1599 3500 2009 3559 sacramentali
2040 3502 2410 3575 separatione
2444 3502 2704 3576 corporis
2749 3522 2783 3560 a
2828 3521 2962 3565 san-

349 3586 549 3663 guine,
582 3605 702 3645 non
721 3587 985 3663 praecise
1004 3587 1148 3662 quia
1177 3590 1239 3644 et
1269 3588 1333 3645 in
1364 3591 1654 3661 quantum
1674 3591 2083 3663 repraesentat
2101 3590 2458 3648 oblationem
2481 3591 2692 3658 crucis,
2727 3591 2799 3648 ad
2829 3609 2963 3650 sen-

349 3692 483 3733 sum
503 3675 848 3750 Vasquezii;
880 3676 1071 3734 multo
1102 3676 1301 3734 minus
1334 3675 1477 3752 quia
1507 3680 1568 3734 et
1598 3677 1662 3735 in
1695 3680 1988 3752 quantum
2021 3677 2178 3737 foret
2207 3698 2275 3737 ex
2307 3697 2434 3737 sese
2458 3679 2709 3737 occisiva
2728 3679 2962 3748 Christi,

347 3764 466 3822 nisi
495 3763 889 3839 impediretur
918 3782 1025 3839 per
1054 3765 1230 3823 aliam
1261 3781 1520 3836 causam,
1551 3771 1623 3823 ut
1653 3766 1800 3825 dicit
1831 3767 2100 3837 Lessius;
2145 3768 2245 3826 sed
2292 3769 2435 3843 quia
2478 3774 2540 3825 et
2577 3768 2639 3826 in
2670 3773 2963 3843 quantum

346 3852 505 3910 sistit
534 3852 833 3912 Christum
866 3853 978 3912 sub
1010 3854 1317 3929 speciebus
1350 3856 1702 3914 sacramenti
1746 3856 1810 3914 in
1856 3855 2114 3931 quodam
2144 3860 2386 3916 externo
2419 3856 2629 3915 habitu
2661 3858 2870 3916 mortis
2904 3864 2965 3916 et

348 3940 785 4009 destructionis,
832 3961 898 4000 ac
941 3960 1047 4017 per
1092 3943 1200 4001 hoc
1243 3945 1383 4001 nata
1425 3947 1520 4002 est
1562 3963 1685 4003 non
1723 3962 1893 4003 secus
1926 3964 1993 4003 ac
2023 3946 2200 4003 realis
2231 3945 2559 4004 destructio
2591 3945 2866 4006 victimae
2900 3947 2961 4005 in

347 4030 588 4105 propria
630 4030 821 4105 specie
866 4048 1003 4089 vere
1047 4050 1114 4089 ac
1156 4032 1399 4090 realiter
1443 4033 1775 4107 subjectare
1820 4033 2313 4109 significationem
2358 4034 2762 4111 symbolicam,
2811 4054 2964 4110 quae

348 4117 630 4176 sacrificio
662 4119 903 4196 propria
933 4121 1026 4177 est
1051 4121 1222 4194 Juxta
1252 4120 1549 4179 declarata
1578 4122 1854 4197 superius
1888 4123 1951 4180 in
1981 4123 2129 4198 prol.
2160 4128 2192 4196 g
2230 4136 2252 4187 1
2295 4142 2410 4183 ass.
2445 4131 2542 4186 3.(
2577 4124 2746 4184 Hanc
2776 4125 2961 4200 expli-

347 4207 636 4266 cationem
667 4206 806 4266 inde
838 4208 1085 4285 colligit,
1121 4210 1278 4285 quod
1299 4209 1691 4268 eucharistiae
1712 4210 2028 4270 celebratio
2050 4211 2261 4271 debeat
2281 4231 2408 4272 esse
2428 4212 2723 4289 passionis
2745 4213 2960 4290 imag0,

345 4299 479 4353 tum
509 4315 578 4355 ex
610 4296 807 4354 verbis
841 4296 1259 4368 institutionis,
1292 4317 1443 4373 quae
1475 4297 1782 4357 formalem
1815 4300 2104 4359 rationem
2138 4301 2407 4360 sacrificii
2440 4302 2762 4365 declarant.
2812 4303 2962 4362 Nam

347 4402 562 4460 corpus
594 4384 812 4443 Christi
844 4385 908 4443 in
939 4386 1294 4444 eucharistia
1323 4403 1429 4461 pro
1461 4387 1803 4447 hominibus
1836 4388 1962 4447 dari
1994 4408 2098 4447 seu
2131 4389 2326 4467 frangi
2358 4395 2419 4448 et
2448 4392 2797 4467 sanguinem
2831 4393 2962 4467 ejus

345 4491 455 4548 pro
484 4472 697 4532 iisdem
727 4473 969 4543 effundi,
1003 4474 1155 4532 nihil
1186 4474 1352 4533 aliud
1372 4481 1467 4534 est
1485 4495 1662 4551 quam
1684 4477 1883 4536 offerri
1905 4478 2021 4536 Deo
2043 4497 2258 4552 corpus
2291 4482 2354 4537 et
2383 4482 2734 4558 sanguinem
2767 4499 2958 4538 sacra-

342 4562 688 4621 mentaliter
717 4566 1013 4638 separata:
1048 4566 1343 4638 quatenus
1364 4565 1661 4639 loquendo
1692 4566 1764 4624 de
1794 4586 1857 4624 re
1889 4566 2104 4636 oblata,
2139 4567 2466 4627 secundum
2498 4569 2656 4645 quod
2692 4587 2795 4644 per
2825 4586 2958 4645 spe·

347 4650 464 4710 cies
496 4653 559 4710 et
586 4651 767 4710 verba
798 4651 1071 4710 sensibus
1093 4652 1429 4728 subjicitur,
1465 4672 1602 4712 vere
1632 4658 1725 4713 est
1755 4674 1824 4712 ex
1855 4674 1975 4713 una
1995 4658 2162 4730 parte
2184 4657 2378 4715 solum
2399 4675 2611 4733 corpus
2633 4658 2747 4715 sub
2769 4658 2961 4733 specie

559 4758 831 4816 Hui-ter,
873 4759 1123 4818 compend.
1162 4760 1427 4816 theolociae
1464 4761 1550 4820 111,
1592 4762 1672 4809 11.
1710 4762 1787 4808 ed.
2573 4761 2641 4811 26
