3538 5364
1251 330 1367 368 non
1392 314 1728 371 adversatur
1754 332 1925 370 sanae
1950 316 2180 371 rationi.
2891 326 3024 391 617

531 491 1047 569 659·Τ110818
1059 490 1475 579 (ἊἹΙΑΧΧΠ.ι
1525 510 1807 584 Doq'ma
1830 510 1920 573 de'
1938 530 2339 586 poenarum
2364 521 2782 574 aeternitate
2799 533 3023 576 sanae

399 602 669 655 ranem
703 610 851 656 non
868 604 1338 671 adversatur.
1844 636 1852 648 ι

464 722 470 730 ’
577 723 1152 795 Demonstratio.
1215 724 1408 791 Circa
1438 724 1675 809 dogma
1692 728 1787 793 de
1817 747 2175 810 poenarum
2205 727 2434 792 inferni
2484 720 2867 795 aeternitate
2898 731 3025 794 tria

395 832 730 910 praestare
761 826 979 910 pot'est
1010 849 1176 897 sana
1205 834 1446 899 ratio.
1479 826 1706 900 Potest
1740 838 1803 903 l.
1837 835 2088 899 solvere
2107 826 2521 917 exceptiones
2540 835 3017 901 incredulorum

398 934 708 999 adversus
739 937 865 999 hoc
897 937 1152 1018 dogma,
1166 933 1459 1022 :ideoque
1480 934 1822 1006 ostendere
1854 940 2007 1005 illud
2027 959 2158 1005 non
2178 959 2320 1007 esse
2352 959 2388 1004 c
2404 959 2443 1005 o
2461 960 2504 1005 n
2520 949 2546 1006 t
2560 961 2593 1005 ι·
2613 960 2653 1006 a
2682 943 3023 1023 rationem,

389 1048 464 1106 ‘et
495 1041 756 1124 quidem
787 1044 854 1111 2.
887 1045 993 1107 ita
1010 1062 1126 1108 eas
1157 1051 1372 1126 potest
1390 1046 1657 1124 solvere,
1677 1052 1751 1111 ut
1772 1049 1976 1128 possit
1996 1048 2336 1114 ostendere
2368 1047 2520 1113 illud
2556 1066 2698 1114 esse
2730 1064 3022 1115 secun-

399 1148 581 1212 dum
625 1149 944 1214 rationem
977 1159 1095 1215 s‘eu
1124 1150 1360 1216 rationi
1378 1168 1792 1230 ··consonum;›
1823 1154 1953 1218 imo
2000 1156 2063 1225 3.
2095 1155 2217 1219 etsi
2259 1155 2425 1219 forte
2470 1161 2700 1221 certo
2747 1157 3021 1222 demon-

402 1261 608 1320 strare
638 1256 717 1321 ex
746 1275 890 1322 sese
920 1258 1146 1340 nequit
1173 1258 1381 1341 ipsam
1413 1277 1773 1341 poenarum
1805 1262 2252 1327 aeternitatem
2289 1261 2554 1348 (factum
2588 1263 2760 1328 enim
2778 1264 3016 1346 pendet

401 1363 593 1426 etiam
638 1363 680 1426 'a
725 1363 1131 1444 legislatoris·
1159 1364 1536 1453 voluntate),
1581 1367 1771 1450 plura
1815 1374 2037 1432 tamen
2084 1370 2299 1450 potest
2343 1368 2674 1448 assignare
2706 1371 3022 1453 principia

397 1468 497 1533 vel
526 1470 874 1548 momenta,
922 1488 1090 1554 'quae
1136 1490 1282 1537 eam
1315 1470 1573 1553 exigant
1620 1481 1685 1540 et
1731 1475 2078 1557 postulent,
2108 1481 2183 1540 ut
2212 1470 2458 1556 patebit
2501 1477 2602 1541 vel
2635 1495 2713 1541 ex
2745 1496 3015 1559 respon-

393 1576 576 1641 sione
607 1578 691 1641 ad
722 1578 1195 1643 incredulorum
1227 1577 1655 1661 exceptiones.
1688 1581 1967 1647 Diversis
1989 1599 2069 1646 ex
2090 1582 2412 1663 principiis
2431 1582 2745 1648 increduli
2775 1578 3016 1665 dogma

384 1682 475 1748 de
507 1685 1291 1767 aeternitate-poenarum
1334 1687 1545 1751 solent
1588 1682 1984 1770 impugnaress
2049 1688 2145 1751 Ad
2193 1706 2419 1753 eorum
2466 1678 2846 1769 argumenta
2876 1691 3016 1756 sive

391 1788 703 1855 solvenda
733 1792 868 1856 sive
896 1793 1128 1858 saltem
1160 1790 1577 1875 infringenda,
1611 1795 1774 1861 haec
1805 1812 1961 1876 prae
1995 1794 2197 1859 oculis
2229 1795 2625 1860 habeantur:

573 1917 632 1986 l.
666 1914 963 1981 Gravitas
993 1912 1243 1998 peccati
1274 1936 1406 1981 non
1437 1918 1673 1999 pendet
1705 1937 1746 1982 a
1779 1925 2069 2000 tempore
2100 1920 2303 2000 magis
2353 1919 2646 1985 minusve
2689 1921 3013 1999 diuturn0‚

393 2022 565 2105 quod
595 2041 743 2087 reus
772 2023 839 2086 in
868 2020 1301 2107 perpetrando
1334 2026 1603 2092 'crimine
1633 2026 2048 2108 impenderit:
2093 2026 2207 2119 sed
2251 2028 2462 2109 potius
2496 2046 2536 2091 a
2568 2029 2881 2109 gravitate
2893 2032 2902 2115 s
2914 2030 3011 2093 in-

386 2129 610 2209 jnriae,
644 2148 812 2211 quae
844 2149 923 2196 eo
955 2132 1161 2213 major
1192 2140 1307 2210 est,
1340 2150 1467 2215 quo
1502 2133 1750 2213 dignior
1793 2152 2075 2215 persona
2103 2124 2365 2199 *offensa
2412 2140 2476 2199 et
2521 2153 2650 2217 quo
2696 2136 2883 2201 vilior
2915 2138 3014 2202 est

388 2244 706 2323 peccator.
712 2234 921 2302 Unde
943 2237 1271 2317 falluntur,
1306 2240 1415 2321 qui
1445 2238 1803 2331 poenarum
1825 2242 2275 2306 aeternitatem
2295 2216 2534 2306 idcirco
2555 2248 2810 2323 negant,
2837 2244 3011 2325 quod

392 2344 475 2407 ad
503 2350 844 2425 peccatum
873 2332 1379 2435 perpetrandum
1412 2345 1610 2410 breve
1644 2344 2053 2426 impendatur
2087 2353 2356 2428 tempus
2417 2345 2605 2426 Quod
2637 2356 2709 2411 ut
2739 2344 3014 2413 illustret

391 2450 913 2532 Augustinus
933 2450 1014 2513 de
1046 2450 1162 2513 civ.
1185 2449 1311 2516 Dei
1326 2450 1488 2528 XXI
1514 2456 1614 2528 11,
1646 2449 1964 2533 provocat
1995 2452 2079 2515 ad
2110 2454 2373 2533 poenas»,
2405 2471 2571 2534 quae
2603 2453 2668 2517 in
2699 2454 3011 2519 societate

389 2558 556 2622 civili
586 2554 781 2636 infligi
812 2555 1025 2621 solent
1068 2564 1132 2621 et
1176 2557 1515 2622 duratione
1562 2558 1884 2623 excedunt
1932 2563 2202 2641 tempuS,
2249 2576 2377 2642 quo
2422 2566 2863 2641 perpetratum
2893 2560 3011 2625 fuit

387 2664 616 2730 scelus.
667 2662 800 2728 Iino
832 2665 1084 2746 peccati
1116 2665 1398 2746 gravitas
1430 2652 1577 2730 cum
1611 2666 2054 2748 comparative
2086 2665 2169 2731 sit
2199 2665 2463 2745 infinita,
2495 2684 2774 2748 poenam
2806 2675 3009 2754 meret

386 2751 825 2854 comparative
869 2763 1199 2849 infinitam,
1235 2773 1269 2836 i.
1304 2791 1357 2836 e.
1388 2773 1514 2836 fine
1554 2781 1940 2839 carentems
1974 2773 2120 2866 Qua
2169 2775 2509 2838 occasione
2558 2779 2763 2850 noteS,
2812 2793 3004 2855 argu-

389 2886 693 2970 mentum,
726 2879 897 2962 quod
928 2879 1058 2960 peti
1089 2878 1254 2944 solet
1286 2897 1365 2943 ex
1396 2878 1624 2960 culpae
1644 2879 2018 2961 gravitatei.
2040 2900 2091 2945 e.
2111 2879 2427 2945 infinitate
2446 2881 2489 2968 ¹)
2511 2889 2638 2961 pro
2647 2877 3003 2963 poenarum

387 2963 790 3063 aeternitate,
823 2986 1089 3051 dextere
1120 3003 1263 3051 esse
1293 2987 1805 3068 proponendum,
1839 2993 1910 3051 ut
1944 2986 2168 3053 efficax
2200 2989 2295 3051 sit„
2329 2987 2654 3053 Teneatur
2686 3007 2836 3069 ergo
2856 3007 3004 3053 cum

387 3092 437 3157 L
450 3112 487 3158 e
501 3113 574 3157 ss
589 3093 611 3156 i
625 3111 665 3157 o
696 3093 953 3168 X111‚25
974 3088 1417 3176 comparative
1437 3093 1753 3158 infinitum
1788 3092 1946 3159 illud
1960 3095 2100 3172 dici,
2136 3096 2308 3177 quod
2327 3095 2602 3160 alterum
2620 3096 2712 3159 ita
2732 3096 3002 3174 excedit,

385 3205 458 3284 ut
486 3198 627 3277 hoc,
662 3193 928 3288 etiamsi
944 3181 1241 3263 infinities
1273 3197 1735 3296 multiplicetur
1755 3206 1820 3264 et
1841 3200 2232 3278 intendatur,
2263 3220 2594 3284 nunquam
2626 3202 2795 3279 illud,
2829 3201 3004 3288 quod

388 3305 820 3390 comparative
870 3289 1184 3369 infinitum
1236 3305 1484 3381 dicitur,
1535 3305 1925 3386 perfectione
1973 3306 2263 3387 attingat.
2326 3308 2421 3372 Ita
2471 3309 2688 3373 anima
2718 3310 3004 3396 humana

384 3411 580 3495 lapidi
608 3413 999 3494 comparata)
1038 3410 1281 3476 infinite
1330 3415 1430 3476 est
1478 3410 1838 3494 perfectior.
1901 3413 2045 3478 Jam
2096 3432 2248 3479 vero
2280 3414 2405 3478 hoc
2438 3431 2632 3479 sensu
2662 3412 3003 3516 peccatum

384 3527 483 3587 est
511 3519 643 3585 Dei
657 3519 888 3603 injuria
910 3518 1159 3584 infinite
1193 3519 1398 3601 maJor
1429 3535 1813 3601 quacunque
1845 3519 2077 3602 ιιι3ιιι·ια
2095 3528 2434 3586 creaturae
2451 3521 2643 3586 illata
2674 3522 2828 3588 ,lure
2849 3526 3004 3605 ergo'

379 3646 594 3711 poena
623 3628 863 3710 poterit
892 3626 1118 3732 puniri,
1151 3615 1319 3724 qhae
1351 3643 1596 3708 poenas
1629 3633 1895 3708 propter
1925 3626 2286 3692 offensam
2271 3649 2336 3692 ιιι
2367 3628 2696 3694 hominem
2726 3628 2999 3694 inflictas

378 3731 518 3834 'sine
548 3734 676 3799 fine
707 3718 1009 3798 excedat„
1022 3713 1350 3815 EJusmodi
1383 3740 1484 3797 est
1510 3733 1743 3814 poena,
1778 3747 1946 3816 quae
1977 3733 2102 3800 fine
2135 3733 2312 3800 caret
2341 3736 2378 3798 i.
2413 3754 2463 3800 e
2500 3741 2782 3858 aeterna.
2803 3733 2997 3802 Ροθ-

378 3825 610 3942 narum
641 3858 817 3920 ergo
826 3840 1193 3933 aeternitas
1202 3846 1336 3934 ‘non
1361 3846 1468 3905 est
1496 3846 1744 3918 contra,
1773 3841 1893 3907 sed
1920 3841 2159 3923 Juxta
2190 3839 2542 3933 rationem.
2592 3838 2595 3841 ’
2690 3851 2693 3855 ’

555 3947 619 4037 2
652 3964 824 4031 Βθιι5
854 3961 1020 4029 sicut
1052 3965 1292 4030 infinite
1324 3972 1423 4030 est
1455 3941 1665 4029 bonus
1697 3973 1763 4030 et
1793 3947 2180 4044 misericorS,
2212 3966 2304 4030 ita
2326 3975 2423 4032 est
2444 3973 2508 4032 et
2527 3967 2769 4050 infinite
2771 3968 2998 4062 justus

379 4078 443 4168 et
473 4058 755 4137 sanctus
816 4069 994 4174 Sicut
1042 4089 1193 4152 ergo
1243 4090 1376 4160 non
1423 4039 1757 4154 repugnat,
1809 4078 1880 4136 ut
1930 4055 2234 4136 bonitatis
2283 4065 2834 4138 manifestationes
2868 4074 3003 4144 sint

378 4171 713 4262 aeternae,
731 4163 823 4242 ita
852 4196 984 4241 non
1014 4161 1466 4259 repugnabunt
1498 4185 1803 4254 aeternae
1817 4171 2106 4280 justitiae
2123 4178 2508 4268 vindicantis
2529 4179 2995 4245 manifestatio-

377 4302 512 4350 nes.
544 4261 922 4349 Falluntiir
908 4281 1077 4378 erge,
1108 4285 1219 4367 qui
1242 4245 1529 4367 justitiae
1561 4265 1817 4368 divinae
1848 4265 2082 4386 plane
2071 4273 2267 4365 obliti,
2299 4288 2362 4351 ιιι
2396 4275 2764 4413 poenarum
2785 4296 2999 4390 aeter-

375 4391 576 4516 nitate
606 4385 1051 4517 impugnanda
1081 4391 1164 4455 ad
1175 4390 1427 4519 ²solam
1435 4399 1794 4473 provocant
1823 4391 1940 4457 Dei
1969 4392 2345 4459 bonitatem
2419 4465 2422 4466 7

376 4561 801 4620 -ὸ-Τ--ι-.
1044 4597 1055 4616 ρ
1149 4569 1221 4604 Ἧι
1276 4587 1365 4607 mr*-
1414 4586 1465 4626 5
1504 4578 1508 4583 ·
1907 4589 1942 4612 Ρ
2085 4579 2140 4606 2,
2217 4586 2222 4592 .
2854 4588 2896 4598 f,

592 4661 632 4731 ³)
659 4657 742 4712 Cf.
746 4619 747 4622 Ἴ
771 4657 840 4713 de
866 4585 987 4715 siae:
1003 4575 1305 4733 petz-fia&
1260 4609 1566 4714 infinitate
1606 4601 1992 4732 disserentem
2003 4659 2039 4713 S
2057 4617 2264 4712 teat-r
2282 4677 2332 4712 u
2326 4677 2374 4730 p
2418 4595 2686 4734 zeitschr
2696 4660 2809 4752 fur
2829 4615 2998 4734 katht

374 4685 568 4793 'nicol
601 4744 753 4802 1891,
781 4740 1080 4794 273—300.
2006 4785 2016 4794 .
2893 4797 2894 4800 ,
