<?xml version="1.0" encoding="UTF-8"?>
<!DOCTYPE html PUBLIC "-//W3C//DTD XHTML 1.0 Transitional//EN"
    "http://www.w3.org/TR/xhtml1/DTD/xhtml1-transitional.dtd">
<html xmlns="http://www.w3.org/1999/xhtml" xml:lang="en" lang="en">
 <head>
  <title>
</title>
<meta http-equiv="Content-Type" content="text/html;charset=utf-8" />
  <meta name='ocr-system' content='tesseract 3.04.00' />
  <meta name='ocr-capabilities' content='ocr_page ocr_carea ocr_par ocr_line ocrx_word'/>
</head>
<body>
  <div class='ocr_page' id='page_1' title='image "./theologiaedogma00hurtgoog_0164.png"; bbox 0 0 3538 5364; ppageno 0'>
   <div class='ocr_carea' id='block_1_1' title="bbox 557 257 2675 332">
    <p class='ocr_par' dir='ltr' id='par_1_1' title="bbox 557 257 2675 332">
     <span class='ocr_line' id='line_1_1' title="bbox 557 257 2675 332; baseline 0.001 -23"><span class='ocrx_word' id='word_1_1' title='bbox 557 266 679 332; x_wconf 79' lang='lat'>152</span> <span class='ocrx_word' id='word_1_2' title='bbox 1025 258 1208 312; x_wconf 89' lang='lat' dir='ltr'>Tract.</span> <span class='ocrx_word' id='word_1_3' title='bbox 1237 258 1384 311; x_wconf 82' lang='lat' dir='ltr'><strong>VIII.</strong></span> <span class='ocrx_word' id='word_1_4' title='bbox 1410 258 1480 311; x_wconf 89' lang='lat' dir='ltr'>dc</span> <span class='ocrx_word' id='word_1_5' title='bbox 1497 257 1933 327; x_wconf 79' lang='lat' dir='ltr'>justificatione.</span> <span class='ocrx_word' id='word_1_6' title='bbox 1962 257 2160 311; x_wconf 88' lang='lat' dir='ltr'>Thesis</span> <span class='ocrx_word' id='word_1_7' title='bbox 2187 257 2371 314; x_wconf 81' lang='lat' dir='ltr'>CCIII.</span> <span class='ocrx_word' id='word_1_8' title='bbox 2399 258 2675 313; x_wconf 84' lang='lat' dir='ltr'>Notiones</span> 
     </span>
    </p>
   </div>
   <div class='ocr_carea' id='block_1_2' title="bbox 550 454 3178 1617">
    <p class='ocr_par' dir='ltr' id='par_1_2' title="bbox 550 454 3178 1617">
     <span class='ocr_line' id='line_1_2' title="bbox 551 454 3172 539; baseline -0 -18"><span class='ocrx_word' id='word_1_9' title='bbox 551 456 722 522; x_wconf 89' lang='lat' dir='ltr'>diate</span> <span class='ocrx_word' id='word_1_10' title='bbox 754 456 1096 532; x_wconf 81' lang='lat' dir='ltr'>confertur,</span> <span class='ocrx_word' id='word_1_11' title='bbox 1142 473 1311 539; x_wconf 87' lang='lat' dir='ltr'>quae</span> <span class='ocrx_word' id='word_1_12' title='bbox 1341 455 1662 520; x_wconf 86' lang='lat' dir='ltr'>distinctio</span> <span class='ocrx_word' id='word_1_13' title='bbox 1708 456 1995 521; x_wconf 86' lang='lat' dir='ltr'>innuitur</span> <span class='ocrx_word' id='word_1_14' title='bbox 2025 454 2180 519; x_wconf 88' lang='lat' dir='ltr'><strong>Phil.</strong></span> <span class='ocrx_word' id='word_1_15' title='bbox 2214 461 2274 533; x_wconf 88' lang='lat'>3,</span> <span class='ocrx_word' id='word_1_16' title='bbox 2307 462 2379 533; x_wconf 79' lang='lat'>93</span> <span class='ocrx_word' id='word_1_17' title='bbox 2426 457 2609 521; x_wconf 87' lang='lat' dir='ltr'>Rom.</span> <span class='ocrx_word' id='word_1_18' title='bbox 2642 462 2703 534; x_wconf 89' lang='lat'>4,</span> <span class='ocrx_word' id='word_1_19' title='bbox 2737 464 2809 533; x_wconf 77' lang='lat'>23</span> <span class='ocrx_word' id='word_1_20' title='bbox 2850 463 2948 535; x_wconf 89' lang='grc'>10,</span> <span class='ocrx_word' id='word_1_21' title='bbox 2981 464 3024 528; x_wconf 84' lang='lat'><strong>3</strong></span> <span class='ocrx_word' id='word_1_22' title='bbox 3058 478 3172 534; x_wconf 84' lang='lat' dir='ltr'>ss.;</span> 
     </span>
     <span class='ocr_line' id='line_1_3' title="bbox 551 562 3173 645; baseline -0.001 -15"><span class='ocrx_word' id='word_1_23' title='bbox 551 565 618 632; x_wconf 75' lang='lat'>2.</span> <span class='ocrx_word' id='word_1_24' title='bbox 653 562 909 629; x_wconf 90' lang='lat' dir='ltr'>ratione</span> <span class='ocrx_word' id='word_1_25' title='bbox 940 563 1168 644; x_wconf 80' lang='lat' dir='ltr'>legiS,</span> <span class='ocrx_word' id='word_1_26' title='bbox 1201 562 1284 627; x_wconf 91' lang='lat' dir='ltr'>ad</span> <span class='ocrx_word' id='word_1_27' title='bbox 1318 580 1515 645; x_wconf 89' lang='lat' dir='ltr'>quam</span> <span class='ocrx_word' id='word_1_28' title='bbox 1547 568 1646 627; x_wconf 88' lang='lat' dir='ltr'>est</span> <span class='ocrx_word' id='word_1_29' title='bbox 1666 581 1991 645; x_wconf 85' lang='lat' dir='ltr'>expressa,</span> <span class='ocrx_word' id='word_1_30' title='bbox 2023 564 2091 626; x_wconf 94' lang='lat' dir='ltr'>in</span> <span class='ocrx_word' id='word_1_31' title='bbox 2121 562 2558 644; x_wconf 82' lang='lat' dir='ltr'>politicam</span> <span class='ocrx_word' id='word_1_32' title='bbox 2588 583 2704 629; x_wconf 94' lang='lat' dir='ltr'>seu</span> <span class='ocrx_word' id='word_1_33' title='bbox 2736 565 3004 641; x_wconf 86' lang='lat' dir='ltr'>civilem,</span> <span class='ocrx_word' id='word_1_34' title='bbox 3037 583 3173 628; x_wconf 90' lang='lat' dir='ltr'>na-</span> 
     </span>
     <span class='ocr_line' id='line_1_4' title="bbox 551 668 3174 752; baseline -0 -18"><span class='ocrx_word' id='word_1_35' title='bbox 551 669 907 735; x_wconf 90' lang='lat' dir='ltr'>turalem</span> <span class='ocrx_word' id='word_1_36' title='bbox 956 689 1072 735; x_wconf 92' lang='lat' dir='ltr'>seu</span> <span class='ocrx_word' id='word_1_37' title='bbox 1103 672 1432 746; x_wconf 84' lang='lat' dir='ltr'>moralem,</span> <span class='ocrx_word' id='word_1_38' title='bbox 1482 669 1838 750; x_wconf 82' lang='lat' dir='ltr'>legalem</span> <span class='ocrx_word' id='word_1_39' title='bbox 1888 687 2004 734; x_wconf 92' lang='lat' dir='ltr'>seu</span> <span class='ocrx_word' id='word_1_40' title='bbox 2028 668 2380 751; x_wconf 87' lang='lat' dir='ltr'>judaicam,</span> <span class='ocrx_word' id='word_1_41' title='bbox 2412 677 2478 735; x_wconf 90' lang='lat' dir='ltr'>et</span> <span class='ocrx_word' id='word_1_42' title='bbox 2508 671 2573 734; x_wconf 92' lang='lat' dir='ltr'>in</span> <span class='ocrx_word' id='word_1_43' title='bbox 2597 670 2916 752; x_wconf 88' lang='lat' dir='ltr'>justitiam</span> <span class='ocrx_word' id='word_1_44' title='bbox 2967 669 3174 735; x_wconf 87' lang='lat' dir='ltr'>fidei</span> 
     </span>
     <span class='ocr_line' id='line_1_5' title="bbox 550 776 3177 861; baseline -0.001 -20"><span class='ocrx_word' id='word_1_45' title='bbox 550 796 667 842; x_wconf 92' lang='lat' dir='ltr'>seu</span> <span class='ocrx_word' id='word_1_46' title='bbox 685 778 1133 857; x_wconf 82' lang='lat' dir='ltr'>christianam3</span> <span class='ocrx_word' id='word_1_47' title='bbox 1168 781 1232 847; x_wconf 84' lang='lat'>3.</span> <span class='ocrx_word' id='word_1_48' title='bbox 1267 778 1518 844; x_wconf 83' lang='lat' dir='ltr'>ratione</span> <span class='ocrx_word' id='word_1_49' title='bbox 1550 778 1782 855; x_wconf 92' lang='lat' dir='ltr'>modi,</span> <span class='ocrx_word' id='word_1_50' title='bbox 1815 796 1942 861; x_wconf 83' lang='lat' dir='ltr'>quo</span> <span class='ocrx_word' id='word_1_51' title='bbox 1975 777 2268 855; x_wconf 90' lang='lat' dir='ltr'>habetur,</span> <span class='ocrx_word' id='word_1_52' title='bbox 2299 777 2365 841; x_wconf 92' lang='lat' dir='ltr'>in</span> <span class='ocrx_word' id='word_1_53' title='bbox 2397 778 2816 844; x_wconf 81' lang='lat' dir='ltr'>actualem</span> <span class='ocrx_word' id='word_1_54' title='bbox 2847 784 2913 843; x_wconf 87' lang='lat' dir='ltr'>et</span> <span class='ocrx_word' id='word_1_55' title='bbox 2944 776 3177 842; x_wconf 89' lang='lat' dir='ltr'>habi-</span> 
     </span>
     <span class='ocr_line' id='line_1_6' title="bbox 551 884 3177 968; baseline 0 -19"><span class='ocrx_word' id='word_1_56' title='bbox 551 885 876 950; x_wconf 88' lang='lat' dir='ltr'>tualem.</span> <span class='ocrx_word' id='word_1_57' title='bbox 938 886 1201 953; x_wconf 70' lang='lat' dir='ltr'>,Iustitia</span> <span class='ocrx_word' id='word_1_58' title='bbox 1250 884 1674 968; x_wconf 75' lang='lat' dir='ltr'>particularia,</span> <span class='ocrx_word' id='word_1_59' title='bbox 1726 902 1895 967; x_wconf 89' lang='lat' dir='ltr'>quae</span> <span class='ocrx_word' id='word_1_60' title='bbox 1945 884 2067 948; x_wconf 91' lang='lat' dir='ltr'>sub</span> <span class='ocrx_word' id='word_1_61' title='bbox 2117 885 2243 948; x_wconf 91' lang='lat' dir='ltr'>hac</span> <span class='ocrx_word' id='word_1_62' title='bbox 2284 885 2564 966; x_wconf 88' lang='lat' dir='ltr'>generali</span> <span class='ocrx_word' id='word_1_63' title='bbox 2614 884 3031 960; x_wconf 90' lang='lat' dir='ltr'>subsumitur,</span> <span class='ocrx_word' id='word_1_64' title='bbox 3065 885 3177 949; x_wconf 90' lang='lat' dir='ltr'>illa</span> 
     </span>
     <span class='ocr_line' id='line_1_7' title="bbox 551 988 3177 1077; baseline -0.001 -20"><span class='ocrx_word' id='word_1_65' title='bbox 551 993 691 1071; x_wconf 88' lang='lat' dir='ltr'>erit,</span> <span class='ocrx_word' id='word_1_66' title='bbox 740 1013 871 1077; x_wconf 88' lang='lat' dir='ltr'>qua</span> <span class='ocrx_word' id='word_1_67' title='bbox 917 988 1239 1059; x_wconf 83' lang='lat' dir='ltr'>inducitur</span> <span class='ocrx_word' id='word_1_68' title='bbox 1287 993 1703 1058; x_wconf 80' lang='lat' dir='ltr'>conformitas</span> <span class='ocrx_word' id='word_1_69' title='bbox 1752 1011 1871 1057; x_wconf 92' lang='lat' dir='ltr'>seu</span> <span class='ocrx_word' id='word_1_70' title='bbox 1923 992 2279 1074; x_wconf 81' lang='lat' dir='ltr'>aequalitas</span> <span class='ocrx_word' id='word_1_71' title='bbox 2327 992 2496 1057; x_wconf 88' lang='lat' dir='ltr'>inter</span> <span class='ocrx_word' id='word_1_72' title='bbox 2540 1000 2724 1058; x_wconf 87' lang='lat' dir='ltr'>actus</span> <span class='ocrx_word' id='word_1_73' title='bbox 2775 1000 2841 1058; x_wconf 89' lang='lat' dir='ltr'>et</span> <span class='ocrx_word' id='word_1_74' title='bbox 2869 993 3078 1073; x_wconf 87' lang='lat' dir='ltr'>legem</span> <span class='ocrx_word' id='word_1_75' title='bbox 3108 992 3177 1055; x_wconf 92' lang='lat' dir='ltr'>in</span> 
     </span>
     <span class='ocr_line' id='line_1_8' title="bbox 551 1097 3176 1183; baseline -0.001 -19"><span class='ocrx_word' id='word_1_76' title='bbox 551 1101 987 1165; x_wconf 50' lang='lat' dir='ltr'>determinata¹</span> <span class='ocrx_word' id='word_1_77' title='bbox 1008 1102 1312 1166; x_wconf 86' lang='lat' dir='ltr'>materia:</span> <span class='ocrx_word' id='word_1_78' title='bbox 1345 1118 1474 1183; x_wconf 87' lang='lat' dir='ltr'>quo</span> <span class='ocrx_word' id='word_1_79' title='bbox 1508 1118 1705 1164; x_wconf 89' lang='lat' dir='ltr'>sensu</span> <span class='ocrx_word' id='word_1_80' title='bbox 1735 1097 2061 1182; x_wconf 87' lang='lat' dir='ltr'>quaelibet</span> <span class='ocrx_word' id='word_1_81' title='bbox 2091 1100 2296 1163; x_wconf 83' lang='lat' dir='ltr'>virtus</span> <span class='ocrx_word' id='word_1_82' title='bbox 2327 1099 2452 1165; x_wconf 89' lang='lat' dir='ltr'>dici</span> <span class='ocrx_word' id='word_1_83' title='bbox 2482 1100 2720 1181; x_wconf 91' lang='lat' dir='ltr'>poterit</span> <span class='ocrx_word' id='word_1_84' title='bbox 2744 1098 2992 1182; x_wconf 90' lang='lat' dir='ltr'>justitia</span> <span class='ocrx_word' id='word_1_85' title='bbox 3021 1116 3176 1180; x_wconf 87' lang='lat' dir='ltr'>par-</span> 
     </span>
     <span class='ocr_line' id='line_1_9' title="bbox 554 1207 3176 1290; baseline 0.001 -20"><span class='ocrx_word' id='word_1_86' title='bbox 554 1207 854 1272; x_wconf 87' lang='lat' dir='ltr'>ticularis.</span> <span class='ocrx_word' id='word_1_87' title='bbox 885 1208 1131 1273; x_wconf 89' lang='lat' dir='ltr'>Tamen</span> <span class='ocrx_word' id='word_1_88' title='bbox 1162 1209 1421 1274; x_wconf 92' lang='lat' dir='ltr'>nomine</span> <span class='ocrx_word' id='word_1_89' title='bbox 1447 1209 1736 1289; x_wconf 87' lang='lat' dir='ltr'>justitiae</span> <span class='ocrx_word' id='word_1_90' title='bbox 1787 1209 2194 1289; x_wconf 88' lang='lat' dir='ltr'>particularis</span> <span class='ocrx_word' id='word_1_91' title='bbox 2243 1208 2500 1290; x_wconf 89' lang='lat' dir='ltr'>proprie</span> <span class='ocrx_word' id='word_1_92' title='bbox 2549 1208 2919 1290; x_wconf 86' lang='lat' dir='ltr'>intelligitur</span> <span class='ocrx_word' id='word_1_93' title='bbox 2950 1207 3176 1284; x_wconf 81' lang='lat' dir='ltr'>virtus,</span> 
     </span>
     <span class='ocr_line' id='line_1_10' title="bbox 552 1313 3178 1397; baseline 0 -19"><span class='ocrx_word' id='word_1_94' title='bbox 552 1332 720 1396; x_wconf 90' lang='lat' dir='ltr'>quae</span> <span class='ocrx_word' id='word_1_95' title='bbox 748 1316 1007 1397; x_wconf 84' lang='lat' dir='ltr'>respicit</span> <span class='ocrx_word' id='word_1_96' title='bbox 1041 1315 1236 1379; x_wconf 89' lang='lat' dir='ltr'>alium</span> <span class='ocrx_word' id='word_1_97' title='bbox 1270 1321 1334 1379; x_wconf 92' lang='lat' dir='ltr'>et</span> <span class='ocrx_word' id='word_1_98' title='bbox 1365 1313 1616 1379; x_wconf 88' lang='lat' dir='ltr'>definiri</span> <span class='ocrx_word' id='word_1_99' title='bbox 1659 1313 1824 1379; x_wconf 90' lang='lat' dir='ltr'>solet</span> <span class='ocrx_word' id='word_1_100' title='bbox 1880 1321 2231 1396; x_wconf 82' lang='lat' dir='ltr'>,perpetua</span> <span class='ocrx_word' id='word_1_101' title='bbox 2277 1320 2342 1381; x_wconf 92' lang='lat' dir='ltr'>et</span> <span class='ocrx_word' id='word_1_102' title='bbox 2387 1320 2693 1380; x_wconf 87' lang='lat' dir='ltr'>constans</span> <span class='ocrx_word' id='word_1_103' title='bbox 2735 1315 3044 1379; x_wconf 88' lang='lat' dir='ltr'>voluntas</span> <span class='ocrx_word' id='word_1_104' title='bbox 3067 1314 3178 1396; x_wconf 90' lang='lat' dir='ltr'>jus</span> 
     </span>
     <span class='ocr_line' id='line_1_11' title="bbox 554 1419 3176 1506; baseline 0 -22"><span class='ocrx_word' id='word_1_105' title='bbox 554 1440 742 1485; x_wconf 90' lang='lat' dir='ltr'>suum</span> <span class='ocrx_word' id='word_1_106' title='bbox 774 1422 1118 1506; x_wconf 90' lang='lat' dir='ltr'>unicuique</span> <span class='ocrx_word' id='word_1_107' title='bbox 1150 1422 1492 1488; x_wconf 69' lang='lat' dir='ltr'>tribuens*K</span> <span class='ocrx_word' id='word_1_108' title='bbox 1559 1419 1639 1485; x_wconf 89' lang='lat' dir='ltr'>Et</span> <span class='ocrx_word' id='word_1_109' title='bbox 1687 1422 1852 1485; x_wconf 88' lang='lat' dir='ltr'>haec</span> <span class='ocrx_word' id='word_1_110' title='bbox 1906 1427 2003 1487; x_wconf 87' lang='lat' dir='ltr'>est</span> <span class='ocrx_word' id='word_1_111' title='bbox 2052 1419 2165 1485; x_wconf 87' lang='lat' dir='ltr'>illa</span> <span class='ocrx_word' id='word_1_112' title='bbox 2188 1420 2454 1503; x_wconf 87' lang='lat' dir='ltr'>justitia,</span> <span class='ocrx_word' id='word_1_113' title='bbox 2505 1440 2673 1504; x_wconf 90' lang='lat' dir='ltr'>quae</span> <span class='ocrx_word' id='word_1_114' title='bbox 2705 1421 2870 1487; x_wconf 86' lang='lat' dir='ltr'>inter</span> <span class='ocrx_word' id='word_1_115' title='bbox 2901 1422 3176 1486; x_wconf 90' lang='lat' dir='ltr'>virtutes</span> 
     </span>
     <span class='ocr_line' id='line_1_12' title="bbox 553 1516 1824 1617; baseline 0.001 -26"><span class='ocrx_word' id='word_1_116' title='bbox 553 1528 1030 1595; x_wconf 87' lang='lat' dir='ltr'>cardinales</span> <span class='ocrx_word' id='word_1_117' title='bbox 1064 1530 1149 1616; x_wconf 92' lang='lat' dir='ltr'>(n.</span> <span class='ocrx_word' id='word_1_118' title='bbox 1184 1531 1341 1616; x_wconf 81' lang='lat'>205)</span> <span class='ocrx_word' id='word_1_119' title='bbox 1375 1534 1767 1617; x_wconf 81' lang='lat' dir='ltr'>recensetur.</span> <span class='ocrx_word' id='word_1_120' title='bbox 1823 1516 1824 1519; x_wconf 44' lang='lat'>&#39;</span> 
     </span>
    </p>
   </div>
   <div class='ocr_carea' id='block_1_3' title="bbox 548 1639 3181 3415">
    <p class='ocr_par' dir='ltr' id='par_1_3' title="bbox 548 1639 3181 3415">
     <span class='ocr_line' id='line_1_13' title="bbox 729 1639 3181 1718; baseline -0.002 -17"><span class='ocrx_word' id='word_1_121' title='bbox 729 1643 875 1700; x_wconf 87' lang='lat' dir='ltr'>Cum</span> <span class='ocrx_word' id='word_1_122' title='bbox 903 1644 1104 1701; x_wconf 90' lang='lat' dir='ltr'>autem</span> <span class='ocrx_word' id='word_1_123' title='bbox 1136 1640 1403 1700; x_wconf 90' lang='lat' dir='ltr'>debitum</span> <span class='ocrx_word' id='word_1_124' title='bbox 1435 1659 1576 1716; x_wconf 87' lang='lat' dir='ltr'>erga</span> <span class='ocrx_word' id='word_1_125' title='bbox 1605 1640 1861 1698; x_wconf 87' lang='lat' dir='ltr'>alterum</span> <span class='ocrx_word' id='word_1_126' title='bbox 1893 1642 1954 1699; x_wconf 91' lang='lat' dir='ltr'>et</span> <span class='ocrx_word' id='word_1_127' title='bbox 1992 1641 2172 1718; x_wconf 86' lang='lat' dir='ltr'>hujus</span> <span class='ocrx_word' id='word_1_128' title='bbox 2196 1642 2300 1717; x_wconf 85' lang='lat' dir='ltr'>jus</span> <span class='ocrx_word' id='word_1_129' title='bbox 2331 1659 2453 1699; x_wconf 90' lang='lat' dir='ltr'>non</span> <span class='ocrx_word' id='word_1_130' title='bbox 2486 1659 2722 1717; x_wconf 83' lang='lat' dir='ltr'>semper</span> <span class='ocrx_word' id='word_1_131' title='bbox 2748 1639 3018 1715; x_wconf 90' lang='lat' dir='ltr'>ejusdem</span> <span class='ocrx_word' id='word_1_132' title='bbox 3048 1640 3181 1697; x_wconf 89' lang='lat' dir='ltr'>sint</span> 
     </span>
     <span class='ocr_line' id='line_1_14' title="bbox 551 1728 3178 1807; baseline -0.001 -18"><span class='ocrx_word' id='word_1_133' title='bbox 551 1730 798 1789; x_wconf 73' lang='lat' dir='ltr'>rationis</span> <span class='ocrx_word' id='word_1_134' title='bbox 831 1749 897 1789; x_wconf 89' lang='lat' dir='ltr'>ac</span> <span class='ocrx_word' id='word_1_135' title='bbox 926 1730 1147 1807; x_wconf 84' lang='lat' dir='ltr'>gradus</span> <span class='ocrx_word' id='word_1_136' title='bbox 1180 1730 1516 1801; x_wconf 80' lang='lat' dir='ltr'>admittant,</span> <span class='ocrx_word' id='word_1_137' title='bbox 1557 1728 1805 1804; x_wconf 87' lang='lat' dir='ltr'>justitia</span> <span class='ocrx_word' id='word_1_138' title='bbox 1837 1729 1978 1788; x_wconf 85' lang='lat' dir='ltr'>haec</span> <span class='ocrx_word' id='word_1_139' title='bbox 2029 1730 2239 1788; x_wconf 88' lang='lat' dir='ltr'>saltem</span> <span class='ocrx_word' id='word_1_140' title='bbox 2271 1729 2490 1805; x_wconf 88' lang='lat' dir='ltr'>duplex</span> <span class='ocrx_word' id='word_1_141' title='bbox 2522 1733 2632 1794; x_wconf 83' lang='lat' dir='ltr'>est.</span> <span class='ocrx_word' id='word_1_142' title='bbox 2698 1730 2828 1787; x_wconf 88' lang='lat' dir='ltr'>Una</span> <span class='ocrx_word' id='word_1_143' title='bbox 2870 1729 3027 1787; x_wconf 88' lang='lat' dir='ltr'>enim</span> <span class='ocrx_word' id='word_1_144' title='bbox 3075 1729 3178 1787; x_wconf 89' lang='lat' dir='ltr'>vel</span> 
     </span>
     <span class='ocr_line' id='line_1_15' title="bbox 551 1817 3180 1895; baseline -0.001 -17"><span class='ocrx_word' id='word_1_145' title='bbox 551 1820 749 1879; x_wconf 88' lang='lat' dir='ltr'>reddit</span> <span class='ocrx_word' id='word_1_146' title='bbox 779 1819 1018 1895; x_wconf 85' lang='lat' dir='ltr'>quidem</span> <span class='ocrx_word' id='word_1_147' title='bbox 1048 1820 1222 1878; x_wconf 87' lang='lat' dir='ltr'>alteri</span> <span class='ocrx_word' id='word_1_148' title='bbox 1253 1818 1542 1888; x_wconf 88' lang='lat' dir='ltr'>debitum,</span> <span class='ocrx_word' id='word_1_149' title='bbox 1574 1818 1662 1876; x_wconf 84' lang='lat' dir='ltr'>ita</span> <span class='ocrx_word' id='word_1_150' title='bbox 1688 1820 1908 1887; x_wconf 88' lang='lat' dir='ltr'>tamen,</span> <span class='ocrx_word' id='word_1_151' title='bbox 1924 1822 1998 1878; x_wconf 86' lang='lat' dir='ltr'>ut</span> <span class='ocrx_word' id='word_1_152' title='bbox 2026 1818 2261 1878; x_wconf 85' lang='lat' dir='ltr'>deficiat</span> <span class='ocrx_word' id='word_1_153' title='bbox 2289 1838 2325 1877; x_wconf 90' lang='lat' dir='ltr'>a</span> <span class='ocrx_word' id='word_1_154' title='bbox 2354 1819 2585 1878; x_wconf 88' lang='lat' dir='ltr'>ratione</span> <span class='ocrx_word' id='word_1_155' title='bbox 2616 1838 2695 1877; x_wconf 91' lang='lat' dir='ltr'>ae</span> <span class='ocrx_word' id='word_1_156' title='bbox 2713 1838 2751 1894; x_wconf 94' lang='lat' dir='ltr'>q</span> <span class='ocrx_word' id='word_1_157' title='bbox 2768 1838 2807 1876; x_wconf 93' lang='lat' dir='ltr'>u</span> <span class='ocrx_word' id='word_1_158' title='bbox 2825 1819 2996 1889; x_wconf 88' lang='lat' dir='ltr'>alis,</span> <span class='ocrx_word' id='word_1_159' title='bbox 3029 1817 3180 1894; x_wconf 87' lang='lat' dir='ltr'>quia</span> 
     </span>
     <span class='ocr_line' id='line_1_16' title="bbox 552 1906 3176 1984; baseline -0.001 -16"><span class='ocrx_word' id='word_1_160' title='bbox 552 1908 823 1968; x_wconf 89' lang='lat' dir='ltr'>debitum</span> <span class='ocrx_word' id='word_1_161' title='bbox 856 1927 1164 1983; x_wconf 86' lang='lat' dir='ltr'>nunquam</span> <span class='ocrx_word' id='word_1_162' title='bbox 1193 1908 1499 1984; x_wconf 86' lang='lat' dir='ltr'>extinguit</span> <span class='ocrx_word' id='word_1_163' title='bbox 1527 1907 1625 1965; x_wconf 87' lang='lat' dir='ltr'>vel</span> <span class='ocrx_word' id='word_1_164' title='bbox 1667 1906 1957 1978; x_wconf 81' lang='lat' dir='ltr'>exhaurit,</span> <span class='ocrx_word' id='word_1_165' title='bbox 2002 1911 2075 1966; x_wconf 92' lang='lat' dir='ltr'>ut</span> <span class='ocrx_word' id='word_1_166' title='bbox 2116 1908 2330 1984; x_wconf 85' lang='lat' dir='ltr'>religio</span> <span class='ocrx_word' id='word_1_167' title='bbox 2374 1910 2514 1980; x_wconf 86' lang='lat' dir='ltr'>Dec,</span> <span class='ocrx_word' id='word_1_168' title='bbox 2560 1908 2751 1984; x_wconf 86' lang='lat' dir='ltr'>pietas</span> <span class='ocrx_word' id='word_1_169' title='bbox 2796 1907 3176 1983; x_wconf 76' lang='lat' dir='ltr'>parentibuS,</span> 
     </span>
     <span class='ocr_line' id='line_1_17' title="bbox 550 1995 3180 2076; baseline 0 -21"><span class='ocrx_word' id='word_1_170' title='bbox 550 1997 859 2076; x_wconf 82' lang='lat' dir='ltr'>gratitudo</span> <span class='ocrx_word' id='word_1_171' title='bbox 890 1996 1400 2065; x_wconf 80' lang='lat' dir='ltr'>benefactoribus3</span> <span class='ocrx_word' id='word_1_172' title='bbox 1449 1996 1548 2055; x_wconf 91' lang='lat' dir='ltr'>vel</span> <span class='ocrx_word' id='word_1_173' title='bbox 1597 1996 1682 2054; x_wconf 88' lang='lat' dir='ltr'>ita</span> <span class='ocrx_word' id='word_1_174' title='bbox 1729 1995 1925 2054; x_wconf 87' lang='lat' dir='ltr'>reddit</span> <span class='ocrx_word' id='word_1_175' title='bbox 1975 1997 2149 2056; x_wconf 73' lang='lat' dir='ltr'>alteri</span> <span class='ocrx_word' id='word_1_176' title='bbox 2200 1997 2487 2065; x_wconf 84' lang='lat' dir='ltr'>debitum,</span> <span class='ocrx_word' id='word_1_177' title='bbox 2534 2002 2607 2055; x_wconf 89' lang='lat' dir='ltr'>ut</span> <span class='ocrx_word' id='word_1_178' title='bbox 2653 1996 2912 2056; x_wconf 84' lang='lat' dir='ltr'>redditio</span> <span class='ocrx_word' id='word_1_179' title='bbox 2941 1995 3180 2055; x_wconf 84' lang='lat' dir='ltr'>deficiat</span> 
     </span>
     <span class='ocr_line' id='line_1_18' title="bbox 552 2084 3173 2163; baseline -0 -18"><span class='ocrx_word' id='word_1_180' title='bbox 552 2087 687 2163; x_wconf 91' lang='lat' dir='ltr'>plus</span> <span class='ocrx_word' id='word_1_181' title='bbox 719 2087 920 2145; x_wconf 87' lang='lat' dir='ltr'>minus</span> <span class='ocrx_word' id='word_1_182' title='bbox 952 2107 987 2145; x_wconf 91' lang='lat' dir='ltr'>a</span> <span class='ocrx_word' id='word_1_183' title='bbox 1015 2087 1244 2145; x_wconf 87' lang='lat' dir='ltr'>ratione</span> <span class='ocrx_word' id='word_1_184' title='bbox 1275 2085 1480 2156; x_wconf 90' lang='lat' dir='ltr'>debiti,</span> <span class='ocrx_word' id='word_1_185' title='bbox 1526 2084 1683 2160; x_wconf 89' lang='lat' dir='ltr'>quod</span> <span class='ocrx_word' id='word_1_186' title='bbox 1715 2087 1956 2144; x_wconf 88' lang='lat' dir='ltr'>tantum</span> <span class='ocrx_word' id='word_1_187' title='bbox 1994 2090 2087 2145; x_wconf 89' lang='lat' dir='ltr'>est</span> <span class='ocrx_word' id='word_1_188' title='bbox 2118 2087 2336 2146; x_wconf 89' lang='lat' dir='ltr'>morale</span> <span class='ocrx_word' id='word_1_189' title='bbox 2367 2091 2429 2144; x_wconf 89' lang='lat' dir='ltr'>et</span> <span class='ocrx_word' id='word_1_190' title='bbox 2458 2104 2527 2144; x_wconf 91' lang='lat' dir='ltr'>ex</span> <span class='ocrx_word' id='word_1_191' title='bbox 2560 2087 2870 2145; x_wconf 86' lang='lat' dir='ltr'>honestate</span> <span class='ocrx_word' id='word_1_192' title='bbox 2905 2085 3173 2155; x_wconf 87' lang='lat' dir='ltr'>virtutis,</span> 
     </span>
     <span class='ocr_line' id='line_1_19' title="bbox 552 2173 3176 2253; baseline -0 -19"><span class='ocrx_word' id='word_1_193' title='bbox 552 2177 729 2251; x_wconf 86' lang='lat' dir='ltr'>quale</span> <span class='ocrx_word' id='word_1_194' title='bbox 761 2175 1014 2234; x_wconf 88' lang='lat' dir='ltr'>habetur</span> <span class='ocrx_word' id='word_1_195' title='bbox 1043 2176 1111 2235; x_wconf 88' lang='lat' dir='ltr'>in</span> <span class='ocrx_word' id='word_1_196' title='bbox 1140 2175 1514 2245; x_wconf 83' lang='lat' dir='ltr'>liberalitate,</span> <span class='ocrx_word' id='word_1_197' title='bbox 1547 2173 1806 2232; x_wconf 86' lang='lat' dir='ltr'>amicitia</span> <span class='ocrx_word' id='word_1_198' title='bbox 1835 2180 1966 2245; x_wconf 68' lang='lat' dir='ltr'>etc„</span> <span class='ocrx_word' id='word_1_199' title='bbox 2007 2194 2156 2250; x_wconf 87' lang='lat' dir='ltr'>quas</span> <span class='ocrx_word' id='word_1_200' title='bbox 2190 2176 2358 2235; x_wconf 91' lang='lat' dir='ltr'>decet</span> <span class='ocrx_word' id='word_1_201' title='bbox 2387 2193 2834 2253; x_wconf 85' lang='lat' dir='ltr'>recompensare</span> <span class='ocrx_word' id='word_1_202' title='bbox 2863 2175 3046 2234; x_wconf 87' lang='lat' dir='ltr'>alicui</span> <span class='ocrx_word' id='word_1_203' title='bbox 3081 2192 3176 2233; x_wconf 86' lang='lat' dir='ltr'>se-</span> 
     </span>
     <span class='ocr_line' id='line_1_20' title="bbox 552 2262 3177 2341; baseline -0.001 -18"><span class='ocrx_word' id='word_1_204' title='bbox 552 2266 816 2323; x_wconf 88' lang='lat' dir='ltr'>cundum</span> <span class='ocrx_word' id='word_1_205' title='bbox 846 2283 930 2336; x_wconf 87' lang='lat' dir='ltr'>ea,</span> <span class='ocrx_word' id='word_1_206' title='bbox 963 2284 1115 2340; x_wconf 89' lang='lat' dir='ltr'>quae</span> <span class='ocrx_word' id='word_1_207' title='bbox 1147 2264 1317 2323; x_wconf 86' lang='lat' dir='ltr'>fecit:</span> <span class='ocrx_word' id='word_1_208' title='bbox 1350 2266 1412 2322; x_wconf 88' lang='lat' dir='ltr'>et</span> <span class='ocrx_word' id='word_1_209' title='bbox 1442 2264 1582 2321; x_wconf 88' lang='lat' dir='ltr'>haec</span> <span class='ocrx_word' id='word_1_210' title='bbox 1611 2262 1823 2321; x_wconf 84' lang='lat' dir='ltr'>laxiori</span> <span class='ocrx_word' id='word_1_211' title='bbox 1854 2282 2034 2323; x_wconf 89' lang='lat' dir='ltr'>sensu</span> <span class='ocrx_word' id='word_1_212' title='bbox 2055 2265 2301 2341; x_wconf 87' lang='lat' dir='ltr'>justitia</span> <span class='ocrx_word' id='word_1_213' title='bbox 2331 2264 2566 2335; x_wconf 90' lang='lat' dir='ltr'>dicitur,</span> <span class='ocrx_word' id='word_1_214' title='bbox 2595 2267 2657 2323; x_wconf 93' lang='lat' dir='ltr'>et</span> <span class='ocrx_word' id='word_1_215' title='bbox 2695 2264 2974 2334; x_wconf 85' lang='lat' dir='ltr'>virtutes,</span> <span class='ocrx_word' id='word_1_216' title='bbox 3021 2282 3177 2340; x_wconf 87' lang='lat' dir='ltr'>quae</span> 
     </span>
     <span class='ocr_line' id='line_1_21' title="bbox 549 2352 3177 2429; baseline 0 -18"><span class='ocrx_word' id='word_1_217' title='bbox 549 2353 633 2411; x_wconf 89' lang='lat' dir='ltr'>ita</span> <span class='ocrx_word' id='word_1_218' title='bbox 680 2372 716 2412; x_wconf 92' lang='lat' dir='ltr'>a</span> <span class='ocrx_word' id='word_1_219' title='bbox 764 2355 994 2413; x_wconf 88' lang='lat' dir='ltr'>ratione</span> <span class='ocrx_word' id='word_1_220' title='bbox 1042 2355 1165 2413; x_wconf 92' lang='lat' dir='ltr'>sive</span> <span class='ocrx_word' id='word_1_221' title='bbox 1209 2353 1478 2429; x_wconf 88' lang='lat' dir='ltr'>aequalis</span> <span class='ocrx_word' id='word_1_222' title='bbox 1525 2353 1651 2411; x_wconf 90' lang='lat' dir='ltr'>sive</span> <span class='ocrx_word' id='word_1_223' title='bbox 1696 2352 1884 2410; x_wconf 88' lang='lat' dir='ltr'>debiti</span> <span class='ocrx_word' id='word_1_224' title='bbox 1929 2352 2232 2424; x_wconf 87' lang='lat' dir='ltr'>deficiunt,</span> <span class='ocrx_word' id='word_1_225' title='bbox 2283 2353 2569 2413; x_wconf 88' lang='lat' dir='ltr'>dicuntur</span> <span class='ocrx_word' id='word_1_226' title='bbox 2614 2354 2870 2413; x_wconf 83' lang='lat' dir='ltr'>virtutes</span> <span class='ocrx_word' id='word_1_227' title='bbox 2894 2354 3177 2429; x_wconf 85' lang='lat' dir='ltr'>justitiae</span> 
     </span>
     <span class='ocr_line' id='line_1_22' title="bbox 551 2437 3176 2524; baseline 0 -24"><span class='ocrx_word' id='word_1_228' title='bbox 551 2437 816 2524; x_wconf 88' lang='lat' dir='ltr'>(proprie</span> <span class='ocrx_word' id='word_1_229' title='bbox 847 2442 1062 2522; x_wconf 86' lang='lat' dir='ltr'>dictae)</span> <span class='ocrx_word' id='word_1_230' title='bbox 1095 2461 1372 2512; x_wconf 79' lang='lat' dir='ltr'>annexae,</span> <span class='ocrx_word' id='word_1_231' title='bbox 1421 2460 1542 2516; x_wconf 88' lang='lat' dir='ltr'>qua</span> <span class='ocrx_word' id='word_1_232' title='bbox 1573 2440 1646 2499; x_wconf 88' lang='lat' dir='ltr'>de</span> <span class='ocrx_word' id='word_1_233' title='bbox 1677 2459 1740 2498; x_wconf 90' lang='lat' dir='ltr'>re</span> <span class='ocrx_word' id='word_1_234' title='bbox 1774 2444 2073 2516; x_wconf 87' lang='lat' dir='ltr'>praeclare</span> <span class='ocrx_word' id='word_1_235' title='bbox 2106 2443 2349 2502; x_wconf 81' lang='lat' dir='ltr'>disserit</span> <span class='ocrx_word' id='word_1_236' title='bbox 2381 2462 2428 2505; x_wconf 91' lang='lat' dir='ltr'>s.</span> <span class='ocrx_word' id='word_1_237' title='bbox 2460 2443 2780 2502; x_wconf 78' lang='lat' dir='ltr'>Thomas</span> <span class='ocrx_word' id='word_1_238' title='bbox 2814 2451 2870 2505; x_wconf 88' lang='lat'>2.</span> <span class='ocrx_word' id='word_1_239' title='bbox 2910 2453 2941 2504; x_wconf 82' lang='lat'><strong>2</strong></span> <span class='ocrx_word' id='word_1_240' title='bbox 2978 2463 3034 2519; x_wconf 91' lang='lat' dir='ltr'>q.</span> <span class='ocrx_word' id='word_1_241' title='bbox 3071 2452 3176 2506; x_wconf 86' lang='lat'>80.</span> 
     </span>
     <span class='ocr_line' id='line_1_23' title="bbox 551 2530 3175 2608; baseline -0 -19"><span class='ocrx_word' id='word_1_242' title='bbox 551 2566 637 2573; x_wconf 91' lang='lat'>—-</span> <span class='ocrx_word' id='word_1_243' title='bbox 669 2533 873 2592; x_wconf 84' lang='lat' dir='ltr'>Altera</span> <span class='ocrx_word' id='word_1_244' title='bbox 895 2532 1156 2608; x_wconf 88' lang='lat' dir='ltr'>justitia,</span> <span class='ocrx_word' id='word_1_245' title='bbox 1204 2534 1439 2607; x_wconf 85' lang='lat' dir='ltr'>proprie</span> <span class='ocrx_word' id='word_1_246' title='bbox 1485 2530 1655 2600; x_wconf 85' lang='lat' dir='ltr'>dicta,</span> <span class='ocrx_word' id='word_1_247' title='bbox 1694 2530 1821 2605; x_wconf 83' lang='lat' dir='ltr'>jam</span> <span class='ocrx_word' id='word_1_248' title='bbox 1867 2532 2054 2608; x_wconf 89' lang='lat' dir='ltr'>magis</span> <span class='ocrx_word' id='word_1_249' title='bbox 2086 2532 2330 2608; x_wconf 86' lang='lat' dir='ltr'>respicit</span> <span class='ocrx_word' id='word_1_250' title='bbox 2357 2533 2678 2607; x_wconf 79' lang='lat' dir='ltr'>perfectam</span> <span class='ocrx_word' id='word_1_251' title='bbox 2709 2532 2900 2591; x_wconf 86' lang='lat' dir='ltr'>debiti</span> <span class='ocrx_word' id='word_1_252' title='bbox 2929 2535 2990 2591; x_wconf 86' lang='lat' dir='ltr'>et</span> <span class='ocrx_word' id='word_1_253' title='bbox 3012 2532 3175 2608; x_wconf 87' lang='lat' dir='ltr'>juris</span> 
     </span>
     <span class='ocr_line' id='line_1_24' title="bbox 550 2617 3174 2699; baseline 0 -21"><span class='ocrx_word' id='word_1_254' title='bbox 550 2620 858 2693; x_wconf 87' lang='lat' dir='ltr'>rationem,</span> <span class='ocrx_word' id='word_1_255' title='bbox 892 2623 1053 2699; x_wconf 90' lang='lat' dir='ltr'>quod</span> <span class='ocrx_word' id='word_1_256' title='bbox 1084 2622 1171 2679; x_wconf 89' lang='lat' dir='ltr'>ita</span> <span class='ocrx_word' id='word_1_257' title='bbox 1202 2619 1530 2679; x_wconf 89' lang='lat' dir='ltr'>secundum</span> <span class='ocrx_word' id='word_1_258' title='bbox 1549 2617 1846 2694; x_wconf 87' lang='lat' dir='ltr'>quandam</span> <span class='ocrx_word' id='word_1_259' title='bbox 1867 2622 2290 2696; x_wconf 84' lang='lat' dir='ltr'>aequalitatem</span> <span class='ocrx_word' id='word_1_260' title='bbox 2308 2621 2524 2693; x_wconf 84' lang='lat' dir='ltr'>reddit,</span> <span class='ocrx_word' id='word_1_261' title='bbox 2558 2624 2630 2681; x_wconf 89' lang='lat' dir='ltr'>ut</span> <span class='ocrx_word' id='word_1_262' title='bbox 2659 2622 2814 2681; x_wconf 90' lang='lat' dir='ltr'>illud</span> <span class='ocrx_word' id='word_1_263' title='bbox 2840 2623 3174 2699; x_wconf 85' lang='lat' dir='ltr'>extinguat,</span> 
     </span>
     <span class='ocr_line' id='line_1_25' title="bbox 551 2708 3175 2788; baseline 0.001 -20"><span class='ocrx_word' id='word_1_264' title='bbox 551 2712 611 2768; x_wconf 90' lang='lat' dir='ltr'>et</span> <span class='ocrx_word' id='word_1_265' title='bbox 655 2711 800 2770; x_wconf 88' lang='lat' dir='ltr'>haec</span> <span class='ocrx_word' id='word_1_266' title='bbox 844 2713 1065 2770; x_wconf 90' lang='lat' dir='ltr'>dicitur</span> <span class='ocrx_word' id='word_1_267' title='bbox 1101 2710 1342 2787; x_wconf 88' lang='lat' dir='ltr'>justitia</span> <span class='ocrx_word' id='word_1_268' title='bbox 1385 2708 1789 2785; x_wconf 75' lang='lat' dir='ltr'>specialia.</span> <span class='ocrx_word' id='word_1_269' title='bbox 1853 2709 2012 2768; x_wconf 85' lang='lat' dir='ltr'>Haec</span> <span class='ocrx_word' id='word_1_270' title='bbox 2042 2712 2313 2787; x_wconf 80' lang='lat' dir='ltr'>specialis</span> <span class='ocrx_word' id='word_1_271' title='bbox 2346 2712 2564 2770; x_wconf 88' lang='lat' dir='ltr'>iterum</span> <span class='ocrx_word' id='word_1_272' title='bbox 2596 2711 2892 2788; x_wconf 84' lang='lat' dir='ltr'>distingui</span> <span class='ocrx_word' id='word_1_273' title='bbox 2925 2712 3081 2772; x_wconf 87' lang='lat' dir='ltr'>solet</span> <span class='ocrx_word' id='word_1_274' title='bbox 3109 2712 3175 2771; x_wconf 87' lang='lat' dir='ltr'>in</span> 
     </span>
     <span class='ocr_line' id='line_1_26' title="bbox 551 2796 3176 2876; baseline 0.001 -18"><span class='ocrx_word' id='word_1_275' title='bbox 551 2801 1210 2870; x_wconf 88' lang='lat' dir='ltr'>commutativam,</span> <span class='ocrx_word' id='word_1_276' title='bbox 1259 2816 1411 2873; x_wconf 86' lang='lat' dir='ltr'>quae</span> <span class='ocrx_word' id='word_1_277' title='bbox 1453 2796 1674 2855; x_wconf 85' lang='lat' dir='ltr'>tribuit</span> <span class='ocrx_word' id='word_1_278' title='bbox 1719 2797 2046 2875; x_wconf 90' lang='lat' dir='ltr'>unicuique</span> <span class='ocrx_word' id='word_1_279' title='bbox 2077 2799 2236 2876; x_wconf 88' lang='lat' dir='ltr'>quod</span> <span class='ocrx_word' id='word_1_280' title='bbox 2268 2820 2444 2859; x_wconf 89' lang='lat' dir='ltr'>suum</span> <span class='ocrx_word' id='word_1_281' title='bbox 2475 2803 2584 2872; x_wconf 82' lang='lat' dir='ltr'>est,</span> <span class='ocrx_word' id='word_1_282' title='bbox 2632 2804 2866 2859; x_wconf 84' lang='lat' dir='ltr'>servata</span> <span class='ocrx_word' id='word_1_283' title='bbox 2909 2801 2974 2859; x_wconf 89' lang='lat' dir='ltr'>in</span> <span class='ocrx_word' id='word_1_284' title='bbox 3018 2819 3176 2860; x_wconf 89' lang='lat' dir='ltr'>com-</span> 
     </span>
     <span class='ocr_line' id='line_1_27' title="bbox 550 2885 3175 2965; baseline 0.001 -19"><span class='ocrx_word' id='word_1_285' title='bbox 550 2890 883 2948; x_wconf 77' lang='lat' dir='ltr'>mutatione</span> <span class='ocrx_word' id='word_1_286' title='bbox 913 2889 1275 2965; x_wconf 85' lang='lat' dir='ltr'>aequalitate</span> <span class='ocrx_word' id='word_1_287' title='bbox 1310 2886 1394 2944; x_wconf 85' lang='lat' dir='ltr'>rei</span> <span class='ocrx_word' id='word_1_288' title='bbox 1424 2885 1499 2944; x_wconf 85' lang='lat' dir='ltr'>ad</span> <span class='ocrx_word' id='word_1_289' title='bbox 1529 2904 1675 2958; x_wconf 89' lang='lat' dir='ltr'>rem,</span> <span class='ocrx_word' id='word_1_290' title='bbox 1721 2889 1784 2944; x_wconf 92' lang='lat' dir='ltr'>et</span> <span class='ocrx_word' id='word_1_291' title='bbox 1828 2887 1894 2945; x_wconf 91' lang='lat' dir='ltr'>in</span> <span class='ocrx_word' id='word_1_292' title='bbox 1938 2888 2047 2948; x_wconf 87' lang='lat' dir='ltr'>hac</span> <span class='ocrx_word' id='word_1_293' title='bbox 2077 2889 2336 2965; x_wconf 85' lang='lat' dir='ltr'>perfecta</span> <span class='ocrx_word' id='word_1_294' title='bbox 2357 2890 2635 2965; x_wconf 82' lang='lat' dir='ltr'>justitiae</span> <span class='ocrx_word' id='word_1_295' title='bbox 2665 2889 2816 2949; x_wconf 89' lang='lat' dir='ltr'>ratio</span> <span class='ocrx_word' id='word_1_296' title='bbox 2848 2890 3175 2960; x_wconf 86' lang='lat' dir='ltr'>invenitur,</span> 
     </span>
     <span class='ocr_line' id='line_1_28' title="bbox 549 2975 3173 3054; baseline 0.001 -19"><span class='ocrx_word' id='word_1_297' title='bbox 549 2975 682 3036; x_wconf 91' lang='lat' dir='ltr'>ideo</span> <span class='ocrx_word' id='word_1_298' title='bbox 714 2982 807 3036; x_wconf 89' lang='lat' dir='ltr'>est</span> <span class='ocrx_word' id='word_1_299' title='bbox 828 2979 1071 3053; x_wconf 88' lang='lat' dir='ltr'>justitia</span> <span class='ocrx_word' id='word_1_300' title='bbox 1101 2978 1307 3035; x_wconf 85' lang='lat' dir='ltr'>stricte</span> <span class='ocrx_word' id='word_1_301' title='bbox 1339 2977 1609 3051; x_wconf 82' lang='lat' dir='ltr'>sumpta3</span> <span class='ocrx_word' id='word_1_302' title='bbox 1652 2975 1717 3033; x_wconf 91' lang='lat' dir='ltr'>in</span> <span class='ocrx_word' id='word_1_303' title='bbox 1750 2976 2391 3045; x_wconf 83' lang='lat' dir='ltr'>distributivam,</span> <span class='ocrx_word' id='word_1_304' title='bbox 2427 2997 2578 3054; x_wconf 87' lang='lat' dir='ltr'>quae</span> <span class='ocrx_word' id='word_1_305' title='bbox 2610 2981 2810 3037; x_wconf 88' lang='lat' dir='ltr'>servat</span> <span class='ocrx_word' id='word_1_306' title='bbox 2840 2979 3173 3054; x_wconf 86' lang='lat' dir='ltr'>proportio-</span> 
     </span>
     <span class='ocr_line' id='line_1_29' title="bbox 548 3065 3174 3146; baseline 0.001 -22"><span class='ocrx_word' id='word_1_307' title='bbox 548 3085 685 3125; x_wconf 88' lang='lat' dir='ltr'>nem</span> <span class='ocrx_word' id='word_1_308' title='bbox 717 3067 780 3124; x_wconf 84' lang='lat' dir='ltr'>in</span> <span class='ocrx_word' id='word_1_309' title='bbox 813 3066 1240 3125; x_wconf 87' lang='lat' dir='ltr'>distribuendis</span> <span class='ocrx_word' id='word_1_310' title='bbox 1270 3065 1443 3123; x_wconf 90' lang='lat' dir='ltr'>bonis</span> <span class='ocrx_word' id='word_1_311' title='bbox 1489 3067 1550 3122; x_wconf 88' lang='lat' dir='ltr'>et</span> <span class='ocrx_word' id='word_1_312' title='bbox 1588 3065 1871 3124; x_wconf 88' lang='lat' dir='ltr'>oneribus</span> <span class='ocrx_word' id='word_1_313' title='bbox 1904 3067 2163 3141; x_wconf 88' lang='lat' dir='ltr'>publicis</span> <span class='ocrx_word' id='word_1_314' title='bbox 2197 3067 2380 3146; x_wconf 89' lang='lat' dir='ltr'>(unde</span> <span class='ocrx_word' id='word_1_315' title='bbox 2409 3067 2824 3143; x_wconf 84' lang='lat' dir='ltr'>principaliter</span> <span class='ocrx_word' id='word_1_316' title='bbox 2853 3073 2947 3127; x_wconf 89' lang='lat' dir='ltr'>est</span> <span class='ocrx_word' id='word_1_317' title='bbox 2975 3069 3041 3126; x_wconf 90' lang='lat' dir='ltr'>in</span> <span class='ocrx_word' id='word_1_318' title='bbox 3072 3086 3174 3127; x_wconf 88' lang='lat' dir='ltr'>su-</span> 
     </span>
     <span class='ocr_line' id='line_1_30' title="bbox 549 3150 3173 3237; baseline 0.001 -24"><span class='ocrx_word' id='word_1_319' title='bbox 549 3150 837 3237; x_wconf 87' lang='lat' dir='ltr'>periore);</span> <span class='ocrx_word' id='word_1_320' title='bbox 884 3158 946 3213; x_wconf 90' lang='lat' dir='ltr'>et</span> <span class='ocrx_word' id='word_1_321' title='bbox 975 3155 1037 3212; x_wconf 90' lang='lat' dir='ltr'>in</span> <span class='ocrx_word' id='word_1_322' title='bbox 1070 3155 1436 3232; x_wconf 82' lang='lat' dir='ltr'>legalem,</span> <span class='ocrx_word' id='word_1_323' title='bbox 1470 3172 1623 3229; x_wconf 86' lang='lat' dir='ltr'>quae</span> <span class='ocrx_word' id='word_1_324' title='bbox 1655 3172 1761 3230; x_wconf 90' lang='lat' dir='ltr'>pro</span> <span class='ocrx_word' id='word_1_325' title='bbox 1794 3154 2026 3230; x_wconf 88' lang='lat' dir='ltr'>objecto</span> <span class='ocrx_word' id='word_1_326' title='bbox 2058 3156 2369 3216; x_wconf 87' lang='lat' dir='ltr'>formali</span> <span class='ocrx_word' id='word_1_327' title='bbox 2403 3156 2582 3217; x_wconf 77' lang='lat' dir='ltr'>habet</span> <span class='ocrx_word' id='word_1_328' title='bbox 2612 3158 2981 3216; x_wconf 84' lang='lat' dir='ltr'>honestatem</span> <span class='ocrx_word' id='word_1_329' title='bbox 3014 3157 3173 3216; x_wconf 87' lang='lat' dir='ltr'>relu-</span> 
     </span>
     <span class='ocr_line' id='line_1_31' title="bbox 551 3242 3177 3322; baseline 0.002 -21"><span class='ocrx_word' id='word_1_330' title='bbox 551 3246 781 3302; x_wconf 87' lang='lat' dir='ltr'>centem</span> <span class='ocrx_word' id='word_1_331' title='bbox 815 3245 878 3301; x_wconf 88' lang='lat' dir='ltr'>in</span> <span class='ocrx_word' id='word_1_332' title='bbox 910 3262 996 3313; x_wconf 90' lang='lat' dir='ltr'>e0,</span> <span class='ocrx_word' id='word_1_333' title='bbox 1031 3243 1189 3319; x_wconf 90' lang='lat' dir='ltr'>quod</span> <span class='ocrx_word' id='word_1_334' title='bbox 1223 3243 1292 3312; x_wconf 89' lang='lat' dir='ltr'>is,</span> <span class='ocrx_word' id='word_1_335' title='bbox 1327 3242 1432 3318; x_wconf 88' lang='lat' dir='ltr'>qui</span> <span class='ocrx_word' id='word_1_336' title='bbox 1464 3246 1560 3302; x_wconf 87' lang='lat' dir='ltr'>est</span> <span class='ocrx_word' id='word_1_337' title='bbox 1589 3261 1726 3318; x_wconf 90' lang='lat' dir='ltr'>pars</span> <span class='ocrx_word' id='word_1_338' title='bbox 1759 3246 2228 3315; x_wconf 87' lang='lat' dir='ltr'>communitatis,</span> <span class='ocrx_word' id='word_1_339' title='bbox 2267 3245 2408 3304; x_wconf 87' lang='lat' dir='ltr'>huic</span> <span class='ocrx_word' id='word_1_340' title='bbox 2437 3249 2718 3321; x_wconf 86' lang='lat' dir='ltr'>praestet,</span> <span class='ocrx_word' id='word_1_341' title='bbox 2751 3246 2911 3322; x_wconf 90' lang='lat' dir='ltr'>quod</span> <span class='ocrx_word' id='word_1_342' title='bbox 2942 3267 2980 3304; x_wconf 89' lang='lat' dir='ltr'>a</span> <span class='ocrx_word' id='word_1_343' title='bbox 3009 3248 3177 3322; x_wconf 82' lang='lat' dir='ltr'>parte</span> 
     </span>
     <span class='ocr_line' id='line_1_32' title="bbox 553 3331 3174 3415; baseline 0.001 -24"><span class='ocrx_word' id='word_1_344' title='bbox 553 3350 670 3405; x_wconf 89' lang='lat' dir='ltr'>qua</span> <span class='ocrx_word' id='word_1_345' title='bbox 700 3331 808 3390; x_wconf 81' lang='lat' dir='ltr'>tali</span> <span class='ocrx_word' id='word_1_346' title='bbox 841 3332 1111 3391; x_wconf 90' lang='lat' dir='ltr'>debitum</span> <span class='ocrx_word' id='word_1_347' title='bbox 1142 3336 1236 3392; x_wconf 90' lang='lat' dir='ltr'>est</span> <span class='ocrx_word' id='word_1_348' title='bbox 1265 3333 1329 3390; x_wconf 91' lang='lat' dir='ltr'>in</span> <span class='ocrx_word' id='word_1_349' title='bbox 1361 3332 1567 3390; x_wconf 88' lang='lat' dir='ltr'>ordine</span> <span class='ocrx_word' id='word_1_350' title='bbox 1600 3333 1674 3391; x_wconf 89' lang='lat' dir='ltr'>ad</span> <span class='ocrx_word' id='word_1_351' title='bbox 1705 3332 1931 3393; x_wconf 91' lang='lat' dir='ltr'>bonum</span> <span class='ocrx_word' id='word_1_352' title='bbox 1964 3353 2273 3394; x_wconf 87' lang='lat' dir='ltr'>commune</span> <span class='ocrx_word' id='word_1_353' title='bbox 2288 3331 2353 3415; x_wconf 90' lang='lat'>¹).</span> <span class='ocrx_word' id='word_1_354' title='bbox 2413 3335 2731 3411; x_wconf 85' lang='lat' dir='ltr'>Objectum</span> <span class='ocrx_word' id='word_1_355' title='bbox 2762 3354 2901 3394; x_wconf 87' lang='lat' dir='ltr'>vero</span> <span class='ocrx_word' id='word_1_356' title='bbox 2934 3338 3174 3394; x_wconf 89' lang='lat' dir='ltr'>mate-</span> 
     </span>
    </p>
   </div>
   <div class='ocr_carea' id='block_1_4' title="bbox 543 3520 3184 4793">
    <p class='ocr_par' dir='ltr' id='par_1_4' title="bbox 543 3520 3184 4793">
     <span class='ocr_line' id='line_1_33' title="bbox 772 3520 3176 3593; baseline 0 -20"><span class='ocrx_word' id='word_1_357' title='bbox 772 3522 806 3591; x_wconf 87' lang='grc'>1)</span> <span class='ocrx_word' id='word_1_358' title='bbox 840 3520 1123 3574; x_wconf 84' lang='lat' dir='ltr'>Nolumus</span> <span class='ocrx_word' id='word_1_359' title='bbox 1149 3520 1377 3590; x_wconf 82' lang='lat' dir='ltr'>ingredi</span> <span class='ocrx_word' id='word_1_360' title='bbox 1404 3521 1768 3589; x_wconf 86' lang='lat' dir='ltr'>quaestiones</span> <span class='ocrx_word' id='word_1_361' title='bbox 1793 3521 2124 3576; x_wconf 86' lang='lat' dir='ltr'>subtiliores</span> <span class='ocrx_word' id='word_1_362' title='bbox 2160 3522 2230 3575; x_wconf 92' lang='lat' dir='ltr'>de</span> <span class='ocrx_word' id='word_1_363' title='bbox 2258 3523 2494 3591; x_wconf 85' lang='lat' dir='ltr'>justitia.</span> <span class='ocrx_word' id='word_1_364' title='bbox 2533 3523 2789 3593; x_wconf 86' lang='lat' dir='ltr'>legali,</span> <span class='ocrx_word' id='word_1_365' title='bbox 2831 3524 2902 3577; x_wconf 91' lang='lat' dir='ltr'>de</span> <span class='ocrx_word' id='word_1_366' title='bbox 2942 3523 3067 3593; x_wconf 88' lang='lat' dir='ltr'>ejus</span> <span class='ocrx_word' id='word_1_367' title='bbox 3092 3522 3176 3575; x_wconf 88' lang='lat' dir='ltr'>in-</span> 
     </span>
     <span class='ocr_line' id='line_1_34' title="bbox 550 3600 3178 3669; baseline 0.001 -17"><span class='ocrx_word' id='word_1_368' title='bbox 550 3600 696 3664; x_wconf 86' lang='lat' dir='ltr'>dole,</span> <span class='ocrx_word' id='word_1_369' title='bbox 724 3601 947 3669; x_wconf 85' lang='lat' dir='ltr'>objecto</span> <span class='ocrx_word' id='word_1_370' title='bbox 976 3601 1276 3664; x_wconf 84' lang='lat' dir='ltr'>materiali,</span> <span class='ocrx_word' id='word_1_371' title='bbox 1304 3601 1520 3655; x_wconf 87' lang='lat' dir='ltr'>motivo</span> <span class='ocrx_word' id='word_1_372' title='bbox 1546 3605 1652 3656; x_wconf 88' lang='lat' dir='ltr'>etc.</span> <span class='ocrx_word' id='word_1_373' title='bbox 1706 3601 1790 3656; x_wconf 83' lang='lat' dir='ltr'>cf.</span> <span class='ocrx_word' id='word_1_374' title='bbox 1832 3602 1872 3656; x_wconf 91' lang='lat' dir='ltr'>C</span> <span class='ocrx_word' id='word_1_375' title='bbox 1890 3620 1922 3657; x_wconf 91' lang='lat' dir='ltr'>o</span> <span class='ocrx_word' id='word_1_376' title='bbox 1940 3620 1965 3656; x_wconf 93' lang='lat' dir='ltr'>s</span> <span class='ocrx_word' id='word_1_377' title='bbox 1983 3605 2057 3654; x_wconf 86' lang='lat' dir='ltr'>ta</span> <span class='ocrx_word' id='word_1_378' title='bbox 2076 3634 2092 3642; x_wconf 94' lang='lat'>-</span> <span class='ocrx_word' id='word_1_379' title='bbox 2109 3602 2157 3655; x_wconf 82' lang='lat' dir='ltr'>R</span> <span class='ocrx_word' id='word_1_380' title='bbox 2174 3619 2206 3656; x_wconf 94' lang='grc' dir='ltr'>ο</span> <span class='ocrx_word' id='word_1_381' title='bbox 2224 3619 2294 3656; x_wconf 89' lang='lat' dir='ltr'>se</span> <span class='ocrx_word' id='word_1_382' title='bbox 2315 3602 2412 3656; x_wconf 88' lang='lat' dir='ltr'>tti</span> <span class='ocrx_word' id='word_1_383' title='bbox 2452 3602 2722 3658; x_wconf 87' lang='lat' dir='ltr'>Zeitschr.</span> <span class='ocrx_word' id='word_1_384' title='bbox 2764 3604 2856 3657; x_wconf 76' lang='lat' dir='ltr'>fiir</span> <span class='ocrx_word' id='word_1_385' title='bbox 2894 3603 2953 3656; x_wconf 81' lang='lat' dir='ltr'>k.</span> <span class='ocrx_word' id='word_1_386' title='bbox 2980 3602 3178 3658; x_wconf 84' lang='lat' dir='ltr'>Theol.</span> 
     </span>
     <span class='ocr_line' id='line_1_35' title="bbox 557 3679 3178 3752; baseline 0.001 -19"><span class='ocrx_word' id='word_1_387' title='bbox 557 3685 691 3736; x_wconf 79' lang='lat'>1892</span> <span class='ocrx_word' id='word_1_388' title='bbox 717 3698 772 3749; x_wconf 89' lang='lat' dir='ltr'>p.</span> <span class='ocrx_word' id='word_1_389' title='bbox 802 3688 1097 3739; x_wconf 81' lang='lat'><strong>552—556.</strong></span> <span class='ocrx_word' id='word_1_390' title='bbox 1152 3681 1353 3749; x_wconf 89' lang='lat' dir='ltr'>Neque</span> <span class='ocrx_word' id='word_1_391' title='bbox 1381 3681 1645 3735; x_wconf 87' lang='lat' dir='ltr'>volumus</span> <span class='ocrx_word' id='word_1_392' title='bbox 1673 3679 1940 3735; x_wconf 86' lang='lat' dir='ltr'>dirimere</span> <span class='ocrx_word' id='word_1_393' title='bbox 1983 3684 2446 3748; x_wconf 88' lang='lat' dir='ltr'>controversiam,</span> <span class='ocrx_word' id='word_1_394' title='bbox 2489 3699 2638 3752; x_wconf 89' lang='lat' dir='ltr'>quae</span> <span class='ocrx_word' id='word_1_395' title='bbox 2679 3683 2869 3737; x_wconf 88' lang='lat' dir='ltr'>minus</span> <span class='ocrx_word' id='word_1_396' title='bbox 2908 3701 3063 3737; x_wconf 88' lang='lat' dir='ltr'>nunc</span> <span class='ocrx_word' id='word_1_397' title='bbox 3101 3682 3178 3736; x_wconf 82' lang='lat' dir='ltr'>ad</span> 
     </span>
     <span class='ocr_line' id='line_1_36' title="bbox 552 3762 3180 3834; baseline 0.002 -21"><span class='ocrx_word' id='word_1_398' title='bbox 552 3777 655 3815; x_wconf 88' lang='lat' dir='ltr'>nos</span> <span class='ocrx_word' id='word_1_399' title='bbox 679 3763 916 3831; x_wconf 87' lang='lat' dir='ltr'>spectat.</span> <span class='ocrx_word' id='word_1_400' title='bbox 941 3780 1080 3817; x_wconf 88' lang='lat' dir='ltr'>num</span> <span class='ocrx_word' id='word_1_401' title='bbox 1106 3778 1171 3816; x_wconf 87' lang='lat' dir='ltr'>ea</span> <span class='ocrx_word' id='word_1_402' title='bbox 1199 3762 1276 3816; x_wconf 87' lang='lat' dir='ltr'>sit</span> <span class='ocrx_word' id='word_1_403' title='bbox 1298 3779 1494 3817; x_wconf 90' lang='lat' dir='ltr'>revera</span> <span class='ocrx_word' id='word_1_404' title='bbox 1520 3781 1648 3818; x_wconf 88' lang='lat' dir='ltr'>cum</span> <span class='ocrx_word' id='word_1_405' title='bbox 1669 3763 1901 3832; x_wconf 87' lang='lat' dir='ltr'>justitia</span> <span class='ocrx_word' id='word_1_406' title='bbox 1931 3762 2340 3817; x_wconf 81' lang='lat' dir='ltr'>commutativa</span> <span class='ocrx_word' id='word_1_407' title='bbox 2379 3767 2436 3818; x_wconf 90' lang='lat' dir='ltr'>et</span> <span class='ocrx_word' id='word_1_408' title='bbox 2472 3763 2844 3819; x_wconf 85' lang='lat' dir='ltr'>distributiva</span> <span class='ocrx_word' id='word_1_409' title='bbox 2866 3763 3036 3818; x_wconf 87' lang='lat' dir='ltr'>tertia</span> <span class='ocrx_word' id='word_1_410' title='bbox 3057 3780 3180 3834; x_wconf 88' lang='lat' dir='ltr'>spe·</span> 
     </span>
     <span class='ocr_line' id='line_1_37' title="bbox 550 3839 3181 3915; baseline 0.002 -22"><span class='ocrx_word' id='word_1_411' title='bbox 550 3839 662 3894; x_wconf 89' lang='lat' dir='ltr'>cies</span> <span class='ocrx_word' id='word_1_412' title='bbox 688 3842 795 3895; x_wconf 88' lang='lat' dir='ltr'>sub</span> <span class='ocrx_word' id='word_1_413' title='bbox 812 3842 1062 3910; x_wconf 83' lang='lat' dir='ltr'>justitia,</span> <span class='ocrx_word' id='word_1_414' title='bbox 1092 3858 1238 3910; x_wconf 83' lang='lat' dir='ltr'>quae</span> <span class='ocrx_word' id='word_1_415' title='bbox 1261 3847 1588 3897; x_wconf 88' lang='lat' dir='ltr'>recensetur</span> <span class='ocrx_word' id='word_1_416' title='bbox 1606 3843 1758 3897; x_wconf 82' lang='lat' dir='ltr'>inter</span> <span class='ocrx_word' id='word_1_417' title='bbox 1779 3843 2024 3897; x_wconf 86' lang='lat' dir='ltr'>virtutes</span> <span class='ocrx_word' id='word_1_418' title='bbox 2039 3843 2374 3902; x_wconf 82' lang='lat' dir='ltr'>cardinales,</span> <span class='ocrx_word' id='word_1_419' title='bbox 2401 3846 2470 3898; x_wconf 90' lang='lat' dir='ltr'>ut</span> <span class='ocrx_word' id='word_1_420' title='bbox 2485 3843 2724 3915; x_wconf 88' lang='lat' dir='ltr'>plurimi</span> <span class='ocrx_word' id='word_1_421' title='bbox 2741 3844 3000 3915; x_wconf 88' lang='lat' dir='ltr'>theologi</span> <span class='ocrx_word' id='word_1_422' title='bbox 3015 3847 3181 3900; x_wconf 86' lang='lat' dir='ltr'>tuen·</span> 
     </span>
     <span class='ocr_line' id='line_1_38' title="bbox 552 3920 3178 3994; baseline 0.002 -21"><span class='ocrx_word' id='word_1_423' title='bbox 552 3922 665 3977; x_wconf 89' lang='lat' dir='ltr'>tur.</span> <span class='ocrx_word' id='word_1_424' title='bbox 715 3920 835 3974; x_wconf 85' lang='lat' dir='ltr'>Alii</span> <span class='ocrx_word' id='word_1_425' title='bbox 860 3921 1010 3975; x_wconf 90' lang='lat' dir='ltr'>enim</span> <span class='ocrx_word' id='word_1_426' title='bbox 1040 3921 1206 3977; x_wconf 87' lang='lat' dir='ltr'>aliter</span> <span class='ocrx_word' id='word_1_427' title='bbox 1232 3926 1478 3979; x_wconf 89' lang='lat' dir='ltr'>censent.</span> <span class='ocrx_word' id='word_1_428' title='bbox 1530 3924 1617 3977; x_wconf 87' lang='lat' dir='ltr'>Ita</span> <span class='ocrx_word' id='word_1_429' title='bbox 1643 3922 1712 3977; x_wconf 94' lang='lat' dir='ltr'>V.</span> <span class='ocrx_word' id='word_1_430' title='bbox 1739 3923 1781 3978; x_wconf 88' lang='lat' dir='ltr'>C</span> <span class='ocrx_word' id='word_1_431' title='bbox 1797 3941 1830 3976; x_wconf 90' lang='lat' dir='ltr'>a</span> <span class='ocrx_word' id='word_1_432' title='bbox 1847 3924 2014 3978; x_wconf 87' lang='lat' dir='ltr'>thre</span> <span class='ocrx_word' id='word_1_433' title='bbox 2030 3924 2052 3976; x_wconf 93' lang='lat' dir='ltr'>i</span> <span class='ocrx_word' id='word_1_434' title='bbox 2069 3941 2123 3988; x_wconf 89' lang='lat' dir='ltr'>n,</span> <span class='ocrx_word' id='word_1_435' title='bbox 2165 3922 2267 3991; x_wconf 91' lang='lat' dir='ltr'>qui</span> <span class='ocrx_word' id='word_1_436' title='bbox 2308 3927 2614 3994; x_wconf 79' lang='lat' dir='ltr'>postquam</span> <span class='ocrx_word' id='word_1_437' title='bbox 2642 3925 2832 3978; x_wconf 87' lang='lat' dir='ltr'>fuerat</span> <span class='ocrx_word' id='word_1_438' title='bbox 2854 3924 3031 3994; x_wconf 85' lang='lat' dir='ltr'>hujus</span> <span class='ocrx_word' id='word_1_439' title='bbox 3057 3941 3178 3979; x_wconf 88' lang='lat' dir='ltr'>sen-</span> 
     </span>
     <span class='ocr_line' id='line_1_39' title="bbox 552 4000 3172 4076; baseline 0.002 -23"><span class='ocrx_word' id='word_1_440' title='bbox 552 4000 782 4065; x_wconf 85' lang='lat' dir='ltr'>tentiae,</span> <span class='ocrx_word' id='word_1_441' title='bbox 808 4017 867 4054; x_wconf 88' lang='lat' dir='ltr'>re</span> <span class='ocrx_word' id='word_1_442' title='bbox 894 4000 1235 4071; x_wconf 87' lang='lat' dir='ltr'>diligentius</span> <span class='ocrx_word' id='word_1_443' title='bbox 1274 4019 1540 4073; x_wconf 86' lang='lat' dir='ltr'>expensa,</span> <span class='ocrx_word' id='word_1_444' title='bbox 1580 4020 1705 4057; x_wconf 89' lang='lat' dir='ltr'>eam</span> <span class='ocrx_word' id='word_1_445' title='bbox 1744 4004 2162 4058; x_wconf 82' lang='lat' dir='ltr'>reformandam</span> <span class='ocrx_word' id='word_1_446' title='bbox 2204 4002 2412 4058; x_wconf 84' lang='lat' dir='ltr'>statuit</span> <span class='ocrx_word' id='word_1_447' title='bbox 2437 4005 2727 4076; x_wconf 85' lang='lat' dir='ltr'>(Zeitschr.</span> <span class='ocrx_word' id='word_1_448' title='bbox 2754 4006 2792 4058; x_wconf 85' lang='lat' dir='ltr'>f.</span> <span class='ocrx_word' id='word_1_449' title='bbox 2820 4004 2878 4062; x_wconf 87' lang='lat' dir='ltr'>k.</span> <span class='ocrx_word' id='word_1_450' title='bbox 2904 4005 3010 4058; x_wconf 76' lang='lat' dir='ltr'>Th.</span> <span class='ocrx_word' id='word_1_451' title='bbox 3044 4011 3172 4062; x_wconf 79' lang='lat'>1901</span> 
     </span>
     <span class='ocr_line' id='line_1_40' title="bbox 552 4082 3180 4154; baseline 0.001 -19"><span class='ocrx_word' id='word_1_452' title='bbox 552 4101 606 4152; x_wconf 87' lang='lat' dir='ltr'>p.</span> <span class='ocrx_word' id='word_1_453' title='bbox 634 4088 955 4153; x_wconf 81' lang='lat'><strong>635—648).</strong></span> <span class='ocrx_word' id='word_1_454' title='bbox 1006 4082 1321 4137; x_wconf 80' lang='lat' dir='ltr'>Praeeunte</span> <span class='ocrx_word' id='word_1_455' title='bbox 1361 4101 1403 4137; x_wconf 88' lang='lat' dir='ltr'>s.</span> <span class='ocrx_word' id='word_1_456' title='bbox 1431 4083 1705 4138; x_wconf 85' lang='lat' dir='ltr'>Thoma</span> <span class='ocrx_word' id='word_1_457' title='bbox 1741 4087 1950 4144; x_wconf 88' lang='lat' dir='ltr'>censet,</span> <span class='ocrx_word' id='word_1_458' title='bbox 1983 4084 2292 4154; x_wconf 87' lang='lat' dir='ltr'>justitiam,</span> <span class='ocrx_word' id='word_1_459' title='bbox 2334 4101 2481 4152; x_wconf 90' lang='lat' dir='ltr'>quae</span> <span class='ocrx_word' id='word_1_460' title='bbox 2521 4087 2608 4139; x_wconf 88' lang='lat' dir='ltr'>est</span> <span class='ocrx_word' id='word_1_461' title='bbox 2647 4085 2832 4138; x_wconf 82' lang='lat' dir='ltr'>virtus</span> <span class='ocrx_word' id='word_1_462' title='bbox 2870 4082 3180 4139; x_wconf 84' lang='lat' dir='ltr'>cardinalis</span> 
     </span>
     <span class='ocr_line' id='line_1_41' title="bbox 543 4160 3182 4235; baseline 0 -19"><span class='ocrx_word' id='word_1_463' title='bbox 543 4160 809 4232; x_wconf 87' lang='lat' dir='ltr'>justitiae</span> <span class='ocrx_word' id='word_1_464' title='bbox 836 4161 1065 4231; x_wconf 86' lang='lat' dir='ltr'>proprie</span> <span class='ocrx_word' id='word_1_465' title='bbox 1091 4179 1191 4216; x_wconf 90' lang='lat' dir='ltr'>seu</span> <span class='ocrx_word' id='word_1_466' title='bbox 1220 4163 1467 4235; x_wconf 87' lang='lat' dir='ltr'>pressius</span> <span class='ocrx_word' id='word_1_467' title='bbox 1493 4163 1649 4219; x_wconf 86' lang='lat' dir='ltr'>dicta</span> <span class='ocrx_word' id='word_1_468' title='bbox 1674 4166 1733 4217; x_wconf 90' lang='lat' dir='ltr'>et</span> <span class='ocrx_word' id='word_1_469' title='bbox 1756 4162 2141 4234; x_wconf 86' lang='lat' dir='ltr'>particularis,</span> <span class='ocrx_word' id='word_1_470' title='bbox 2170 4163 2277 4217; x_wconf 90' lang='lat' dir='ltr'>sub</span> <span class='ocrx_word' id='word_1_471' title='bbox 2304 4180 2362 4218; x_wconf 89' lang='lat' dir='ltr'>se</span> <span class='ocrx_word' id='word_1_472' title='bbox 2390 4163 2691 4235; x_wconf 86' lang='lat' dir='ltr'>complecti</span> <span class='ocrx_word' id='word_1_473' title='bbox 2725 4163 2764 4218; x_wconf 86' lang='lat' dir='ltr'>d</span> <span class='ocrx_word' id='word_1_474' title='bbox 2784 4182 2820 4217; x_wconf 89' lang='lat' dir='ltr'>u</span> <span class='ocrx_word' id='word_1_475' title='bbox 2837 4181 2913 4218; x_wconf 88' lang='lat' dir='ltr'>as</span> <span class='ocrx_word' id='word_1_476' title='bbox 2951 4165 3182 4218; x_wconf 85' lang='lat' dir='ltr'>tantum</span> 
     </span>
     <span class='ocr_line' id='line_1_42' title="bbox 551 4241 3182 4314; baseline 0.001 -18"><span class='ocrx_word' id='word_1_477' title='bbox 551 4241 782 4313; x_wconf 90' lang='lat' dir='ltr'>species,</span> <span class='ocrx_word' id='word_1_478' title='bbox 826 4242 1119 4312; x_wconf 87' lang='lat' dir='ltr'>justitiam</span> <span class='ocrx_word' id='word_1_479' title='bbox 1173 4244 1792 4298; x_wconf 85' lang='lat' dir='ltr'>commutativam</span> <span class='ocrx_word' id='word_1_480' title='bbox 1833 4249 1893 4300; x_wconf 88' lang='lat' dir='ltr'>et</span> <span class='ocrx_word' id='word_1_481' title='bbox 1947 4244 2551 4310; x_wconf 84' lang='lat' dir='ltr'>distributivam,</span> <span class='ocrx_word' id='word_1_482' title='bbox 2584 4242 2879 4314; x_wconf 87' lang='lat' dir='ltr'>justitiam</span> <span class='ocrx_word' id='word_1_483' title='bbox 2923 4261 3054 4299; x_wconf 89' lang='lat' dir='ltr'>vero</span> <span class='ocrx_word' id='word_1_484' title='bbox 3092 4246 3182 4299; x_wconf 88' lang='lat' dir='ltr'>le-</span> 
     </span>
     <span class='ocr_line' id='line_1_43' title="bbox 551 4321 3184 4395; baseline 0.001 -21"><span class='ocrx_word' id='word_1_485' title='bbox 551 4321 721 4393; x_wconf 86' lang='lat' dir='ltr'>gale</span> <span class='ocrx_word' id='word_1_486' title='bbox 738 4341 793 4374; x_wconf 92' lang='lat' dir='ltr'>m</span> <span class='ocrx_word' id='word_1_487' title='bbox 834 4338 952 4376; x_wconf 89' lang='lat' dir='ltr'>esse</span> <span class='ocrx_word' id='word_1_488' title='bbox 992 4324 1131 4377; x_wconf 89' lang='lat' dir='ltr'>tunc</span> <span class='ocrx_word' id='word_1_489' title='bbox 1149 4323 1441 4393; x_wconf 81' lang='lat' dir='ltr'>justitiam</span> <span class='ocrx_word' id='word_1_490' title='bbox 1468 4326 1696 4379; x_wconf 90' lang='lat' dir='ltr'>tantum</span> <span class='ocrx_word' id='word_1_491' title='bbox 1725 4341 1892 4379; x_wconf 89' lang='lat' dir='ltr'>sensu</span> <span class='ocrx_word' id='word_1_492' title='bbox 1921 4322 2143 4388; x_wconf 88' lang='lat' dir='ltr'>laxiori,</span> <span class='ocrx_word' id='word_1_493' title='bbox 2189 4323 2524 4395; x_wconf 83' lang='lat' dir='ltr'>improprie,</span> <span class='ocrx_word' id='word_1_494' title='bbox 2565 4323 2888 4394; x_wconf 87' lang='lat' dir='ltr'>analogico.</span> <span class='ocrx_word' id='word_1_495' title='bbox 2939 4322 3104 4390; x_wconf 85' lang='lat' dir='ltr'>Quod</span> <span class='ocrx_word' id='word_1_496' title='bbox 3130 4322 3184 4377; x_wconf 87' lang='lat' dir='ltr'>si</span> 
     </span>
     <span class='ocr_line' id='line_1_44' title="bbox 553 4400 3180 4476; baseline 0.001 -22"><span class='ocrx_word' id='word_1_497' title='bbox 553 4401 621 4454; x_wconf 90' lang='lat' dir='ltr'>de</span> <span class='ocrx_word' id='word_1_498' title='bbox 640 4400 870 4472; x_wconf 81' lang='lat' dir='ltr'>justitia</span> <span class='ocrx_word' id='word_1_499' title='bbox 897 4401 1274 4458; x_wconf 87' lang='lat' dir='ltr'>communiter</span> <span class='ocrx_word' id='word_1_500' title='bbox 1299 4403 1454 4458; x_wconf 86' lang='lat' dir='ltr'>dicta</span> <span class='ocrx_word' id='word_1_501' title='bbox 1481 4406 1541 4458; x_wconf 91' lang='lat' dir='ltr'>et</span> <span class='ocrx_word' id='word_1_502' title='bbox 1566 4406 1854 4472; x_wconf 88' lang='lat' dir='ltr'>quatenus</span> <span class='ocrx_word' id='word_1_503' title='bbox 1889 4407 1976 4457; x_wconf 91' lang='lat' dir='ltr'>est</span> <span class='ocrx_word' id='word_1_504' title='bbox 2001 4404 2186 4458; x_wconf 87' lang='lat' dir='ltr'>virtus</span> <span class='ocrx_word' id='word_1_505' title='bbox 2211 4404 2512 4476; x_wconf 88' lang='lat' dir='ltr'>generalis,</span> <span class='ocrx_word' id='word_1_506' title='bbox 2539 4404 2617 4458; x_wconf 89' lang='lat' dir='ltr'>sit</span> <span class='ocrx_word' id='word_1_507' title='bbox 2641 4420 2844 4466; x_wconf 88' lang='lat' dir='ltr'>sermo,</span> <span class='ocrx_word' id='word_1_508' title='bbox 2884 4407 3026 4458; x_wconf 90' lang='lat' dir='ltr'>tunc</span> <span class='ocrx_word' id='word_1_509' title='bbox 3052 4420 3180 4458; x_wconf 82' lang='lat' dir='ltr'>eam</span> 
     </span>
     <span class='ocr_line' id='line_1_45' title="bbox 553 4482 3180 4555; baseline 0.001 -21"><span class='ocrx_word' id='word_1_510' title='bbox 553 4497 621 4534; x_wconf 86' lang='lat' dir='ltr'>ex</span> <span class='ocrx_word' id='word_1_511' title='bbox 645 4498 829 4549; x_wconf 89' lang='lat' dir='ltr'>aequo</span> <span class='ocrx_word' id='word_1_512' title='bbox 856 4482 1160 4553; x_wconf 85' lang='lat' dir='ltr'>complecti</span> <span class='ocrx_word' id='word_1_513' title='bbox 1203 4486 1311 4541; x_wconf 85' lang='lat' dir='ltr'>sub</span> <span class='ocrx_word' id='word_1_514' title='bbox 1353 4501 1410 4537; x_wconf 93' lang='lat' dir='ltr'>se</span> <span class='ocrx_word' id='word_1_515' title='bbox 1455 4487 1752 4553; x_wconf 84' lang='lat' dir='ltr'>tamquam</span> <span class='ocrx_word' id='word_1_516' title='bbox 1798 4486 1989 4554; x_wconf 88' lang='lat' dir='ltr'>partes</span> <span class='ocrx_word' id='word_1_517' title='bbox 2034 4483 2381 4553; x_wconf 78' lang='lat' dir='ltr'>subJectivas</span> <span class='ocrx_word' id='word_1_518' title='bbox 2419 4501 2520 4539; x_wconf 89' lang='lat' dir='ltr'>seu</span> <span class='ocrx_word' id='word_1_519' title='bbox 2560 4483 2793 4555; x_wconf 76' lang='lat' dir='ltr'>species,</span> <span class='ocrx_word' id='word_1_520' title='bbox 2817 4483 3180 4554; x_wconf 87' lang='lat' dir='ltr'>religionem,</span> 
     </span>
     <span class='ocr_line' id='line_1_46' title="bbox 553 4561 3181 4635; baseline 0.002 -21"><span class='ocrx_word' id='word_1_521' title='bbox 553 4561 844 4631; x_wconf 86' lang='lat' dir='ltr'>pietatem,</span> <span class='ocrx_word' id='word_1_522' title='bbox 862 4561 1153 4633; x_wconf 85' lang='lat' dir='ltr'>justitiam</span> <span class='ocrx_word' id='word_1_523' title='bbox 1197 4563 1460 4634; x_wconf 84' lang='lat' dir='ltr'>legalem,</span> <span class='ocrx_word' id='word_1_524' title='bbox 1505 4563 2002 4628; x_wconf 82' lang='lat' dir='ltr'>commutativam,</span> <span class='ocrx_word' id='word_1_525' title='bbox 2039 4563 2488 4619; x_wconf 81' lang='lat' dir='ltr'>distributivam.</span> <span class='ocrx_word' id='word_1_526' title='bbox 2537 4564 2706 4618; x_wconf 83' lang='lat' dir='ltr'>Ratio</span> <span class='ocrx_word' id='word_1_527' title='bbox 2747 4562 2956 4634; x_wconf 88' lang='lat' dir='ltr'>prioris</span> <span class='ocrx_word' id='word_1_528' title='bbox 2995 4563 3181 4635; x_wconf 83' lang='lat' dir='ltr'>partis</span> 
     </span>
     <span class='ocr_line' id='line_1_47' title="bbox 552 4641 3178 4715; baseline 0.002 -22"><span class='ocrx_word' id='word_1_529' title='bbox 552 4641 727 4712; x_wconf 85' lang='lat' dir='ltr'>hujus</span> <span class='ocrx_word' id='word_1_530' title='bbox 751 4643 952 4696; x_wconf 86' lang='lat' dir='ltr'>asserti</span> <span class='ocrx_word' id='word_1_531' title='bbox 978 4646 1167 4714; x_wconf 88' lang='lat' dir='ltr'>potest</span> <span class='ocrx_word' id='word_1_532' title='bbox 1191 4661 1327 4707; x_wconf 84' lang='lat' dir='ltr'>esse,</span> <span class='ocrx_word' id='word_1_533' title='bbox 1356 4644 1495 4711; x_wconf 88' lang='lat' dir='ltr'>quia</span> <span class='ocrx_word' id='word_1_534' title='bbox 1514 4644 1748 4713; x_wconf 85' lang='lat' dir='ltr'>justitia</span> <span class='ocrx_word' id='word_1_535' title='bbox 1776 4643 1978 4714; x_wconf 86' lang='lat' dir='ltr'>legalis</span> <span class='ocrx_word' id='word_1_536' title='bbox 2017 4660 2052 4697; x_wconf 89' lang='lat' dir='ltr'>a</span> <span class='ocrx_word' id='word_1_537' title='bbox 2083 4644 2318 4715; x_wconf 85' lang='lat' dir='ltr'>propria.</span> <span class='ocrx_word' id='word_1_538' title='bbox 2344 4648 2404 4699; x_wconf 89' lang='lat' dir='ltr'>et</span> <span class='ocrx_word' id='word_1_539' title='bbox 2428 4645 2628 4700; x_wconf 86' lang='lat' dir='ltr'>stricta</span> <span class='ocrx_word' id='word_1_540' title='bbox 2660 4643 2928 4714; x_wconf 87' lang='lat' dir='ltr'>justitiae</span> <span class='ocrx_word' id='word_1_541' title='bbox 2953 4645 3178 4698; x_wconf 87' lang='lat' dir='ltr'>ratione</span> 
     </span>
     <span class='ocr_line' id='line_1_48' title="bbox 552 4721 3180 4793; baseline 0 -18"><span class='ocrx_word' id='word_1_542' title='bbox 552 4721 760 4786; x_wconf 86' lang='lat' dir='ltr'>deficit,</span> <span class='ocrx_word' id='word_1_543' title='bbox 787 4740 914 4779; x_wconf 69' lang='lat' dir='ltr'>cun</span> <span class='ocrx_word' id='word_1_544' title='bbox 945 4740 1060 4777; x_wconf 88' lang='lat' dir='ltr'>non</span> <span class='ocrx_word' id='word_1_545' title='bbox 1087 4724 1319 4778; x_wconf 88' lang='lat' dir='ltr'>omnino</span> <span class='ocrx_word' id='word_1_546' title='bbox 1348 4723 1424 4776; x_wconf 90' lang='lat' dir='ltr'>sit</span> <span class='ocrx_word' id='word_1_547' title='bbox 1448 4722 1521 4777; x_wconf 84' lang='lat' dir='ltr'>ad</span> <span class='ocrx_word' id='word_1_548' title='bbox 1548 4723 1827 4777; x_wconf 86' lang='lat' dir='ltr'>alterum:</span> <span class='ocrx_word' id='word_1_549' title='bbox 1865 4739 2051 4793; x_wconf 90' lang='lat' dir='ltr'>neque</span> <span class='ocrx_word' id='word_1_550' title='bbox 2091 4724 2245 4777; x_wconf 89' lang='lat' dir='ltr'>enim</span> <span class='ocrx_word' id='word_1_551' title='bbox 2271 4724 2652 4778; x_wconf 88' lang='lat' dir='ltr'>communitas</span> <span class='ocrx_word' id='word_1_552' title='bbox 2690 4740 2726 4778; x_wconf 84' lang='lat' dir='ltr'>a</span> <span class='ocrx_word' id='word_1_553' title='bbox 2763 4724 3034 4778; x_wconf 87' lang='lat' dir='ltr'>membris</span> <span class='ocrx_word' id='word_1_554' title='bbox 3059 4722 3180 4777; x_wconf 85' lang='lat' dir='ltr'>suis</span> 
     </span>
    </p>
   </div>
  </div>
 </body>
</html>
