3538 5364
650 270 782 337 514
1000 262 1183 318 Trttct.
1212 264 1305 318 lx.
1332 263 1401 317 de
1428 262 1827 334 indulgentiis,
1855 262 2103 318 Prosunt
2126 262 2429 317 animabus
2455 262 2516 315 in
2544 261 2896 333 purgatorio.

654 444 720 509 in
754 451 869 509 art„
905 450 990 514 22
1022 444 1358 510 Lutheri
1392 442 1491 529 (cf.
1524 464 1583 507 n.
1617 445 1833 531 531).‹
1873 443 1939 507 P.
1961 444 2041 510 de
2062 440 2261 508 Osma
2290 463 2467 526 prop.
2504 444 2596 531 (6)
2619 442 2860 509 aSixto
2880 444 2980 508 IV.
3010 461 3068 507 a.
3094 447 3265 512 1479

641 551 961 616 damnata
993 552 1084 616 ita
1114 550 1341 616 habet:
1382 549 1599 632 „Papa
1619 569 1749 615 non
1767 557 1982 632 potest
2000 551 2326 631 indulgere
2364 551 2554 615 alicui
2573 551 2712 616 viro
2727 553 2775 639 ²)
2812 570 3092 634 poenam
3109 571 3269 633 pur-

654 659 936 740 gatorii<
975 658 1201 723 Merito
1236 663 1452 721 autem
1485 656 1829 720 damnatus
1851 656 1966 721 fuit
1983 657 2087 720 hic
2108 676 2302 734 error,
2323 674 2475 721 nam
2497 658 2552 721 si
2570 657 2858 723 viventes
2877 657 3270 722 satisfactio-

646 786 765 832 nes
796 784 948 831 suas
978 784 1095 847 pro
1129 763 1467 829 animabus
1499 764 1856 845 purgatorii
1885 763 2112 828 offerre
2143 771 2431 845 possunt,
2464 782 2597 828 non
2629 770 2898 845 apparet
2926 764 3111 841 rati0,
3144 781 3266 827 cur

648 880 974 957 nequeant
1002 873 1212 938 offerri
1241 890 1357 953 pro
1389 872 1545 953 ipsis
1578 878 1955 936 sanctorum
1987 871 2186 937 etiam
2215 871 2710 946 satisfactiones
2744 890 2908 954 quas
2939 870 3127 935 nobis
3148 887 3272 952 ap-

648 981 888 1062 plicare
908 979 1070 1045 licet.
1105 978 1263 1043 Cum
1283 997 1442 1044 vero
1465 978 1719 1044 animae
1739 979 1806 1042 in
1824 979 2194 1060 purgatorio
2226 997 2359 1042 non
2378 978 2653 1060 amplius
2671 978 2925 1042 subsint
2942 977 3274 1042 Ecclesiae

641 1087 1080 1168 jurisdictioni,
1114 1104 1245 1151 non
1271 1090 1543 1167 prosunt
1558 1084 1992 1166 indulgentiae
2024 1084 2145 1149 illis
2178 1084 2434 1162 directe,
2471 1085 2585 1150 sed
2604 1092 2855 1150 tantum
2888 1084 3275 1149 indirecte

645 1192 1031 1274 suffragii
1061 1193 1308 1268 .modo;
1358 1211 1435 1257 eo
1485 1193 1614 1256 scil.
1663 1191 1878 1269 mod0,
1929 1211 2056 1274 quo
2109 1191 2449 1257 animabus
2498 1192 2564 1256 in
2594 1191 2964 1274 purgatorio
2995 1197 3278 1273 prosunt

647 1308 873 1366 nostra
900 1300 1205 1382 suffragia
1232 1301 1271 1363 i.
1304 1320 1356 1365 e.
1386 1300 1563 1365 bona
1594 1318 1795 1383 opera
1824 1300 2270 1376 satisfactoria,
2302 1319 2468 1383 quae
2500 1298 2636 1365 Deo
2669 1299 3012 1374 offerimuS,
3045 1303 3118 1361 ut
3150 1314 3272 1360 eo-

651 1428 794 1473 rum
826 1408 1057 1473 intuitu
1090 1405 1429 1470 animabus
1478 1407 1543 1470 in
1587 1406 1961 1488 purgatorio
2006 1406 2205 1473 debiti
2248 1426 2400 1489 pars
2431 1406 2788 1473 relaxetur:
2835 1406 2948 1470 sed
2991 1410 3275 1487 prosunt

649 1514 969 1579 efficacius
1000 1532 1195 1596 quam
1226 1519 1456 1578 nostra
1485 1513 1804 1595 suffragia,
1836 1514 1988 1597 quia
2018 1515 2355 1579 intercedit
2385 1513 2710 1579 Ecclesiae
2744 1513 3117 1578 auctoritas,

824 1644 1101 1704 Ostendit
1128 1648 1330 1704 tamen
1361 1645 1431 1705 N.
1466 1645 1755 1703 Paulus
1789 1645 2068 1704 Zeitschr.
2101 1646 2137 1709 f.
2170 1645 2331 1704 kath.
2365 1645 2564 1706 Theol.
2604 1655 2767 1708 1900
2805 1643 3008 1714 XXIV,
3048 1651 3268 1704 1-36

646 1734 872 1793 nullam
901 1733 1149 1810 reperiri
1181 1736 1400 1792 certam
1431 1736 1492 1792 et
1527 1734 1852 1811 genuinam
1882 1734 2392 1811 indulgentiarum
2426 1735 2861 1793 concessionem
2892 1750 3002 1808 pro
3031 1730 3270 1789 anima-

643 1824 758 1882 bus
803 1823 1134 1900 purgatorii
1181 1843 1215 1881 a
1257 1841 1401 1884 rom.
1448 1823 1831 1898 pontificibus
1876 1823 2087 1882 factam
2132 1825 2270 1882 ante
2317 1823 2529 1882 Calixti
2561 1823 2668 1886 ΙΙΙ.
2708 1822 2937 1881 bullam
2968 1841 3017 1883 a.
3057 1828 3268 1890 14573

641 1912 949 1990 theologos
979 1912 1225 1987 quidem
1256 1912 1489 1971 scholae
1520 1912 1810 1988 plurimos
1841 1911 2115 1972 docuisse
2145 1913 2556 1989 indulgentias
2587 1912 2898 1971 animabus
2923 1909 3045 1969 illis
3092 1927 3271 1985 posse

644 2001 936 2077 prodesse,
981 2000 1082 2059 sed
1115 2020 1236 2060 non
1268 2001 1472 2060 deesse
1503 2001 1680 2060 etiam
1714 2003 1919 2077 plures
1953 2002 2259 2078 theologos
2302 2005 2364 2060 et
2408 2002 2761 2073 canonistas,
2808 1999 2914 2076 qui
2957 1998 3271 2074 possibili-

643 2093 826 2150 tatem
858 2090 1292 2166 applicationis,
1340 2091 1477 2148 hinc
1521 2092 1583 2148 et
1624 2090 1952 2148 utilitatem
1985 2091 2230 2166 impune
2260 2090 2629 2168 negaverint.
2695 2087 2998 2148 Gradatim
3041 2106 3188 2147 vero
3234 2107 3266 2144 a

646 2199 758 2244 sec.
789 2180 893 2239 XV
936 2179 1271 2256 praevaluit
1313 2178 1471 2255 apud
1517 2197 1719 2238 omnes
1766 2179 1998 2237 scholae
2030 2180 2337 2256 theologos
2371 2179 2694 2255 persuasi0‚
2743 2179 2920 2237 licere
2964 2177 3264 2236 Ecclesiae

644 2288 749 2344 per
793 2268 1034 2327 modum
1081 2268 1347 2345 suffragii
1393 2267 1813 2327 defunctorum
1845 2267 2153 2327 animabus
2184 2269 2483 2345 applicare
2516 2267 2937 2345 indulgentias,
2985 2268 3059 2323 ut
3103 2265 3261 2324 idem

640 2358 737 2416 vir
767 2357 1039 2418 eruditus
1069 2358 1148 2419 ib.
1179 2371 1236 2433 p.
1273 2366 1620 2420 249—-266
1655 2356 1936 2415 ostendit.

818 2477 1097 2542 Prosunt
1129 2483 1347 2542 autem
1380 2474 1810 2556 indulgentiae
1844 2475 2199 2541 ¹animabus
2244 2496 2376 2541 non
2426 2478 2634 2542 solum
2664 2477 2730 2539 in
2764 2493 3016 2556 genere,
3049 2475 3165 2541 sed
3190 2482 3241 2537 et

639 2586 705 2649 in
736 2585 949 2666 specie
979 2584 1074 2661 iis,
1107 2583 1338 2664 quibus
1387 2582 1807 2664 applicantur,
1859 2583 2152 2665 quamvis
2200 2583 2467 2648 dubium
2501 2585 2600 2660 sit,
2646 2603 2800 2647 num
2850 2581 3245 2647 infallibi-

639 2691 835 2757 liter
884 2699 949 2757 et
987 2708 1310 2772 semper
1352 2694 1416 2754 et
1455 2689 1809 2753 secundum
1856 2696 2117 2755 totum
2163 2710 2387 2756 earum
2417 2692 2721 2759 valorem.
2785 2687 3057 2755 Ostendi
3090 2689 3253 2755 enim

641 2799 880 2880 nequit,
926 2796 1129 2862 Deum
1179 2795 1383 2860 teneri
1433 2794 1572 2859 illas
1622 2802 1981 2878 acceptare.
2043 2798 2204 2861 Hinc
2254 2799 2664 2880 congregatio
2715 2798 3257 2879 indulgentiarum

641 2911 743 2974 28.
774 2904 892 2969 Jul.
932 2909 1102 2973 1840
1132 2904 1514 2968 declaravit:
1561 2903 1722 2977 ,Per
1751 2904 2212 2985 indulgentiam
2244 2906 2429 2970 altari
2472 2906 2869 2987 privilegiato
2916 2906 3257 2981 adnexam,

642 3012 697 3073 si
728 3017 1051 3092 spectetur
1081 3028 1263 3074 mens
1295 3009 1707 3074 concedentis
1753 3018 1820 3076 et
1864 3031 2020 3075 usus
2067 3012 2341 3077 clavium
2387 3013 2745 3094 potestatis,
2776 3012 3257 3093 intelligendam

643 3135 786 3181 esse
817 3117 1275 3197 indulgentiam
1322 3117 1694 3198 plenariam,
1746 3136 1913 3200 quae
1965 3120 2248 3183 animam
2299 3120 2518 3195 statim
2566 3120 2793 3185 liberet
2837 3118 2921 3183 ab
2955 3118 3259 3183 omnibus

640 3223 993 3305 purgatorii
1020 3223 1275 3304 poenis3
1322 3223 1376 3287 si
1406 3241 1560 3288 vero
1594 3229 1919 3305 spectetur
1949 3225 2392 3308 applicationis
2443 3226 2728 3302 effectus,
2778 3223 3260 3306 intelligendam

642 3349 782 3395 esse
814 3328 1292 3410 indulgentiam,
1339 3331 1518 3413 quus
1563 3349 1868 3396 mensura
1914 3332 2168 3398 divinae
2212 3333 2691 3399 misericordiae
2731 3331 3142 3415 beneplacito
3194 3341 3260 3397 et

641 3436 1071 3517 acceptationi
1087 3437 1490 3519 respondet‘
1530 3437 1872 3504 Probabile
1892 3439 2242 3505 admodum
2263 3447 2378 3518 est,
2400 3440 2596 3505 etiam
2615 3440 2695 3505 de
2714 3440 3256 3521 indulgentiarum

641 3542 926 3608 efficacia
955 3544 1170 3609 valere
1201 3562 1497 3608 normam
1531 3562 1572 3608 a
1603 3543 1858 3609 Christo
1893 3545 1961 3609 D.
1994 3547 2466 3628 promulgatam
2487 3546 2709 3611 Matth.
2732 3551 2789 3615 ὗ,
2816 3552 2886 3615 7:
2920 3545 3111 3611 Beati
3139 3549 3257 3608 mi-

636 3651 1009 3715 sericordes:
1055 3653 1350 3735 quoniam
1389 3654 1513 3737 ipsi
1558 3654 2051 3717 misericordiam
2096 3660 2562 3738 consequentur,
2611 3660 2674 3717 et
2719 3654 3025 3735 regulam,
3058 3672 3255 3735 quam

638 3760 809 3822 circa
840 3757 967 3822 alia
997 3758 1299 3839 suffragia
1329 3759 1554 3823 statuit
1598 3759 1866 3840 Augus
1887 3760 2110 3824 tinus
2156 3760 2401 3825 Enchir.
2435 3779 2488 3825 c.
2527 3765 2684 3831 110:
2754 3758 2917 3835 ,Sed
2966 3760 3060 3825 eis
3092 3761 3256 3825 haec

636 3871 926 3947 prosunt,
959 3865 1066 3947 qui
1099 3884 1244 3929 cum
1276 3865 1581 3943 viverent,
1631 3872 1703 3930 ut
1736 3867 1897 3931 haec
1928 3866 2049 3930 sibi
2079 3875 2308 3949 postea
2338 3874 2607 3950 possent
2636 3868 2965 3950 prodesse,
2996 3885 3253 3932 merue-

635 3979 785 4037 runt
817 4022 829 4034 .
865 4022 877 4035 .
913 4022 925 4035 .
972 3971 1290 4051 Quocirca
1331 3972 1435 4035 hic
1483 3990 1674 4037 omne
1706 3974 2003 4038 meritum
2035 3981 2462 4056 comparatur,
2508 3994 2636 4057 quo
2669 3975 2873 4056 possit
2902 3980 3053 4055 post
3084 3974 3252 4037 hanc

635 4079 834 4143 vitam
865 4079 1180 4161 quispiam
1213 4079 1487 4143 relevari
1516 4080 1617 4144 vel
1648 4080 1957 4160 gravari.‘
2028 4080 2115 4144 Cf.
2148 4081 2496 4145 Thomas
2530 4082 2732 4164 suppl.
2765 4101 2823 4163 q.
2861 4085 2960 4149 71.

819 4217 895 4270 53
907 4219 959 4270 7.
992 4203 1348 4272 Scholion
1381 4205 1813 4289 practicam.
1877 4211 2076 4282 Plura,
2123 4230 2274 4286 quae
2318 4212 2377 4271 in
2423 4213 2529 4271 hac
2561 4214 2819 4273 sectione
2849 4217 3250 4289 exposuimuS,

635 4296 858 4371 populo
890 4296 1210 4356 christiano
1243 4297 1494 4373 proponi
1527 4301 1774 4372 queunt.
1848 4300 1887 4357 J
1890 4300 2087 4359 uverit
2138 4297 2198 4364 l.
2248 4319 2507 4360 asserere
2554 4302 2845 4361 Ecclesiae
2894 4306 3251 4379 potesta-

857 4480 892 4547 1)
921 4476 1179 4546 Conjecit
1202 4477 1245 4530 L
1261 4492 1291 4530 e
1306 4477 1346 4530 h
1362 4495 1419 4529 m
1435 4477 1474 4531 k
1490 4495 1529 4532 u
1545 4478 1624 4532 hl
1648 4478 1711 4532 in
1739 4479 1874 4533 fasc.
1900 4480 1989 4535 lit.
2019 4480 2251 4543 „Pastor
2279 4483 2493 4545 bonus„
2512 4482 2606 4547 XI,
2620 4487 2654 4537 8
2672 4500 2741 4537 ss.
2768 4485 2967 4537 contra
2988 4484 3062 4541 N.
3082 4485 3127 4539 P
3142 4502 3177 4539 a
3194 4504 3250 4540 u·

635 4555 752 4607 lus
778 4554 1059 4610 Katholik
1089 4557 1318 4623 189811,
1346 4562 1413 4615 92
1454 4557 1762 4628 legendum
1804 4576 1922 4615 esse
1966 4559 2174 4622 „alicui
2211 4566 2373 4627 vivo,“
2417 4581 2535 4618 non
2579 4563 2788 4627 „alicui
2825 4570 3006 4625 viv-0:⁶⁴
3050 4583 3247 4621 verum

635 4633 873 4689 Paulu
890 4651 916 4688 s
948 4636 1270 4691 rationibus
1310 4640 1400 4691 sat
1422 4638 1748 4694 efficacibus
1794 4643 2006 4705 tuetur,
2033 4640 2335 4697 lectionem
2362 4642 2663 4713 antiquam
2706 4644 2915 4708 „alicui
2943 4645 3104 4700 viro“
3134 4663 3247 4701 esse

633 4712 992 4771 retinendam
1017 4715 1093 4770 ib.
1121 4732 1251 4788 pag.
1276 4720 1380 4774 475
1408 4735 1478 4775 ss,
