<?xml version="1.0" encoding="UTF-8"?>
<!DOCTYPE html PUBLIC "-//W3C//DTD XHTML 1.0 Transitional//EN"
    "http://www.w3.org/TR/xhtml1/DTD/xhtml1-transitional.dtd">
<html xmlns="http://www.w3.org/1999/xhtml" xml:lang="en" lang="en">
 <head>
  <title>
</title>
<meta http-equiv="Content-Type" content="text/html;charset=utf-8" />
  <meta name='ocr-system' content='tesseract 3.04.00' />
  <meta name='ocr-capabilities' content='ocr_page ocr_carea ocr_par ocr_line ocrx_word'/>
</head>
<body>
  <div class='ocr_page' id='page_1' title='image "./theologiaedogma00hurtgoog_0017.png"; bbox 0 0 3538 5364; ppageno 0'>
   <div class='ocr_carea' id='block_1_1' title="bbox 1334 233 2943 308">
    <p class='ocr_par' dir='ltr' id='par_1_1' title="bbox 1334 233 2943 308">
     <span class='ocr_line' id='line_1_1' title="bbox 1334 233 2943 308; baseline 0.003 -20"><span class='ocrx_word' id='word_1_1' title='bbox 1334 233 1562 289; x_wconf 77' lang='lat' dir='ltr'>Gratiae</span> <span class='ocrx_word' id='word_1_2' title='bbox 1589 234 1945 305; x_wconf 84' lang='lat' dir='ltr'>partitiones.</span> <span class='ocrx_word' id='word_1_3' title='bbox 2902 246 2943 308; x_wconf 78' lang='lat'>5</span> 
     </span>
    </p>
   </div>
   <div class='ocr_carea' id='block_1_2' title="bbox 335 413 2954 3201">
    <p class='ocr_par' dir='ltr' id='par_1_2' title="bbox 339 413 2947 1250">
     <span class='ocr_line' id='line_1_2' title="bbox 342 413 2944 498; baseline 0 -18"><span class='ocrx_word' id='word_1_4' title='bbox 342 416 748 482; x_wconf 80' lang='lat' dir='ltr'>elementum:</span> <span class='ocrx_word' id='word_1_5' title='bbox 781 435 848 479; x_wconf 92' lang='lat' dir='ltr'>m</span> <span class='ocrx_word' id='word_1_6' title='bbox 865 421 944 479; x_wconf 89' lang='lat' dir='ltr'>at</span> <span class='ocrx_word' id='word_1_7' title='bbox 962 434 998 480; x_wconf 91' lang='lat' dir='ltr'>e</span> <span class='ocrx_word' id='word_1_8' title='bbox 1012 416 1079 479; x_wconf 90' lang='lat' dir='ltr'>ri</span> <span class='ocrx_word' id='word_1_9' title='bbox 1096 415 1171 479; x_wconf 90' lang='lat' dir='ltr'>al</span> <span class='ocrx_word' id='word_1_10' title='bbox 1187 434 1243 490; x_wconf 84' lang='lat' dir='ltr'>e,</span> <span class='ocrx_word' id='word_1_11' title='bbox 1275 415 1534 498; x_wconf 86' lang='lat' dir='ltr'>aliquod</span> <span class='ocrx_word' id='word_1_12' title='bbox 1553 415 1798 480; x_wconf 89' lang='lat' dir='ltr'>bonum</span> <span class='ocrx_word' id='word_1_13' title='bbox 1819 435 1934 481; x_wconf 90' lang='lat' dir='ltr'>seu</span> <span class='ocrx_word' id='word_1_14' title='bbox 1954 414 2368 490; x_wconf 81' lang='lat' dir='ltr'>beneficium3</span> <span class='ocrx_word' id='word_1_15' title='bbox 2401 413 2476 479; x_wconf 88' lang='lat' dir='ltr'>fo</span> <span class='ocrx_word' id='word_1_16' title='bbox 2492 435 2603 479; x_wconf 92' lang='lat' dir='ltr'>rm</span> <span class='ocrx_word' id='word_1_17' title='bbox 2618 415 2692 480; x_wconf 90' lang='lat' dir='ltr'>al</span> <span class='ocrx_word' id='word_1_18' title='bbox 2709 434 2760 492; x_wconf 84' lang='lat' dir='ltr'>e,</span> <span class='ocrx_word' id='word_1_19' title='bbox 2794 434 2944 498; x_wconf 91' lang='lat' dir='ltr'>gra-</span> 
     </span>
     <span class='ocr_line' id='line_1_3' title="bbox 341 521 2943 604; baseline -0 -18"><span class='ocrx_word' id='word_1_20' title='bbox 341 524 541 599; x_wconf 84' lang='lat' dir='ltr'>tuitas,</span> <span class='ocrx_word' id='word_1_21' title='bbox 574 540 704 604; x_wconf 87' lang='lat' dir='ltr'>qua</span> <span class='ocrx_word' id='word_1_22' title='bbox 735 522 1097 598; x_wconf 62' lang='lat' dir='ltr'>confertum</span> <span class='ocrx_word' id='word_1_23' title='bbox 1148 524 1330 604; x_wconf 89' lang='lat' dir='ltr'>cujus</span> <span class='ocrx_word' id='word_1_24' title='bbox 1378 522 1645 604; x_wconf 85' lang='lat' dir='ltr'>proinde</span> <span class='ocrx_word' id='word_1_25' title='bbox 1696 521 1836 585; x_wconf 87' lang='lat' dir='ltr'>fons</span> <span class='ocrx_word' id='word_1_26' title='bbox 1886 529 1950 587; x_wconf 91' lang='lat' dir='ltr'>et</span> <span class='ocrx_word' id='word_1_27' title='bbox 1999 522 2236 585; x_wconf 87' lang='lat' dir='ltr'><strong>radix</strong></span> <span class='ocrx_word' id='word_1_28' title='bbox 2286 522 2365 586; x_wconf 86' lang='lat' dir='ltr'>sit</span> <span class='ocrx_word' id='word_1_29' title='bbox 2398 541 2606 604; x_wconf 88' lang='lat' dir='ltr'>neque</span> <span class='ocrx_word' id='word_1_30' title='bbox 2639 522 2943 598; x_wconf 79' lang='lat' dir='ltr'>debitum,</span> 
     </span>
     <span class='ocr_line' id='line_1_4' title="bbox 342 628 2944 712; baseline 0.001 -20"><span class='ocrx_word' id='word_1_31' title='bbox 342 647 537 711; x_wconf 91' lang='lat' dir='ltr'>neque</span> <span class='ocrx_word' id='word_1_32' title='bbox 557 629 857 693; x_wconf 87' lang='lat' dir='ltr'>voluntas</span> <span class='ocrx_word' id='word_1_33' title='bbox 879 636 1123 705; x_wconf 80' lang='lat' dir='ltr'>coacta.</span> <span class='ocrx_word' id='word_1_34' title='bbox 1156 647 1367 712; x_wconf 91' lang='lat' dir='ltr'>neque</span> <span class='ocrx_word' id='word_1_35' title='bbox 1388 647 1572 693; x_wconf 89' lang='lat' dir='ltr'>amor</span> <span class='ocrx_word' id='word_1_36' title='bbox 1603 629 2167 711; x_wconf 81' lang='lat' dir='ltr'>concupiscentiae</span> <span class='ocrx_word' id='word_1_37' title='bbox 2189 628 2531 712; x_wconf 89' lang='lat' dir='ltr'>dantisque</span> <span class='ocrx_word' id='word_1_38' title='bbox 2550 630 2806 706; x_wconf 59' lang='lat' dir='ltr'>utilitas</span> <span class='ocrx_word' id='word_1_39' title='bbox 2831 631 2944 694; x_wconf 91' lang='lat' dir='ltr'>sed</span> 
     </span>
     <span class='ocr_line' id='line_1_5' title="bbox 342 735 2944 819; baseline 0.001 -21"><span class='ocrx_word' id='word_1_40' title='bbox 342 754 516 799; x_wconf 89' lang='lat' dir='ltr'>amor</span> <span class='ocrx_word' id='word_1_41' title='bbox 544 754 746 817; x_wconf 91' lang='lat' dir='ltr'>purae</span> <span class='ocrx_word' id='word_1_42' title='bbox 779 736 1267 802; x_wconf 87' lang='lat' dir='ltr'>benevolentiae</span> <span class='ocrx_word' id='word_1_43' title='bbox 1298 737 1642 819; x_wconf 90' lang='lat' dir='ltr'>superioris</span> <span class='ocrx_word' id='word_1_44' title='bbox 1689 755 1842 818; x_wconf 89' lang='lat' dir='ltr'>erga</span> <span class='ocrx_word' id='word_1_45' title='bbox 1885 735 2266 812; x_wconf 86' lang='lat' dir='ltr'>inferiorem,</span> <span class='ocrx_word' id='word_1_46' title='bbox 2315 754 2467 800; x_wconf 89' lang='lat' dir='ltr'>nam</span> <span class='ocrx_word' id='word_1_47' title='bbox 2512 737 2591 802; x_wconf 91' lang='lat' dir='ltr'>de</span> <span class='ocrx_word' id='word_1_48' title='bbox 2624 736 2830 818; x_wconf 89' lang='lat' dir='ltr'>gratia</span> <span class='ocrx_word' id='word_1_49' title='bbox 2862 737 2944 800; x_wconf 90' lang='lat' dir='ltr'>ab</span> 
     </span>
     <span class='ocr_line' id='line_1_6' title="bbox 340 841 2947 925; baseline 0.002 -21"><span class='ocrx_word' id='word_1_50' title='bbox 340 841 613 907; x_wconf 86' lang='lat' dir='ltr'>inferiori</span> <span class='ocrx_word' id='word_1_51' title='bbox 643 843 961 923; x_wconf 85' lang='lat' dir='ltr'>praestita</span> <span class='ocrx_word' id='word_1_52' title='bbox 991 843 1302 924; x_wconf 84' lang='lat' dir='ltr'>superiori</span> <span class='ocrx_word' id='word_1_53' title='bbox 1350 843 1521 925; x_wconf 88' lang='lat' dir='ltr'>loqui</span> <span class='ocrx_word' id='word_1_54' title='bbox 1566 862 1698 907; x_wconf 89' lang='lat' dir='ltr'>non</span> <span class='ocrx_word' id='word_1_55' title='bbox 1748 843 2049 909; x_wconf 76' lang='lat' dir='ltr'>solemus,</span> <span class='ocrx_word' id='word_1_56' title='bbox 2115 842 2334 925; x_wconf 86' lang='lat' dir='ltr'>Neque</span> <span class='ocrx_word' id='word_1_57' title='bbox 2367 843 2558 907; x_wconf 87' lang='lat' dir='ltr'>etiam</span> <span class='ocrx_word' id='word_1_58' title='bbox 2596 843 2845 919; x_wconf 83' lang='lat' dir='ltr'>sufficit,</span> <span class='ocrx_word' id='word_1_59' title='bbox 2876 852 2947 909; x_wconf 92' lang='lat' dir='ltr'>ut</span> 
     </span>
     <span class='ocr_line' id='line_1_7' title="bbox 341 948 2944 1024; baseline 0.002 -13"><span class='ocrx_word' id='word_1_60' title='bbox 341 948 574 1012; x_wconf 87' lang='lat' dir='ltr'>bonum</span> <span class='ocrx_word' id='word_1_61' title='bbox 607 950 819 1012; x_wconf 93' lang='lat' dir='ltr'>solum</span> <span class='ocrx_word' id='word_1_62' title='bbox 852 949 1219 1014; x_wconf 88' lang='lat' dir='ltr'>conferatur</span> <span class='ocrx_word' id='word_1_63' title='bbox 1249 967 1422 1014; x_wconf 89' lang='lat' dir='ltr'>cum</span> <span class='ocrx_word' id='word_1_64' title='bbox 1457 948 1925 1024; x_wconf 69' lang='lat' dir='ltr'>benevolentia,</span> <span class='ocrx_word' id='word_1_65' title='bbox 1956 949 2070 1013; x_wconf 91' lang='lat' dir='ltr'>sed</span> <span class='ocrx_word' id='word_1_66' title='bbox 2103 948 2380 1014; x_wconf 78' lang='lat' dir='ltr'>conferri</span> <span class='ocrx_word' id='word_1_67' title='bbox 2400 949 2592 1014; x_wconf 89' lang='lat' dir='ltr'>debet</span> <span class='ocrx_word' id='word_1_68' title='bbox 2623 969 2712 1014; x_wconf 87' lang='lat' dir='ltr'>ex</span> <span class='ocrx_word' id='word_1_69' title='bbox 2746 951 2944 1015; x_wconf 89' lang='lat' dir='ltr'>bene-</span> 
     </span>
     <span class='ocr_line' id='line_1_8' title="bbox 341 1055 2947 1146; baseline 0.003 -29"><span class='ocrx_word' id='word_1_70' title='bbox 341 1055 633 1131; x_wconf 84' lang='lat' dir='ltr'>volentia,</span> <span class='ocrx_word' id='word_1_71' title='bbox 679 1063 750 1120; x_wconf 86' lang='lat' dir='ltr'>ut</span> <span class='ocrx_word' id='word_1_72' title='bbox 797 1056 961 1120; x_wconf 90' lang='lat' dir='ltr'>haec</span> <span class='ocrx_word' id='word_1_73' title='bbox 1004 1057 1087 1120; x_wconf 86' lang='lat' dir='ltr'>sit</span> <span class='ocrx_word' id='word_1_74' title='bbox 1135 1056 1354 1120; x_wconf 89' lang='lat' dir='ltr'>ratio</span> <span class='ocrx_word' id='word_1_75' title='bbox 1401 1056 1596 1120; x_wconf 90' lang='lat' dir='ltr'>dandi</span> <span class='ocrx_word' id='word_1_76' title='bbox 1641 1055 1916 1120; x_wconf 85' lang='lat' dir='ltr'>bonum:</span> <span class='ocrx_word' id='word_1_77' title='bbox 1963 1055 2112 1120; x_wconf 91' lang='lat' dir='ltr'>hinc</span> <span class='ocrx_word' id='word_1_78' title='bbox 2152 1055 2305 1120; x_wconf 91' lang='lat' dir='ltr'>illud</span> <span class='ocrx_word' id='word_1_79' title='bbox 2351 1057 2646 1136; x_wconf 83' lang='lat' dir='ltr'>adagium</span> <span class='ocrx_word' id='word_1_80' title='bbox 2698 1058 2947 1146; x_wconf 76' lang='grc' dir='ltr'><strong>ἐχθρῶν</strong></span> 
     </span>
     <span class='ocr_line' id='line_1_9' title="bbox 339 1163 754 1250; baseline 0.005 -23"><span class='ocrx_word' id='word_1_81' title='bbox 339 1163 544 1250; x_wconf 83' lang='grc' dir='ltr'>ἄδωρα</span> <span class='ocrx_word' id='word_1_82' title='bbox 575 1166 754 1250; x_wconf 84' lang='grc' dir='ltr'><strong>δῶρα.</strong></span> 
     </span>
    </p>

    <p class='ocr_par' dir='ltr' id='par_1_3' title="bbox 338 1291 2949 1633">
     <span class='ocr_line' id='line_1_10' title="bbox 507 1291 2945 1369; baseline 0.001 -21"><span class='ocrx_word' id='word_1_83' title='bbox 507 1291 667 1350; x_wconf 87' lang='lat' dir='ltr'>Haec</span> <span class='ocrx_word' id='word_1_84' title='bbox 697 1292 862 1350; x_wconf 89' lang='lat' dir='ltr'>notio</span> <span class='ocrx_word' id='word_1_85' title='bbox 907 1307 970 1357; x_wconf 78' lang='lat' dir='ltr'>a.</span> <span class='ocrx_word' id='word_1_86' title='bbox 1016 1292 1324 1369; x_wconf 82' lang='lat' dir='ltr'>colligitur</span> <span class='ocrx_word' id='word_1_87' title='bbox 1353 1310 1419 1350; x_wconf 88' lang='lat' dir='ltr'>ex</span> <span class='ocrx_word' id='word_1_88' title='bbox 1453 1292 1584 1367; x_wconf 86' lang='lat' dir='ltr'>ipso</span> <span class='ocrx_word' id='word_1_89' title='bbox 1613 1291 1778 1350; x_wconf 86' lang='lat' dir='ltr'>vocis</span> <span class='ocrx_word' id='word_1_90' title='bbox 1811 1294 2094 1367; x_wconf 82' lang='lat' dir='ltr'>etymo,</span> <span class='ocrx_word' id='word_1_91' title='bbox 2143 1294 2213 1350; x_wconf 90' lang='lat' dir='ltr'>ut</span> <span class='ocrx_word' id='word_1_92' title='bbox 2250 1292 2470 1367; x_wconf 87' lang='lat' dir='ltr'>passim</span> <span class='ocrx_word' id='word_1_93' title='bbox 2503 1291 2763 1351; x_wconf 77' lang='lat' dir='ltr'>inculcat</span> <span class='ocrx_word' id='word_1_94' title='bbox 2794 1293 2945 1351; x_wconf 87' lang='lat' dir='ltr'>Au·</span> 
     </span>
     <span class='ocr_line' id='line_1_11' title="bbox 340 1380 2949 1457; baseline 0 -19"><span class='ocrx_word' id='word_1_95' title='bbox 340 1380 727 1457; x_wconf 85' lang='lat' dir='ltr'>gustinus.</span> <span class='ocrx_word' id='word_1_96' title='bbox 780 1383 1027 1456; x_wconf 84' lang='lat' dir='ltr'>,Ipsum</span> <span class='ocrx_word' id='word_1_97' title='bbox 1059 1381 1280 1457; x_wconf 87' lang='lat' dir='ltr'>quippe</span> <span class='ocrx_word' id='word_1_98' title='bbox 1311 1381 1535 1457; x_wconf 88' lang='lat' dir='ltr'>gratiae</span> <span class='ocrx_word' id='word_1_99' title='bbox 1567 1400 1803 1450; x_wconf 89' lang='lat' dir='ltr'>nomen,</span> <span class='ocrx_word' id='word_1_100' title='bbox 1836 1380 1921 1438; x_wconf 87' lang='lat' dir='ltr'>ita</span> <span class='ocrx_word' id='word_1_101' title='bbox 1951 1380 2055 1439; x_wconf 88' lang='lat' dir='ltr'>ille</span> <span class='ocrx_word' id='word_1_102' title='bbox 2086 1380 2158 1439; x_wconf 87' lang='lat' dir='ltr'>de</span> <span class='ocrx_word' id='word_1_103' title='bbox 2189 1382 2378 1457; x_wconf 87' lang='lat' dir='ltr'>gestis</span> <span class='ocrx_word' id='word_1_104' title='bbox 2409 1380 2637 1457; x_wconf 80' lang='lat' dir='ltr'>Pelagii</span> <span class='ocrx_word' id='word_1_105' title='bbox 2668 1399 2725 1439; x_wconf 91' lang='lat' dir='ltr'>n.</span> <span class='ocrx_word' id='word_1_106' title='bbox 2753 1391 2853 1451; x_wconf 88' lang='grc'>33,</span> <span class='ocrx_word' id='word_1_107' title='bbox 2888 1387 2949 1440; x_wconf 88' lang='lat' dir='ltr'>et</span> 
     </span>
     <span class='ocr_line' id='line_1_12' title="bbox 338 1468 2946 1546; baseline 0.001 -19"><span class='ocrx_word' id='word_1_108' title='bbox 338 1470 459 1544; x_wconf 87' lang='lat' dir='ltr'>ejus</span> <span class='ocrx_word' id='word_1_109' title='bbox 490 1470 752 1529; x_wconf 87' lang='lat' dir='ltr'>nominis</span> <span class='ocrx_word' id='word_1_110' title='bbox 784 1471 1128 1530; x_wconf 87' lang='lat' dir='ltr'>intellectus</span> <span class='ocrx_word' id='word_1_111' title='bbox 1151 1470 1438 1538; x_wconf 83' lang='lat' dir='ltr'>aufertur,</span> <span class='ocrx_word' id='word_1_112' title='bbox 1471 1470 1520 1529; x_wconf 89' lang='lat' dir='ltr'>si</span> <span class='ocrx_word' id='word_1_113' title='bbox 1553 1488 1673 1527; x_wconf 91' lang='lat' dir='ltr'>non</span> <span class='ocrx_word' id='word_1_114' title='bbox 1693 1469 1880 1546; x_wconf 88' lang='lat' dir='ltr'>gratis</span> <span class='ocrx_word' id='word_1_115' title='bbox 1901 1468 2095 1539; x_wconf 87' lang='lat' dir='ltr'>datur,</span> <span class='ocrx_word' id='word_1_116' title='bbox 2129 1468 2232 1527; x_wconf 87' lang='lat' dir='ltr'>sed</span> <span class='ocrx_word' id='word_1_117' title='bbox 2268 1488 2415 1541; x_wconf 85' lang='lat' dir='ltr'>eam,</span> <span class='ocrx_word' id='word_1_118' title='bbox 2446 1470 2552 1546; x_wconf 92' lang='lat' dir='ltr'>qui</span> <span class='ocrx_word' id='word_1_119' title='bbox 2585 1469 2804 1546; x_wconf 88' lang='lat' dir='ltr'>dignus</span> <span class='ocrx_word' id='word_1_120' title='bbox 2836 1477 2946 1539; x_wconf 87' lang='lat' dir='ltr'>est,</span> 
     </span>
     <span class='ocr_line' id='line_1_13' title="bbox 338 1558 1825 1633; baseline -0.001 -17"><span class='ocrx_word' id='word_1_121' title='bbox 338 1558 606 1633; x_wconf 82' lang='lat' dir='ltr'>accipit.‘</span> <span class='ocrx_word' id='word_1_122' title='bbox 671 1559 751 1618; x_wconf 88' lang='lat' dir='ltr'>cf.</span> <span class='ocrx_word' id='word_1_123' title='bbox 784 1558 857 1617; x_wconf 89' lang='lat' dir='ltr'>de</span> <span class='ocrx_word' id='word_1_124' title='bbox 887 1563 1007 1621; x_wconf 83' lang='lat' dir='ltr'>nat.</span> <span class='ocrx_word' id='word_1_125' title='bbox 1041 1564 1101 1619; x_wconf 89' lang='lat' dir='ltr'>et</span> <span class='ocrx_word' id='word_1_126' title='bbox 1131 1562 1280 1633; x_wconf 84' lang='lat' dir='ltr'>grat.</span> <span class='ocrx_word' id='word_1_127' title='bbox 1313 1577 1359 1618; x_wconf 91' lang='lat' dir='ltr'>c.</span> <span class='ocrx_word' id='word_1_128' title='bbox 1396 1568 1465 1628; x_wconf 75' lang='lat'>43</span> <span class='ocrx_word' id='word_1_129' title='bbox 1501 1559 1561 1617; x_wconf 90' lang='lat' dir='ltr'>in</span> <span class='ocrx_word' id='word_1_130' title='bbox 1596 1559 1688 1620; x_wconf 75' lang='lat' dir='ltr'>Pe.</span> <span class='ocrx_word' id='word_1_131' title='bbox 1724 1567 1825 1621; x_wconf 87' lang='lat'>43.</span> 
     </span>
    </p>

    <p class='ocr_par' dir='ltr' id='par_1_4' title="bbox 335 1645 2948 2169">
     <span class='ocr_line' id='line_1_14' title="bbox 510 1645 2948 1725; baseline -0.002 -15"><span class='ocrx_word' id='word_1_132' title='bbox 510 1645 581 1710; x_wconf 83' lang='lat' dir='ltr'>b.</span> <span class='ocrx_word' id='word_1_133' title='bbox 614 1648 696 1706; x_wconf 86' lang='lat' dir='ltr'>Ex</span> <span class='ocrx_word' id='word_1_134' title='bbox 731 1649 892 1706; x_wconf 83' lang='lat' dir='ltr'>Rom.</span> <span class='ocrx_word' id='word_1_135' title='bbox 917 1660 972 1710; x_wconf 88' lang='lat'>4.</span> <span class='ocrx_word' id='word_1_136' title='bbox 1011 1661 1081 1711; x_wconf 88' lang='lat'>4:</span> <span class='ocrx_word' id='word_1_137' title='bbox 1113 1649 1194 1707; x_wconf 65' lang='lat' dir='ltr'>Ea·</span> <span class='ocrx_word' id='word_1_138' title='bbox 1223 1656 1433 1724; x_wconf 78' lang='lat' dir='ltr'>autem,</span> <span class='ocrx_word' id='word_1_139' title='bbox 1468 1650 1569 1725; x_wconf 82' lang='lat' dir='ltr'>qui</span> <span class='ocrx_word' id='word_1_140' title='bbox 1600 1655 1899 1723; x_wconf 80' lang='lat' dir='ltr'>operatur,</span> <span class='ocrx_word' id='word_1_141' title='bbox 1934 1666 2143 1706; x_wconf 80' lang='lat' dir='ltr'>merces</span> <span class='ocrx_word' id='word_1_142' title='bbox 2161 1666 2276 1705; x_wconf 81' lang='lat' dir='ltr'>non</span> <span class='ocrx_word' id='word_1_143' title='bbox 2297 1649 2621 1721; x_wconf 76' lang='lat' dir='ltr'>imputatur</span> <span class='ocrx_word' id='word_1_144' title='bbox 2640 1649 2948 1706; x_wconf 78' lang='lat' dir='ltr'>seeundum</span> 
     </span>
     <span class='ocr_line' id='line_1_15' title="bbox 335 1736 2945 1815; baseline 0.002 -22"><span class='ocrx_word' id='word_1_145' title='bbox 335 1738 611 1815; x_wconf 66' lang='lat' dir='ltr'>⁸qratiam,</span> <span class='ocrx_word' id='word_1_146' title='bbox 646 1739 745 1795; x_wconf 82' lang='lat' dir='ltr'>sed</span> <span class='ocrx_word' id='word_1_147' title='bbox 772 1739 1084 1796; x_wconf 79' lang='lat' dir='ltr'>secundum</span> <span class='ocrx_word' id='word_1_148' title='bbox 1113 1738 1397 1796; x_wconf 76' lang='lat' dir='ltr'>debitum:</span> <span class='ocrx_word' id='word_1_149' title='bbox 1428 1755 1569 1813; x_wconf 87' lang='lat' dir='ltr'>ergo</span> <span class='ocrx_word' id='word_1_150' title='bbox 1600 1737 1794 1814; x_wconf 87' lang='lat' dir='ltr'>gratia</span> <span class='ocrx_word' id='word_1_151' title='bbox 1813 1736 2076 1796; x_wconf 78' lang='lat' dir='ltr'>excludit</span> <span class='ocrx_word' id='word_1_152' title='bbox 2094 1737 2382 1795; x_wconf 85' lang='lat' dir='ltr'>rationem</span> <span class='ocrx_word' id='word_1_153' title='bbox 2402 1736 2624 1806; x_wconf 86' lang='lat' dir='ltr'>debiti;</span> <span class='ocrx_word' id='word_1_154' title='bbox 2661 1737 2820 1795; x_wconf 85' lang='lat' dir='ltr'>Rom.</span> <span class='ocrx_word' id='word_1_155' title='bbox 2850 1749 2870 1799; x_wconf 90' lang='lat' dir='ltr'>l</span> <span class='ocrx_word' id='word_1_156' title='bbox 2899 1748 2945 1807; x_wconf 87' lang='lat' dir='ltr'>l,</span> 
     </span>
     <span class='ocr_line' id='line_1_16' title="bbox 344 1825 2945 1903; baseline -0.001 -17"><span class='ocrx_word' id='word_1_157' title='bbox 344 1836 406 1886; x_wconf 78' lang='lat'>6:</span> <span class='ocrx_word' id='word_1_158' title='bbox 454 1826 525 1883; x_wconf 80' lang='lat' dir='ltr'>Si</span> <span class='ocrx_word' id='word_1_159' title='bbox 556 1834 743 1885; x_wconf 81' lang='lat' dir='ltr'>autem</span> <span class='ocrx_word' id='word_1_160' title='bbox 769 1829 990 1903; x_wconf 72' lang='lat' dir='ltr'>qratia,</span> <span class='ocrx_word' id='word_1_161' title='bbox 1015 1829 1144 1902; x_wconf 82' lang='lat' dir='ltr'>jam</span> <span class='ocrx_word' id='word_1_162' title='bbox 1174 1846 1290 1886; x_wconf 78' lang='lat' dir='ltr'>non</span> <span class='ocrx_word' id='word_1_163' title='bbox 1319 1846 1391 1885; x_wconf 72' lang='lat' dir='ltr'>aa:</span> <span class='ocrx_word' id='word_1_164' title='bbox 1421 1826 1708 1902; x_wconf 74' lang='lat' dir='ltr'>operibus,</span> <span class='ocrx_word' id='word_1_165' title='bbox 1743 1827 2002 1903; x_wconf 77' lang='lat' dir='ltr'>alioquin</span> <span class='ocrx_word' id='word_1_166' title='bbox 2027 1826 2225 1903; x_wconf 76' lang='lat' dir='ltr'>yratia</span> <span class='ocrx_word' id='word_1_167' title='bbox 2258 1844 2371 1884; x_wconf 82' lang='lat' dir='ltr'>non</span> <span class='ocrx_word' id='word_1_168' title='bbox 2402 1833 2483 1884; x_wconf 80' lang='lat' dir='ltr'>est</span> <span class='ocrx_word' id='word_1_169' title='bbox 2512 1828 2748 1901; x_wconf 70' lang='lat' dir='ltr'>qratia:</span> <span class='ocrx_word' id='word_1_170' title='bbox 2780 1825 2945 1884; x_wconf 90' lang='lat' dir='ltr'>ideo-</span> 
     </span>
     <span class='ocr_line' id='line_1_17' title="bbox 338 1914 2946 1991; baseline 0.002 -20"><span class='ocrx_word' id='word_1_171' title='bbox 338 1933 448 1989; x_wconf 90' lang='lat' dir='ltr'>que</span> <span class='ocrx_word' id='word_1_172' title='bbox 466 1914 663 1991; x_wconf 87' lang='lat' dir='ltr'>gratia</span> <span class='ocrx_word' id='word_1_173' title='bbox 681 1933 801 1974; x_wconf 91' lang='lat' dir='ltr'>non</span> <span class='ocrx_word' id='word_1_174' title='bbox 823 1917 1124 1974; x_wconf 80' lang='lat' dir='ltr'>confertur</span> <span class='ocrx_word' id='word_1_175' title='bbox 1154 1935 1223 1974; x_wconf 86' lang='lat' dir='ltr'>ex</span> <span class='ocrx_word' id='word_1_176' title='bbox 1254 1916 1503 1989; x_wconf 86' lang='lat' dir='ltr'>justitia,</span> <span class='ocrx_word' id='word_1_177' title='bbox 1537 1915 1639 1974; x_wconf 87' lang='lat' dir='ltr'>sed</span> <span class='ocrx_word' id='word_1_178' title='bbox 1671 1934 1738 1973; x_wconf 85' lang='lat' dir='ltr'>ex</span> <span class='ocrx_word' id='word_1_179' title='bbox 1771 1914 2194 1983; x_wconf 77' lang='lat' dir='ltr'>misericordia,</span> <span class='ocrx_word' id='word_1_180' title='bbox 2229 1933 2297 1973; x_wconf 82' lang='lat' dir='ltr'>ex</span> <span class='ocrx_word' id='word_1_181' title='bbox 2329 1915 2767 1986; x_wconf 80' lang='lat' dir='ltr'>benevolentia3</span> <span class='ocrx_word' id='word_1_182' title='bbox 2802 1915 2946 1990; x_wconf 87' lang='lat' dir='ltr'>Eph.</span> 
     </span>
     <span class='ocr_line' id='line_1_18' title="bbox 345 2000 2946 2085; baseline -0 -21"><span class='ocrx_word' id='word_1_183' title='bbox 345 2012 396 2072; x_wconf 88' lang='lat'>2.</span> <span class='ocrx_word' id='word_1_184' title='bbox 431 2014 467 2064; x_wconf 88' lang='lat'>4</span> <span class='ocrx_word' id='word_1_185' title='bbox 501 2021 583 2062; x_wconf 88' lang='lat' dir='ltr'>ss.</span> <span class='ocrx_word' id='word_1_186' title='bbox 620 2000 703 2084; x_wconf 91' lang='lat' dir='ltr'>(n.</span> <span class='ocrx_word' id='word_1_187' title='bbox 730 2014 801 2067; x_wconf 89' lang='lat'>31</span> <span class='ocrx_word' id='word_1_188' title='bbox 824 2002 892 2085; x_wconf 79' lang='lat'>²),</span> <span class='ocrx_word' id='word_1_189' title='bbox 925 2005 1031 2063; x_wconf 91' lang='lat' dir='ltr'>ubi</span> <span class='ocrx_word' id='word_1_190' title='bbox 1064 2005 1277 2081; x_wconf 82' lang='lat' dir='ltr'>triplex</span> <span class='ocrx_word' id='word_1_191' title='bbox 1308 2004 1419 2063; x_wconf 87' lang='lat' dir='ltr'>hoc</span> <span class='ocrx_word' id='word_1_192' title='bbox 1450 2005 1811 2064; x_wconf 89' lang='lat' dir='ltr'>elementum</span> <span class='ocrx_word' id='word_1_193' title='bbox 1844 2004 2069 2081; x_wconf 87' lang='lat' dir='ltr'>gratiae</span> <span class='ocrx_word' id='word_1_194' title='bbox 2099 2003 2366 2062; x_wconf 86' lang='lat' dir='ltr'>divinae:</span> <span class='ocrx_word' id='word_1_195' title='bbox 2400 2004 2540 2062; x_wconf 91' lang='lat' dir='ltr'>doni</span> <span class='ocrx_word' id='word_1_196' title='bbox 2568 2004 2946 2080; x_wconf 76' lang='lat' dir='ltr'>praestantia,</span> 
     </span>
     <span class='ocr_line' id='line_1_19' title="bbox 342 2093 2794 2169; baseline 0.002 -20"><span class='ocrx_word' id='word_1_197' title='bbox 342 2109 568 2149; x_wconf 86' lang='lat' dir='ltr'>summa</span> <span class='ocrx_word' id='word_1_198' title='bbox 600 2093 915 2167; x_wconf 68' lang='lat' dir='ltr'>gratuitae,</span> <span class='ocrx_word' id='word_1_199' title='bbox 950 2113 1099 2169; x_wconf 90' lang='lat' dir='ltr'>pura</span> <span class='ocrx_word' id='word_1_200' title='bbox 1130 2094 1235 2152; x_wconf 89' lang='lat' dir='ltr'>Dei</span> <span class='ocrx_word' id='word_1_201' title='bbox 1267 2093 1697 2162; x_wconf 86' lang='lat' dir='ltr'>benevolentia,</span> <span class='ocrx_word' id='word_1_202' title='bbox 1732 2093 1807 2150; x_wconf 88' lang='lat' dir='ltr'>ab</span> <span class='ocrx_word' id='word_1_203' title='bbox 1839 2094 2123 2168; x_wconf 84' lang='lat' dir='ltr'>Apostolo</span> <span class='ocrx_word' id='word_1_204' title='bbox 2155 2093 2416 2169; x_wconf 87' lang='lat' dir='ltr'>graviter</span> <span class='ocrx_word' id='word_1_205' title='bbox 2449 2093 2794 2153; x_wconf 86' lang='lat' dir='ltr'>inculcatur.</span> 
     </span>
    </p>

    <p class='ocr_par' dir='ltr' id='par_1_5' title="bbox 338 2182 2944 2436">
     <span class='ocr_line' id='line_1_20' title="bbox 511 2182 2944 2259; baseline -0.002 -15"><span class='ocrx_word' id='word_1_206' title='bbox 511 2195 573 2244; x_wconf 74' lang='grc' dir='ltr'>θ.</span> <span class='ocrx_word' id='word_1_207' title='bbox 620 2182 704 2239; x_wconf 83' lang='lat' dir='ltr'>Ex</span> <span class='ocrx_word' id='word_1_208' title='bbox 749 2183 1294 2241; x_wconf 87' lang='lat' dir='ltr'>controversia</span> <span class='ocrx_word' id='word_1_209' title='bbox 1338 2201 1473 2242; x_wconf 87' lang='lat' dir='ltr'>cum</span> <span class='ocrx_word' id='word_1_210' title='bbox 1517 2182 1861 2259; x_wconf 86' lang='lat' dir='ltr'>pelagianis,</span> <span class='ocrx_word' id='word_1_211' title='bbox 1908 2182 2012 2258; x_wconf 92' lang='lat' dir='ltr'>qui</span> <span class='ocrx_word' id='word_1_212' title='bbox 2056 2185 2374 2258; x_wconf 82' lang='lat' dir='ltr'>propterea</span> <span class='ocrx_word' id='word_1_213' title='bbox 2403 2183 2799 2241; x_wconf 79' lang='lat' dir='ltr'>censebantur</span> <span class='ocrx_word' id='word_1_214' title='bbox 2828 2182 2944 2240; x_wconf 89' lang='lat' dir='ltr'>ini-</span> 
     </span>
     <span class='ocr_line' id='line_1_21' title="bbox 340 2269 2944 2348; baseline 0.001 -22"><span class='ocrx_word' id='word_1_215' title='bbox 340 2269 471 2327; x_wconf 88' lang='lat' dir='ltr'>mici</span> <span class='ocrx_word' id='word_1_216' title='bbox 503 2271 751 2347; x_wconf 82' lang='lat' dir='ltr'>gratiae‚</span> <span class='ocrx_word' id='word_1_217' title='bbox 785 2272 944 2347; x_wconf 88' lang='lat' dir='ltr'>quod</span> <span class='ocrx_word' id='word_1_218' title='bbox 976 2271 1352 2341; x_wconf 87' lang='lat' dir='ltr'>affirmarent,</span> <span class='ocrx_word' id='word_1_219' title='bbox 1385 2272 1632 2348; x_wconf 84' lang='lat' dir='ltr'>gratiam</span> <span class='ocrx_word' id='word_1_220' title='bbox 1667 2270 1994 2330; x_wconf 90' lang='lat' dir='ltr'>secundum</span> <span class='ocrx_word' id='word_1_221' title='bbox 2029 2272 2307 2328; x_wconf 88' lang='lat' dir='ltr'>merita</span> <span class='ocrx_word' id='word_1_222' title='bbox 2337 2270 2481 2341; x_wconf 87' lang='lat' dir='ltr'>dari,</span> <span class='ocrx_word' id='word_1_223' title='bbox 2515 2275 2585 2329; x_wconf 88' lang='lat' dir='ltr'>ut</span> <span class='ocrx_word' id='word_1_224' title='bbox 2615 2271 2846 2347; x_wconf 85' lang='lat' dir='ltr'>patebit</span> <span class='ocrx_word' id='word_1_225' title='bbox 2878 2291 2944 2328; x_wconf 82' lang='lat' dir='ltr'>ex</span> 
     </span>
     <span class='ocr_line' id='line_1_22' title="bbox 338 2359 2033 2436; baseline 0.001 -20"><span class='ocrx_word' id='word_1_226' title='bbox 338 2359 712 2427; x_wconf 82' lang='lat' dir='ltr'>testimoniis,</span> <span class='ocrx_word' id='word_1_227' title='bbox 747 2360 968 2436; x_wconf 83' lang='lat' dir='ltr'>quibus</span> <span class='ocrx_word' id='word_1_228' title='bbox 1000 2361 1216 2435; x_wconf 87' lang='lat' dir='ltr'>passim</span> <span class='ocrx_word' id='word_1_229' title='bbox 1250 2361 1313 2418; x_wconf 91' lang='lat' dir='ltr'>in</span> <span class='ocrx_word' id='word_1_230' title='bbox 1347 2360 1454 2420; x_wconf 86' lang='lat' dir='ltr'>hoc</span> <span class='ocrx_word' id='word_1_231' title='bbox 1484 2363 1745 2419; x_wconf 85' lang='lat' dir='ltr'>tractatu</span> <span class='ocrx_word' id='word_1_232' title='bbox 1778 2363 2033 2419; x_wconf 88' lang='lat' dir='ltr'>utemur.</span> 
     </span>
    </p>

    <p class='ocr_par' dir='ltr' id='par_1_6' title="bbox 335 2476 2954 3201">
     <span class='ocr_line' id='line_1_23' title="bbox 515 2476 2950 2564; baseline -0.002 -17"><span class='ocrx_word' id='word_1_233' title='bbox 515 2482 576 2547; x_wconf 79' lang='lat'>5.</span> <span class='ocrx_word' id='word_1_234' title='bbox 615 2479 879 2543; x_wconf 79' lang='lat' dir='ltr'>Gratiae</span> <span class='ocrx_word' id='word_1_235' title='bbox 899 2481 1295 2564; x_wconf 78' lang='lat' dir='ltr'>partitiones.</span> <span class='ocrx_word' id='word_1_236' title='bbox 1317 2517 1406 2528; x_wconf 91' lang='lat'>--</span> <span class='ocrx_word' id='word_1_237' title='bbox 1426 2476 1690 2544; x_wconf 83' lang='lat' dir='ltr'>Gratiae</span> <span class='ocrx_word' id='word_1_238' title='bbox 1709 2479 2040 2542; x_wconf 90' lang='lat' dir='ltr'>notionem</span> <span class='ocrx_word' id='word_1_239' title='bbox 2063 2479 2295 2560; x_wconf 84' lang='lat' dir='ltr'>excipit</span> <span class='ocrx_word' id='word_1_240' title='bbox 2314 2478 2643 2560; x_wconf 84' lang='lat' dir='ltr'>multiplex</span> <span class='ocrx_word' id='word_1_241' title='bbox 2665 2480 2950 2561; x_wconf 88' lang='lat' dir='ltr'>ejusdem</span> 
     </span>
     <span class='ocr_line' id='line_1_24' title="bbox 336 2583 2950 2669; baseline 0.001 -22"><span class='ocrx_word' id='word_1_242' title='bbox 336 2584 618 2665; x_wconf 87' lang='lat' dir='ltr'>partitio.</span> <span class='ocrx_word' id='word_1_243' title='bbox 651 2583 920 2649; x_wconf 88' lang='lat' dir='ltr'>Prima</span> <span class='ocrx_word' id='word_1_244' title='bbox 953 2591 1070 2659; x_wconf 81' lang='lat' dir='ltr'>est,</span> <span class='ocrx_word' id='word_1_245' title='bbox 1101 2603 1231 2667; x_wconf 88' lang='lat' dir='ltr'>qua</span> <span class='ocrx_word' id='word_1_246' title='bbox 1262 2602 1341 2650; x_wconf 92' lang='lat' dir='ltr'>ea</span> <span class='ocrx_word' id='word_1_247' title='bbox 1372 2584 1782 2665; x_wconf 80' lang='lat' dir='ltr'>distinguitur</span> <span class='ocrx_word' id='word_1_248' title='bbox 1813 2585 1878 2648; x_wconf 92' lang='lat' dir='ltr'>in</span> <span class='ocrx_word' id='word_1_249' title='bbox 1916 2585 2188 2666; x_wconf 82' lang='lat' dir='ltr'>gratiam</span> <span class='ocrx_word' id='word_1_250' title='bbox 2209 2586 2551 2648; x_wconf 78' lang='lat' dir='ltr'>increatam</span> <span class='ocrx_word' id='word_1_251' title='bbox 2572 2592 2638 2650; x_wconf 89' lang='lat' dir='ltr'>et</span> <span class='ocrx_word' id='word_1_252' title='bbox 2656 2592 2950 2669; x_wconf 83' lang='lat' dir='ltr'>creatam,</span> 
     </span>
     <span class='ocr_line' id='line_1_25' title="bbox 337 2690 2952 2771; baseline 0 -15"><span class='ocrx_word' id='word_1_253' title='bbox 337 2699 529 2771; x_wconf 90' lang='lat' dir='ltr'>prout</span> <span class='ocrx_word' id='word_1_254' title='bbox 561 2693 803 2756; x_wconf 91' lang='lat' dir='ltr'>donum</span> <span class='ocrx_word' id='word_1_255' title='bbox 835 2690 1142 2756; x_wconf 90' lang='lat' dir='ltr'>collatum</span> <span class='ocrx_word' id='word_1_256' title='bbox 1175 2698 1271 2757; x_wconf 92' lang='lat' dir='ltr'>est</span> <span class='ocrx_word' id='word_1_257' title='bbox 1304 2693 1405 2758; x_wconf 90' lang='lat' dir='ltr'>vel</span> <span class='ocrx_word' id='word_1_258' title='bbox 1436 2692 1794 2756; x_wconf 86' lang='lat' dir='ltr'>increatum</span> <span class='ocrx_word' id='word_1_259' title='bbox 1816 2691 1915 2757; x_wconf 87' lang='lat' dir='ltr'>vel</span> <span class='ocrx_word' id='word_1_260' title='bbox 1947 2698 2266 2757; x_wconf 88' lang='lat' dir='ltr'>creatum:</span> <span class='ocrx_word' id='word_1_261' title='bbox 2301 2699 2452 2756; x_wconf 86' lang='lat' dir='ltr'>sunt</span> <span class='ocrx_word' id='word_1_262' title='bbox 2483 2692 2652 2756; x_wconf 88' lang='lat' dir='ltr'>enirn</span> <span class='ocrx_word' id='word_1_263' title='bbox 2685 2698 2748 2758; x_wconf 91' lang='lat' dir='ltr'>et</span> <span class='ocrx_word' id='word_1_264' title='bbox 2781 2693 2952 2756; x_wconf 92' lang='lat' dir='ltr'>dona</span> 
     </span>
     <span class='ocr_line' id='line_1_26' title="bbox 338 2797 2951 2882; baseline 0.001 -23"><span class='ocrx_word' id='word_1_265' title='bbox 338 2798 649 2872; x_wconf 84' lang='lat' dir='ltr'>increata,</span> <span class='ocrx_word' id='word_1_266' title='bbox 681 2817 847 2882; x_wconf 89' lang='lat' dir='ltr'>quae</span> <span class='ocrx_word' id='word_1_267' title='bbox 866 2799 1170 2863; x_wconf 86' lang='lat' dir='ltr'>divinitus</span> <span class='ocrx_word' id='word_1_268' title='bbox 1190 2799 1377 2862; x_wconf 89' lang='lat' dir='ltr'>nobis</span> <span class='ocrx_word' id='word_1_269' title='bbox 1399 2799 1870 2873; x_wconf 86' lang='lat' dir='ltr'>conceduntur;</span> <span class='ocrx_word' id='word_1_270' title='bbox 1903 2799 1991 2861; x_wconf 89' lang='lat' dir='ltr'>ita</span> <span class='ocrx_word' id='word_1_271' title='bbox 2011 2798 2372 2879; x_wconf 84' lang='lat' dir='ltr'>unigenitus</span> <span class='ocrx_word' id='word_1_272' title='bbox 2394 2797 2506 2862; x_wconf 92' lang='lat' dir='ltr'>Dei</span> <span class='ocrx_word' id='word_1_273' title='bbox 2528 2799 2738 2875; x_wconf 83' lang='lat' dir='ltr'>Filius,</span> <span class='ocrx_word' id='word_1_274' title='bbox 2761 2817 2951 2880; x_wconf 90' lang='lat' dir='ltr'>quem</span> 
     </span>
     <span class='ocr_line' id='line_1_27' title="bbox 338 2902 2953 2988; baseline 0.001 -22"><span class='ocrx_word' id='word_1_275' title='bbox 338 2902 532 2969; x_wconf 87' lang='lat' dir='ltr'>Pater</span> <span class='ocrx_word' id='word_1_276' title='bbox 574 2904 838 2986; x_wconf 88' lang='lat' dir='ltr'>diligens</span> <span class='ocrx_word' id='word_1_277' title='bbox 873 2906 1181 2970; x_wconf 90' lang='lat' dir='ltr'>mundum</span> <span class='ocrx_word' id='word_1_278' title='bbox 1212 2905 1401 2969; x_wconf 89' lang='lat' dir='ltr'>nobis</span> <span class='ocrx_word' id='word_1_279' title='bbox 1437 2905 1612 2969; x_wconf 90' lang='lat' dir='ltr'>dedit</span> <span class='ocrx_word' id='word_1_280' title='bbox 1642 2905 1827 2970; x_wconf 85' lang='lat' dir='ltr'>Joan.</span> <span class='ocrx_word' id='word_1_281' title='bbox 1863 2911 1920 2980; x_wconf 84' lang='lat'>3.</span> <span class='ocrx_word' id='word_1_282' title='bbox 1957 2911 2071 2981; x_wconf 75' lang='lat'>163</span> <span class='ocrx_word' id='word_1_283' title='bbox 2105 2906 2194 2968; x_wconf 89' lang='lat' dir='ltr'>ita</span> <span class='ocrx_word' id='word_1_284' title='bbox 2226 2902 2500 2987; x_wconf 87' lang='lat' dir='ltr'>Spiritus</span> <span class='ocrx_word' id='word_1_285' title='bbox 2532 2911 2811 2981; x_wconf 79' lang='lat' dir='ltr'>sanctuS,</span> <span class='ocrx_word' id='word_1_286' title='bbox 2845 2905 2953 2988; x_wconf 89' lang='lat' dir='ltr'>qui</span> 
     </span>
     <span class='ocr_line' id='line_1_28' title="bbox 335 3010 2952 3095; baseline 0.002 -23"><span class='ocrx_word' id='word_1_287' title='bbox 335 3010 533 3074; x_wconf 86' lang='lat' dir='ltr'>datus</span> <span class='ocrx_word' id='word_1_288' title='bbox 566 3018 668 3077; x_wconf 90' lang='lat' dir='ltr'>est</span> <span class='ocrx_word' id='word_1_289' title='bbox 700 3011 887 3076; x_wconf 89' lang='lat' dir='ltr'>nobis</span> <span class='ocrx_word' id='word_1_290' title='bbox 907 3013 1090 3077; x_wconf 93' lang='lat' dir='ltr'>Rom.</span> <span class='ocrx_word' id='word_1_291' title='bbox 1113 3018 1172 3088; x_wconf 81' lang='lat'>5.</span> <span class='ocrx_word' id='word_1_292' title='bbox 1195 3016 1269 3088; x_wconf 81' lang='lat'>5;</span> <span class='ocrx_word' id='word_1_293' title='bbox 1300 3012 1387 3076; x_wconf 89' lang='lat' dir='ltr'>ita</span> <span class='ocrx_word' id='word_1_294' title='bbox 1422 3013 1562 3094; x_wconf 90' lang='lat' dir='ltr'>ipse</span> <span class='ocrx_word' id='word_1_295' title='bbox 1593 3012 1697 3077; x_wconf 92' lang='lat' dir='ltr'>ille</span> <span class='ocrx_word' id='word_1_296' title='bbox 1730 3030 1915 3076; x_wconf 87' lang='lat' dir='ltr'>amor</span> <span class='ocrx_word' id='word_1_297' title='bbox 1946 3013 2212 3088; x_wconf 86' lang='lat' dir='ltr'>divinus,</span> <span class='ocrx_word' id='word_1_298' title='bbox 2254 3032 2382 3095; x_wconf 91' lang='lat' dir='ltr'>quo</span> <span class='ocrx_word' id='word_1_299' title='bbox 2404 3012 2572 3078; x_wconf 89' lang='lat' dir='ltr'>Deus</span> <span class='ocrx_word' id='word_1_300' title='bbox 2592 3030 2710 3076; x_wconf 85' lang='lat' dir='ltr'>nos</span> <span class='ocrx_word' id='word_1_301' title='bbox 2731 3031 2952 3094; x_wconf 91' lang='lat' dir='ltr'>prose-</span> 
     </span>
     <span class='ocr_line' id='line_1_29' title="bbox 338 3118 2954 3201; baseline 0 -20"><span class='ocrx_word' id='word_1_302' title='bbox 338 3118 554 3199; x_wconf 85' lang='lat' dir='ltr'>quitur</span> <span class='ocrx_word' id='word_1_303' title='bbox 584 3120 820 3201; x_wconf 89' lang='lat' dir='ltr'>quique</span> <span class='ocrx_word' id='word_1_304' title='bbox 852 3119 993 3184; x_wconf 81' lang='lat' dir='ltr'>fons</span> <span class='ocrx_word' id='word_1_305' title='bbox 1026 3126 1127 3184; x_wconf 89' lang='lat' dir='ltr'>est</span> <span class='ocrx_word' id='word_1_306' title='bbox 1157 3118 1575 3183; x_wconf 86' lang='lat' dir='ltr'>inexhaustus</span> <span class='ocrx_word' id='word_1_307' title='bbox 1608 3124 1706 3183; x_wconf 84' lang='lat' dir='ltr'>tot</span> <span class='ocrx_word' id='word_1_308' title='bbox 1725 3120 2090 3200; x_wconf 87' lang='lat' dir='ltr'>gratiarum,</span> <span class='ocrx_word' id='word_1_309' title='bbox 2124 3120 2472 3184; x_wconf 82' lang='lat' dir='ltr'>maximum</span> <span class='ocrx_word' id='word_1_310' title='bbox 2493 3119 2742 3184; x_wconf 90' lang='lat' dir='ltr'>censeri</span> <span class='ocrx_word' id='word_1_311' title='bbox 2762 3118 2954 3184; x_wconf 82' lang='lat' dir='ltr'>debet</span> 
     </span>
    </p>
   </div>
   <div class='ocr_carea' id='block_1_3' title="bbox 337 3219 2330 3312">
    <p class='ocr_par' dir='ltr' id='par_1_7' title="bbox 337 3219 2330 3312">
     <span class='ocr_line' id='line_1_30' title="bbox 337 3219 2330 3312; baseline 0.002 -25"><span class='ocrx_word' id='word_1_312' title='bbox 337 3224 801 3312; x_wconf 81' lang='lat' dir='ltr'>heneficium1).</span> <span class='ocrx_word' id='word_1_313' title='bbox 863 3225 998 3290; x_wconf 89' lang='lat' dir='ltr'>Nos</span> <span class='ocrx_word' id='word_1_314' title='bbox 1030 3226 1110 3291; x_wconf 90' lang='lat' dir='ltr'>de</span> <span class='ocrx_word' id='word_1_315' title='bbox 1142 3219 1350 3306; x_wconf 79' lang='lat' dir='ltr'>gratia</span> <span class='ocrx_word' id='word_1_316' title='bbox 1382 3233 1669 3290; x_wconf 88' lang='lat' dir='ltr'>creata</span> <span class='ocrx_word' id='word_1_317' title='bbox 1700 3226 1765 3289; x_wconf 89' lang='lat' dir='ltr'>in</span> <span class='ocrx_word' id='word_1_318' title='bbox 1799 3226 2018 3307; x_wconf 87' lang='lat' dir='ltr'>primis</span> <span class='ocrx_word' id='word_1_319' title='bbox 2051 3244 2330 3307; x_wconf 83' lang='lat' dir='ltr'>agemus.</span> 
     </span>
    </p>
   </div>
   <div class='ocr_carea' id='block_1_4' title="bbox 335 3350 2952 3544">
    <p class='ocr_par' dir='ltr' id='par_1_8' title="bbox 335 3350 2952 3544">
     <span class='ocr_line' id='line_1_31' title="bbox 516 3350 2952 3433; baseline -0.002 -15"><span class='ocrx_word' id='word_1_320' title='bbox 516 3354 576 3418; x_wconf 81' lang='lat'>6.</span> <span class='ocrx_word' id='word_1_321' title='bbox 610 3350 868 3431; x_wconf 87' lang='lat' dir='ltr'>Maj0ris</span> <span class='ocrx_word' id='word_1_322' title='bbox 898 3351 1207 3416; x_wconf 90' lang='lat' dir='ltr'>momenti</span> <span class='ocrx_word' id='word_1_323' title='bbox 1238 3358 1337 3415; x_wconf 88' lang='lat' dir='ltr'>est</span> <span class='ocrx_word' id='word_1_324' title='bbox 1385 3350 1665 3415; x_wconf 88' lang='lat' dir='ltr'>altera</span> <span class='ocrx_word' id='word_1_325' title='bbox 1714 3350 1990 3432; x_wconf 84' lang='lat' dir='ltr'>partitiO,</span> <span class='ocrx_word' id='word_1_326' title='bbox 2044 3369 2172 3433; x_wconf 90' lang='lat' dir='ltr'>qua</span> <span class='ocrx_word' id='word_1_327' title='bbox 2221 3352 2426 3432; x_wconf 87' lang='lat' dir='ltr'>gratia</span> <span class='ocrx_word' id='word_1_328' title='bbox 2475 3358 2695 3416; x_wconf 86' lang='lat' dir='ltr'>creata</span> <span class='ocrx_word' id='word_1_329' title='bbox 2728 3350 2952 3414; x_wconf 87' lang='lat' dir='ltr'>distin·</span> 
     </span>
     <span class='ocr_line' id='line_1_32' title="bbox 335 3457 2634 3544; baseline 0.001 -25"><span class='ocrx_word' id='word_1_330' title='bbox 335 3457 557 3537; x_wconf 86' lang='lat' dir='ltr'>guitur</span> <span class='ocrx_word' id='word_1_331' title='bbox 587 3458 652 3520; x_wconf 90' lang='lat' dir='ltr'>in</span> <span class='ocrx_word' id='word_1_332' title='bbox 684 3459 1041 3522; x_wconf 81' lang='lat' dir='ltr'>naturalem</span> <span class='ocrx_word' id='word_1_333' title='bbox 1073 3464 1138 3522; x_wconf 91' lang='lat' dir='ltr'>et</span> <span class='ocrx_word' id='word_1_334' title='bbox 1166 3460 1711 3543; x_wconf 77' lang='lat' dir='ltr'>supernaturalem</span> <span class='ocrx_word' id='word_1_335' title='bbox 1739 3459 1813 3544; x_wconf 60' lang='grc' dir='ltr'>θ),</span> <span class='ocrx_word' id='word_1_336' title='bbox 1844 3457 1923 3523; x_wconf 93' lang='lat' dir='ltr'>de</span> <span class='ocrx_word' id='word_1_337' title='bbox 1956 3476 2083 3540; x_wconf 87' lang='lat' dir='ltr'>qua</span> <span class='ocrx_word' id='word_1_338' title='bbox 2116 3457 2520 3522; x_wconf 86' lang='lat' dir='ltr'>distinctione</span> <span class='ocrx_word' id='word_1_339' title='bbox 2553 3458 2634 3522; x_wconf 86' lang='lat' dir='ltr'>sit</span> 
     </span>
    </p>
   </div>
   <div class='ocr_carea' id='block_1_5' title="bbox 331 3580 2954 3940">
    <p class='ocr_par' dir='ltr' id='par_1_9' title="bbox 331 3580 2954 3940">
     <span class='ocr_line' id='line_1_33' title="bbox 514 3580 2954 3670; baseline 0.003 -21"><span class='ocrx_word' id='word_1_340' title='bbox 514 3583 773 3650; x_wconf 67' lang='lat' dir='ltr'>&#39;rhesis</span> <span class='ocrx_word' id='word_1_341' title='bbox 819 3580 1177 3652; x_wconf 82' lang='lat' dir='ltr'>CLXXII.</span> <span class='ocrx_word' id='word_1_342' title='bbox 1242 3605 1432 3657; x_wconf 76' lang='lat' dir='ltr'>Licet</span> <span class='ocrx_word' id='word_1_343' title='bbox 1467 3605 1648 3658; x_wconf 79' lang='lat' dir='ltr'>bona</span> <span class='ocrx_word' id='word_1_344' title='bbox 1674 3604 2051 3658; x_wconf 73' lang='lat' dir='ltr'>naturalia</span> <span class='ocrx_word' id='word_1_345' title='bbox 2075 3605 2217 3657; x_wconf 73' lang='lat' dir='ltr'>diei</span> <span class='ocrx_word' id='word_1_346' title='bbox 2252 3605 2527 3669; x_wconf 72' lang='lat' dir='ltr'>possint</span> <span class='ocrx_word' id='word_1_347' title='bbox 2552 3608 2618 3657; x_wconf 76' lang='lat' dir='ltr'>et</span> <span class='ocrx_word' id='word_1_348' title='bbox 2636 3604 2954 3670; x_wconf 74' lang='lat' dir='ltr'>quando-</span> 
     </span>
     <span class='ocr_line' id='line_1_34' title="bbox 331 3693 2953 3761; baseline 0 -16"><span class='ocrx_word' id='word_1_349' title='bbox 331 3707 464 3759; x_wconf 81' lang='lat' dir='ltr'>que</span> <span class='ocrx_word' id='word_1_350' title='bbox 504 3706 556 3745; x_wconf 88' lang='lat' dir='ltr'>a</span> <span class='ocrx_word' id='word_1_351' title='bbox 586 3693 917 3758; x_wconf 68' lang='lat' dir='ltr'>patribus</span> <span class='ocrx_word' id='word_1_352' title='bbox 953 3694 1287 3749; x_wconf 72' lang='lat' dir='ltr'>dicamur</span> <span class='ocrx_word' id='word_1_353' title='bbox 1321 3695 1577 3760; x_wconf 69' lang='lat' dir='ltr'>aratia,</span> <span class='ocrx_word' id='word_1_354' title='bbox 1613 3708 1748 3747; x_wconf 79' lang='lat' dir='ltr'>usu</span> <span class='ocrx_word' id='word_1_355' title='bbox 1799 3698 2037 3748; x_wconf 74' lang='lat' dir='ltr'>tamen</span> <span class='ocrx_word' id='word_1_356' title='bbox 2091 3695 2420 3761; x_wconf 76' lang='lat' dir='ltr'>loquendi</span> <span class='ocrx_word' id='word_1_357' title='bbox 2459 3693 2708 3747; x_wconf 70' lang='lat' dir='ltr'>biblico</span> <span class='ocrx_word' id='word_1_358' title='bbox 2745 3697 2811 3746; x_wconf 82' lang='lat' dir='ltr'>et</span> <span class='ocrx_word' id='word_1_359' title='bbox 2848 3707 2953 3745; x_wconf 86' lang='lat' dir='ltr'>ec-</span> 
     </span>
     <span class='ocr_line' id='line_1_35' title="bbox 334 3783 2951 3851; baseline -0 -15"><span class='ocrx_word' id='word_1_360' title='bbox 334 3783 721 3836; x_wconf 71' lang='lat' dir='ltr'>clesiastico</span> <span class='ocrx_word' id='word_1_361' title='bbox 759 3797 845 3836; x_wconf 84' lang='lat' dir='ltr'>ea</span> <span class='ocrx_word' id='word_1_362' title='bbox 880 3783 1108 3836; x_wconf 79' lang='lat' dir='ltr'>solum</span> <span class='ocrx_word' id='word_1_363' title='bbox 1145 3785 1333 3837; x_wconf 79' lang='lat' dir='ltr'>dona</span> <span class='ocrx_word' id='word_1_364' title='bbox 1369 3786 1610 3850; x_wconf 70' lang='lat' dir='ltr'>aratia</span> <span class='ocrx_word' id='word_1_365' title='bbox 1647 3784 1871 3837; x_wconf 77' lang='lat' dir='ltr'>solent</span> <span class='ocrx_word' id='word_1_366' title='bbox 1903 3787 2164 3850; x_wconf 72' lang='lat' dir='ltr'>vocari,</span> <span class='ocrx_word' id='word_1_367' title='bbox 2185 3798 2366 3851; x_wconf 79' lang='lat' dir='ltr'>quae</span> <span class='ocrx_word' id='word_1_368' title='bbox 2386 3788 2695 3837; x_wconf 76' lang='lat' dir='ltr'>naturae</span> <span class='ocrx_word' id='word_1_369' title='bbox 2733 3785 2951 3836; x_wconf 75' lang='lat' dir='ltr'>ratio-</span> 
     </span>
     <span class='ocr_line' id='line_1_36' title="bbox 332 3873 2952 3940; baseline -0.001 -14"><span class='ocrx_word' id='word_1_370' title='bbox 332 3873 492 3926; x_wconf 75' lang='lat' dir='ltr'>nali</span> <span class='ocrx_word' id='word_1_371' title='bbox 507 3874 739 3938; x_wconf 71' lang='lat' dir='ltr'>aratis</span> <span class='ocrx_word' id='word_1_372' title='bbox 755 3873 1216 3936; x_wconf 75' lang='lat' dir='ltr'>superaddita</span> <span class='ocrx_word' id='word_1_373' title='bbox 1230 3874 1326 3926; x_wconf 83' lang='lat' dir='ltr'>ad</span> <span class='ocrx_word' id='word_1_374' title='bbox 1341 3874 1555 3926; x_wconf 72' lang='lat' dir='ltr'>vitam</span> <span class='ocrx_word' id='word_1_375' title='bbox 1573 3877 1938 3927; x_wconf 78' lang='lat' dir='ltr'>aeternam</span> <span class='ocrx_word' id='word_1_376' title='bbox 1960 3874 2517 3940; x_wconf 76' lang='lat' dir='ltr'>consequendam</span> <span class='ocrx_word' id='word_1_377' title='bbox 2535 3873 2952 3926; x_wconf 74' lang='lat' dir='ltr'>conducunt.</span> 
     </span>
    </p>
   </div>
   <div class='ocr_carea' id='block_1_6' title="bbox 502 3990 669 3994">
    <p class='ocr_par' dir='ltr' id='par_1_10' title="bbox 502 3990 669 3994">
     <span class='ocr_line' id='line_1_37' title="bbox 502 3990 669 3994; baseline 0 0"><span class='ocrx_word' id='word_1_378' title='bbox 502 3990 669 3994; x_wconf 95' lang='lat' dir='ltr'> </span> 
     </span>
    </p>
   </div>
   <div class='ocr_carea' id='block_1_7' title="bbox 331 4051 2958 4681">
    <p class='ocr_par' dir='ltr' id='par_1_11' title="bbox 333 4051 2958 4281">
     <span class='ocr_line' id='line_1_38' title="bbox 563 4051 2958 4125; baseline -0.002 -18"><span class='ocrx_word' id='word_1_379' title='bbox 563 4057 598 4125; x_wconf 86' lang='lat'>¹)</span> <span class='ocrx_word' id='word_1_380' title='bbox 628 4054 709 4108; x_wconf 85' lang='lat' dir='ltr'>Cf.</span> <span class='ocrx_word' id='word_1_381' title='bbox 738 4053 837 4106; x_wconf 84' lang='lat' dir='ltr'>Th</span> <span class='ocrx_word' id='word_1_382' title='bbox 855 4069 887 4106; x_wconf 96' lang='lat' dir='ltr'>o</span> <span class='ocrx_word' id='word_1_383' title='bbox 905 4069 1052 4106; x_wconf 87' lang='lat' dir='ltr'>mas</span> <span class='ocrx_word' id='word_1_384' title='bbox 1081 4054 1116 4110; x_wconf 84' lang='lat'>1.</span> <span class='ocrx_word' id='word_1_385' title='bbox 1146 4069 1193 4106; x_wconf 89' lang='lat' dir='ltr'>c.</span> <span class='ocrx_word' id='word_1_386' title='bbox 1219 4053 1348 4107; x_wconf 91' lang='lat' dir='ltr'>coll.</span> <span class='ocrx_word' id='word_1_387' title='bbox 1382 4061 1399 4107; x_wconf 93' lang='lat' dir='ltr'>l</span> <span class='ocrx_word' id='word_1_388' title='bbox 1435 4072 1491 4123; x_wconf 91' lang='lat' dir='ltr'>p.</span> <span class='ocrx_word' id='word_1_389' title='bbox 1519 4071 1574 4121; x_wconf 89' lang='lat' dir='ltr'>q.</span> <span class='ocrx_word' id='word_1_390' title='bbox 1603 4061 1674 4110; x_wconf 85' lang='lat'>38</span> <span class='ocrx_word' id='word_1_391' title='bbox 1698 4070 1749 4105; x_wconf 89' lang='lat' dir='ltr'>a.</span> <span class='ocrx_word' id='word_1_392' title='bbox 1778 4058 1842 4106; x_wconf 88' lang='lat'>2:</span> <span class='ocrx_word' id='word_1_393' title='bbox 1898 4052 2101 4114; x_wconf 84' lang='lat' dir='ltr'>..Ratio</span> <span class='ocrx_word' id='word_1_394' title='bbox 2152 4051 2441 4123; x_wconf 84' lang='lat' dir='ltr'>gratuitae</span> <span class='ocrx_word' id='word_1_395' title='bbox 2493 4052 2821 4106; x_wconf 85' lang='lat' dir='ltr'>donationis</span> <span class='ocrx_word' id='word_1_396' title='bbox 2871 4055 2958 4105; x_wconf 86' lang='lat' dir='ltr'>est</span> 
     </span>
     <span class='ocr_line' id='line_1_39' title="bbox 333 4211 1934 4281; baseline 0.001 -16"><span class='ocrx_word' id='word_1_397' title='bbox 333 4212 493 4280; x_wconf 87' lang='lat' dir='ltr'>quod</span> <span class='ocrx_word' id='word_1_398' title='bbox 520 4211 724 4267; x_wconf 85' lang='lat' dir='ltr'>damus</span> <span class='ocrx_word' id='word_1_399' title='bbox 750 4212 820 4276; x_wconf 90' lang='lat' dir='ltr'>ei,</span> <span class='ocrx_word' id='word_1_400' title='bbox 846 4215 929 4265; x_wconf 86' lang='lat' dir='ltr'>est</span> <span class='ocrx_word' id='word_1_401' title='bbox 953 4229 1128 4276; x_wconf 90' lang='lat' dir='ltr'>amor,</span> <span class='ocrx_word' id='word_1_402' title='bbox 1156 4229 1270 4281; x_wconf 92' lang='lat' dir='ltr'>quo</span> <span class='ocrx_word' id='word_1_403' title='bbox 1297 4214 1563 4267; x_wconf 84' lang='lat' dir='ltr'>volumus</span> <span class='ocrx_word' id='word_1_404' title='bbox 1590 4213 1643 4267; x_wconf 90' lang='lat' dir='ltr'>ei</span> <span class='ocrx_word' id='word_1_405' title='bbox 1672 4215 1934 4267; x_wconf 82' lang='lat' dir='ltr'>bonum.“</span> 
     </span>
    </p>

    <p class='ocr_par' dir='ltr' id='par_1_12' title="bbox 331 4289 2953 4681">
     <span class='ocr_line' id='line_1_40' title="bbox 558 4289 2952 4363; baseline -0.001 -19"><span class='ocrx_word' id='word_1_406' title='bbox 558 4299 596 4363; x_wconf 86' lang='lat'>²)</span> <span class='ocrx_word' id='word_1_407' title='bbox 626 4293 717 4346; x_wconf 89' lang='lat' dir='ltr'>Ab</span> <span class='ocrx_word' id='word_1_408' title='bbox 743 4293 849 4346; x_wconf 90' lang='lat' dir='ltr'>hac</span> <span class='ocrx_word' id='word_1_409' title='bbox 874 4292 1242 4348; x_wconf 87' lang='lat' dir='ltr'>distinctione</span> <span class='ocrx_word' id='word_1_410' title='bbox 1268 4310 1384 4346; x_wconf 88' lang='lat' dir='ltr'>non</span> <span class='ocrx_word' id='word_1_411' title='bbox 1412 4294 1659 4347; x_wconf 88' lang='lat' dir='ltr'>multum</span> <span class='ocrx_word' id='word_1_412' title='bbox 1703 4292 1898 4346; x_wconf 81' lang='lat' dir='ltr'>differt</span> <span class='ocrx_word' id='word_1_413' title='bbox 1936 4294 2034 4348; x_wconf 87' lang='lat' dir='ltr'>illa</span> <span class='ocrx_word' id='word_1_414' title='bbox 2078 4292 2439 4362; x_wconf 86' lang='lat' dir='ltr'>quorundam</span> <span class='ocrx_word' id='word_1_415' title='bbox 2467 4292 2864 4361; x_wconf 87' lang='lat' dir='ltr'>theologorum</span> <span class='ocrx_word' id='word_1_416' title='bbox 2890 4289 2952 4342; x_wconf 90' lang='lat' dir='ltr'>in</span> 
     </span>
     <span class='ocr_line' id='line_1_41' title="bbox 331 4369 2953 4443; baseline -0.002 -18"><span class='ocrx_word' id='word_1_417' title='bbox 331 4371 585 4442; x_wconf 80' lang='lat' dir='ltr'>gratiam</span> <span class='ocrx_word' id='word_1_418' title='bbox 614 4375 968 4439; x_wconf 61' lang='lat' dir='ltr'>theologicam,</span> <span class='ocrx_word' id='word_1_419' title='bbox 995 4388 1142 4440; x_wconf 84' lang='lat' dir='ltr'>quae</span> <span class='ocrx_word' id='word_1_420' title='bbox 1170 4371 1364 4425; x_wconf 88' lang='lat' dir='ltr'>eadem</span> <span class='ocrx_word' id='word_1_421' title='bbox 1394 4374 1480 4425; x_wconf 87' lang='lat' dir='ltr'>est</span> <span class='ocrx_word' id='word_1_422' title='bbox 1503 4389 1633 4425; x_wconf 88' lang='lat' dir='ltr'>cum</span> <span class='ocrx_word' id='word_1_423' title='bbox 1660 4372 1848 4442; x_wconf 86' lang='lat' dir='ltr'>gratia</span> <span class='ocrx_word' id='word_1_424' title='bbox 1870 4372 2293 4443; x_wconf 80' lang='lat' dir='ltr'>supernaturali</span> <span class='ocrx_word' id='word_1_425' title='bbox 2313 4374 2371 4425; x_wconf 92' lang='lat' dir='ltr'>et</span> <span class='ocrx_word' id='word_1_426' title='bbox 2390 4373 2663 4433; x_wconf 80' lang='lat' dir='ltr'>elevante,</span> <span class='ocrx_word' id='word_1_427' title='bbox 2685 4369 2821 4422; x_wconf 88' lang='lat' dir='ltr'>etin</span> <span class='ocrx_word' id='word_1_428' title='bbox 2836 4372 2953 4438; x_wconf 77' lang='lat' dir='ltr'>phi·</span> 
     </span>
     <span class='ocr_line' id='line_1_42' title="bbox 333 4450 2952 4520; baseline -0.002 -16"><span class='ocrx_word' id='word_1_429' title='bbox 333 4454 679 4520; x_wconf 74' lang='lat' dir='ltr'>Iosophicam,</span> <span class='ocrx_word' id='word_1_430' title='bbox 706 4467 852 4519; x_wconf 89' lang='lat' dir='ltr'>quae</span> <span class='ocrx_word' id='word_1_431' title='bbox 879 4451 1206 4506; x_wconf 87' lang='lat' dir='ltr'>continetur</span> <span class='ocrx_word' id='word_1_432' title='bbox 1232 4451 1484 4516; x_wconf 81' lang='lat' dir='ltr'>auxiliis,</span> <span class='ocrx_word' id='word_1_433' title='bbox 1512 4468 1659 4519; x_wconf 89' lang='lat' dir='ltr'>quae</span> <span class='ocrx_word' id='word_1_434' title='bbox 1687 4450 1840 4504; x_wconf 89' lang='lat' dir='ltr'>Deus</span> <span class='ocrx_word' id='word_1_435' title='bbox 1865 4453 2079 4519; x_wconf 83' lang='lat' dir='ltr'>absque</span> <span class='ocrx_word' id='word_1_436' title='bbox 2108 4451 2301 4506; x_wconf 85' lang='lat' dir='ltr'>debito</span> <span class='ocrx_word' id='word_1_437' title='bbox 2344 4453 2410 4503; x_wconf 88' lang='lat' dir='ltr'>ut</span> <span class='ocrx_word' id='word_1_438' title='bbox 2434 4450 2661 4520; x_wconf 87' lang='lat' dir='ltr'>sapiens</span> <span class='ocrx_word' id='word_1_439' title='bbox 2687 4453 2745 4502; x_wconf 90' lang='lat' dir='ltr'>et</span> <span class='ocrx_word' id='word_1_440' title='bbox 2771 4450 2952 4502; x_wconf 87' lang='lat' dir='ltr'>bonus</span> 
     </span>
     <span class='ocr_line' id='line_1_43' title="bbox 333 4529 2950 4602; baseline -0.002 -20"><span class='ocrx_word' id='word_1_441' title='bbox 333 4529 621 4584; x_wconf 82' lang='lat' dir='ltr'>Dominus</span> <span class='ocrx_word' id='word_1_442' title='bbox 645 4547 711 4585; x_wconf 87' lang='lat' dir='ltr'>ac</span> <span class='ocrx_word' id='word_1_443' title='bbox 738 4531 994 4602; x_wconf 80' lang='lat' dir='ltr'>provisor</span> <span class='ocrx_word' id='word_1_444' title='bbox 1021 4531 1363 4585; x_wconf 83' lang='lat' dir='ltr'>distribuere</span> <span class='ocrx_word' id='word_1_445' title='bbox 1390 4535 1579 4602; x_wconf 85' lang='lat' dir='ltr'>posset</span> <span class='ocrx_word' id='word_1_446' title='bbox 1605 4533 1663 4585; x_wconf 92' lang='lat' dir='ltr'>et</span> <span class='ocrx_word' id='word_1_447' title='bbox 1687 4530 1860 4584; x_wconf 84' lang='lat' dir='ltr'>etiam</span> <span class='ocrx_word' id='word_1_448' title='bbox 1896 4531 2265 4586; x_wconf 79' lang='lat' dir='ltr'>distribueret</span> <span class='ocrx_word' id='word_1_449' title='bbox 2303 4532 2363 4584; x_wconf 89' lang='lat' dir='ltr'>in</span> <span class='ocrx_word' id='word_1_450' title='bbox 2393 4533 2545 4584; x_wconf 85' lang='lat' dir='ltr'>statu</span> <span class='ocrx_word' id='word_1_451' title='bbox 2573 4532 2811 4582; x_wconf 86' lang='lat' dir='ltr'>naturae</span> <span class='ocrx_word' id='word_1_452' title='bbox 2838 4544 2950 4582; x_wconf 88' lang='lat' dir='ltr'>non</span> 
     </span>
     <span class='ocr_line' id='line_1_44' title="bbox 333 4607 2952 4681; baseline -0.002 -18"><span class='ocrx_word' id='word_1_453' title='bbox 333 4610 612 4675; x_wconf 77' lang='lat' dir='ltr'>elevatae,</span> <span class='ocrx_word' id='word_1_454' title='bbox 642 4609 880 4681; x_wconf 86' lang='lat' dir='ltr'>proinde</span> <span class='ocrx_word' id='word_1_455' title='bbox 906 4610 1103 4680; x_wconf 84' lang='lat' dir='ltr'>gratis,</span> <span class='ocrx_word' id='word_1_456' title='bbox 1120 4610 1275 4679; x_wconf 90' lang='lat' dir='ltr'>quod</span> <span class='ocrx_word' id='word_1_457' title='bbox 1292 4610 1565 4664; x_wconf 85' lang='lat' dir='ltr'>nimirum</span> <span class='ocrx_word' id='word_1_458' title='bbox 1580 4611 1699 4663; x_wconf 88' lang='lat' dir='ltr'>sint</span> <span class='ocrx_word' id='word_1_459' title='bbox 1715 4612 1987 4664; x_wconf 86' lang='lat' dir='ltr'>beneficia</span> <span class='ocrx_word' id='word_1_460' title='bbox 2002 4627 2036 4663; x_wconf 87' lang='lat' dir='ltr'>a</span> <span class='ocrx_word' id='word_1_461' title='bbox 2051 4610 2354 4665; x_wconf 87' lang='lat' dir='ltr'>creationis</span> <span class='ocrx_word' id='word_1_462' title='bbox 2373 4608 2643 4663; x_wconf 88' lang='lat' dir='ltr'>beneficio</span> <span class='ocrx_word' id='word_1_463' title='bbox 2665 4607 2952 4666; x_wconf 83' lang='lat' dir='ltr'>distincta.</span> 
     </span>
    </p>
   </div>
   <div class='ocr_carea' id='block_1_8' title="bbox 335 4689 995 4747">
    <p class='ocr_par' dir='ltr' id='par_1_13' title="bbox 335 4689 995 4747">
     <span class='ocr_line' id='line_1_45' title="bbox 335 4689 995 4747; baseline 0 -4"><span class='ocrx_word' id='word_1_464' title='bbox 335 4689 418 4747; x_wconf 86' lang='lat' dir='ltr'>Cf.</span> <span class='ocrx_word' id='word_1_465' title='bbox 448 4689 811 4745; x_wconf 85' lang='lat' dir='ltr'>Palmieri</span> <span class='ocrx_word' id='word_1_466' title='bbox 838 4691 918 4744; x_wconf 83' lang='lat' dir='ltr'>th.</span> <span class='ocrx_word' id='word_1_467' title='bbox 945 4698 995 4746; x_wconf 80' lang='lat'>2.</span> 
     </span>
    </p>
   </div>
  </div>
 </body>
</html>
