3538 5364
999 268 1374 338 Exceptiones
1399 272 1596 324 contra
1623 270 1996 325 confessionis
2023 270 2431 328 necessitatem.
2892 278 3025 343 479

412 456 732 532 publicitas
764 458 825 513 et
854 456 1107 526 fructus,
1144 455 1248 529 qui
1294 458 1386 513 est
1433 456 1874 516 condemnatio:
1924 457 2007 516 ibi
2053 458 2245 516 altum
2279 460 2572 516 secretum
2604 461 2666 517 et
2698 457 3025 526 silentium,

410 546 642 604 fructus
675 545 845 603 venia
875 547 935 602 et
966 544 1275 603 absolutio.
1340 545 1709 621 Comparatio
1762 547 1961 605 solatii
2012 547 2209 622 plena,
2255 553 2675 624 argumentum
2722 547 3028 624 egregium

412 635 709 693 concionis
742 637 802 691 et
836 634 1359 693 commendationis
1392 634 1628 693 divinae
1660 635 2099 694 misericordiae
2129 640 2191 694 et
2210 636 2401 712 ipsius
2420 636 2805 695 confessionis
2838 653 3027 694 sacra-

413 723 707 782 mentalis.

591 848 738 910 494.
770 843 1319 910 Demonstrati«)
1352 864 1426 929 p.
1465 843 1541 912 V.
1605 842 2037 908 Concedimus
2089 844 2369 926 quidem,
2418 851 2637 925 patres
2686 844 2834 907 hinc
2884 842 3030 906 inde

413 949 613 1031 plura,
648 949 1039 1031 quandoque
1071 968 1205 1026 seit,
1237 956 1503 1030 septem,
1537 968 1575 1014 o
1595 968 1629 1012 c
1651 958 1729 1014 to
1762 957 2020 1033 praeter
2040 951 2513 1017 confessionem
2534 968 2874 1015 recensere
2894 968 3030 1012 me-

414 1057 518 1120 dia
534 1059 597 1142 1),
632 1056 861 1139 quibus
892 1063 1268 1139 peccatores
1301 1057 1638 1121 criminum
1684 1076 1949 1121 suorum
1996 1059 2252 1122 veniam
2296 1058 2600 1139 consequi
2648 1057 2915 1138 possint,
2961 1063 3033 1119 ut

414 1164 875 1246 eleemosynas
909 1163 1454 1228 condonationem
1486 1163 1892 1246 injuriarium
1937 1173 2052 1229 etc.
2116 1165 2267 1229 Inde
2313 1172 2533 1229 tamen
2565 1183 2695 1227 non
2727 1164 3033 1245 sequitur,

414 1268 882 1334 confessionem
916 1289 1058 1336 esse
1091 1275 1344 1336 tantum
1377 1269 1599 1335 utilem
1631 1269 1731 1336 vel
1762 1271 1843 1336 de
1876 1271 2162 1346 consilio,
2196 1278 2265 1336 ut
2299 1270 2486 1336 utiles
2506 1290 2561 1333 v.
2585 1289 2670 1350 gr.
2693 1277 2846 1334 sunt
2864 1270 3032 1333 elee-

418 1394 728 1458 mosynae
762 1383 879 1441 etc.
943 1376 1109 1441 Nam
1163 1379 1225 1445 1.
1278 1378 1444 1440 inter
1493 1377 1807 1458 ejusmodi
1851 1378 2136 1444 remedia
2183 1384 2522 1442 recensent
2572 1383 2788 1458 patres
2838 1377 3032 1442 etiam

413 1484 833 1564 baptismum:
865 1491 1205 1566 propterea
1239 1502 1393 1547 vero
1428 1502 1619 1548 nemo
1656 1483 1901 1561 inferet,
1937 1484 2076 1548 illos
2110 1484 2409 1565 baptismi
2448 1484 2896 1548 necessitatem
2917 1502 3032 1547 ne-

413 1608 614 1672 gasse.
649 1590 811 1669 Ergo
847 1608 887 1651 a
920 1589 1078 1670 pari,
1114 1607 1193 1652 ex
1227 1607 1305 1652 eo
1329 1588 1500 1670 quod
1523 1587 1996 1653 confessionem
2018 1588 2447 1655 adnumerant
2464 1589 2584 1654 illis
2604 1590 2846 1666 mediiS,
2869 1608 3035 1672 quae

413 1715 545 1761 non
577 1696 741 1761 adeo
775 1696 1143 1760 necessaria
1176 1703 1345 1769 sunt,
1377 1713 1509 1759 non
1541 1696 1846 1777 sequitur,
1878 1694 2020 1759 illos
2052 1694 2472 1760 confessionis
2506 1716 2776 1779 negasse
2808 1716 3034 1761 neces-

412 1805 683 1869 sitatem.
717 1801 930 1881 Quare
961 1804 1028 1871 2.
1063 1800 1408 1866 dicendum
1443 1808 1559 1877 est,
1594 1819 1705 1865 eos
1739 1819 2077 1867 recensere
2122 1801 2335 1865 media
2379 1802 2503 1879 illa,
2555 1822 2721 1886 quae
2754 1803 2854 1868 vel
2885 1821 3033 1867 me-

413 1911 586 1974 diat
607 1929 642 1974 e
678 1909 773 1974 vel
807 1909 1300 1984 immediate,
1353 1908 1598 1973 directe
1631 1909 1730 1972 vel
1763 1908 2076 1973 indirecte
2108 1915 2178 1971 ut
2210 1908 2662 1990 dispositiones
2695 1910 2777 1974 ad
2809 1910 3034 1974 remis-

415 2019 663 2083 sionem
695 2023 1111 2098 peccatorum
1145 2017 1539 2091 conducunt,
1576 2034 1872 2098 quaeque
1905 2017 2005 2080 vei
2038 2019 2406 2082 necessaria
2426 2018 2526 2082 vel
2547 2017 2898 2081 admodum
2918 2036 3034 2097 op-

415 2132 694 2207 portuna
725 2124 807 2188 ad
841 2142 985 2187 eam
1020 2130 1186 2187 sunt.
1250 2122 1598 2188 Praeterea
1629 2124 1692 2194 3.
1725 2124 2073 2205 loquuntur
2119 2126 2198 2189 de
2244 2125 2469 2190 mediis
2516 2125 2599 2188 ad
2632 2143 3035 2206 consequen-

420 2231 563 2294 dam
617 2236 1030 2313 peccatorum
1081 2229 1526 2295 remissionem
1576 2230 2001 2294 intensive
2052 2239 2116 2295 et
2167 2233 2591 2297 extentive
2653 2230 3034 2313 perfectam:

419 2338 763 2412 extensive,
798 2355 927 2419 qua
957 2337 1364 2401 remittantur
1409 2337 1603 2402 etiam
1651 2345 1923 2418 peccata
1968 2339 2276 2414 venialia:
2323 2340 2635 2404 intensive
2666 2337 3034 2420 perfectam,

416 2462 544 2526 qua
575 2452 885 2508 sanentur
916 2445 1112 2508 etiam
1146 2443 1458 2525 reliquiae
1491 2451 1932 2526 peccatorum,
1952 2451 2024 2508 ut
2044 2444 2302 2509 habitus
2334 2445 2534 2526 pravi,
2568 2451 2634 2509 et
2663 2444 3036 2508 relaxentur

416 2570 640 2615 omnes
671 2569 922 2633 poenae
957 2552 1362 2633 temporales.
1421 2551 1615 2633 Atqui
1649 2551 1731 2615 ad
1766 2552 2081 2633 ejusmodi
2112 2551 2559 2615 remissionem
2593 2552 2866 2633 plurima
2899 2569 3035 2614 me-

418 2657 522 2722 dia
555 2675 686 2742 una
717 2676 863 2722 cum
895 2657 1216 2740 baptismo
1252 2666 1316 2723 et
1347 2658 1750 2723 confessione
1785 2659 2166 2723 conducunt.

600 2797 744 2849 495.
777 2783 1328 2852 Demonstrati«)
1360 2804 1429 2869 p.
1465 2784 1584 2853 VI.
1647 2790 1844 2847 Canon
1880 2796 1959 2850 33
2009 2787 2239 2847 concilii
2285 2787 2827 2847 cabilonensis
2859 2781 3034 2869 (Cha-

418 2871 578 2956 lons)
614 2875 689 2937 II.
721 2897 773 2938 a.
807 2886 931 2939 813
967 2877 1054 2935 ita
1084 2878 1291 2935 habet:
1344 2877 1639 2947 ,Quidam
1685 2878 1806 2936 Deo
1851 2877 2218 2936 solummode
2266 2877 2533 2935 confiteri
2582 2877 2795 2935 debere
2828 2876 3038 2934 dicunt

419 2968 673 3039 peccata,
709 2966 951 3041 quidam
983 2985 1120 3024 vero
1141 2966 1548 3025 sacerdotibus
1572 2965 1906 3025 confitenda
1936 2985 2061 3025 esse
2093 2969 2462 3041 percensent.
2512 2964 2679 3034 Quod
2710 2970 3036 3039 utrumque

419 3072 540 3111 non
571 3054 698 3112 sine
731 3074 944 3131 magno
977 3056 1179 3114 fructu
1209 3056 1367 3113 intra
1399 3074 1446 3117 s,
1478 3055 1801 3113 Ecclesiam
1833 3055 1916 3125 fit,
1950 3056 2035 3113 ita
2067 3055 2392 3124 dumtaxat,
2439 3058 2512 3112 ut
2543 3057 2605 3113 et
2636 3054 2773 3125 DeO,
2808 3054 2913 3129 qui
2944 3073 3036 3111 re-

419 3142 633 3201 missor
677 3147 769 3202 est
813 3149 1204 3220 peccatorum,
1252 3145 1637 3203 confiteamur
1668 3148 1905 3220 peccata
1936 3146 2138 3202 nostra
2172 3188 2185 3200 .
2219 3190 2232 3202 .
2266 3189 2280 3202 .
2326 3150 2388 3201 et
2433 3143 2759 3202 secundum
2790 3142 3036 3201 institu-

419 3232 646 3290 tionem
675 3234 934 3308 apostoli
967 3235 1112 3308 (Jac.
1148 3244 1203 3305 5,
1246 3230 1351 3313 16)
1400 3233 1786 3292 confiteamur
1817 3233 2174 3292 alterutrum
2213 3236 2452 3308 peccata
2496 3237 2703 3291 nostra
2735 3280 2749 3293 .
2783 3283 2795 3295 .
2830 3280 2844 3295 .
2890 3232 3037 3290 Con-

421 3321 600 3379 fessio
631 3321 851 3398 itaque,
887 3342 1036 3398 quae
1069 3324 1188 3381 Deo
1222 3322 1305 3391 fit,
1343 3327 1560 3399 purgat
1591 3329 1857 3399 peccata:
1905 3342 1976 3380 ea
2021 3340 2176 3392 ver0,
2224 3341 2374 3397 quae
2408 3322 2700 3380 sacerdoti
2733 3322 2817 3392 fit,
2870 3320 3040 3378 docet

419 3409 678 3485 qualiter
709 3415 1042 3488 purgentur
1072 3413 1200 3487 ipsa
1230 3415 1483 3486 peccata.
1547 3412 1705 3470 Deus
1738 3431 1993 3486 namque
2041 3411 2253 3469 salutis
2300 3416 2361 3469 et
2407 3411 2680 3469 sanitatis
2726 3414 2933 3470 auctor
2979 3414 3040 3468 et

422 3497 670 3575 largitor
719 3501 1073 3576 plerumque
1124 3503 1273 3559 hanc
1322 3502 1567 3575 praebet
1624 3520 1762 3558 suae
1820 3500 2119 3576 potentiae
2169 3499 2458 3558 invisibili
2506 3499 3037 3572 administratione,

418 3588 774 3663 plerumque
796 3590 1151 3648 medicorum
1186 3589 1585 3665 operatione.‘
1623 3624 1709 3631 —-
1741 3589 1963 3648 Verum
2001 3585 2060 3651 l.
2094 3588 2191 3646 vix
2225 3589 2503 3647 credibile
2535 3593 2643 3659 est,
2678 3589 2836 3648 hunc
2867 3607 3037 3646 cano·

421 3695 555 3735 nem
599 3678 894 3737 adversari
945 3679 1337 3753 praecedenti,
1392 3697 1511 3754 quo
1558 3678 1943 3737 confessionis
1989 3678 2304 3755 integritas
2352 3678 2714 3736 inculcatur:
2772 3678 2926 3745 ,Sed
2978 3680 3038 3735 et

418 3766 529 3823 boc
560 3767 967 3826 emendatione
1002 3768 1271 3845 indigere
1301 3768 1727 3843 perspeximus,
1777 3768 1935 3842 quod
1970 3767 2212 3842 quidam
2244 3786 2380 3825 cum
2413 3766 2772 3825 confitentur
2802 3769 3039 3841 peccata

423 3873 531 3913 sua
562 3855 983 3927 sacerdotibus,
1017 3876 1136 3915 non
1167 3857 1340 3933 plene
1374 3857 1433 3914 id
1468 3856 1698 3916 faciant.
1746 3856 1898 3925 Quia
1929 3875 2069 3932 ergo
2091 3860 2339 3926 constat,
2374 3856 2668 3914 'nominem
2703 3874 2771 3913 ex
2805 3854 3037 3913 duabus

421 3961 551 4001 esse
584 3945 954 4015 substantiis,
1003 3946 1201 4004 anima
1238 3946 1516 4004 videlicet
1561 3950 1621 4004 et
1668 3964 1922 4019 corpore,
1972 3950 2032 4003 et
2078 3946 2377 4003 interdum
2410 3944 2592 4002 animi
2624 3948 2806 4014 motu,
2852 3945 3036 4001 inter-

643 4173 678 4235 ι)
707 4168 793 4219 Ita
821 4169 865 4220 Ο
884 4168 940 4220 ri
961 4184 1044 4237 ge
1063 4185 1144 4221 ne
1162 4187 1187 4221 s
1232 4170 1383 4223 hom.
1413 4178 1443 4225 2
1489 4169 1551 4223 in
1579 4169 1757 4229 Levit,
1804 4175 2058 4224 recenset
2107 4170 2291 4224 media.
2333 4174 2548 4239 septem
2589 4168 2932 4223 obtinendae
2960 4186 3038 4221 re·

423 4245 709 4300 missionis
736 4250 1115 4318 peccatorum,
1143 4267 1313 4317 quem
1340 4249 1603 4318 sequitur
1628 4251 1658 4303 J
1678 4268 1710 4304 o
1729 4270 1764 4304 n
1787 4267 1820 4303 a
1836 4269 1861 4304 s
1886 4250 2299 4304 aurelianensis
2327 4250 2395 4302 de
2419 4249 2598 4305 instit.
2620 4248 2812 4302 laicali
2833 4249 2867 4302 l.
2895 4258 2918 4304 1
2944 4266 2988 4301 c.
3008 4260 3037 4303 5

422 4325 691 4396 (Migne
722 4329 1570 4399 105,130)et'rheodolfus
1598 4348 1720 4399 cap.
1747 4335 1816 4387 36
1844 4331 2112 4401 (Migne
2144 4338 2260 4394 105,
2288 4338 2444 4393 2033:
2485 4348 2581 4383 sex
2608 4330 3039 4398 Chrysosto-

425 4427 478 4461 m
499 4426 530 4459 u
550 4426 574 4461 s
602 4408 752 4460 hom.
779 4417 813 4464 4
838 4408 898 4460 in
926 4415 975 4463 2.
1004 4408 1127 4462 Cor.
1155 4428 1210 4462 n.
1232 4418 1264 4466 6
1282 4432 1293 4471 ;
1322 4414 1448 4465 octo
1478 4409 1517 4464 C
1534 4426 1567 4463 a
1585 4428 1610 4463 s
1626 4411 1736 4464 sio
1754 4411 1791 4463 d
1808 4428 1840 4466 o
1857 4430 1884 4464 r
1900 4430 1937 4464 ιι
1956 4430 1981 4464 s
2007 4413 2183 4483 praef.
2205 4411 2266 4465 in
2284 4411 2371 4466 ΡΒ.
2395 4419 2426 4468 6
2447 4410 2753 4481 adjiciens:
2785 4411 3039 4473 „Inveni-

426 4491 601 4541 untur
627 4492 685 4542 et
709 4488 811 4542 alii
837 4491 1074 4543 fortasse
1101 4491 1257 4545 modi
1282 4491 1632 4545 remissionis
1650 4506 1694 4551 :⁶⁴
1741 4491 1997 4560 quinque
2037 4508 2167 4561 auc
2184 4496 2254 4547 to
2271 4511 2298 4545 r
2338 4492 2542 4546 scholii
2572 4501 2603 4550 6
2647 4493 2707 4546 in
2736 4492 2979 4561 gradum
3008 4499 3039 4548 9

423 4568 607 4621 scalae
632 4568 885 4636 paradisi
912 4568 1175 4627 Climaci:
1204 4570 1505 4624 duodecim
1535 4589 1574 4625 s.
1604 4571 1644 4624 C
1660 4588 1692 4623 a
1711 4588 1739 4625 e
1757 4590 1782 4624 s
1798 4587 1832 4623 a
1849 4571 1911 4624 ri
1930 4589 1965 4624 u
1984 4590 2007 4624 s
2036 4575 2146 4643 (vel
2171 4572 2362 4640 quivis
2383 4572 2533 4625 alius
2552 4576 2770 4643 auctor)
2800 4574 2949 4626 hom.
2978 4579 3040 4628 13

423 4647 691 4718 (Migne
719 4652 804 4712 67,
837 4652 1023 4722 1075);
1049 4651 1216 4721 plura
1241 4651 1414 4705 etiam
1441 4650 1630 4704 Pinu
1650 4651 1806 4704 fius
1830 4652 1986 4723 apud
2016 4652 2454 4708 Cassianum
2482 4655 2608 4708 coll.
2631 4662 2698 4709 20
2725 4672 2769 4707 c.
2790 4660 2842 4720 8,
2870 4670 3039 4721 quem

425 4728 685 4795 sequitur
712 4728 980 4783 Rabanus
1007 4731 1062 4783 M
1084 4748 1117 4783 a
1135 4750 1172 4784 ιι
1191 4750 1216 4784 r
1233 4751 1270 4785 ιι
1291 4749 1315 4784 s
1342 4731 1410 4784 de
1440 4732 1606 4785 modo
1635 4732 1850 4801 poenit.
1877 4748 1924 4786 c.
1954 4740 2022 4789 23
2048 4736 2152 4786 etc.
