3538 5364
549 262 676 328 196
974 250 1158 304 Tract.
1186 251 1335 305 vm.
1362 248 1432 302 de
1459 246 1679 302 merito.
1708 245 2078 301 conditiones
2103 241 2298 298 meriti
2323 259 2390 298 ex
2417 243 2579 314 parte
2605 240 2728 297 Dei.

542 456 693 499 rare
707 458 734 515 ,⁰
764 434 914 519 quia
944 453 1056 496 nee
1088 452 1262 517 opace,
1308 451 1417 494 nec
1461 431 1651 513 rotie,
1698 448 1807 492 nee
1837 426 2173 510 sapientia,
2203 445 2313 489 nec
2342 425 2596 487 seientia
2641 428 2824 488 erunt
2857 424 3028 511 apud
3057 427 3155 487 in-

541 542 751 625 feros;
805 545 905 616 11,
938 545 1012 614 3;
1060 538 1245 604 Joan.
1279 541 1338 615 9,
1371 541 1445 613 43
1508 535 1685 599 Venit
1718 555 1862 609 nox,
1897 534 2149 619 quando
2196 551 2372 595 nemo
2409 536 2612 616 potest
2656 533 2910 617 operari
2926 554 2950 610 ,·
2997 550 3156 613 qua-

542 654 805 730 propter
836 648 906 717 d.
939 651 1211 711 testatur
1229 643 1465 708 Paulus
1486 642 1813 723 obJ‘ectum
1825 639 2051 723 judicii
2081 645 2274 721 atque
2294 639 2530 702 idcirco
2551 637 2987 702 retributionis
3020 657 3160 703 esse

536 757 811 839 propria
841 754 1120 837 corpor-is
1148 750 1188 813 i.
1221 770 1274 816 e.
1308 767 1475 832 quae
1505 767 1622 830 per
1651 766 1885 829 corpus
1907 747 2225 827 gessimus
2258 752 2332 813 τὰ
2364 749 2464 812 διὰ
2496 758 2602 813 τοῦ
2635 754 2918 834 σώματος
2939 750 2995 814 2.
3019 744 3159 809 Cor.

543 868 603 940 5,
640 867 755 932 10:
787 861 1014 925 Omnes
1044 878 1157 922 nos
1186 856 1589 940 manifestari
1619 860 1856 939 oportet
1877 860 2020 918 ante
2039 852 2319 917 tribunal
2341 851 2593 936 Christi,
2614 849 2940 933 utreferat
2968 872 3159 915 unus-

542 970 797 1054 quisque
822 969 1096 1052 propria
1127 965 1425 1049 eorporis,
1445 968 1643 1048 prout
1668 963 1857 1047 yessit
1887 962 2011 1023 sive
2042 961 2268 1024 bonum
2299 962 2422 1024 sive
2455 959 2691 1023 malum
2724 964 2846 1023 etc.

722 1077 788 1143 3.
822 1073 1204 1157 Requiritur,
1236 1077 1308 1136 ut
1338 1070 1447 1152 qui
1477 1074 1696 1145 meret,
1729 1067 1871 1143 sibi,
1904 1086 2038 1131 non
2069 1066 2254 1131 alteri
2285 1072 2549 1141 mereat,
2588 1083 2736 1129 cum
2756 1066 3165 1147 inpraesenti

543 1201 759 1249 rerum
790 1181 1013 1246 ordine
1044 1197 1236 1243 nemo
1269 1176 1454 1242 alteri
1487 1176 1692 1257 possit
1739 1175 2054 1255 condigne
2088 1191 2352 1238 merere.
2417 1173 2592 1237 Haec
2638 1173 2810 1237 enim
2843 1179 2942 1238 est
2973 1191 3164 1255 prae-

542 1290 836 1370 rogativa
865 1286 1054 1351 unius
1084 1283 1334 1361 Christi,
1367 1290 1438 1348 ut
1469 1283 1705 1347 docent
1733 1281 2017 1362 theologi
2049 1298 2197 1345 cum
2231 1300 2279 1343 s,
2312 1280 2472 1344 Tho
2490 1298 2612 1344 ma
2644 1279 2710 1342 in
2739 1285 2787 1346 1.
2809 1286 2850 1348 2
2873 1300 2929 1363 q.
2961 1285 3088 1348 114
3108 1298 3166 1344 a.

546 1403 586 1466 6
619 1402 685 1461 et
713 1396 778 1459 in
809 1399 869 1461 4.
902 1394 960 1457 d.
996 1396 1077 1462 27
1112 1410 1169 1456 a.
1204 1398 1243 1460 6
1277 1396 1394 1456 etc.
1428 1389 1716 1453 Diximus
1734 1389 1802 1452 in
1820 1388 2145 1470 praesenti
2164 1406 2381 1451 rerum
2402 1387 2657 1464 ordine;
2692 1394 2957 1451 censent
2991 1387 3162 1452 enim

543 1503 758 1585 plures
791 1519 939 1565 cum
971 1496 1015 1563 S
1035 1516 1280 1562 uarez
1311 1496 1438 1573 XII,
1478 1502 1555 1565 16
1590 1502 1656 1560 et
1685 1494 2038 1576 Ripalda
2069 1494 2225 1575 disp.
2260 1497 2365 1569 96,
2399 1494 2699 1559 absoluta
2730 1494 2845 1559 Dei
2876 1494 3168 1574 potentia

543 1609 680 1674 fieri
711 1625 924 1691 posse,
955 1612 1028 1670 ut
1051 1605 1264 1687 justus
1296 1603 1478 1668 alteri
1508 1602 1742 1666 nullius
1777 1601 2057 1665 criminis
2103 1619 2216 1665 reo
2263 1606 2511 1665 mereat
2557 1600 2638 1666 de
2669 1601 2987 1681 condigno
3024 1619 3171 1681 gra-

545 1715 719 1782 tiam.
782 1713 949 1778 Num
982 1712 1046 1776 id
1078 1710 1271 1777 etiam
1305 1710 1508 1791 possit
1537 1708 1880 1790 peccatori,
1914 1707 2116 1788 magis
2149 1714 2248 1773 est
2278 1714 2785 1773 controversum.

728 1826 873 1891 232.
908 1818 1094 1899 Quod
1125 1817 1501 1882 conditiones
1533 1816 1763 1880 attinet
1795 1822 2083 1901 exparte
2113 1814 2237 1879 Dei
2269 1818 2733 1880 remunerantis
2764 1816 2846 1880 ad
2866 1817 3173 1881 meritum

549 1929 951 2009 condignum,
986 1926 1330 2008 quaeritur,
1381 1943 1536 1986 num
1587 1923 1956 1987 necessaria
2004 1923 2087 1988 sit
2136 1923 2499 2004 acceptatio
2554 1929 2618 1987 et
2660 1924 3005 2004 promissio
3044 1923 3173 1990 Dei.

549 2036 693 2117 Qua
724 2036 789 2098 in
821 2053 890 2099 re
922 2032 1150 2115 triplex
1170 2037 1268 2095 est
1288 2031 1624 2095 sententia.
1658 2029 1875 2093 Prima
1895 2027 2174 2093 affirmat
2194 2047 2341 2092 cum
2372 2028 2428 2092 V
2446 2048 2532 2092 as
2549 2049 2647 2112 qu
2664 2049 2749 2095 ez
2781 2031 2847 2094 in
2874 2039 2924 2099 1.
2948 2037 2989 2099 2
3013 2030 3172 2112 disp.

552 2147 680 2212 114
713 2160 764 2204 c.
796 2146 859 2216 4,
889 2140 1207 2203 rationem
1238 2138 1446 2203 meriti
1489 2136 1788 2217 condigni
1822 2136 2166 2201 convenire
2210 2136 2445 2200 nostris
2478 2137 2778 2218 operibus
2810 2137 3175 2219 proceden-

549 2250 719 2315 tibus
753 2266 793 2311 a
824 2247 1029 2328 gratia
1060 2243 1312 2310 seclusa
1342 2244 1517 2308 omni
1549 2243 1764 2307 divina
1796 2243 2198 2307 ordinatione
2230 2262 2346 2309 seu
2375 2244 2801 2324 promissione
2834 2243 2914 2307 de
2947 2242 3174 2308 confe-

549 2356 750 2420 rendo
783 2353 1089 2437 praemio.
1121 2351 1341 2417 Altera
1373 2350 1635 2415 omnino
1670 2348 1969 2431 opposita
2001 2355 2233 2427 tuetur,
2267 2368 2525 2414 ornnem
2546 2369 2810 2433 prorsus
2838 2350 3174 2431 condigni-

549 2469 752 2528 tatem
803 2480 881 2526 ex
931 2460 1148 2524 divina
1199 2458 1644 2539 acceptatione
1694 2462 1761 2520 et
1792 2457 2215 2537 promissione
2260 2458 2572 2540 pendere:
2622 2458 2712 2521 ita
2755 2457 2972 2539 plures
3027 2476 3176 2521 cum

549 2567 799 2634 Scoto
832 2570 899 2632 in
936 2575 970 2637 1
1006 2567 1149 2631 dist.
1189 2572 1286 2633 17.
1320 2585 1376 2646 q.
1412 2567 1470 2629 2.
1531 2563 1748 2628 Tertia
1780 2571 1879 2628 est
1911 2564 2124 2627 media
2155 2582 2450 2629 asserens
2495 2565 2997 2644 condignitatem
3035 2566 3173 2647 qui·

550 2676 697 2743 dem
730 2676 813 2740 ad
844 2674 1200 2757 praemium
1234 2672 1442 2736 inesse
1488 2671 1553 2734 in
1597 2674 1750 2734 actu
1794 2670 2002 2753 primo
2050 2672 2285 2736 nostris
2319 2671 2620 2754 operibus
2666 2672 3180 2755 independenter

550 2783 634 2848 ab
668 2784 845 2847 omni
875 2783 1013 2862 lege
1046 2787 1109 2845 et
1138 2778 1565 2862 promissione
1598 2777 1844 2853 divina;
1878 2779 1994 2843 sed
2026 2778 2379 2843 efficaciam
2411 2778 2494 2842 ad
2527 2779 2948 2845 obtinendum
2979 2798 3175 2862 prae-

551 2892 749 2954 mium
782 2890 847 2953 in
881 2894 1030 2952 actu
1080 2884 1362 2952 secundo
1413 2884 1533 2947 illis
1583 2885 1928 2950 convenire
1979 2904 2055 2949 ex
2103 2887 2527 2967 promissione
2559 2886 2790 2950 divina.
2851 2887 2947 2951 Ita
2980 2884 3178 2951 Sua-

549 3016 684 3062 rez
715 2996 842 3072 XII,
877 3001 957 3064 17
994 3000 1059 3058 et
1088 2992 1442 3075 Ripalda
1474 2990 1533 3054 d.
1568 2998 1653 3061 82
1687 3009 1833 3055 cum
1868 2992 2025 3069 aliis,
2077 3010 2243 3076 quae
2275 2994 2596 3059 sententia
2626 2994 2889 3058 omnino
2922 2993 3182 3058 videtur

552 3103 866 3178 tenenda3
899 3120 1053 3165 nam
1084 3099 1386 3163 meritum
1420 3098 1810 3179 condignum
1842 3098 1908 3162 in
1939 3118 2134 3164 sensu
2164 3100 2427 3181 proprio
2459 3119 2575 3164 seu
2608 3100 2675 3164 in
2706 3107 2856 3164 actu
2887 3100 3179 3165 secundo

551 3211 703 3275 illud
724 3216 838 3286 est,
873 3225 1000 3290 quo
1033 3207 1227 3270 homo
1241 3205 1349 3287 jus
1369 3205 1452 3268 ad
1483 3205 1842 3286 praemium
1874 3206 2044 3287 apud
2078 3205 2279 3270 Deum
2314 3207 2606 3289 acquirit.
2641 3207 2837 3290 Atqui
2856 3208 3056 3272 homo
3071 3209 3178 3290 jus

553 3317 722 3399 apud
755 3316 960 3379 Deum
993 3312 1293 3395 operibus
1325 3312 1656 3394 acquirere
1687 3331 1821 3376 non
1851 3319 2067 3395 potest
2098 3314 2220 3377 nisi
2252 3331 2330 3377 ex
2361 3315 2792 3396 promissione
2815 3314 3038 3378 divina
3053 3315 3178 3380 sub

552 3423 915 3488 conditione
947 3421 1174 3486 talium
1206 3438 1488 3501 operum.
1551 3419 1649 3483 Ad
1682 3439 1822 3485 rem
1853 3419 1907 3483 A
1929 3422 2369 3501 ugustinus
2403 3439 2590 3486 serm.
2634 3428 2754 3491 158
2791 3439 2844 3485 c.
2879 3427 2951 3489 2:
3009 3421 3175 3495 ,De-

551 3530 722 3594 bitor
753 3529 957 3593 factus
990 3534 1104 3604 est,
1138 3527 1356 3609 inquit,
1388 3546 1520 3590 non
1552 3527 1795 3608 aliquid
1828 3545 1869 3589 a
1898 3526 2088 3590 nobis
2134 3527 2527 3609 accipiendo,
2579 3528 2695 3593 sed
2726 3528 2899 3612 quod
2931 3529 3182 3609 placuit

550 3636 1002 3720 promittendo.
1067 3634 1268 3698 Aliter
1299 3634 1469 3699 enim
1502 3634 1771 3697 dicimus
1803 3634 2078 3698 homini:
2121 3633 2330 3700 Debes
2363 3635 2535 3712 mihi,
2568 3635 2719 3718 quia
2749 3635 2897 3700 dedi
2929 3635 3079 3711 tibi;
3114 3641 3176 3700 et

554 3743 738 3808 aliter
767 3742 1035 3807 dicimus
1070 3741 1289 3829 (Deo):
1322 3741 1532 3805 Debes
1564 3741 1735 3817 mihi,
1771 3742 1922 3822 quia
1951 3742 2309 3824 promisisti
2340 3742 2498 3806 mihi
2529 3791 2542 3805 .
2577 3792 2589 3805 .
2623 3791 2638 3806 .
2672 3740 2783 3805 1110
2805 3760 2956 3824 ergo
2979 3742 3181 3806 modo

551 3869 893 3933 possumus
925 3849 1178 3929 exigere
1193 3848 1536 3912 Dominum
1567 3855 1877 3923 nostrum,
1910 3855 1981 3911 ut
2000 3848 2320 3913 dicamus:
2355 3849 2595 3924 Redde,
2613 3849 2787 3932 quod
2805 3849 3181 3931 promisisti,

554 3958 704 4041 quia
735 3957 1015 4033 fecimus
1049 3956 1220 4038 quod
1246 3956 1545 4036 jussisti<
1616 3954 1862 4035 Quibus
1911 3957 2142 4020 similia
2172 3955 2369 4021 habet
2414 3955 2480 4020 in
2526 3956 2626 4020 Ps.
2662 3961 2747 4025 83
2793 3962 2858 4020 et
2895 3962 3039 4025 109.
3101 3955 3185 4021 Et

553 4082 731 4128 conc.
764 4082 1179 4129 senonens
1201 4083 1236 4129 e
1269 4063 1351 4150 (a.
1390 4066 1586 4151 1528)
1622 4064 1816 4128 docet
1846 4065 1912 4128 in
1945 4064 2112 4129 decr.
2148 4064 2247 4128 fid.
2282 4083 2333 4128 c.
2361 4070 2476 4133 16:
2518 4064 2878 4138 ,Justitiam
2911 4070 3177 4127 nostro-

554 4191 700 4234 rum
732 4172 1107 4235 meritorum
1137 4190 1271 4235 non
1303 4171 1555 4236 fundari
1586 4171 1652 4235 in
1683 4172 2116 4251 condignitate
2149 4171 2449 4236 absoluta
2479 4176 2850 4235 nostrorum
2884 4189 3183 4253 operum,

555 4277 668 4343 sed
701 4279 905 4358 magis
937 4279 1002 4341 in
1034 4278 1280 4342 liberali
1312 4279 1590 4359 gratuita
1609 4278 2035 4360 promissione
2058 4277 2189 4353 Dei,
2224 4296 2352 4360 qua
2372 4278 2805 4342 conventione
2825 4277 2997 4341 sacta
3016 4295 3178 4342 con-

555 4385 735 4449 duxit
767 4384 1157 4466 operarios‘
1228 4383 1344 4449 Cui
1387 4385 1747 4450 sententiae
1793 4384 1965 4450 favet
2012 4402 2190 4448 conc.
2237 4385 2806 4466 moguntinum
2855 4385 2937 4470 (a.
2975 4384 3180 4469 1549)

555 4510 607 4556 c.
641 4499 699 4569 8,
733 4498 796 4557 et
827 4492 999 4574 quod
1033 4492 1293 4573 majoris
1326 4500 1424 4557 est
1456 4493 1782 4568 momenti,
1820 4491 2368 4556 tridentinum
2400 4511 2553 4557 sess.
2588 4497 2628 4560 6
2662 4510 2714 4555 c.
2756 4497 2851 4560 16.
2887 4489 2973 4554 Cf.
2996 4490 3176 4554 Atz-

555 4599 845 4679 berger
877 4603 912 4684 ἓ
946 4602 1092 4667 311.
1155 4598 1400 4664 Verum
1435 4605 1499 4663 et
1529 4599 1693 4663 haec
1738 4598 2060 4663 sententia
2109 4597 2404 4661 bifariam
2447 4604 2642 4680 patet,
2689 4615 2838 4661 cum
2887 4597 2993 4660 alii
3022 4613 3178 4678 pro-

556 4705 926 4770 missionem
978 4705 1458 4788 explicitam
1505 4706 1756 4785 exigere
1806 4705 2160 4783 videantur,
2208 4705 2314 4768 alii
2363 4711 2617 4769 tantum
2651 4703 3026 4785 implicitam
3058 4721 3180 4767 seu
