<?xml version="1.0" encoding="UTF-8"?>
<!DOCTYPE html PUBLIC "-//W3C//DTD XHTML 1.0 Transitional//EN"
    "http://www.w3.org/TR/xhtml1/DTD/xhtml1-transitional.dtd">
<html xmlns="http://www.w3.org/1999/xhtml" xml:lang="en" lang="en">
 <head>
  <title>
</title>
<meta http-equiv="Content-Type" content="text/html;charset=utf-8" />
  <meta name='ocr-system' content='tesseract 3.04.00' />
  <meta name='ocr-capabilities' content='ocr_page ocr_carea ocr_par ocr_line ocrx_word'/>
</head>
<body>
  <div class='ocr_page' id='page_1' title='image "./theologiaedogma00hurtgoog_0357.png"; bbox 0 0 3538 5364; ppageno 0'>
   <div class='ocr_carea' id='block_1_1' title="bbox 1021 328 3015 402">
    <p class='ocr_par' dir='ltr' id='par_1_1' title="bbox 1021 328 3015 402">
     <span class='ocr_line' id='line_1_1' title="bbox 1021 328 3015 402; baseline -0.001 -18"><span class='ocrx_word' id='word_1_1' title='bbox 1021 330 1423 400; x_wconf 82' lang='lat' dir='ltr'>Praeposterae</span> <span class='ocrx_word' id='word_1_2' title='bbox 1452 328 2117 383; x_wconf 78' lang='lat' dir='ltr'>transsubstantiationis</span> <span class='ocrx_word' id='word_1_3' title='bbox 2147 330 2421 383; x_wconf 76' lang='lat' dir='ltr'>notiones.</span> <span class='ocrx_word' id='word_1_4' title='bbox 2887 337 3015 402; x_wconf 78' lang='lat'>345</span> 
     </span>
    </p>
   </div>
   <div class='ocr_carea' id='block_1_2' title="bbox 392 516 3023 3188">
    <p class='ocr_par' dir='ltr' id='par_1_2' title="bbox 392 516 3023 3188">
     <span class='ocr_line' id='line_1_2' title="bbox 575 516 3019 593; baseline -0.001 -13"><span class='ocrx_word' id='word_1_5' title='bbox 575 516 640 580; x_wconf 79' lang='grc' dir='ltr'>ὃ.</span> <span class='ocrx_word' id='word_1_6' title='bbox 691 518 905 577; x_wconf 87' lang='lat' dir='ltr'>Verum</span> <span class='ocrx_word' id='word_1_7' title='bbox 951 517 1192 593; x_wconf 87' lang='lat' dir='ltr'>quidem</span> <span class='ocrx_word' id='word_1_8' title='bbox 1237 520 1330 575; x_wconf 87' lang='lat' dir='ltr'>est</span> <span class='ocrx_word' id='word_1_9' title='bbox 1373 517 1697 575; x_wconf 89' lang='lat' dir='ltr'>nonnullos</span> <span class='ocrx_word' id='word_1_10' title='bbox 1742 530 1971 576; x_wconf 79' lang='lat' dir='ltr'>veteres</span> <span class='ocrx_word' id='word_1_11' title='bbox 2017 516 2336 592; x_wconf 82' lang='lat' dir='ltr'>scriptores</span> <span class='ocrx_word' id='word_1_12' title='bbox 2368 517 2639 576; x_wconf 83' lang='lat' dir='ltr'>docuisse</span> <span class='ocrx_word' id='word_1_13' title='bbox 2690 517 2752 573; x_wconf 90' lang='lat' dir='ltr'>in</span> <span class='ocrx_word' id='word_1_14' title='bbox 2801 518 3019 578; x_wconf 88' lang='lat' dir='ltr'>eucha-</span> 
     </span>
     <span class='ocr_line' id='line_1_3' title="bbox 397 605 3017 680; baseline 0 -14"><span class='ocrx_word' id='word_1_15' title='bbox 397 607 572 669; x_wconf 86' lang='lat' dir='ltr'>ristia</span> <span class='ocrx_word' id='word_1_16' title='bbox 601 607 1045 667; x_wconf 83' lang='lat' dir='ltr'>consecratione</span> <span class='ocrx_word' id='word_1_17' title='bbox 1077 606 1231 666; x_wconf 82' lang='lat' dir='ltr'>sacta</span> <span class='ocrx_word' id='word_1_18' title='bbox 1261 624 1498 664; x_wconf 88' lang='lat' dir='ltr'>manere</span> <span class='ocrx_word' id='word_1_19' title='bbox 1531 605 1704 680; x_wconf 88' lang='lat' dir='ltr'>panis</span> <span class='ocrx_word' id='word_1_20' title='bbox 1735 609 2116 674; x_wconf 86' lang='lat' dir='ltr'>naturam,</span> <span class='ocrx_word' id='word_1_21' title='bbox 2150 608 2220 665; x_wconf 91' lang='lat' dir='ltr'>ut</span> <span class='ocrx_word' id='word_1_22' title='bbox 2251 606 2645 665; x_wconf 79' lang='lat' dir='ltr'>Gelasium</span> <span class='ocrx_word' id='word_1_23' title='bbox 2678 605 2752 665; x_wconf 89' lang='lat' dir='ltr'>de</span> <span class='ocrx_word' id='word_1_24' title='bbox 2784 606 3017 666; x_wconf 88' lang='lat' dir='ltr'>duabus</span> 
     </span>
     <span class='ocr_line' id='line_1_4' title="bbox 397 694 3016 772; baseline 0 -17"><span class='ocrx_word' id='word_1_25' title='bbox 397 698 660 763; x_wconf 82' lang='lat' dir='ltr'>naturis;</span> <span class='ocrx_word' id='word_1_26' title='bbox 705 696 1073 772; x_wconf 84' lang='lat' dir='ltr'>Ephraem</span> <span class='ocrx_word' id='word_1_27' title='bbox 1119 695 1373 758; x_wconf 77' lang='lat' dir='ltr'>antioch.</span> <span class='ocrx_word' id='word_1_28' title='bbox 1405 695 1563 770; x_wconf 88' lang='lat' dir='ltr'>apud</span> <span class='ocrx_word' id='word_1_29' title='bbox 1597 694 1957 753; x_wconf 87' lang='lat' dir='ltr'>Photium</span> <span class='ocrx_word' id='word_1_30' title='bbox 2002 695 2128 754; x_wconf 88' lang='lat' dir='ltr'>cod.</span> <span class='ocrx_word' id='word_1_31' title='bbox 2163 703 2322 763; x_wconf 73' lang='lat'>2293</span> <span class='ocrx_word' id='word_1_32' title='bbox 2369 699 2762 755; x_wconf 80' lang='lat' dir='ltr'>auctorem</span> <span class='ocrx_word' id='word_1_33' title='bbox 2807 714 2897 770; x_wconf 83' lang='lat' dir='ltr'>ep.</span> <span class='ocrx_word' id='word_1_34' title='bbox 2943 696 3016 755; x_wconf 88' lang='lat' dir='ltr'>ad</span> 
     </span>
     <span class='ocr_line' id='line_1_5' title="bbox 398 779 3015 865; baseline -0 -21"><span class='ocrx_word' id='word_1_35' title='bbox 398 786 733 845; x_wconf 79' lang='lat' dir='ltr'>Caesarium</span> <span class='ocrx_word' id='word_1_36' title='bbox 755 786 1170 861; x_wconf 78' lang='lat' dir='ltr'>chrysostomo</span> <span class='ocrx_word' id='word_1_37' title='bbox 1192 784 1526 858; x_wconf 74' lang='lat' dir='ltr'>adscriptae</span> <span class='ocrx_word' id='word_1_38' title='bbox 1560 783 1743 859; x_wconf 89' lang='lat' dir='ltr'>(inter</span> <span class='ocrx_word' id='word_1_39' title='bbox 1773 784 1954 860; x_wconf 88' lang='lat' dir='ltr'>hujus</span> <span class='ocrx_word' id='word_1_40' title='bbox 1986 803 2082 859; x_wconf 87' lang='lat' dir='ltr'>op.</span> <span class='ocrx_word' id='word_1_41' title='bbox 2114 785 2202 842; x_wconf 90' lang='lat' dir='ltr'>ed.</span> <span class='ocrx_word' id='word_1_42' title='bbox 2236 803 2421 848; x_wconf 86' lang='lat' dir='ltr'>maur.</span> <span class='ocrx_word' id='word_1_43' title='bbox 2442 784 2547 855; x_wconf 88' lang='lat'>111,</span> <span class='ocrx_word' id='word_1_44' title='bbox 2574 779 2745 865; x_wconf 80' lang='lat'>844),</span> <span class='ocrx_word' id='word_1_45' title='bbox 2779 785 3015 843; x_wconf 87' lang='lat' dir='ltr'>Theo-</span> 
     </span>
     <span class='ocr_line' id='line_1_6' title="bbox 398 868 3016 952; baseline 0 -20"><span class='ocrx_word' id='word_1_46' title='bbox 398 875 784 944; x_wconf 91' lang='lat' dir='ltr'>doretum,</span> <span class='ocrx_word' id='word_1_47' title='bbox 826 874 931 950; x_wconf 91' lang='lat' dir='ltr'>qui</span> <span class='ocrx_word' id='word_1_48' title='bbox 963 874 1028 933; x_wconf 92' lang='lat' dir='ltr'>in</span> <span class='ocrx_word' id='word_1_49' title='bbox 1059 873 1198 934; x_wconf 89' lang='lat' dir='ltr'>dial.</span> <span class='ocrx_word' id='word_1_50' title='bbox 1238 883 1272 936; x_wconf 82' lang='grc'>2</span> <span class='ocrx_word' id='word_1_51' title='bbox 1312 872 1847 942; x_wconf 77' lang='lat' dir='ltr'>‚Inconfusibilis‘</span> <span class='ocrx_word' id='word_1_52' title='bbox 1884 868 2000 952; x_wconf 93' lang='lat' dir='ltr'>(op.</span> <span class='ocrx_word' id='word_1_53' title='bbox 2035 873 2129 944; x_wconf 89' lang='lat' dir='ltr'>IV,</span> <span class='ocrx_word' id='word_1_54' title='bbox 2166 874 2272 952; x_wconf 83' lang='lat'>85)</span> <span class='ocrx_word' id='word_1_55' title='bbox 2305 873 2616 950; x_wconf 84' lang='lat' dir='ltr'>disputans</span> <span class='ocrx_word' id='word_1_56' title='bbox 2647 891 2783 933; x_wconf 88' lang='lat' dir='ltr'>cum</span> <span class='ocrx_word' id='word_1_57' title='bbox 2814 893 3016 933; x_wconf 90' lang='lat' dir='ltr'>mono-</span> 
     </span>
     <span class='ocr_line' id='line_1_7' title="bbox 396 962 3018 1040; baseline -0 -18"><span class='ocrx_word' id='word_1_58' title='bbox 396 964 641 1040; x_wconf 83' lang='lat' dir='ltr'>physita</span> <span class='ocrx_word' id='word_1_59' title='bbox 672 966 1027 1040; x_wconf 72' lang='lat' dir='ltr'>provocante</span> <span class='ocrx_word' id='word_1_60' title='bbox 1058 981 1166 1039; x_wconf 91' lang='lat' dir='ltr'>pro</span> <span class='ocrx_word' id='word_1_61' title='bbox 1198 980 1308 1022; x_wconf 88' lang='lat' dir='ltr'>suo</span> <span class='ocrx_word' id='word_1_62' title='bbox 1339 981 1536 1021; x_wconf 89' lang='lat' dir='ltr'>errore</span> <span class='ocrx_word' id='word_1_63' title='bbox 1569 962 1640 1021; x_wconf 93' lang='lat' dir='ltr'>de</span> <span class='ocrx_word' id='word_1_64' title='bbox 1678 963 2010 1022; x_wconf 78' lang='lat' dir='ltr'>mutatione</span> <span class='ocrx_word' id='word_1_65' title='bbox 2041 962 2303 1039; x_wconf 87' lang='lat' dir='ltr'>corporis</span> <span class='ocrx_word' id='word_1_66' title='bbox 2336 962 2617 1022; x_wconf 89' lang='lat' dir='ltr'>dominici</span> <span class='ocrx_word' id='word_1_67' title='bbox 2648 963 2709 1022; x_wconf 90' lang='lat' dir='ltr'>in</span> <span class='ocrx_word' id='word_1_68' title='bbox 2743 967 3018 1023; x_wconf 87' lang='lat' dir='ltr'>naturam</span> 
     </span>
     <span class='ocr_line' id='line_1_8' title="bbox 397 1046 3018 1133; baseline 0 -22"><span class='ocrx_word' id='word_1_69' title='bbox 397 1053 658 1112; x_wconf 87' lang='lat' dir='ltr'>divinam</span> <span class='ocrx_word' id='word_1_70' title='bbox 691 1053 763 1112; x_wconf 88' lang='lat' dir='ltr'>ad</span> <span class='ocrx_word' id='word_1_71' title='bbox 797 1053 1187 1111; x_wconf 71' lang='lat' dir='ltr'>mutationem</span> <span class='ocrx_word' id='word_1_72' title='bbox 1220 1051 1670 1112; x_wconf 87' lang='lat' dir='ltr'>eucharisticam</span> <span class='ocrx_word' id='word_1_73' title='bbox 1701 1046 1787 1133; x_wconf 91' lang='lat' dir='ltr'>(n.</span> <span class='ocrx_word' id='word_1_74' title='bbox 1824 1046 1995 1130; x_wconf 87' lang='grc'>356),</span> <span class='ocrx_word' id='word_1_75' title='bbox 2044 1052 2310 1127; x_wconf 86' lang='lat' dir='ltr'>reponit:</span> <span class='ocrx_word' id='word_1_76' title='bbox 2360 1052 2620 1128; x_wconf 83' lang='lat' dir='ltr'>,Captus</span> <span class='ocrx_word' id='word_1_77' title='bbox 2665 1071 2729 1111; x_wconf 89' lang='lat' dir='ltr'>es</span> <span class='ocrx_word' id='word_1_78' title='bbox 2773 1053 3018 1123; x_wconf 83' lang='lat' dir='ltr'>retibus,</span> 
     </span>
     <span class='ocr_line' id='line_1_9' title="bbox 400 1136 3016 1219; baseline -0 -18"><span class='ocrx_word' id='word_1_79' title='bbox 400 1161 552 1218; x_wconf 87' lang='lat' dir='ltr'>quae</span> <span class='ocrx_word' id='word_1_80' title='bbox 598 1143 722 1219; x_wconf 89' lang='lat' dir='ltr'>ipse</span> <span class='ocrx_word' id='word_1_81' title='bbox 767 1136 1033 1201; x_wconf 86' lang='lat' dir='ltr'>texuisti.</span> <span class='ocrx_word' id='word_1_82' title='bbox 1097 1141 1308 1216; x_wconf 87' lang='lat' dir='ltr'>Neque</span> <span class='ocrx_word' id='word_1_83' title='bbox 1339 1140 1498 1200; x_wconf 91' lang='lat' dir='ltr'>enim</span> <span class='ocrx_word' id='word_1_84' title='bbox 1535 1144 1675 1216; x_wconf 91' lang='lat' dir='ltr'>post</span> <span class='ocrx_word' id='word_1_85' title='bbox 1719 1139 2246 1200; x_wconf 86' lang='lat' dir='ltr'>sanctificationem</span> <span class='ocrx_word' id='word_1_86' title='bbox 2278 1141 2531 1218; x_wconf 81' lang='lat' dir='ltr'>mystica</span> <span class='ocrx_word' id='word_1_87' title='bbox 2562 1141 2831 1217; x_wconf 85' lang='lat' dir='ltr'>symbola</span> <span class='ocrx_word' id='word_1_88' title='bbox 2859 1161 3016 1200; x_wconf 90' lang='lat' dir='ltr'>rece-</span> 
     </span>
     <span class='ocr_line' id='line_1_10' title="bbox 395 1229 3016 1308; baseline 0 -20"><span class='ocrx_word' id='word_1_89' title='bbox 395 1231 550 1290; x_wconf 87' lang='lat' dir='ltr'>dunt</span> <span class='ocrx_word' id='word_1_90' title='bbox 580 1252 614 1289; x_wconf 93' lang='lat' dir='ltr'>a</span> <span class='ocrx_word' id='word_1_91' title='bbox 644 1250 753 1290; x_wconf 88' lang='lat' dir='ltr'>sua</span> <span class='ocrx_word' id='word_1_92' title='bbox 771 1236 1019 1300; x_wconf 83' lang='lat' dir='ltr'>natura3</span> <span class='ocrx_word' id='word_1_93' title='bbox 1054 1233 1297 1289; x_wconf 87' lang='lat' dir='ltr'>manent</span> <span class='ocrx_word' id='word_1_94' title='bbox 1314 1229 1472 1289; x_wconf 88' lang='lat' dir='ltr'>enim</span> <span class='ocrx_word' id='word_1_95' title='bbox 1495 1231 1555 1288; x_wconf 89' lang='lat' dir='ltr'>in</span> <span class='ocrx_word' id='word_1_96' title='bbox 1578 1230 1796 1306; x_wconf 89' lang='lat' dir='ltr'>prioris</span> <span class='ocrx_word' id='word_1_97' title='bbox 1816 1230 2108 1289; x_wconf 83' lang='lat' dir='ltr'>essentiae</span> <span class='ocrx_word' id='word_1_98' title='bbox 2139 1233 2201 1288; x_wconf 90' lang='lat' dir='ltr'>et</span> <span class='ocrx_word' id='word_1_99' title='bbox 2232 1230 2422 1308; x_wconf 85' lang='lat' dir='ltr'>figura</span> <span class='ocrx_word' id='word_1_100' title='bbox 2452 1234 2514 1289; x_wconf 90' lang='lat' dir='ltr'>et</span> <span class='ocrx_word' id='word_1_101' title='bbox 2546 1231 2732 1289; x_wconf 86' lang='lat' dir='ltr'>forma</span> <span class='ocrx_word' id='word_1_102' title='bbox 2751 1236 3016 1307; x_wconf 85' lang='lat' dir='ltr'>aspecta-</span> 
     </span>
     <span class='ocr_line' id='line_1_11' title="bbox 395 1318 3018 1396; baseline 0 -17"><span class='ocrx_word' id='word_1_103' title='bbox 395 1321 525 1391; x_wconf 90' lang='lat' dir='ltr'>bili,</span> <span class='ocrx_word' id='word_1_104' title='bbox 574 1323 634 1379; x_wconf 90' lang='lat' dir='ltr'>et</span> <span class='ocrx_word' id='word_1_105' title='bbox 678 1320 940 1379; x_wconf 87' lang='lat' dir='ltr'>visibilia</span> <span class='ocrx_word' id='word_1_106' title='bbox 986 1323 1131 1379; x_wconf 90' lang='lat' dir='ltr'>sunt</span> <span class='ocrx_word' id='word_1_107' title='bbox 1174 1324 1235 1378; x_wconf 91' lang='lat' dir='ltr'>et</span> <span class='ocrx_word' id='word_1_108' title='bbox 1279 1319 1610 1396; x_wconf 77' lang='lat' dir='ltr'>tangibilia,</span> <span class='ocrx_word' id='word_1_109' title='bbox 1662 1318 1862 1394; x_wconf 88' lang='lat' dir='ltr'>qualia</span> <span class='ocrx_word' id='word_1_110' title='bbox 1907 1324 2078 1378; x_wconf 84' lang='lat' dir='ltr'>erant</span> <span class='ocrx_word' id='word_1_111' title='bbox 2109 1319 2307 1395; x_wconf 87' lang='lat' dir='ltr'>prius;</span> <span class='ocrx_word' id='word_1_112' title='bbox 2360 1318 2789 1396; x_wconf 88' lang='lat' dir='ltr'>intelliguntur</span> <span class='ocrx_word' id='word_1_113' title='bbox 2820 1324 3018 1379; x_wconf 82' lang='lat' dir='ltr'>autem</span> 
     </span>
     <span class='ocr_line' id='line_1_12' title="bbox 394 1407 3015 1485; baseline 0 -17"><span class='ocrx_word' id='word_1_114' title='bbox 394 1429 522 1469; x_wconf 90' lang='lat' dir='ltr'>esse</span> <span class='ocrx_word' id='word_1_115' title='bbox 553 1428 638 1479; x_wconf 89' lang='lat' dir='ltr'>ea,</span> <span class='ocrx_word' id='word_1_116' title='bbox 685 1428 835 1485; x_wconf 91' lang='lat' dir='ltr'>quae</span> <span class='ocrx_word' id='word_1_117' title='bbox 866 1409 1020 1468; x_wconf 85' lang='lat' dir='ltr'>facta</span> <span class='ocrx_word' id='word_1_118' title='bbox 1052 1413 1213 1477; x_wconf 85' lang='lat' dir='ltr'>sunt,</span> <span class='ocrx_word' id='word_1_119' title='bbox 1243 1412 1304 1468; x_wconf 89' lang='lat' dir='ltr'>et</span> <span class='ocrx_word' id='word_1_120' title='bbox 1335 1408 1663 1467; x_wconf 86' lang='lat' dir='ltr'>creduntur</span> <span class='ocrx_word' id='word_1_121' title='bbox 1691 1413 1753 1467; x_wconf 90' lang='lat' dir='ltr'>et</span> <span class='ocrx_word' id='word_1_122' title='bbox 1784 1407 2124 1475; x_wconf 87' lang='lat' dir='ltr'>adorantur,</span> <span class='ocrx_word' id='word_1_123' title='bbox 2160 1411 2367 1484; x_wconf 87' lang='lat' dir='ltr'>utpote</span> <span class='ocrx_word' id='word_1_124' title='bbox 2401 1427 2552 1484; x_wconf 88' lang='lat' dir='ltr'>quae</span> <span class='ocrx_word' id='word_1_125' title='bbox 2585 1409 2710 1467; x_wconf 90' lang='lat' dir='ltr'>sint</span> <span class='ocrx_word' id='word_1_126' title='bbox 2740 1409 2821 1479; x_wconf 90' lang='lat' dir='ltr'>id,</span> <span class='ocrx_word' id='word_1_127' title='bbox 2855 1409 3015 1485; x_wconf 89' lang='lat' dir='ltr'>quod</span> 
     </span>
     <span class='ocr_line' id='line_1_13' title="bbox 398 1492 3018 1579; baseline 0 -23"><span class='ocrx_word' id='word_1_128' title='bbox 398 1517 525 1557; x_wconf 88' lang='lat' dir='ltr'>esse</span> <span class='ocrx_word' id='word_1_129' title='bbox 557 1498 881 1558; x_wconf 72' lang='lat' dir='ltr'>ereduntur</span> <span class='ocrx_word' id='word_1_130' title='bbox 914 1543 927 1556; x_wconf 93' lang='lat'>.</span> <span class='ocrx_word' id='word_1_131' title='bbox 962 1545 973 1557; x_wconf 93' lang='lat'>.</span> <span class='ocrx_word' id='word_1_132' title='bbox 1009 1544 1021 1556; x_wconf 93' lang='lat'>.</span> <span class='ocrx_word' id='word_1_133' title='bbox 1072 1500 1161 1557; x_wconf 87' lang='lat' dir='ltr'>lta</span> <span class='ocrx_word' id='word_1_134' title='bbox 1203 1499 1383 1557; x_wconf 88' lang='lat' dir='ltr'>etiam</span> <span class='ocrx_word' id='word_1_135' title='bbox 1427 1498 1581 1557; x_wconf 91' lang='lat' dir='ltr'>illud</span> <span class='ocrx_word' id='word_1_136' title='bbox 1613 1516 1829 1574; x_wconf 86' lang='lat' dir='ltr'>corpus</span> <span class='ocrx_word' id='word_1_137' title='bbox 1862 1492 2107 1579; x_wconf 84' lang='lat' dir='ltr'>(Christi</span> <span class='ocrx_word' id='word_1_138' title='bbox 2139 1501 2275 1573; x_wconf 85' lang='lat' dir='ltr'>post</span> <span class='ocrx_word' id='word_1_139' title='bbox 2306 1495 2729 1575; x_wconf 86' lang='lat' dir='ltr'>ascensionem)</span> <span class='ocrx_word' id='word_1_140' title='bbox 2763 1498 3018 1575; x_wconf 88' lang='lat' dir='ltr'>priorem</span> 
     </span>
     <span class='ocr_line' id='line_1_14' title="bbox 402 1586 3019 1664; baseline 0 -19"><span class='ocrx_word' id='word_1_141' title='bbox 402 1588 582 1645; x_wconf 91' lang='lat' dir='ltr'>habet</span> <span class='ocrx_word' id='word_1_142' title='bbox 613 1588 860 1646; x_wconf 88' lang='lat' dir='ltr'>formam</span> <span class='ocrx_word' id='word_1_143' title='bbox 891 1595 951 1645; x_wconf 90' lang='lat' dir='ltr'>et</span> <span class='ocrx_word' id='word_1_144' title='bbox 983 1588 1235 1664; x_wconf 89' lang='lat' dir='ltr'>figuram</span> <span class='ocrx_word' id='word_1_145' title='bbox 1267 1589 1328 1645; x_wconf 91' lang='lat' dir='ltr'>et</span> <span class='ocrx_word' id='word_1_146' title='bbox 1360 1587 1984 1662; x_wconf 82' lang='lat' dir='ltr'>circumscriptionem,</span> <span class='ocrx_word' id='word_1_147' title='bbox 2032 1590 2093 1644; x_wconf 92' lang='lat' dir='ltr'>et</span> <span class='ocrx_word' id='word_1_148' title='bbox 2140 1589 2209 1645; x_wconf 91' lang='lat' dir='ltr'>ut</span> <span class='ocrx_word' id='word_1_149' title='bbox 2252 1604 2372 1646; x_wconf 90' lang='lat' dir='ltr'>uno</span> <span class='ocrx_word' id='word_1_150' title='bbox 2419 1586 2598 1646; x_wconf 88' lang='lat' dir='ltr'>verbo</span> <span class='ocrx_word' id='word_1_151' title='bbox 2635 1587 2843 1656; x_wconf 87' lang='lat' dir='ltr'>dicam,</span> <span class='ocrx_word' id='word_1_152' title='bbox 2892 1607 3019 1646; x_wconf 91' lang='lat' dir='ltr'>cor-</span> 
     </span>
     <span class='ocr_line' id='line_1_15' title="bbox 399 1675 3017 1754; baseline 0 -20"><span class='ocrx_word' id='word_1_153' title='bbox 399 1677 562 1752; x_wconf 81' lang='lat' dir='ltr'>poris</span> <span class='ocrx_word' id='word_1_154' title='bbox 583 1677 962 1738; x_wconf 78' lang='lat' dir='ltr'>essentiam.‘</span> <span class='ocrx_word' id='word_1_155' title='bbox 999 1676 1216 1735; x_wconf 90' lang='lat' dir='ltr'>Verum</span> <span class='ocrx_word' id='word_1_156' title='bbox 1250 1677 1314 1734; x_wconf 92' lang='lat' dir='ltr'>hi</span> <span class='ocrx_word' id='word_1_157' title='bbox 1344 1681 1543 1752; x_wconf 90' lang='lat' dir='ltr'>patres</span> <span class='ocrx_word' id='word_1_158' title='bbox 1563 1677 1804 1735; x_wconf 88' lang='lat' dir='ltr'>nomine</span> <span class='ocrx_word' id='word_1_159' title='bbox 1838 1684 2089 1734; x_wconf 80' lang='lat' dir='ltr'>naturae</span> <span class='ocrx_word' id='word_1_160' title='bbox 2121 1675 2474 1754; x_wconf 89' lang='lat' dir='ltr'>intelligunt</span> <span class='ocrx_word' id='word_1_161' title='bbox 2505 1696 2624 1736; x_wconf 91' lang='lat' dir='ltr'>non</span> <span class='ocrx_word' id='word_1_162' title='bbox 2656 1677 2845 1753; x_wconf 88' lang='lat' dir='ltr'>ipsam</span> <span class='ocrx_word' id='word_1_163' title='bbox 2878 1677 3017 1736; x_wconf 89' lang='lat' dir='ltr'>sub-</span> 
     </span>
     <span class='ocr_line' id='line_1_16' title="bbox 393 1764 3019 1842; baseline 0 -18"><span class='ocrx_word' id='word_1_164' title='bbox 393 1765 672 1825; x_wconf 83' lang='lat' dir='ltr'>stantiam</span> <span class='ocrx_word' id='word_1_165' title='bbox 704 1766 894 1842; x_wconf 88' lang='lat' dir='ltr'>panis‚</span> <span class='ocrx_word' id='word_1_166' title='bbox 928 1765 1030 1824; x_wconf 89' lang='lat' dir='ltr'>sed</span> <span class='ocrx_word' id='word_1_167' title='bbox 1064 1784 1353 1824; x_wconf 85' lang='lat' dir='ltr'>summam</span> <span class='ocrx_word' id='word_1_168' title='bbox 1375 1766 1739 1842; x_wconf 84' lang='lat' dir='ltr'>qualitatum</span> <span class='ocrx_word' id='word_1_169' title='bbox 1758 1765 2154 1835; x_wconf 84' lang='lat' dir='ltr'>sensibilium,</span> <span class='ocrx_word' id='word_1_170' title='bbox 2188 1765 2409 1841; x_wconf 89' lang='lat' dir='ltr'>quibus</span> <span class='ocrx_word' id='word_1_171' title='bbox 2441 1764 2547 1825; x_wconf 87' lang='lat' dir='ltr'>illa</span> <span class='ocrx_word' id='word_1_172' title='bbox 2578 1784 2641 1824; x_wconf 91' lang='lat' dir='ltr'>se</span> <span class='ocrx_word' id='word_1_173' title='bbox 2671 1766 3019 1826; x_wconf 86' lang='lat' dir='ltr'>manifestat</span> 
     </span>
     <span class='ocr_line' id='line_1_17' title="bbox 398 1853 3023 1931; baseline 0 -18"><span class='ocrx_word' id='word_1_174' title='bbox 398 1858 461 1913; x_wconf 89' lang='lat' dir='ltr'>et</span> <span class='ocrx_word' id='word_1_175' title='bbox 491 1854 564 1914; x_wconf 89' lang='lat' dir='ltr'>ab</span> <span class='ocrx_word' id='word_1_176' title='bbox 595 1854 728 1913; x_wconf 87' lang='lat' dir='ltr'>aliis</span> <span class='ocrx_word' id='word_1_177' title='bbox 761 1854 1156 1931; x_wconf 83' lang='lat' dir='ltr'>distinguitur</span> <span class='ocrx_word' id='word_1_178' title='bbox 1189 1854 1356 1913; x_wconf 88' lang='lat' dir='ltr'>cibis.</span> <span class='ocrx_word' id='word_1_179' title='bbox 1391 1853 1538 1913; x_wconf 84' lang='lat' dir='ltr'>Jure</span> <span class='ocrx_word' id='word_1_180' title='bbox 1571 1855 1783 1912; x_wconf 83' lang='lat' dir='ltr'>merito</span> <span class='ocrx_word' id='word_1_181' title='bbox 1815 1857 2016 1913; x_wconf 88' lang='lat' dir='ltr'>autem</span> <span class='ocrx_word' id='word_1_182' title='bbox 2048 1855 2261 1913; x_wconf 89' lang='lat' dir='ltr'>horum</span> <span class='ocrx_word' id='word_1_183' title='bbox 2292 1859 2533 1930; x_wconf 86' lang='lat' dir='ltr'>patrum</span> <span class='ocrx_word' id='word_1_184' title='bbox 2563 1854 2907 1914; x_wconf 85' lang='lat' dir='ltr'>testimonia</span> <span class='ocrx_word' id='word_1_185' title='bbox 2936 1856 3023 1914; x_wconf 89' lang='lat' dir='ltr'>ita</span> 
     </span>
     <span class='ocr_line' id='line_1_18' title="bbox 395 1943 3020 2021; baseline 0 -18"><span class='ocrx_word' id='word_1_186' title='bbox 395 1944 696 2020; x_wconf 82' lang='lat' dir='ltr'>explicari,</span> <span class='ocrx_word' id='word_1_187' title='bbox 749 1944 1058 2021; x_wconf 85' lang='lat' dir='ltr'>colligitur</span> <span class='ocrx_word' id='word_1_188' title='bbox 1107 1958 1173 2005; x_wconf 79' lang='lat' dir='ltr'>a.</span> <span class='ocrx_word' id='word_1_189' title='bbox 1228 1963 1295 2002; x_wconf 83' lang='lat' dir='ltr'>ex</span> <span class='ocrx_word' id='word_1_190' title='bbox 1346 1944 1662 2002; x_wconf 88' lang='lat' dir='ltr'>collatione</span> <span class='ocrx_word' id='word_1_191' title='bbox 1710 1961 1844 2001; x_wconf 87' lang='lat' dir='ltr'>cum</span> <span class='ocrx_word' id='word_1_192' title='bbox 1886 1943 2020 2002; x_wconf 88' lang='lat' dir='ltr'>aliis</span> <span class='ocrx_word' id='word_1_193' title='bbox 2053 1943 2343 2019; x_wconf 86' lang='lat' dir='ltr'>patribus,</span> <span class='ocrx_word' id='word_1_194' title='bbox 2391 1944 2496 2019; x_wconf 86' lang='lat' dir='ltr'>qui</span> <span class='ocrx_word' id='word_1_195' title='bbox 2540 1948 2661 2002; x_wconf 87' lang='lat' dir='ltr'>tam</span> <span class='ocrx_word' id='word_1_196' title='bbox 2708 1944 3020 2020; x_wconf 89' lang='lat' dir='ltr'>perspicue</span> 
     </span>
     <span class='ocr_line' id='line_1_19' title="bbox 395 2033 3021 2109; baseline 0.001 -19"><span class='ocrx_word' id='word_1_197' title='bbox 395 2033 1090 2092; x_wconf 86' lang='lat' dir='ltr'>transubstantiationem</span> <span class='ocrx_word' id='word_1_198' title='bbox 1127 2034 1356 2103; x_wconf 89' lang='lat' dir='ltr'>docent,</span> <span class='ocrx_word' id='word_1_199' title='bbox 1403 2052 1438 2091; x_wconf 90' lang='lat' dir='ltr'>a</span> <span class='ocrx_word' id='word_1_200' title='bbox 1481 2033 1703 2108; x_wconf 90' lang='lat' dir='ltr'>quibus</span> <span class='ocrx_word' id='word_1_201' title='bbox 1751 2036 1910 2090; x_wconf 90' lang='lat' dir='ltr'>certo</span> <span class='ocrx_word' id='word_1_202' title='bbox 1958 2034 2019 2091; x_wconf 91' lang='lat' dir='ltr'>in</span> <span class='ocrx_word' id='word_1_203' title='bbox 2064 2036 2232 2092; x_wconf 88' lang='lat' dir='ltr'>tanto</span> <span class='ocrx_word' id='word_1_204' title='bbox 2265 2033 2545 2109; x_wconf 85' lang='lat' dir='ltr'>mysterio</span> <span class='ocrx_word' id='word_1_205' title='bbox 2578 2052 2697 2091; x_wconf 87' lang='lat' dir='ltr'>non</span> <span class='ocrx_word' id='word_1_206' title='bbox 2729 2034 3021 2092; x_wconf 86' lang='lat' dir='ltr'>dissense-</span> 
     </span>
     <span class='ocr_line' id='line_1_20' title="bbox 395 2119 3018 2198; baseline 0 -17"><span class='ocrx_word' id='word_1_207' title='bbox 395 2126 569 2191; x_wconf 88' lang='lat' dir='ltr'>runt;</span> <span class='ocrx_word' id='word_1_208' title='bbox 601 2119 672 2187; x_wconf 82' lang='lat' dir='ltr'>b.</span> <span class='ocrx_word' id='word_1_209' title='bbox 705 2141 773 2180; x_wconf 83' lang='lat' dir='ltr'>ex</span> <span class='ocrx_word' id='word_1_210' title='bbox 805 2141 891 2192; x_wconf 87' lang='lat' dir='ltr'>e0,</span> <span class='ocrx_word' id='word_1_211' title='bbox 925 2122 1083 2197; x_wconf 89' lang='lat' dir='ltr'>quod</span> <span class='ocrx_word' id='word_1_212' title='bbox 1117 2124 1178 2181; x_wconf 89' lang='lat' dir='ltr'>et</span> <span class='ocrx_word' id='word_1_213' title='bbox 1209 2122 1322 2198; x_wconf 91' lang='lat' dir='ltr'>ipsi</span> <span class='ocrx_word' id='word_1_214' title='bbox 1355 2121 1776 2181; x_wconf 86' lang='lat' dir='ltr'>eucharistiam</span> <span class='ocrx_word' id='word_1_215' title='bbox 1812 2126 2026 2180; x_wconf 84' lang='lat' dir='ltr'>vocant</span> <span class='ocrx_word' id='word_1_216' title='bbox 2057 2140 2272 2198; x_wconf 89' lang='lat' dir='ltr'>corpus</span> <span class='ocrx_word' id='word_1_217' title='bbox 2305 2126 2366 2180; x_wconf 91' lang='lat' dir='ltr'>et</span> <span class='ocrx_word' id='word_1_218' title='bbox 2396 2121 2749 2197; x_wconf 89' lang='lat' dir='ltr'>sanguinem</span> <span class='ocrx_word' id='word_1_219' title='bbox 2782 2123 3018 2191; x_wconf 87' lang='lat' dir='ltr'>Christi,</span> 
     </span>
     <span class='ocr_line' id='line_1_21' title="bbox 394 2211 3020 2287; baseline 0 -18"><span class='ocrx_word' id='word_1_220' title='bbox 394 2230 547 2286; x_wconf 86' lang='lat' dir='ltr'>quae</span> <span class='ocrx_word' id='word_1_221' title='bbox 577 2211 899 2287; x_wconf 85' lang='lat' dir='ltr'>appellatio</span> <span class='ocrx_word' id='word_1_222' title='bbox 945 2230 1065 2270; x_wconf 92' lang='lat' dir='ltr'>non</span> <span class='ocrx_word' id='word_1_223' title='bbox 1110 2217 1269 2270; x_wconf 86' lang='lat' dir='ltr'>esset</span> <span class='ocrx_word' id='word_1_224' title='bbox 1312 2211 1581 2287; x_wconf 86' lang='lat' dir='ltr'>legitima</span> <span class='ocrx_word' id='word_1_225' title='bbox 1621 2214 1898 2269; x_wconf 88' lang='lat' dir='ltr'>manente</span> <span class='ocrx_word' id='word_1_226' title='bbox 1948 2212 2011 2270; x_wconf 92' lang='lat' dir='ltr'>in</span> <span class='ocrx_word' id='word_1_227' title='bbox 2060 2230 2129 2270; x_wconf 86' lang='lat' dir='ltr'>ea</span> <span class='ocrx_word' id='word_1_228' title='bbox 2174 2212 2516 2269; x_wconf 83' lang='lat' dir='ltr'>substantia</span> <span class='ocrx_word' id='word_1_229' title='bbox 2561 2212 2727 2286; x_wconf 85' lang='lat' dir='ltr'>panis</span> <span class='ocrx_word' id='word_1_230' title='bbox 2774 2217 2835 2271; x_wconf 90' lang='lat' dir='ltr'>et</span> <span class='ocrx_word' id='word_1_231' title='bbox 2878 2212 3020 2271; x_wconf 89' lang='lat' dir='ltr'>vini.</span> 
     </span>
     <span class='ocr_line' id='line_1_22' title="bbox 395 2299 3019 2377; baseline 0 -19"><span class='ocrx_word' id='word_1_232' title='bbox 395 2300 602 2375; x_wconf 82' lang='lat' dir='ltr'>Neque</span> <span class='ocrx_word' id='word_1_233' title='bbox 635 2300 833 2359; x_wconf 77' lang='lat' dir='ltr'>obstat</span> <span class='ocrx_word' id='word_1_234' title='bbox 881 2313 942 2363; x_wconf 72' lang='lat'>(3.</span> <span class='ocrx_word' id='word_1_235' title='bbox 989 2300 1149 2375; x_wconf 89' lang='lat' dir='ltr'>quod</span> <span class='ocrx_word' id='word_1_236' title='bbox 1196 2300 1302 2359; x_wconf 90' lang='lat' dir='ltr'>hac</span> <span class='ocrx_word' id='word_1_237' title='bbox 1348 2299 1783 2376; x_wconf 87' lang='lat' dir='ltr'>comparatione</span> <span class='ocrx_word' id='word_1_238' title='bbox 1817 2300 1909 2359; x_wconf 88' lang='lat' dir='ltr'>usi</span> <span class='ocrx_word' id='word_1_239' title='bbox 1944 2303 2087 2359; x_wconf 88' lang='lat' dir='ltr'>sunt</span> <span class='ocrx_word' id='word_1_240' title='bbox 2116 2300 2465 2377; x_wconf 88' lang='lat' dir='ltr'>praesertim</span> <span class='ocrx_word' id='word_1_241' title='bbox 2498 2301 2783 2360; x_wconf 86' lang='lat' dir='ltr'>adversus</span> <span class='ocrx_word' id='word_1_242' title='bbox 2815 2320 3019 2361; x_wconf 90' lang='lat' dir='ltr'>mono·</span> 
     </span>
     <span class='ocr_line' id='line_1_23' title="bbox 393 2389 3021 2466; baseline 0 -19"><span class='ocrx_word' id='word_1_243' title='bbox 393 2389 697 2465; x_wconf 79' lang='lat' dir='ltr'>physitas:</span> <span class='ocrx_word' id='word_1_244' title='bbox 748 2409 885 2448; x_wconf 89' lang='lat' dir='ltr'>nam</span> <span class='ocrx_word' id='word_1_245' title='bbox 933 2408 1002 2448; x_wconf 86' lang='lat' dir='ltr'>ea</span> <span class='ocrx_word' id='word_1_246' title='bbox 1045 2390 1142 2448; x_wconf 89' lang='lat' dir='ltr'>usi</span> <span class='ocrx_word' id='word_1_247' title='bbox 1191 2394 1334 2448; x_wconf 88' lang='lat' dir='ltr'>sunt</span> <span class='ocrx_word' id='word_1_248' title='bbox 1379 2408 1497 2448; x_wconf 89' lang='lat' dir='ltr'>non</span> <span class='ocrx_word' id='word_1_249' title='bbox 1541 2391 1750 2464; x_wconf 89' lang='lat' dir='ltr'>sponte</span> <span class='ocrx_word' id='word_1_250' title='bbox 1784 2390 2040 2466; x_wconf 85' lang='lat' dir='ltr'>propria,</span> <span class='ocrx_word' id='word_1_251' title='bbox 2091 2389 2191 2448; x_wconf 88' lang='lat' dir='ltr'>sed</span> <span class='ocrx_word' id='word_1_252' title='bbox 2243 2389 2431 2448; x_wconf 89' lang='lat' dir='ltr'>coacti</span> <span class='ocrx_word' id='word_1_253' title='bbox 2474 2391 2901 2465; x_wconf 88' lang='lat' dir='ltr'>propemodum</span> <span class='ocrx_word' id='word_1_254' title='bbox 2947 2390 3021 2448; x_wconf 88' lang='lat' dir='ltr'>ab</span> 
     </span>
     <span class='ocr_line' id='line_1_24' title="bbox 392 2478 3019 2556; baseline 0 -19"><span class='ocrx_word' id='word_1_255' title='bbox 392 2478 762 2548; x_wconf 85' lang='lat' dir='ltr'>adversariis,</span> <span class='ocrx_word' id='word_1_256' title='bbox 795 2479 900 2555; x_wconf 90' lang='lat' dir='ltr'>qui</span> <span class='ocrx_word' id='word_1_257' title='bbox 931 2497 1000 2537; x_wconf 91' lang='lat' dir='ltr'>ea</span> <span class='ocrx_word' id='word_1_258' title='bbox 1029 2478 1448 2538; x_wconf 87' lang='lat' dir='ltr'>abutebantur.</span> <span class='ocrx_word' id='word_1_259' title='bbox 1513 2478 1823 2537; x_wconf 85' lang='lat' dir='ltr'>Sufficiens</span> <span class='ocrx_word' id='word_1_260' title='bbox 1857 2480 2056 2537; x_wconf 87' lang='lat' dir='ltr'>autem</span> <span class='ocrx_word' id='word_1_261' title='bbox 2088 2482 2181 2537; x_wconf 89' lang='lat' dir='ltr'>est</span> <span class='ocrx_word' id='word_1_262' title='bbox 2216 2480 2497 2537; x_wconf 87' lang='lat' dir='ltr'>adversus</span> <span class='ocrx_word' id='word_1_263' title='bbox 2530 2496 2648 2547; x_wconf 91' lang='lat' dir='ltr'>eos,</span> <span class='ocrx_word' id='word_1_264' title='bbox 2698 2480 2803 2556; x_wconf 92' lang='lat' dir='ltr'>qui</span> <span class='ocrx_word' id='word_1_265' title='bbox 2843 2484 3019 2555; x_wconf 85' lang='lat' dir='ltr'>puta·</span> 
     </span>
     <span class='ocr_line' id='line_1_25' title="bbox 392 2566 3022 2645; baseline 0 -19"><span class='ocrx_word' id='word_1_266' title='bbox 392 2568 558 2637; x_wconf 86' lang='lat' dir='ltr'>bant,</span> <span class='ocrx_word' id='word_1_267' title='bbox 593 2568 678 2626; x_wconf 87' lang='lat' dir='ltr'>ita</span> <span class='ocrx_word' id='word_1_268' title='bbox 708 2569 1051 2644; x_wconf 77' lang='lat' dir='ltr'>absorptam</span> <span class='ocrx_word' id='word_1_269' title='bbox 1082 2586 1211 2626; x_wconf 91' lang='lat' dir='ltr'>esse</span> <span class='ocrx_word' id='word_1_270' title='bbox 1243 2571 1519 2627; x_wconf 88' lang='lat' dir='ltr'>naturam</span> <span class='ocrx_word' id='word_1_271' title='bbox 1552 2567 1872 2626; x_wconf 87' lang='lat' dir='ltr'>humanam</span> <span class='ocrx_word' id='word_1_272' title='bbox 1905 2588 1939 2626; x_wconf 89' lang='lat' dir='ltr'>a</span> <span class='ocrx_word' id='word_1_273' title='bbox 1970 2567 2188 2638; x_wconf 86' lang='lat' dir='ltr'>divina,</span> <span class='ocrx_word' id='word_1_274' title='bbox 2223 2571 2295 2626; x_wconf 89' lang='lat' dir='ltr'>ut</span> <span class='ocrx_word' id='word_1_275' title='bbox 2325 2587 2359 2626; x_wconf 86' lang='lat' dir='ltr'>a</span> <span class='ocrx_word' id='word_1_276' title='bbox 2388 2566 2597 2642; x_wconf 81' lang='lat' dir='ltr'>pelago</span> <span class='ocrx_word' id='word_1_277' title='bbox 2630 2587 2815 2643; x_wconf 89' lang='lat' dir='ltr'>aquae</span> <span class='ocrx_word' id='word_1_278' title='bbox 2847 2572 3022 2645; x_wconf 78' lang='lat' dir='ltr'>gutta</span> 
     </span>
     <span class='ocr_line' id='line_1_26' title="bbox 394 2656 3018 2734; baseline 0.001 -19"><span class='ocrx_word' id='word_1_279' title='bbox 394 2657 540 2728; x_wconf 89' lang='lat' dir='ltr'>vini,</span> <span class='ocrx_word' id='word_1_280' title='bbox 575 2658 748 2733; x_wconf 86' lang='lat' dir='ltr'>cujus</span> <span class='ocrx_word' id='word_1_281' title='bbox 781 2656 933 2716; x_wconf 90' lang='lat' dir='ltr'>nihil</span> <span class='ocrx_word' id='word_1_282' title='bbox 962 2657 1262 2734; x_wconf 87' lang='lat' dir='ltr'>reliquum</span> <span class='ocrx_word' id='word_1_283' title='bbox 1296 2660 1514 2719; x_wconf 86' lang='lat' dir='ltr'>manet.</span> <span class='ocrx_word' id='word_1_284' title='bbox 1585 2656 1647 2716; x_wconf 91' lang='lat' dir='ltr'>Si</span> <span class='ocrx_word' id='word_1_285' title='bbox 1679 2657 1835 2717; x_wconf 89' lang='lat' dir='ltr'>enim</span> <span class='ocrx_word' id='word_1_286' title='bbox 1869 2656 2048 2717; x_wconf 88' lang='lat' dir='ltr'>semel</span> <span class='ocrx_word' id='word_1_287' title='bbox 2082 2658 2385 2734; x_wconf 90' lang='lat' dir='ltr'>probatur,</span> <span class='ocrx_word' id='word_1_288' title='bbox 2421 2674 2655 2715; x_wconf 89' lang='lat' dir='ltr'>manere</span> <span class='ocrx_word' id='word_1_289' title='bbox 2688 2657 2748 2716; x_wconf 89' lang='lat' dir='ltr'>in</span> <span class='ocrx_word' id='word_1_290' title='bbox 2784 2658 3018 2718; x_wconf 88' lang='lat' dir='ltr'>Christo</span> 
     </span>
     <span class='ocr_line' id='line_1_27' title="bbox 393 2747 3017 2821; baseline 0 -16"><span class='ocrx_word' id='word_1_291' title='bbox 393 2747 718 2821; x_wconf 74' lang='lat' dir='ltr'>qualitates</span> <span class='ocrx_word' id='word_1_292' title='bbox 740 2747 1058 2806; x_wconf 87' lang='lat' dir='ltr'>humanas:</span> <span class='ocrx_word' id='word_1_293' title='bbox 1092 2747 1265 2806; x_wconf 90' lang='lat' dir='ltr'>obvia</span> <span class='ocrx_word' id='word_1_294' title='bbox 1295 2749 1387 2805; x_wconf 90' lang='lat' dir='ltr'>est</span> <span class='ocrx_word' id='word_1_295' title='bbox 1419 2747 1627 2814; x_wconf 77' lang='lat' dir='ltr'>illatio,</span> <span class='ocrx_word' id='word_1_296' title='bbox 1662 2747 1953 2806; x_wconf 83' lang='lat' dir='ltr'>mansisse</span> <span class='ocrx_word' id='word_1_297' title='bbox 1974 2747 2153 2806; x_wconf 89' lang='lat' dir='ltr'>etiam</span> <span class='ocrx_word' id='word_1_298' title='bbox 2175 2747 2573 2806; x_wconf 83' lang='lat' dir='ltr'>substantiam</span> <span class='ocrx_word' id='word_1_299' title='bbox 2594 2764 2699 2804; x_wconf 89' lang='lat' dir='ltr'>seu</span> <span class='ocrx_word' id='word_1_300' title='bbox 2720 2753 3017 2818; x_wconf 89' lang='lat' dir='ltr'>naturam,</span> 
     </span>
     <span class='ocr_line' id='line_1_28' title="bbox 398 2835 3020 2912; baseline 0.001 -19"><span class='ocrx_word' id='word_1_301' title='bbox 398 2854 531 2893; x_wconf 88' lang='lat' dir='ltr'>cum</span> <span class='ocrx_word' id='word_1_302' title='bbox 561 2836 727 2895; x_wconf 85' lang='lat' dir='ltr'>nulla</span> <span class='ocrx_word' id='word_1_303' title='bbox 755 2837 911 2895; x_wconf 90' lang='lat' dir='ltr'>ratio</span> <span class='ocrx_word' id='word_1_304' title='bbox 943 2835 1241 2895; x_wconf 82' lang='lat' dir='ltr'>sufficiens</span> <span class='ocrx_word' id='word_1_305' title='bbox 1273 2835 1441 2895; x_wconf 87' lang='lat' dir='ltr'>reddi</span> <span class='ocrx_word' id='word_1_306' title='bbox 1474 2836 1681 2911; x_wconf 86' lang='lat' dir='ltr'>possit,</span> <span class='ocrx_word' id='word_1_307' title='bbox 1717 2855 1900 2912; x_wconf 91' lang='lat' dir='ltr'>quare</span> <span class='ocrx_word' id='word_1_308' title='bbox 1933 2836 2201 2895; x_wconf 83' lang='lat' dir='ltr'>Christus</span> <span class='ocrx_word' id='word_1_309' title='bbox 2233 2839 2372 2912; x_wconf 90' lang='lat' dir='ltr'>post</span> <span class='ocrx_word' id='word_1_310' title='bbox 2403 2837 2896 2896; x_wconf 84' lang='lat' dir='ltr'>resurrectionem</span> <span class='ocrx_word' id='word_1_311' title='bbox 2926 2857 3020 2896; x_wconf 90' lang='lat' dir='ltr'>re-</span> 
     </span>
     <span class='ocr_line' id='line_1_29' title="bbox 401 2924 3021 3002; baseline 0.002 -21"><span class='ocrx_word' id='word_1_312' title='bbox 401 2925 649 2983; x_wconf 83' lang='lat' dir='ltr'>tinuerit</span> <span class='ocrx_word' id='word_1_313' title='bbox 678 2925 1000 3001; x_wconf 80' lang='lat' dir='ltr'>qualitates</span> <span class='ocrx_word' id='word_1_314' title='bbox 1034 2925 1320 2984; x_wconf 88' lang='lat' dir='ltr'>humanas</span> <span class='ocrx_word' id='word_1_315' title='bbox 1352 2924 1660 2984; x_wconf 89' lang='lat' dir='ltr'>deficiente</span> <span class='ocrx_word' id='word_1_316' title='bbox 1692 2927 1946 2984; x_wconf 87' lang='lat' dir='ltr'>veritate</span> <span class='ocrx_word' id='word_1_317' title='bbox 1977 2926 2349 2985; x_wconf 86' lang='lat' dir='ltr'>substantiae</span> <span class='ocrx_word' id='word_1_318' title='bbox 2380 2925 2704 2984; x_wconf 86' lang='lat' dir='ltr'>humanae:</span> <span class='ocrx_word' id='word_1_319' title='bbox 2747 2945 2901 3002; x_wconf 88' lang='lat' dir='ltr'>quae</span> <span class='ocrx_word' id='word_1_320' title='bbox 2929 2931 3021 2985; x_wconf 87' lang='lat' dir='ltr'>ta-</span> 
     </span>
     <span class='ocr_line' id='line_1_30' title="bbox 404 3013 3020 3091; baseline 0.002 -22"><span class='ocrx_word' id='word_1_321' title='bbox 404 3031 537 3071; x_wconf 85' lang='lat' dir='ltr'>men</span> <span class='ocrx_word' id='word_1_322' title='bbox 564 3014 714 3074; x_wconf 86' lang='lat' dir='ltr'>ratio</span> <span class='ocrx_word' id='word_1_323' title='bbox 745 3016 973 3091; x_wconf 87' lang='lat' dir='ltr'>optima</span> <span class='ocrx_word' id='word_1_324' title='bbox 1000 3013 1170 3073; x_wconf 85' lang='lat' dir='ltr'>reddi</span> <span class='ocrx_word' id='word_1_325' title='bbox 1189 3017 1388 3090; x_wconf 85' lang='lat' dir='ltr'>potest</span> <span class='ocrx_word' id='word_1_326' title='bbox 1418 3018 1480 3072; x_wconf 90' lang='lat' dir='ltr'>et</span> <span class='ocrx_word' id='word_1_327' title='bbox 1510 3013 1786 3073; x_wconf 89' lang='lat' dir='ltr'>redditur</span> <span class='ocrx_word' id='word_1_328' title='bbox 1815 3034 1850 3073; x_wconf 89' lang='lat' dir='ltr'>a</span> <span class='ocrx_word' id='word_1_329' title='bbox 1881 3015 2169 3091; x_wconf 88' lang='lat' dir='ltr'>patribus,</span> <span class='ocrx_word' id='word_1_330' title='bbox 2204 3033 2386 3090; x_wconf 90' lang='lat' dir='ltr'>quare</span> <span class='ocrx_word' id='word_1_331' title='bbox 2407 3018 2683 3073; x_wconf 86' lang='lat' dir='ltr'>maneant</span> <span class='ocrx_word' id='word_1_332' title='bbox 2712 3015 2776 3073; x_wconf 90' lang='lat' dir='ltr'>in</span> <span class='ocrx_word' id='word_1_333' title='bbox 2807 3017 3020 3075; x_wconf 86' lang='lat' dir='ltr'>eucha-</span> 
     </span>
     <span class='ocr_line' id='line_1_31' title="bbox 403 3102 2010 3188; baseline 0.001 -29"><span class='ocrx_word' id='word_1_334' title='bbox 403 3102 574 3159; x_wconf 87' lang='lat' dir='ltr'>ristia</span> <span class='ocrx_word' id='word_1_335' title='bbox 600 3105 918 3179; x_wconf 83' lang='lat' dir='ltr'>qualitates</span> <span class='ocrx_word' id='word_1_336' title='bbox 951 3103 1122 3188; x_wconf 78' lang='lat' dir='ltr'>panis</span> <span class='ocrx_word' id='word_1_337' title='bbox 1154 3103 1462 3163; x_wconf 85' lang='lat' dir='ltr'>deficiente</span> <span class='ocrx_word' id='word_1_338' title='bbox 1493 3103 1622 3178; x_wconf 89' lang='lat' dir='ltr'>ejus</span> <span class='ocrx_word' id='word_1_339' title='bbox 1655 3103 2010 3163; x_wconf 88' lang='lat' dir='ltr'>substantia.</span> 
     </span>
    </p>
   </div>
   <div class='ocr_carea' id='block_1_3' title="bbox 395 3224 3021 3482">
    <p class='ocr_par' dir='ltr' id='par_1_3' title="bbox 395 3224 3021 3482">
     <span class='ocr_line' id='line_1_32' title="bbox 585 3224 3020 3302; baseline -0.001 -13"><span class='ocrx_word' id='word_1_340' title='bbox 585 3237 721 3291; x_wconf 86' lang='grc'><strong>366.</strong></span> <span class='ocrx_word' id='word_1_341' title='bbox 756 3224 1103 3293; x_wconf 73' lang='lat' dir='ltr'>Sehollon</span> <span class='ocrx_word' id='word_1_342' title='bbox 1129 3224 1233 3291; x_wconf 90' lang='grc' dir='ltr'>ῙῙ.</span> <span class='ocrx_word' id='word_1_343' title='bbox 1255 3226 1664 3302; x_wconf 75' lang='lat' dir='ltr'>Praeposterae</span> <span class='ocrx_word' id='word_1_344' title='bbox 1684 3230 1937 3287; x_wconf 79' lang='lat' dir='ltr'>notiones</span> <span class='ocrx_word' id='word_1_345' title='bbox 1957 3229 2634 3287; x_wconf 72' lang='lat' dir='ltr'>transsubstantiationis.</span> <span class='ocrx_word' id='word_1_346' title='bbox 2663 3262 2734 3271; x_wconf 93' lang='lat'><strong>—</strong></span> <span class='ocrx_word' id='word_1_347' title='bbox 2762 3228 2846 3286; x_wconf 86' lang='lat' dir='ltr'>Ex</span> <span class='ocrx_word' id='word_1_348' title='bbox 2868 3229 3020 3287; x_wconf 89' lang='lat' dir='ltr'>thesi</span> 
     </span>
     <span class='ocr_line' id='line_1_33' title="bbox 399 3316 3021 3394; baseline 0 -18"><span class='ocrx_word' id='word_1_349' title='bbox 399 3316 673 3392; x_wconf 88' lang='lat' dir='ltr'>sequitur</span> <span class='ocrx_word' id='word_1_350' title='bbox 701 3322 936 3394; x_wconf 80' lang='lat' dir='ltr'>praeter</span> <span class='ocrx_word' id='word_1_351' title='bbox 964 3317 1386 3393; x_wconf 85' lang='lat' dir='ltr'>impanationis</span> <span class='ocrx_word' id='word_1_352' title='bbox 1417 3317 1789 3393; x_wconf 88' lang='lat' dir='ltr'>figmentum,</span> <span class='ocrx_word' id='word_1_353' title='bbox 1840 3317 2000 3393; x_wconf 89' lang='lat' dir='ltr'>quod</span> <span class='ocrx_word' id='word_1_354' title='bbox 2044 3317 2438 3376; x_wconf 83' lang='lat' dir='ltr'>refutavimus</span> <span class='ocrx_word' id='word_1_355' title='bbox 2484 3336 2541 3376; x_wconf 83' lang='lat' dir='ltr'>n.</span> <span class='ocrx_word' id='word_1_356' title='bbox 2586 3336 2798 3392; x_wconf 66' lang='lat' dir='ltr'>praee„</span> <span class='ocrx_word' id='word_1_357' title='bbox 2847 3318 3021 3393; x_wconf 87' lang='lat' dir='ltr'>plane</span> 
     </span>
     <span class='ocr_line' id='line_1_34' title="bbox 395 3406 1880 3482; baseline -0.001 -17"><span class='ocrx_word' id='word_1_358' title='bbox 395 3425 698 3465; x_wconf 87' lang='lat' dir='ltr'>erroneam</span> <span class='ocrx_word' id='word_1_359' title='bbox 733 3426 862 3466; x_wconf 88' lang='lat' dir='ltr'>esse</span> <span class='ocrx_word' id='word_1_360' title='bbox 893 3407 1231 3482; x_wconf 89' lang='lat' dir='ltr'>opinionem</span> <span class='ocrx_word' id='word_1_361' title='bbox 1263 3424 1486 3476; x_wconf 88' lang='lat' dir='ltr'>eorum,</span> <span class='ocrx_word' id='word_1_362' title='bbox 1522 3406 1627 3480; x_wconf 89' lang='lat' dir='ltr'>qui</span> <span class='ocrx_word' id='word_1_363' title='bbox 1661 3407 1880 3481; x_wconf 85' lang='lat' dir='ltr'>putent</span> 
     </span>
    </p>
   </div>
   <div class='ocr_carea' id='block_1_4' title="bbox 393 3511 3019 3679">
    <p class='ocr_par' dir='ltr' id='par_1_4' title="bbox 393 3511 3019 3679">
     <span class='ocr_line' id='line_1_35' title="bbox 579 3511 3019 3590; baseline -0.002 -13"><span class='ocrx_word' id='word_1_364' title='bbox 579 3511 639 3577; x_wconf 89' lang='lat' dir='ltr'>l.</span> <span class='ocrx_word' id='word_1_365' title='bbox 671 3533 898 3574; x_wconf 87' lang='lat' dir='ltr'>cessare</span> <span class='ocrx_word' id='word_1_366' title='bbox 933 3514 1169 3589; x_wconf 86' lang='lat' dir='ltr'>quidem</span> <span class='ocrx_word' id='word_1_367' title='bbox 1204 3514 1376 3590; x_wconf 89' lang='lat' dir='ltr'>panis</span> <span class='ocrx_word' id='word_1_368' title='bbox 1411 3533 1464 3571; x_wconf 88' lang='lat' dir='ltr'>m</span> <span class='ocrx_word' id='word_1_369' title='bbox 1485 3517 1606 3571; x_wconf 86' lang='lat' dir='ltr'>ate</span> <span class='ocrx_word' id='word_1_370' title='bbox 1626 3514 1688 3570; x_wconf 90' lang='lat' dir='ltr'>ri</span> <span class='ocrx_word' id='word_1_371' title='bbox 1708 3533 1847 3582; x_wconf 89' lang='lat' dir='ltr'>am,</span> <span class='ocrx_word' id='word_1_372' title='bbox 1896 3533 2012 3572; x_wconf 91' lang='lat' dir='ltr'>non</span> <span class='ocrx_word' id='word_1_373' title='bbox 2059 3514 2367 3572; x_wconf 89' lang='lat' dir='ltr'>formam</span> <span class='ocrx_word' id='word_1_374' title='bbox 2388 3558 2403 3585; x_wconf 89' lang='lat'>,</span> <span class='ocrx_word' id='word_1_375' title='bbox 2451 3533 2568 3589; x_wconf 91' lang='lat' dir='ltr'>qua</span> <span class='ocrx_word' id='word_1_376' title='bbox 2598 3532 2667 3572; x_wconf 89' lang='lat' dir='ltr'>ea</span> <span class='ocrx_word' id='word_1_377' title='bbox 2697 3517 2787 3571; x_wconf 89' lang='lat' dir='ltr'>est</span> <span class='ocrx_word' id='word_1_378' title='bbox 2817 3514 3019 3588; x_wconf 89' lang='lat' dir='ltr'>panis;</span> 
     </span>
     <span class='ocr_line' id='line_1_36' title="bbox 393 3602 2102 3679; baseline -0.001 -18"><span class='ocrx_word' id='word_1_379' title='bbox 393 3607 602 3662; x_wconf 89' lang='lat' dir='ltr'>contra</span> <span class='ocrx_word' id='word_1_380' title='bbox 632 3623 807 3679; x_wconf 89' lang='lat' dir='ltr'>quem</span> <span class='ocrx_word' id='word_1_381' title='bbox 841 3621 1099 3663; x_wconf 86' lang='lat' dir='ltr'>errorem</span> <span class='ocrx_word' id='word_1_382' title='bbox 1134 3603 1203 3661; x_wconf 78' lang='lat' dir='ltr'>ct.</span> <span class='ocrx_word' id='word_1_383' title='bbox 1238 3622 1282 3661; x_wconf 92' lang='lat' dir='ltr'>s.</span> <span class='ocrx_word' id='word_1_384' title='bbox 1316 3602 1361 3660; x_wconf 88' lang='grc' dir='ltr'><strong>Τ</strong></span> <span class='ocrx_word' id='word_1_385' title='bbox 1387 3603 1546 3661; x_wconf 92' lang='lat' dir='ltr'>hom</span> <span class='ocrx_word' id='word_1_386' title='bbox 1570 3621 1646 3660; x_wconf 85' lang='lat' dir='ltr'>as</span> <span class='ocrx_word' id='word_1_387' title='bbox 1683 3613 1717 3664; x_wconf 85' lang='lat'><strong>3</strong></span> <span class='ocrx_word' id='word_1_388' title='bbox 1754 3621 1810 3676; x_wconf 93' lang='lat' dir='ltr'>q.</span> <span class='ocrx_word' id='word_1_389' title='bbox 1849 3612 1925 3665; x_wconf 75' lang='lat'>75</span> <span class='ocrx_word' id='word_1_390' title='bbox 1962 3622 2011 3661; x_wconf 87' lang='lat' dir='ltr'>a.</span> <span class='ocrx_word' id='word_1_391' title='bbox 2049 3614 2102 3665; x_wconf 87' lang='lat'>6.</span> 
     </span>
    </p>
   </div>
   <div class='ocr_carea' id='block_1_5' title="bbox 393 3706 3021 4494">
    <p class='ocr_par' dir='ltr' id='par_1_5' title="bbox 393 3706 3021 4494">
     <span class='ocr_line' id='line_1_37' title="bbox 574 3706 3019 3786; baseline -0.002 -17"><span class='ocrx_word' id='word_1_392' title='bbox 574 3706 639 3774; x_wconf 78' lang='lat'>2.</span> <span class='ocrx_word' id='word_1_393' title='bbox 671 3710 1010 3786; x_wconf 89' lang='lat' dir='ltr'>opinionem</span> <span class='ocrx_word' id='word_1_394' title='bbox 1044 3709 1390 3768; x_wconf 90' lang='lat' dir='ltr'>Durandi</span> <span class='ocrx_word' id='word_1_395' title='bbox 1424 3710 1488 3768; x_wconf 91' lang='lat' dir='ltr'>in</span> <span class='ocrx_word' id='word_1_396' title='bbox 1521 3719 1576 3772; x_wconf 81' lang='lat'>4.</span> <span class='ocrx_word' id='word_1_397' title='bbox 1613 3709 1752 3768; x_wconf 89' lang='lat' dir='ltr'>dist.</span> <span class='ocrx_word' id='word_1_398' title='bbox 1783 3722 1849 3771; x_wconf 91' lang='grc'>11</span> <span class='ocrx_word' id='word_1_399' title='bbox 1883 3728 1937 3783; x_wconf 88' lang='lat' dir='ltr'>q.</span> <span class='ocrx_word' id='word_1_400' title='bbox 1962 3718 2018 3778; x_wconf 87' lang='lat'>3,</span> <span class='ocrx_word' id='word_1_401' title='bbox 2055 3708 2379 3768; x_wconf 86' lang='lat' dir='ltr'>secundum</span> <span class='ocrx_word' id='word_1_402' title='bbox 2404 3728 2581 3783; x_wconf 84' lang='lat' dir='ltr'>quam</span> <span class='ocrx_word' id='word_1_403' title='bbox 2614 3709 2854 3766; x_wconf 80' lang='lat' dir='ltr'>forma</span> <span class='ocrx_word' id='word_1_404' title='bbox 2884 3709 3019 3784; x_wconf 91' lang='lat' dir='ltr'>qui-</span> 
     </span>
     <span class='ocr_line' id='line_1_38' title="bbox 401 3797 3020 3875; baseline -0 -20"><span class='ocrx_word' id='word_1_405' title='bbox 401 3797 532 3856; x_wconf 89' lang='lat' dir='ltr'>dem</span> <span class='ocrx_word' id='word_1_406' title='bbox 579 3799 751 3875; x_wconf 83' lang='lat' dir='ltr'>panis</span> <span class='ocrx_word' id='word_1_407' title='bbox 798 3798 1036 3867; x_wconf 88' lang='lat' dir='ltr'>desinit,</span> <span class='ocrx_word' id='word_1_408' title='bbox 1084 3817 1204 3858; x_wconf 90' lang='lat' dir='ltr'>non</span> <span class='ocrx_word' id='word_1_409' title='bbox 1251 3817 1389 3857; x_wconf 85' lang='lat' dir='ltr'>vero</span> <span class='ocrx_word' id='word_1_410' title='bbox 1434 3799 1793 3868; x_wconf 88' lang='lat' dir='ltr'>materia,</span> <span class='ocrx_word' id='word_1_411' title='bbox 1843 3802 1915 3857; x_wconf 90' lang='lat' dir='ltr'>ut</span> <span class='ocrx_word' id='word_1_412' title='bbox 1963 3799 2026 3856; x_wconf 89' lang='lat' dir='ltr'>in</span> <span class='ocrx_word' id='word_1_413' title='bbox 2076 3798 2527 3857; x_wconf 88' lang='lat' dir='ltr'>manducatione</span> <span class='ocrx_word' id='word_1_414' title='bbox 2559 3797 2819 3855; x_wconf 89' lang='lat' dir='ltr'>naturali</span> <span class='ocrx_word' id='word_1_415' title='bbox 2850 3798 3020 3873; x_wconf 87' lang='lat' dir='ltr'>panis</span> 
     </span>
     <span class='ocr_line' id='line_1_39' title="bbox 400 3880 3020 3970; baseline -0 -26"><span class='ocrx_word' id='word_1_416' title='bbox 400 3887 698 3964; x_wconf 89' lang='lat' dir='ltr'>contingit</span> <span class='ocrx_word' id='word_1_417' title='bbox 727 3880 814 3969; x_wconf 90' lang='lat' dir='ltr'>(n.</span> <span class='ocrx_word' id='word_1_418' title='bbox 837 3884 1007 3970; x_wconf 84' lang='lat'>364).</span> <span class='ocrx_word' id='word_1_419' title='bbox 1045 3887 1307 3962; x_wconf 88' lang='lat' dir='ltr'>Utraque</span> <span class='ocrx_word' id='word_1_420' title='bbox 1343 3887 1502 3945; x_wconf 89' lang='lat' dir='ltr'>enim</span> <span class='ocrx_word' id='word_1_421' title='bbox 1520 3888 1766 3946; x_wconf 88' lang='lat' dir='ltr'>assertio</span> <span class='ocrx_word' id='word_1_422' title='bbox 1803 3887 2116 3946; x_wconf 86' lang='lat' dir='ltr'>manifesto</span> <span class='ocrx_word' id='word_1_423' title='bbox 2149 3888 2499 3946; x_wconf 87' lang='lat' dir='ltr'>adversatur</span> <span class='ocrx_word' id='word_1_424' title='bbox 2529 3885 2832 3944; x_wconf 89' lang='lat' dir='ltr'>doctrinae</span> <span class='ocrx_word' id='word_1_425' title='bbox 2863 3904 3020 3944; x_wconf 86' lang='lat' dir='ltr'>conc.</span> 
     </span>
     <span class='ocr_line' id='line_1_40' title="bbox 398 3974 3020 4050; baseline -0 -16"><span class='ocrx_word' id='word_1_426' title='bbox 398 3975 714 4035; x_wconf 86' lang='lat' dir='ltr'>tridentini</span> <span class='ocrx_word' id='word_1_427' title='bbox 745 3977 1068 4035; x_wconf 88' lang='lat' dir='ltr'>statuentis</span> <span class='ocrx_word' id='word_1_428' title='bbox 1101 3994 1330 4036; x_wconf 89' lang='lat' dir='ltr'>cessare</span> <span class='ocrx_word' id='word_1_429' title='bbox 1377 3980 1618 4035; x_wconf 92' lang='lat' dir='ltr'>totam</span> <span class='ocrx_word' id='word_1_430' title='bbox 1666 3977 2068 4036; x_wconf 84' lang='lat' dir='ltr'>substantiam</span> <span class='ocrx_word' id='word_1_431' title='bbox 2099 3976 2480 4035; x_wconf 88' lang='lat' dir='ltr'>manentibus</span> <span class='ocrx_word' id='word_1_432' title='bbox 2514 3974 2658 4034; x_wconf 92' lang='lat' dir='ltr'>solis</span> <span class='ocrx_word' id='word_1_433' title='bbox 2690 3974 3020 4050; x_wconf 87' lang='lat' dir='ltr'>speciebus.</span> 
     </span>
     <span class='ocr_line' id='line_1_41' title="bbox 399 4063 3019 4142; baseline 0 -21"><span class='ocrx_word' id='word_1_434' title='bbox 399 4063 492 4121; x_wconf 90' lang='lat' dir='ltr'>Ad</span> <span class='ocrx_word' id='word_1_435' title='bbox 525 4065 666 4125; x_wconf 89' lang='lat' dir='ltr'>haec</span> <span class='ocrx_word' id='word_1_436' title='bbox 696 4067 1021 4125; x_wconf 87' lang='lat' dir='ltr'>secundum</span> <span class='ocrx_word' id='word_1_437' title='bbox 1055 4065 1403 4124; x_wconf 88' lang='lat' dir='ltr'>Durandum</span> <span class='ocrx_word' id='word_1_438' title='bbox 1435 4084 1647 4142; x_wconf 89' lang='lat' dir='ltr'>corpus</span> <span class='ocrx_word' id='word_1_439' title='bbox 1678 4066 1900 4124; x_wconf 88' lang='lat' dir='ltr'>Christi</span> <span class='ocrx_word' id='word_1_440' title='bbox 1932 4066 2392 4125; x_wconf 89' lang='lat' dir='ltr'>eucharisticum</span> <span class='ocrx_word' id='word_1_441' title='bbox 2433 4083 2553 4123; x_wconf 90' lang='lat' dir='ltr'>non</span> <span class='ocrx_word' id='word_1_442' title='bbox 2587 4067 2741 4123; x_wconf 89' lang='lat' dir='ltr'>esset</span> <span class='ocrx_word' id='word_1_443' title='bbox 2770 4083 2841 4122; x_wconf 89' lang='lat' dir='ltr'>ea</span> <span class='ocrx_word' id='word_1_444' title='bbox 2869 4082 3019 4133; x_wconf 89' lang='lat' dir='ltr'>caro,</span> 
     </span>
     <span class='ocr_line' id='line_1_42' title="bbox 399 4149 3021 4236; baseline -0 -24"><span class='ocrx_word' id='word_1_445' title='bbox 399 4172 552 4228; x_wconf 89' lang='lat' dir='ltr'>quae</span> <span class='ocrx_word' id='word_1_446' title='bbox 584 4154 722 4213; x_wconf 87' lang='lat' dir='ltr'>data</span> <span class='ocrx_word' id='word_1_447' title='bbox 752 4158 842 4213; x_wconf 90' lang='lat' dir='ltr'>est</span> <span class='ocrx_word' id='word_1_448' title='bbox 871 4174 978 4231; x_wconf 89' lang='lat' dir='ltr'>pro</span> <span class='ocrx_word' id='word_1_449' title='bbox 1009 4155 1219 4214; x_wconf 89' lang='lat' dir='ltr'>mundi</span> <span class='ocrx_word' id='word_1_450' title='bbox 1254 4155 1396 4224; x_wconf 87' lang='lat' dir='ltr'>vita,</span> <span class='ocrx_word' id='word_1_451' title='bbox 1429 4174 1608 4230; x_wconf 88' lang='lat' dir='ltr'>quam</span> <span class='ocrx_word' id='word_1_452' title='bbox 1641 4155 1872 4231; x_wconf 89' lang='lat' dir='ltr'>peperit</span> <span class='ocrx_word' id='word_1_453' title='bbox 1905 4154 1962 4215; x_wconf 90' lang='lat' dir='ltr'>b.</span> <span class='ocrx_word' id='word_1_454' title='bbox 1987 4155 2167 4231; x_wconf 89' lang='lat' dir='ltr'>Virgo</span> <span class='ocrx_word' id='word_1_455' title='bbox 2198 4160 2308 4217; x_wconf 79' lang='lat' dir='ltr'>etc,</span> <span class='ocrx_word' id='word_1_456' title='bbox 2343 4149 2427 4234; x_wconf 92' lang='lat' dir='ltr'>(n.</span> <span class='ocrx_word' id='word_1_457' title='bbox 2453 4150 2673 4236; x_wconf 77' lang='lat'>357⁶);</span> <span class='ocrx_word' id='word_1_458' title='bbox 2706 4152 3021 4230; x_wconf 85' lang='lat' dir='ltr'>multiplex</span> 
     </span>
     <span class='ocr_line' id='line_1_43' title="bbox 402 4243 3020 4320; baseline 0 -21"><span class='ocrx_word' id='word_1_459' title='bbox 402 4246 560 4301; x_wconf 90' lang='lat' dir='ltr'>esset</span> <span class='ocrx_word' id='word_1_460' title='bbox 588 4262 802 4320; x_wconf 88' lang='lat' dir='ltr'>corpus</span> <span class='ocrx_word' id='word_1_461' title='bbox 836 4243 1072 4314; x_wconf 89' lang='lat' dir='ltr'>Christi,</span> <span class='ocrx_word' id='word_1_462' title='bbox 1105 4247 1168 4302; x_wconf 89' lang='lat' dir='ltr'>et</span> <span class='ocrx_word' id='word_1_463' title='bbox 1199 4244 1472 4303; x_wconf 88' lang='lat' dir='ltr'>Christus</span> <span class='ocrx_word' id='word_1_464' title='bbox 1504 4243 1776 4317; x_wconf 87' lang='lat' dir='ltr'>quotidie</span> <span class='ocrx_word' id='word_1_465' title='bbox 1810 4243 1925 4301; x_wconf 90' lang='lat' dir='ltr'>sibi</span> <span class='ocrx_word' id='word_1_466' title='bbox 1960 4243 2293 4303; x_wconf 86' lang='lat' dir='ltr'>efformaret</span> <span class='ocrx_word' id='word_1_467' title='bbox 2322 4262 2546 4302; x_wconf 91' lang='lat' dir='ltr'>novum</span> <span class='ocrx_word' id='word_1_468' title='bbox 2578 4261 2809 4318; x_wconf 89' lang='lat' dir='ltr'>corpus,</span> <span class='ocrx_word' id='word_1_469' title='bbox 2862 4243 3020 4318; x_wconf 88' lang='lat' dir='ltr'>quod</span> 
     </span>
     <span class='ocr_line' id='line_1_44' title="bbox 393 4331 3019 4409; baseline -0.001 -19"><span class='ocrx_word' id='word_1_470' title='bbox 393 4331 624 4408; x_wconf 87' lang='lat' dir='ltr'>jugiter</span> <span class='ocrx_word' id='word_1_471' title='bbox 654 4333 872 4392; x_wconf 89' lang='lat' dir='ltr'>iterum</span> <span class='ocrx_word' id='word_1_472' title='bbox 905 4335 1177 4403; x_wconf 83' lang='lat' dir='ltr'>exueret3</span> <span class='ocrx_word' id='word_1_473' title='bbox 1225 4351 1419 4408; x_wconf 90' lang='lat' dir='ltr'>neque</span> <span class='ocrx_word' id='word_1_474' title='bbox 1466 4351 1534 4390; x_wconf 87' lang='lat' dir='ltr'>ea</span> <span class='ocrx_word' id='word_1_475' title='bbox 1565 4333 1869 4392; x_wconf 88' lang='lat' dir='ltr'>conversio</span> <span class='ocrx_word' id='word_1_476' title='bbox 1902 4335 2060 4391; x_wconf 90' lang='lat' dir='ltr'>esset</span> <span class='ocrx_word' id='word_1_477' title='bbox 2092 4332 2235 4390; x_wconf 90' lang='lat' dir='ltr'>adeo</span> <span class='ocrx_word' id='word_1_478' title='bbox 2268 4332 2555 4391; x_wconf 88' lang='lat' dir='ltr'>mirabilis</span> <span class='ocrx_word' id='word_1_479' title='bbox 2586 4335 2647 4390; x_wconf 90' lang='lat' dir='ltr'>et</span> <span class='ocrx_word' id='word_1_480' title='bbox 2680 4332 3019 4409; x_wconf 88' lang='lat' dir='ltr'>singularis,</span> 
     </span>
     <span class='ocr_line' id='line_1_45' title="bbox 400 4422 1668 4494; baseline 0.002 -15"><span class='ocrx_word' id='word_1_481' title='bbox 400 4425 579 4494; x_wconf 87' lang='lat' dir='ltr'>prout</span> <span class='ocrx_word' id='word_1_482' title='bbox 608 4422 779 4481; x_wconf 89' lang='lat' dir='ltr'>docet</span> <span class='ocrx_word' id='word_1_483' title='bbox 809 4440 968 4481; x_wconf 86' lang='lat' dir='ltr'>conc.</span> <span class='ocrx_word' id='word_1_484' title='bbox 1000 4422 1396 4480; x_wconf 87' lang='lat' dir='ltr'>tridentinum</span> <span class='ocrx_word' id='word_1_485' title='bbox 1428 4440 1487 4484; x_wconf 89' lang='lat' dir='ltr'>n.</span> <span class='ocrx_word' id='word_1_486' title='bbox 1522 4430 1668 4484; x_wconf 84' lang='lat'>359.</span> 
     </span>
    </p>
   </div>
   <div class='ocr_carea' id='block_1_6' title="bbox 398 4525 3022 4871">
    <p class='ocr_par' dir='ltr' id='par_1_6' title="bbox 398 4525 3022 4871">
     <span class='ocr_line' id='line_1_46' title="bbox 576 4525 3020 4604; baseline -0.002 -14"><span class='ocrx_word' id='word_1_487' title='bbox 576 4525 642 4591; x_wconf 83' lang='lat'>3.</span> <span class='ocrx_word' id='word_1_488' title='bbox 679 4532 726 4587; x_wconf 82' lang='lat' dir='ltr'>A</span> <span class='ocrx_word' id='word_1_489' title='bbox 762 4528 1028 4588; x_wconf 88' lang='lat' dir='ltr'>Durandi</span> <span class='ocrx_word' id='word_1_490' title='bbox 1060 4529 1336 4604; x_wconf 89' lang='lat' dir='ltr'>opinione</span> <span class='ocrx_word' id='word_1_491' title='bbox 1368 4547 1489 4587; x_wconf 89' lang='lat' dir='ltr'>non</span> <span class='ocrx_word' id='word_1_492' title='bbox 1519 4530 1781 4587; x_wconf 89' lang='lat' dir='ltr'>multum</span> <span class='ocrx_word' id='word_1_493' title='bbox 1816 4528 2003 4587; x_wconf 89' lang='lat' dir='ltr'>distat</span> <span class='ocrx_word' id='word_1_494' title='bbox 2047 4529 2385 4604; x_wconf 88' lang='lat' dir='ltr'>conjectura</span> <span class='ocrx_word' id='word_1_495' title='bbox 2430 4528 2803 4598; x_wconf 87' lang='lat' dir='ltr'>Rosmini,</span> <span class='ocrx_word' id='word_1_496' title='bbox 2850 4528 3020 4602; x_wconf 88' lang='lat' dir='ltr'>cujus</span> 
     </span>
     <span class='ocr_line' id='line_1_47' title="bbox 398 4615 3019 4696; baseline 0.002 -22"><span class='ocrx_word' id='word_1_497' title='bbox 398 4634 563 4693; x_wconf 90' lang='lat' dir='ltr'>prop.</span> <span class='ocrx_word' id='word_1_498' title='bbox 599 4627 678 4681; x_wconf 83' lang='lat'>29</span> <span class='ocrx_word' id='word_1_499' title='bbox 713 4618 1027 4696; x_wconf 87' lang='lat' dir='ltr'>reprobata</span> <span class='ocrx_word' id='word_1_500' title='bbox 1057 4619 1176 4677; x_wconf 85' lang='lat' dir='ltr'>fuit</span> <span class='ocrx_word' id='word_1_501' title='bbox 1205 4638 1240 4676; x_wconf 89' lang='lat' dir='ltr'>a</span> <span class='ocrx_word' id='word_1_502' title='bbox 1270 4618 1727 4694; x_wconf 87' lang='lat' dir='ltr'>congregatione</span> <span class='ocrx_word' id='word_1_503' title='bbox 1761 4635 1808 4675; x_wconf 91' lang='lat' dir='ltr'>s.</span> <span class='ocrx_word' id='word_1_504' title='bbox 1842 4616 2035 4675; x_wconf 85' lang='lat' dir='ltr'>Officii</span> <span class='ocrx_word' id='word_1_505' title='bbox 2076 4627 2170 4680; x_wconf 84' lang='lat'>14.</span> <span class='ocrx_word' id='word_1_506' title='bbox 2193 4618 2329 4680; x_wconf 88' lang='lat' dir='ltr'>Dec.</span> <span class='ocrx_word' id='word_1_507' title='bbox 2369 4627 2554 4681; x_wconf 85' lang='lat'>1887.</span> <span class='ocrx_word' id='word_1_508' title='bbox 2585 4617 2668 4675; x_wconf 73' lang='lat' dir='ltr'>Ea</span> <span class='ocrx_word' id='word_1_509' title='bbox 2701 4617 2785 4675; x_wconf 70' lang='lat' dir='ltr'>ita</span> <span class='ocrx_word' id='word_1_510' title='bbox 2815 4615 3019 4675; x_wconf 72' lang='lat' dir='ltr'>habet:</span> 
     </span>
     <span class='ocr_line' id='line_1_48' title="bbox 401 4705 3022 4783; baseline -0 -19"><span class='ocrx_word' id='word_1_511' title='bbox 401 4707 493 4773; x_wconf 84' lang='lat' dir='ltr'>,A</span> <span class='ocrx_word' id='word_1_512' title='bbox 538 4707 825 4767; x_wconf 88' lang='lat' dir='ltr'>catholica</span> <span class='ocrx_word' id='word_1_513' title='bbox 870 4707 1155 4776; x_wconf 85' lang='lat' dir='ltr'>doctrina,</span> <span class='ocrx_word' id='word_1_514' title='bbox 1203 4726 1355 4783; x_wconf 88' lang='lat' dir='ltr'>quae</span> <span class='ocrx_word' id='word_1_515' title='bbox 1398 4711 1493 4765; x_wconf 89' lang='lat' dir='ltr'>est</span> <span class='ocrx_word' id='word_1_516' title='bbox 1537 4708 1663 4766; x_wconf 93' lang='lat' dir='ltr'>sola</span> <span class='ocrx_word' id='word_1_517' title='bbox 1707 4707 1946 4775; x_wconf 85' lang='lat' dir='ltr'>veritas,</span> <span class='ocrx_word' id='word_1_518' title='bbox 1994 4706 2238 4765; x_wconf 89' lang='lat' dir='ltr'>minime</span> <span class='ocrx_word' id='word_1_519' title='bbox 2269 4706 2526 4766; x_wconf 87' lang='lat' dir='ltr'>alienam</span> <span class='ocrx_word' id='word_1_520' title='bbox 2558 4709 2841 4782; x_wconf 89' lang='lat' dir='ltr'>putamus</span> <span class='ocrx_word' id='word_1_521' title='bbox 2874 4705 3022 4763; x_wconf 84' lang='lat' dir='ltr'>hanc</span> 
     </span>
     <span class='ocr_line' id='line_1_49' title="bbox 408 4794 3020 4871; baseline -0.001 -18"><span class='ocrx_word' id='word_1_522' title='bbox 408 4796 842 4871; x_wconf 83' lang='lat' dir='ltr'>conjecturam:</span> <span class='ocrx_word' id='word_1_523' title='bbox 876 4796 939 4854; x_wconf 89' lang='lat' dir='ltr'>in</span> <span class='ocrx_word' id='word_1_524' title='bbox 973 4797 1366 4855; x_wconf 89' lang='lat' dir='ltr'>eucharistico</span> <span class='ocrx_word' id='word_1_525' title='bbox 1397 4798 1761 4854; x_wconf 88' lang='lat' dir='ltr'>sacramento</span> <span class='ocrx_word' id='word_1_526' title='bbox 1794 4795 2133 4854; x_wconf 77' lang='lat' dir='ltr'>substantia</span> <span class='ocrx_word' id='word_1_527' title='bbox 2163 4796 2334 4871; x_wconf 90' lang='lat' dir='ltr'>panis</span> <span class='ocrx_word' id='word_1_528' title='bbox 2367 4800 2428 4855; x_wconf 86' lang='lat' dir='ltr'>et</span> <span class='ocrx_word' id='word_1_529' title='bbox 2458 4795 2584 4853; x_wconf 87' lang='lat' dir='ltr'>vini</span> <span class='ocrx_word' id='word_1_530' title='bbox 2617 4794 2687 4852; x_wconf 92' lang='lat' dir='ltr'>fit</span> <span class='ocrx_word' id='word_1_531' title='bbox 2718 4813 2857 4853; x_wconf 87' lang='lat' dir='ltr'>vera</span> <span class='ocrx_word' id='word_1_532' title='bbox 2888 4812 3020 4852; x_wconf 89' lang='lat' dir='ltr'>caro</span> 
     </span>
    </p>
   </div>
  </div>
 </body>
</html>
