3538 5364
1414 204 1466 258 S.
1494 204 1740 259 Thomas
1766 204 2110 259 vindicatur.
2928 214 3059 279 639

432 391 595 450 titus
640 394 735 450 est
770 389 915 450 ordo
946 394 1195 450 naturae
1238 389 1313 449 ad
1359 389 1603 466 aliquod
1634 390 1861 451 bonum
1893 392 2018 451 sive
2051 391 2180 467 ipsa
2211 393 2424 451 natura
2454 393 2636 467 prout
2667 391 2938 451 ordinata
2967 394 3062 451 est

436 479 516 538 ad
547 479 787 556 aliquod
818 480 1060 543 bonum.
1120 479 1340 539 Verum
1386 478 1484 538 hic
1526 479 1669 539 ordo
1701 481 1919 557 duplex
1951 499 2081 540 esse
2111 482 2339 557 potest:
2388 480 2530 539 ordo
2578 499 2788 557 nempe
2832 500 3058 556 capa-

437 570 724 630 citatis
767 572 830 629 et
873 568 1016 628 ordo
1062 568 1530 648 exigentiae.
1594 570 1749 628 Hinc
1781 589 1914 628 cum
1947 570 2248 646 appetitus
2280 569 2523 628 innatus
2555 570 2917 642 nominatur,
2963 570 3059 628 in-

427 657 635 736 ·telligi
666 661 866 735 potest
896 660 958 717 et
987 657 1363 736 intellegitur
1391 676 1597 734 reapse
1642 678 1678 716 a
1721 659 2000 734 pluribus
2033 658 2205 718 modo
2235 659 2414 736 prior,
2460 658 2637 717 modo
2669 660 2821 719 alter
2852 658 3056 718 ordo}

436 747 609 817 Quod
656 748 708 807 si
754 744 826 811 b.
875 747 1113 806 nomine
1156 747 1460 824 appetitus
1504 747 1767 806 innati
1813 748 2180 826 intelligitur
2225 746 2370 807 ordo
2419 747 2901 825 exigentiae,
2953 749 3059 824 qui

428 837 636 914 ‘magis
665 839 901 913 proprie
939 855 1008 895 eo
1053 836 1441 914 significatur,
1486 836 1832 914 negandum
1862 837 2103 896 omnino
2149 839 2258 906 est,
2306 836 2598 896 hominem
2648 838 2923 914 appetitu
2966 838 3058 897 in-

428 928 580 985 nato
611 926 970 985 naturaliter
999 928 1275 1001 appetere
1295 925 1585 985 visionem
1605 926 1965 985 beatificam:
1999 944 2068 985 eo
2100 926 2259 985 enim
2291 926 2566 1001 appetitu
2596 925 2790 985 fertur
2819 929 3057 986 tantum

432 1014 502 1072 in
550 1014 705 1075 bona
748 1012 1066 1077 naturalia.
1131 1015 1192 1073 Si
1238 1033 1379 1074 vero
1424 1029 1483 1080 c.
1528 1016 1767 1074 nomine
1807 1015 2115 1092 appetitus
2146 1014 2339 1074 innati
2369 1015 2732 1092 intelligitur
2763 1016 2892 1076 sola
2921 1035 3058 1092 pas-

430 1104 568 1163 ·siva
596 1104 891 1180 capacitas
933 1103 1077 1162 boni
1120 1103 1548 1174 convenientis,
1595 1122 1717 1163 non
1761 1104 2060 1163 immerito
2090 1107 2321 1164 veteres
2350 1104 2618 1181 theologi
2651 1105 2888 1164 scholae
2915 1124 3057 1165 con·

430 1193 735 1269 cipiebant
764 1193 1100 1270 appetitum
1131 1193 1403 1253 innatum
1434 1196 1684 1252 naturae
1715 1193 1790 1252 ad
1822 1193 1977 1252 bona
2008 1194 2490 1269 supernaturalia
2523 1188 2621 1276 (cf.
2641 1197 2686 1255 t.
2709 1192 2768 1251 II
2799 1213 2856 1253 n.
2881 1189 3056 1277 324).

428 1282 585 1341 Cum
618 1285 820 1343 autem
851 1277 922 1345 (l.
957 1282 1131 1341 homo
1164 1283 1436 1359 appetitu
1467 1282 1744 1341 elicito
1775 1283 2132 1342 naturaliter
2160 1283 2200 1340 i.
2224 1302 2272 1342 e.
2302 1283 2480 1342 etiam
2509 1283 2637 1341 sine
2655 1283 2851 1360 gratia
2865 1284 3058 1359 possit

437 1370 771 1431 desiderare
820 1371 976 1447 quod
1029 1373 1101 1430 ut
1149 1371 1370 1431 bouum
1421 1371 1830 1448 apprehendit,
1879 1371 2319 1448 apprehendere
2362 1389 2502 1431 vero
2545 1372 2739 1448 possit
2768 1372 3056 1432 visionem

432 1460 766 1519 beatificam
797 1464 870 1519 ut
910 1460 1164 1519 bonum:
1211 1462 1435 1536 poterit
1463 1480 1589 1520 eam
1624 1462 1806 1520 etiam
1839 1460 2133 1520 desiderio
2163 1461 2425 1520 naturali
2457 1461 2495 1518 i.
2525 1480 2574 1522 e.
2606 1468 2728 1520 non
2760 1480 2829 1520 ex
2861 1462 3056 1538 gratia

432 1550 701 1624 profecto
733 1551 1025 1625 appetere,
1074 1548 1234 1608 siout
1266 1553 1547 1626 appetere
1578 1552 1783 1626 potest
1813 1549 2031 1609 donum
2065 1550 2507 1620 miraculorum,
2552 1550 2837 1609 unionem
2868 1551 3054 1627 hypo-

430 1639 705 1698 staticam
735 1649 878 1698 etc.:
925 1638 1029 1697 sed
1062 1652 1123 1703 θ.
1154 1659 1261 1715 per
1291 1658 1354 1698 se
1386 1643 1568 1715 patet,
1601 1658 1671 1698 ex
1703 1638 1997 1714 ejusmodi
2031 1638 2324 1698 desiderio
2353 1639 2595 1698 nullum
2626 1639 2771 1698 oriri
2793 1640 2900 1715 jus
2931 1640 3055 1700 sive

421 1728 799 1805 exigentiam
830 1727 906 1786 ad
935 1727 1157 1788 bonum
1190 1727 1609 1788 desideratum.

611 1832 676 1898 2.
721 1835 1028 1905 Quaerunt
1057 1834 1335 1912 theologi,
1356 1837 1618 1909 possitne
1660 1837 1854 1893 creari
1895 1834 2219 1893 substantia
2261 1836 2673 1912 intellectualis,
2723 1838 2817 1893 cui
2864 1837 3052 1895 lumen

420 1925 670 2000 yloriae,
717 1924 875 1999 quod
908 1924 1086 1983 modo
1117 1924 1458 1984 hominibus
1503 1926 1565 1982 et
1607 1924 1838 2002 angelis
1885 1927 1979 1982 est
2022 1924 2493 1999 supernaturale,
2540 1926 2618 1983 sit
2659 1926 3051 1987 connaturale.

433 2011 800 2072 Sententiam
832 2013 1223 2073 affirmantem
1243 2032 1457 2091 magno
1478 2012 1836 2072 subtilitatis
1856 2015 2144 2088 apparatu
2173 2014 2384 2072 tuetur
2415 2013 2499 2071 Ri
2516 2033 2554 2089 p
2571 2014 2642 2071 al
2657 2014 2696 2072 d
2711 2033 2745 2072 a
2774 2013 2926 2090 disp.
2953 2024 3052 2087 23,

430 2103 704 2176 quamvis
738 2102 1012 2175 fateatur,
1047 2102 1099 2161 si
1130 2104 1481 2161 auctoritate
1511 2102 1784 2178 quaestio
1815 2101 2147 2173 dirimatur,
2181 2101 2501 2161 tenendam
2532 2121 2660 2162 esse
2693 2104 3052 2163 sententiam

431 2195 780 2268 negantem3
829 2192 915 2250 ita
945 2195 1006 2250 et
1036 2193 1386 2251 Becanus
1418 2191 1492 2250 de
1525 2192 1645 2250 Deo
1677 2209 1725 2255 c.
1762 2202 1799 2254 9
1834 2212 1889 2267 q.
1925 2201 1982 2263 5,
2029 2190 2143 2250 etsi
2175 2191 2238 2251 in
2270 2192 2627 2251 sententiam
2658 2192 3049 2251 affirmantem

424 2280 771 2356 propendit.
817 2280 1039 2340 Verum
1070 2285 1424 2358 argumenta
1454 2280 1575 2339 fere
1606 2281 1822 2351 omnia,
1856 2280 2080 2357 quibus
2113 2280 2329 2339 thesim
2361 2281 2763 2356 probavimus,
2796 2281 3052 2357 probant

428 2370 1058 2446 supernaturalitatem
1077 2370 1323 2430 visionis
1356 2388 1476 2429 non
1509 2370 1705 2429 solum
1734 2388 1842 2446 pro
1875 2369 2163 2428 creaturis
2194 2370 2588 2428 rationalibus
2609 2373 2746 2428 actu
2765 2369 3048 2429 exsisten-

428 2457 614 2529 tibus,
648 2460 750 2518 sed
782 2459 965 2518 etiam
996 2477 1103 2535 pro
1136 2458 1545 2535 possibilibus.
1610 2459 1690 2518 cf.
1723 2458 2098 2518 Palmieri
2129 2458 2277 2518 thes.
2313 2467 2414 2522 38.
2449 2468 2548 2522 39.

611 2610 754 2666 683.
789 2597 1143 2667 Scholion
1176 2597 1280 2664 II.
1349 2602 1407 2660 S.
1447 2603 1698 2661 Thomoe
1730 2601 2073 2660 vindicatur.
2105 2635 2192 2643 —
2226 2601 2282 2662 S.
2315 2600 2667 2670 ThomaS,
2714 2601 2824 2660 etsi
2857 2601 2928 2659 ad
2962 2601 3049 2660 vi·
3081 2596 3090 2603 ⁰

422 2693 659 2751 sionem
690 2692 800 2752 Dei
831 2692 1175 2751 intuitivam
1207 2692 1395 2768 exigit
1423 2693 1627 2750 lumen
1658 2691 1883 2769 gloriae
1912 2691 2163 2767 ideoque
2196 2691 2411 2750 statuit
2442 2710 2566 2749 eam
2601 2709 2728 2749 esse
2760 2709 3046 2766 superna-

422 2781 702 2852 turalem,
737 2800 910 2857 saepe
943 2784 1141 2840 tamen
1172 2781 1413 2840 videtur
1443 2781 1619 2851 tueri,
1665 2799 1795 2839 eam
1841 2780 1928 2838 ita
1965 2798 2095 2839 esse
2126 2783 2430 2838 creaturae
2461 2780 2735 2838 rationali
2769 2780 3047 2852 debitam,

428 2873 502 2930 ut
531 2870 674 2930 haec
705 2870 889 2929 creari
921 2889 1044 2929 non
1075 2870 1359 2945 potuerit,
1406 2870 1554 2945 quin
1602 2870 1671 2928 ad
1718 2889 1845 2928 eam
1893 2869 2077 2928 fuerit
2107 2869 2421 2939 destinata,
2468 2887 2602 2928 cum
2649 2869 2777 2928 sine
2819 2869 3048 2929 visione

429 2960 540 3018 Dei
568 2978 878 3035 nunquam
908 2958 1262 3018 redderetur
1292 2959 1480 3030 beata,
1512 2978 1821 3034 nunquam
1842 2958 2158 3017 satisfieret
2176 2957 2470 3017 desiderio
2501 2958 2774 3017 innato
2806 2957 3048 3018 videndi

429 3049 696 3108 omnium
730 3067 970 3107 causam
1000 3049 1065 3106 in
1098 3066 1177 3107 se.
1227 3047 1308 3107 cf.
1348 3059 1371 3110 1
1413 3069 1470 3125 p.
1503 3068 1558 3123 q.
1586 3058 1662 3110 12
1697 3067 1746 3106 a.
1789 3059 1810 3109 l
1839 3069 1853 3118 ;
1895 3059 1946 3111 1.
1983 3057 2018 3110 2
2054 3068 2108 3123 q.
2145 3057 2181 3109 3
2216 3067 2266 3106 a.
2291 3057 2361 3118 83
2393 3065 2581 3122 comp.
2614 3047 2793 3106 theol.
2816 3048 2860 3118 I,
2892 3058 3047 3118 1043

426 3136 505 3208 II,
543 3149 612 3208 93
644 3156 692 3200 c.
724 3141 934 3215 gentes
965 3138 1069 3208 III,
1106 3147 1186 3200 49
1221 3156 1296 3196 ss.
1329 3141 1439 3198 etc.
1507 3136 1723 3196 Verum

608 3242 670 3307 1.
717 3245 910 3304 dicere
956 3245 1115 3314 licet,
1163 3244 1320 3304 hisce
1365 3245 1427 3302 in
1474 3244 1619 3304 locis
1653 3261 1697 3307 s.
1732 3244 2083 3302 Thomam
2116 3261 2235 3302 non
2269 3243 2341 3301 de
2371 3243 2598 3301 visione
2630 3241 3044 3311 beatifica,

423 3334 667 3409 qualem
696 3334 861 3393 illam
895 3352 941 3392 s.
975 3334 1280 3410 Scriptura
1309 3333 1609 3403 describit,
1644 3333 1750 3391 sed
1782 3334 1853 3391 de
1884 3333 2114 3391 visione
2144 3332 2330 3407 loqui,
2364 3350 2516 3407 quae
2548 3332 2629 3390 sit
2658 3331 2918 3409 cognitio
2941 3331 3048 3390 Dei

416 3422 702 3498 perfecta,
750 3422 1076 3499 adaequate
1117 3422 1477 3482 satisfaciens
1508 3422 1796 3481 desiderio
1828 3423 2084 3480 naturali
2121 3425 2426 3481 creaturae
2456 3420 2761 3479 rationalis
2805 3423 2866 3478 et
2908 3438 3045 3496 pro·

426 3513 699 3587 portione
719 3512 1085 3588 respondens
1118 3511 1326 3580 statui,
1359 3511 1422 3569 in
1456 3530 1573 3586 quo
1605 3530 1675 3570 ea
1703 3511 2017 3587 reperitur.
2066 3509 2251 3586 Saepe
2282 3510 2441 3569 enim
2473 3512 2534 3568 et
2563 3510 2718 3568 clare
2750 3509 3047 3584 duplicem

426 3600 752 3679 distinguit
780 3601 1039 3660 hominis
1070 3600 1523 3671 beatitudinem,
1557 3600 2004 3659 naturalem
2036 3603 2097 3657 et
2129 3600 2836 3674 supernaturalem,
2867 3616 3046 3673 quam

413 3689 757 3748 vrindebitam
791 3708 920 3749 esse
951 3693 1199 3749 naturae
1231 3691 1521 3749 humanae
1551 3689 1868 3766 supponit3
1917 3688 2053 3747 hinc
2098 3688 2316 3747 diserte
2372 3699 2392 3750 l
2436 3708 2492 3763 q.
2542 3697 2621 3749 62
2673 3707 2722 3745 a.
2760 3695 2794 3748 2
2830 3686 3048 3745 statuit

430 3780 703 3847 ,nullam
734 3782 1065 3839 creaturam
1101 3780 1453 3838 rationalem
1499 3797 1673 3854 posse
1717 3779 1934 3837 habere
1981 3779 2178 3835 actum
2225 3777 2551 3836 voluntatis
2597 3775 3046 3835 ordinatum

412 3868 500 3926 ad
529 3867 693 3927 illam
726 3868 1153 3927 beatitudinem
1187 3865 1503 3949 (visionem
1537 3862 1687 3948 Dei),
1716 3867 1835 3925 nisi
1869 3869 2088 3925 motam
2120 3886 2155 3924 a
2187 3865 2630 3941 supernaturali
2661 3871 2950 3941 agente‘3
2984 3868 3046 3923 et

420 3956 501 4015 de
533 3976 651 4016 ver.
683 3978 739 4033 q.
776 3966 854 4021 27
889 3977 938 4016 a.
975 3966 1009 4019 2
1045 3958 1256 4017 statuit
1285 3957 1442 4015 vires
1472 3957 1776 4015 naturales
1808 3974 1930 4014 non
1963 3955 2154 4013 solum
2199 3954 2270 4012 ad
2313 3953 2701 4012 obtinendam
2731 3954 2917 4013 vitam
2948 3972 3043 4012 ae-

425 4048 655 4105 ternam
687 4065 808 4105 non
839 4046 1123 4117 sufficere,
1168 4047 1270 4105 sed
1300 4064 1407 4105 nec
1440 4045 1512 4104 ad
1546 4064 1672 4103 eam
1705 4043 2080 4122 cogitandam
2112 4044 2205 4102 vel
2236 4041 2700 4101 desiderandam.
2764 4043 2918 4101 Hinc
2950 4043 3042 4100 in-

426 4135 545 4194 fert
588 4135 845 4194 infantes
892 4135 1021 4194 sine
1066 4134 1361 4211 baptismo
1407 4134 1756 4194 decedentes
1802 4138 2046 4211 propter
2091 4132 2413 4191 carentiam
2459 4131 2711 4190 visionis
2742 4131 3044 4190 beatificae

414 4241 548 4283 ‘non
576 4225 824 4296 tristari,
859 4225 1020 4300 quod
1052 4242 1359 4299 nunquam
1389 4223 1615 4284 fuerint
1644 4223 2079 4300 proportionati
2113 4223 2185 4281 ad
2218 4241 2345 4280 eam
2379 4220 2726 4290 habendam,
2767 4219 2908 4295 quia
2939 4238 3044 4278 nec

408 4312 513 4371 eis
545 4313 873 4373 debebatur
918 4333 986 4373 ex
1032 4313 1343 4390 principiis
1382 4315 1648 4384 naturae,
1694 4332 1833 4372 cum
1864 4331 2095 4372 omnem
2127 4311 2473 4371 facultatem
2504 4313 2754 4368 naturae
2784 4306 3041 4370 excedat.

423 4403 499 4460 In
532 4410 588 4465 2.
621 4402 755 4461 dist.
778 4412 859 4466 33
896 4421 951 4478 q.
987 4412 1020 4463 2
1057 4423 1107 4461 a.
1144 4412 1199 4465 2.
1247 4402 1328 4462 cf.
1362 4402 1425 4460 in
1460 4412 1515 4465 3.
1547 4401 1682 4461 dist.
1719 4411 1799 4465 23
1834 4421 1889 4478 q.
1933 4414 1954 4463 1
1996 4421 2046 4459 a.
2078 4411 2149 4469 43
2183 4401 2257 4459 de
2289 4400 2460 4462 verit.
2492 4419 2547 4474 q.
2578 4409 2651 4461 14
2689 4418 2738 4457 a.
2776 4406 2845 4467 23
2880 4418 2935 4473 q.
2963 4407 3038 4461 16

425 4511 474 4553 a.
514 4500 582 4561 23
613 4495 722 4551 etc.
787 4492 867 4550 Et
896 4511 952 4568 q.
978 4501 1011 4554 5
1047 4491 1119 4551 de
1149 4492 1303 4550 malo
1335 4511 1385 4550 a.
1412 4503 1437 4553 1
1479 4489 1553 4549 ad
1581 4501 1654 4554 15
1676 4491 1961 4560 :.,Homo
1992 4491 2053 4554 in
2087 4491 2230 4549 solis
2261 4489 2638 4547 naturalibus
2671 4488 3040 4546 constitutus

410 4583 652 4640 careret
681 4580 926 4655 quidem
957 4580 1187 4639 visione
1217 4579 1438 4649 divina,
1486 4580 1537 4639 si
1581 4580 1665 4639 sic
1710 4580 2034 4650 decederet,
2081 4579 2183 4638 sed
2214 4583 2414 4637 tamen
2445 4596 2564 4637 nou
2598 4579 2958 4653 competeret
2986 4577 3042 4636 ei

406 4668 691 4729 -debitum
725 4689 844 4730 non
875 4669 1131 4729 habendi
1165 4665 1343 4752 (sicut
1374 4670 1659 4745 competit
1689 4669 2020 4728 infantibus
2065 4669 2131 4727 in
2175 4670 2414 4743 peccato
2448 4667 2724 4744 originali
2757 4666 3038 4725 deceden-
