3538 5364
561 202 690 321 104
1035 245 1220 299 Tract.
1246 244 1395 298 VIII.
1421 243 1490 298 de
1515 241 1721 315 gratia.
1749 241 1948 297 'rhesis
1975 241 2209 297 CXCIII.
2238 240 2438 295 Gratia
2465 258 2580 295 non
2605 245 2691 294 est

563 428 643 493 de
674 445 876 492 causa
905 427 1078 490 facta
1108 432 1258 490 sunt
1291 424 1484 511 (quae
1518 423 1852 505 praedicta
1882 423 2152 504 legimus
2184 425 2248 488 in
2268 444 2316 487 s.
2339 421 2695 509 Scriptura)
2718 441 2758 486 a
2779 421 3178 505 quibusdam,

561 537 717 619 quia
748 534 1079 617 Scriptura
1111 533 1442 615 praedixit,
1475 531 1588 597 sed
1621 536 1881 607 contra;
1915 531 2224 613 quoniam
2254 531 2345 595 ita
2375 529 2665 594 nonnulli
2695 535 2926 612 sponte
2958 528 3179 594 facturi

561 648 762 718 erant,
795 641 1032 705 idcirco
1063 639 1433 721 praesciens
1465 635 1739 720 Spiritus
1773 656 1820 700 s.
1855 635 2068 700 futura
2097 637 2470 718 praedixit.‘
2541 634 2628 700 Cf.
2662 636 2710 699 11
2743 656 2801 700 n.
2839 641 2938 705 73.
2994 637 3179 701 Deni-

561 767 685 832 que
718 768 780 819 c.
814 765 960 811 cum
993 753 1208 830 patres
1240 751 1586 827 exponunt,
1639 762 1767 827 qua
1816 744 2075 809 ratione
2109 744 2277 808 Deus
2303 744 2692 808 -voluntates
2743 751 3020 821 moveat,
3054 763 3182 809 non

561 860 896 920 recurrunt
927 854 1010 917 ad
1043 853 1556 935 praemotionem
1589 851 1939 935 physicam,
1972 851 2086 915 sed
2119 850 2200 914 ad
2233 850 2463 927 media,
2511 851 2742 933 quibus
2786 851 3183 917 voluntatem

562 962 889 1026 moraliter
921 966 1197 1036 moveat,
1231 958 1563 1024 suadendo
1611 958 1760 1036 scil.,
1807 957 2147 1034 hortando,
2196 958 2519 1023 monendo
2568 964 2686 1023 etc.
2738 965 2810 1023 ut
2840 964 3022 1040 patet
3054 959 3182 1023 evi-

563 1070 789 1133 denter
839 1087 916 1133 ex
969 1086 1193 1133 eorum
1243 1066 1540 1131 doctriua
1589 1065 1753 1130 infra
1802 1085 1861 1128 n.
1900 1070 2043 1135 123.
2084 1071 2209 1134 124
2243 1066 2585 1131 afferenda.
2649 1065 2841 1149 Atqui
2889 1084 3038 1130 cum
3089 1068 3185 1131 his

563 1177 842 1259 quinque
874 1176 1205 1240 doctrinae
1238 1174 1553 1256 capitibus
1585 1171 1917 1247 conciliari
1948 1173 2170 1254 nequit
2214 1172 2421 1253 gratia
2468 1173 2559 1237 ita
2608 1191 2685 1237 ex
2736 1192 2808 1237 se
2841 1172 3086 1250 efficax,
3118 1182 3188 1237 ut

563 1301 642 1347 ea
691 1284 904 1365 posita
954 1279 1499 1358 indeclinabiliter,
1552 1279 1977 1357 infallibiliter,
2029 1278 2543 1361 insuperabiliter
2592 1287 2902 1363 sequatur
2946 1281 3186 1345 bonum

563 1409 741 1472 opus.
805 1389 950 1454 Non
972 1396 1080 1457 est
1112 1407 1264 1470 ergo
1299 1388 1615 1471 eJusmodi
1646 1388 1853 1468 gratia
1887 1386 1969 1451 ad
2004 1393 2285 1453 mentem
2321 1408 2404 1451 ss,
2436 1393 2711 1469 patrum.

748 1530 889 1582 119.
921 1520 1091 1589 Quod
1122 1519 1423 1595 speciatim
1457 1513 1520 1583 4.
1555 1536 1599 1579 a.
1632 1519 2163 1596 Augustinum
2210 1519 2447 1590 attinet,
2495 1524 2752 1592 tuemur,
2800 1520 2995 1596 ipsius
3041 1539 3184 1595 quo·

563 1627 679 1685 que
700 1609 1003 1667 doctrinae
1024 1609 1270 1686 gratiam
1306 1626 1375 1666 ex
1409 1626 1471 1666 se
1503 1607 1796 1667 efficacem
1831 1608 2160 1667 adversari:
2196 1628 2335 1667 nam
2367 1610 2588 1685 passim
2622 1611 2792 1669 docet
2820 1625 2884 1674 a.
2916 1614 3190 1668 nostrum

562 1715 692 1757 esse
724 1699 835 1756 sub
866 1698 1059 1774 gratia
1089 1699 1143 1756 ei
1175 1697 1464 1756 assentire
1496 1697 1592 1755 vel
1623 1698 1697 1756 ab
1730 1717 1799 1756 ea
1831 1697 2165 1765 dissentire,
2215 1702 2288 1757 ut
2318 1717 2452 1757 cum
2486 1699 2699 1758 scribit
2731 1699 2803 1757 de
2834 1699 3024 1776 gestis
3056 1718 3189 1757 cum

561 1786 754 1845 Felice
786 1787 1037 1845 manich.
1068 1785 1144 1857 11,
1183 1796 1251 1848 4:
1297 1785 1537 1854 ,Habet
1569 1786 1988 1862 unusquisque
2022 1787 2088 1845 in
2120 1788 2429 1847 voluntate
2461 1791 2568 1846 aut
2598 1789 2817 1864 eligere
2849 1807 3002 1864 quae
3033 1788 3192 1847 bona

565 1880 720 1945 sunt,
773 1880 834 1935 et
878 1894 1005 1935 esse
1049 1876 1228 1934 arbor
1272 1876 1445 1945 bona,
1498 1879 1604 1934 aut
1635 1877 1855 1953 eligere
1887 1895 2040 1951 quae
2083 1877 2239 1935 mala
2285 1880 2429 1936 sunt
2471 1880 2535 1935 et
2579 1894 2709 1936 esse
2754 1877 2927 1936 arbor
2956 1877 3188 1947 mala3‘

563 1968 767 2023 contra
796 1965 833 2023 J
841 1965 1107 2024 ulianum
1140 1966 1177 2028 l.
1218 1976 1243 2028 1
1287 1983 1332 2023 c.
1370 1974 1482 2028 98:
1519 1965 1645 2034 ,Ex
1678 1983 1800 2040 quo
1833 2010 1847 2023 .
1883 2009 1895 2021 .
1932 2011 1943 2023 .
1977 1965 2152 2025 homo
2186 1965 2400 2042 incipit
2431 1967 2523 2024 uti
2554 1967 2884 2025 voluntatis
2920 1966 3188 2042 arbitrio,

563 2061 623 2112 et
653 2073 891 2129 peccare
922 2058 982 2113 et
1013 2073 1131 2113 non
1161 2072 1402 2130 peccare
1431 2056 1661 2130 potest:
1696 2054 1800 2113 sed
1832 2055 2085 2113 alterum
2119 2055 2329 2114 horum
2361 2074 2481 2115 non
2512 2055 2654 2115 facit
2684 2056 2800 2114 nisi
2831 2056 3077 2130 adjutus
3112 2056 3187 2114 ab

564 2162 651 2213 ec,
686 2144 793 2217 qui
822 2143 975 2202 dixit
1007 2138 1125 2223 (Jo.
1168 2153 1262 2213 15,
1300 2138 1395 2225 5):
1444 2144 1582 2202 Sine
1626 2163 1713 2201 me
1756 2145 1902 2201 nihil
1936 2147 2175 2217 potestis
2205 2146 2395 2218 facere
2408 2166 2438 2217 ‚·
2484 2145 2738 2204 alterum
2773 2163 2909 2204 vero
2940 2146 3184 2220 propria

563 2233 932 2295 voluntate.‘
999 2232 1078 2292 cf.
1127 2252 1310 2310 supra
1357 2234 1506 2303 80⁶;
1560 2229 1629 2295 b.
1685 2234 1875 2291 Deum
1921 2236 2259 2309 exspectare
2292 2252 2469 2310 opera
2502 2234 2655 2292 bona
2699 2255 2733 2292 a
2778 2234 2948 2292 nobis
2993 2234 3187 2310 gratia

565 2323 902 2396 praeventis
936 2341 993 2385 n.
1022 2334 1047 2386 1
1067 2329 1202 2392 16⁰3
1254 2337 1318 2385 (3.
1352 2340 1525 2398 agere
1558 2325 1629 2380 ut
1659 2340 1905 2399 agamus
1938 2322 2257 2392 suadend0‚
2293 2322 2608 2382 alliciendo
2641 2326 2749 2382 etc.
2782 2342 2839 2384 n.
2880 2331 3036 2391 1233
3074 2316 3190 2381 imo

566 2406 633 2474 d.
667 2429 866 2471 casum
897 2412 1233 2488 expendens
1268 2412 1340 2469 de
1374 2411 1605 2469 duobus
1636 2412 1766 2469 ead
1786 2430 1893 2469 em
1925 2412 2119 2486 gratia
2136 2412 2491 2487 praeventis,
2526 2416 2725 2471 censet
2745 2413 2870 2470 fieri
2892 2431 3085 2488 posse,
3120 2417 3190 2470 ut

564 2520 722 2559 unus
753 2521 821 2560 ea
842 2502 1108 2578 juvetur,
1157 2501 1306 2559 alter
1349 2501 1403 2558 ei
1451 2500 1626 2559 desit.
1691 2500 1825 2558 Huc
1855 2503 2081 2576 spectat
2112 2501 2344 2559 celeber
2376 2502 2542 2560 locus
2576 2501 2648 2560 de
2682 2502 2790 2561 civ.
2824 2502 2930 2559 Dei
2965 2502 3093 2570 XII,
3132 2513 3186 2572 6,

565 2589 670 2647 ubi
704 2591 878 2666 ponit
909 2592 1102 2660 ,duos
1135 2589 1585 2664 aequaliter
1615 2589 1854 2647 affectos
1887 2590 2085 2648 animo
2117 2593 2178 2647 et
2209 2608 2452 2665 corpore
2485 2591 2689 2649 videre
2721 2591 2900 2649 unius
2933 2591 3187 2667 corporis

566 2680 1109 2756 pulchritudinem:
1143 2699 1261 2754 qua
1292 2679 1419 2737 visa
1450 2696 1610 2737 unus
1642 2697 1848 2737 eorum
1880 2679 1953 2737 ad
1986 2678 2197 2738 illicite
2217 2679 2645 2756 perfruendum
2679 2684 3008 2748 moveatur,
3041 2681 3193 2739 alter

567 2769 627 2825 in
670 2772 978 2829 voluntate
1011 2769 1228 2846 pudica
1260 2768 1496 2826 stabilis
1527 2772 1924 2843 perseveret.‘
1988 2768 2139 2826 Tum
2184 2769 2435 2844 quaerit,
2484 2770 2631 2845 quid
2677 2788 2888 2829 causae
2935 2769 3034 2840 sit,
3085 2789 3193 2828 cur

567 2876 723 2918 unus
755 2861 1105 2928 consentiat,
1140 2876 1262 2915 non
1293 2875 1432 2915 vero
1463 2857 1632 2915 alter.
1695 2857 2063 2933 Respondet:
2110 2858 2310 2927 ,Quid
2341 2859 2501 2917 aliud
2537 2864 2803 2934 apparet,
2851 2859 2970 2917 nisi
3002 2878 3191 2917 unum

566 2951 847 3017 voluisse,
894 2949 1150 3006 alterum
1183 2946 1446 3005 noluisse
1491 2965 1525 3003 a
1562 2945 1839 3004 castitate
1871 2946 2159 3005 deficere?
2223 2947 2405 3017 Unde,
2439 2948 2558 3006 nisi
2593 2948 2833 3023 propria
2861 2949 3192 3019 voluntate,

567 3038 672 3097 ubi
707 3037 967 3096 eadem
1012 3036 1210 3094 fuerat
1254 3035 1319 3093 in
1364 3037 1620 3110 utroque
1655 3036 1918 3110 corporis
1953 3038 2014 3094 et
2045 3035 2274 3094 animae
2307 3036 2580 3095 affectio?
2642 3037 2971 3096 Amborum
3003 3037 3193 3097 oculis

568 3127 791 3203 pariter
820 3126 950 3184 visa
981 3129 1071 3183 est
1102 3124 1300 3183 eadem
1325 3123 1742 3199 pulchritudo:
1777 3125 2070 3184 ambobus
2104 3125 2327 3200 pariter
2358 3126 2586 3184 institit
2617 3126 2851 3186 occulta
2881 3126 3190 3188 tentati0.‘

568 3215 951 3274 Manifestum
996 3217 1086 3272 est
1130 3232 1290 3290 erg0‚
1339 3231 1558 3271 nexum
1602 3213 1856 3290 gratiam
1892 3215 2052 3273 inter
2083 3220 2143 3273 et
2175 3214 2429 3273 liberum
2463 3215 2780 3275 arbitrium
2812 3234 2934 3274 non
2964 3234 3095 3274 esse
3125 3235 3193 3273 ex

568 3307 626 3363 vi
659 3304 884 3379 gratiae
917 3303 1321 3361 infallibilem:
1367 3303 1637 3377 alioquin
1686 3303 1796 3362 hoc
1841 3304 1905 3362 in
1951 3322 2093 3362 casu
2126 3307 2381 3378 uterque
2416 3305 2510 3362 vel
2540 3309 2755 3363 neuter
2787 3304 3022 3363 stabilis
3058 3322 3194 3380 per-

568 3393 887 3451 mansisset
930 3393 996 3451 in
1039 3393 1349 3451 voluntate
1394 3392 1625 3467 pudica,
1679 3393 1775 3451 vel
1824 3411 1945 3451 non
1991 3393 2321 3468 aequaliter
2367 3393 2626 3452 fuissent
2656 3393 2854 3452 affecti
2885 3394 3083 3452 animo
3135 3397 3197 3453 et

569 3501 827 3557 corpore,
869 3500 1001 3540 cum
1035 3501 1192 3540 unus
1224 3481 1516 3540 caruisset
1549 3482 1952 3556 praemotione
1984 3482 2245 3558 physica,
2295 3502 2414 3557 qua
2445 3483 2597 3541 alter
2627 3483 2937 3559 praeditus
2971 3501 3194 3558 suppo·

569 3571 752 3630 nitur.
815 3571 1015 3629 Gratia
1045 3570 1238 3648 igitur
1269 3589 1389 3629 non
1421 3574 1514 3629 est
1545 3590 1615 3629 ex
1654 3590 1781 3630 sese
1826 3574 1886 3628 et
1930 3570 2167 3629 interna
2200 3570 2423 3629 virtute
2455 3571 2659 3631 efficax
2691 3570 2950 3630 efficacia
2980 3572 3195 3647 operis.

569 3661 647 3722 Cf.
681 3659 752 3718 de
785 3661 892 3720 hoc
923 3663 1094 3719 textu
1130 3661 1549 3736 Dechamps
1582 3660 1620 3722 l.
1659 3670 1692 3723 3
1728 3660 1876 3735 disp.
1913 3669 1948 3723 8
1984 3677 2030 3718 c.
2068 3669 2137 3730 23
2185 3660 2259 3718 de
2305 3679 2348 3718 s,
2395 3660 2724 3738 Augustini
2757 3660 3025 3720 doctrina
3054 3662 3194 3720 Ba-

570 3749 857 3808 stidam
888 3750 926 3813 1.
959 3768 1006 3807 c.
1042 3750 1135 3819 VI,
1181 3761 1274 3812 11.
1851 3749 1854 3750 ’
2749 3743 2758 3750 ’

757 3875 895 3937 120.
919 3867 1184 3934 Accedit
1204 3870 1266 3937 5.
1290 3867 1619 3950 multiplex
1640 3887 1672 3930 r
1687 3868 1861 3931 atio
1896 3868 2277 3949 theologica.
2312 3865 2483 3932 Sane
2498 3889 2564 3937 a.
2588 3869 2944 3934 secundum
2963 3868 3200 3948 dogma

573 3976 962 4039 catholicum
994 3974 1452 4056 praeeuntibus
1486 3971 1822 4056 Scriptura
1855 3975 1938 4060 (n.
1982 3978 2107 4043 109
2142 3977 2216 4061 s.)
2264 3982 2328 4039 et
2358 3975 2664 4057 patribuS,
2714 3976 2913 4040 homo
2947 3975 3065 4038 sub
3099 3976 3199 4038 in-

573 4082 748 4145 fluxu
780 4082 1025 4162 gratiae
1054 4082 1236 4158 illius,
1270 4070 1466 4163 quam
1498 4080 1671 4145 Deus
1705 4081 1788 4144 ad
1826 4081 1990 4146 bene
2023 4081 2341 4162 agendum
2375 4082 2640 4159 confert,
2673 4083 2764 4146 ita
2783 4088 2882 4147 est
2901 4082 3198 4145 dominus

574 4207 839 4252 suorum
874 4195 1153 4265 actuum,
1206 4194 1277 4252 ut
1323 4189 1389 4252 in
1440 4188 1638 4270 ipsius
1690 4194 2012 4270 potestate
2063 4189 2146 4252 sit
2191 4207 2384 4269 agere
2413 4189 2515 4253 vel
2545 4207 2677 4276 non
2711 4175 2931 4269 agere:
2978 4196 3199 4253 manet

575 4296 744 4359 enim
776 4296 895 4358 sub
929 4297 1133 4376 gratia
1162 4296 1338 4360 liber.
1403 4295 1596 4378 Atqui
1628 4296 1682 4359 si
1715 4297 1922 4376 gratia
1954 4297 2111 4359 boni
2145 4295 2357 4377 operis
2390 4296 2936 4378 praedeterminat
2968 4295 3198 4359 volun-

575 4409 793 4479 tatem,
827 4404 917 4468 ita
948 4411 1017 4468 ut
1050 4403 1263 4485 posita
1312 4404 1436 4466 hac
1486 4403 1934 4484 praemotione
1983 4402 2049 4465 vi
2098 4403 2298 4483 ipsius
2349 4402 2758 4467 infallibiliter
2808 4407 2873 4466 et
2905 4401 3196 4482 insuper-

575 4511 843 4586 abiliter,
876 4512 1005 4574 imo
1040 4511 1516 4576 irresistibiliter
1547 4518 1857 4592 sequatur
1887 4510 2096 4573 bonus
2130 4516 2331 4587 actus,
2378 4528 2511 4573 non
2543 4510 2793 4575 videtur
2826 4508 3100 4590 amplius
3133 4509 3199 4571 in

577 4618 875 4700 expedita
904 4619 1180 4682 hominis
1212 4625 1535 4701 potestate
1568 4635 1710 4682 esse
1743 4636 1862 4699 pro
1896 4615 2102 4680 lubitu
2135 4635 2324 4697 agere
2356 4617 2456 4682 vel
2490 4636 2620 4680 non
2654 4634 2862 4696 agere,
2895 4634 3012 4697 pro
3039 4621 3200 4679 nutu

575 4744 645 4789 se
676 4725 814 4807 ipse
844 4726 1305 4792 determinare:
1338 4743 1546 4806 neque
1580 4724 1751 4788 enim
1786 4724 2083 4787 voluntas
2118 4723 2487 4806 aprincipio
2511 4722 2823 4805 superiori
2844 4729 2908 4787 et
2929 4728 3199 4787 externo
