3538 5364
503 324 633 389 298
886 316 1069 368 Tract.
1098 315 1190 368 IX.
1219 315 1288 368 (le
1316 314 1678 369 eucharistia.
1706 314 1908 368 'rhesis
1935 314 2143 368 CCXX.
2171 313 2386 370 Relatis
2411 313 2735 384 praesentia

502 498 808 563 tuendam
840 514 1106 561 causam
1154 497 1555 572 catholicam,
1608 496 1772 560 adeo
1806 502 1877 560 ut
1908 513 2173 561 necesse
2204 514 2335 560 non
2368 495 2449 559 sit
2481 494 2729 575 singula
2761 495 3121 577 expendere

500 606 635 669 sive
667 602 1038 685 Scripturae
1069 604 1204 668 sive
1235 603 1596 668 traditionis
1647 603 1727 666 de
1778 603 1903 666 hoc
1952 603 2258 685 mysterio
2311 602 2695 667 testimonia„
2759 601 2854 665 Ne
2899 607 3118 666 tamen

500 711 833 777 videamur
863 710 1266 775 difficultates
1298 711 1640 786 declinare,
1673 717 1738 774 et
1769 712 1921 793 quia
1953 711 2153 787 decet,
2203 717 2275 774 ut
2321 717 2507 774 notat
2536 709 3115 774 Tertullianus

499 836 550 880 c.
584 817 775 881 Marc.
792 817 884 895 111,
910 824 960 894 1,
976 818 1320 883 veritatem
1335 817 1488 880 totis
1509 816 1749 881 viribus
1771 817 1862 881 uti
1882 816 2034 894 suiS,
2055 817 2311 899 potiora
2329 816 2562 899 quibus
2581 816 2870 880 innititur
2883 816 3117 897 dogma

499 925 886 989 catholicum
933 943 1370 1007 proponemus
1420 932 1818 1006 argumenta.
1882 924 2135 988 Initium
2186 924 2480 988 ducimus
2531 942 2571 986 a
2620 923 2850 987 divinis
2899 923 3114 998 literiS,

499 1050 770 1114 quarum
802 1032 882 1096 de
915 1031 1304 1096 eucharistia
1333 1032 1704 1097 testimonia
1733 1032 1799 1094 in
1836 1038 1964 1096 tres
1996 1030 2388 1112 distinguere
2421 1032 2664 1095 classes
2696 1030 2874 1094 licet:
2922 1031 3005 1094 ad
3038 1048 3116 1095 ea

499 1140 627 1203 scil.
662 1157 828 1222 quae
860 1138 997 1220 ejus
1027 1139 1541 1220 promissionem,
1572 1137 2059 1213 institutionem,
2092 1156 2281 1202 usum
2314 1135 2613 1202 referunt.

677 1266 1116 1335 334.'1¹hesis
1150 1264 1425 1333 CCXX.
1523 1286 1724 1350 Vera,
1774 1286 1994 1339 realis
2044 1289 2109 1338 et
2165 1284 2658 1338 substantialis
2697 1284 3017 1348 eorporis
3051 1288 3116 1335 et

497 1378 867 1443 suminis
905 1376 992 1429 D.
1031 1376 1114 1428 N.
1151 1376 1222 1428 J.
1261 1374 1519 1429 Christi
1555 1375 1636 1429 in
1671 1374 2107 1428 eucharistia
2136 1375 2550 1440 praesentia
2588 1376 3118 1429 demonstratur

491 1467 813 1531 primum
849 1465 1078 1518 verbio
1109 1464 1607 1530 promissionis
1644 1464 1858 1517 Joan.
1898 1465 1965 1527 (ι’,
2001 1462 2096 1516 52
2132 1476 2188 1515 s.

675 1569 1119 1637 Declaratio.
1182 1564 1361 1629 Sicut
1391 1564 1552 1630 alias
1583 1563 1874 1630 Christus
1907 1584 2009 1632 res
2042 1583 2310 1646 magnas
2345 1583 2386 1628 a
2415 1585 2486 1631 se
2519 1566 2941 1631 instituendas
2968 1573 3116 1630 ante

497 1675 821 1756 promisit:
871 1676 964 1739 ita
1012 1682 1362 1757 antequam
1394 1679 1951 1737 sacramentorum
2001 1673 2373 1748 maximum,
2427 1673 2901 1749 eucharistiam,
2934 1673 3115 1736 insti-

496 1789 723 1860 tueret,
756 1782 1164 1864 amplissimis
1196 1780 1409 1846 verbis
1441 1799 1585 1847 eam
1617 1782 1795 1863 prius
1825 1781 2156 1862 promittit.
2189 1779 2569 1846 Continetur
2600 1779 3108 1861 splendidissima

496 1890 658 1955 haec
707 1889 1135 1954 eucharistiae
1185 1889 1525 1970 promissio
1575 1888 1671 1954 Jo.
1724 1894 1784 1958 6.
1848 1886 2261 1954 Contendunt
2311 1889 2569 1971 quidem
2621 1888 3114 1970 protestantium

495 1997 778 2078 plerique
829 1996 893 2059 in
944 2013 1242 2061 sermone
1275 1995 1506 2061 Christi
1553 1995 1810 2060 Domini
1839 1996 2022 2061 Joan.
2055 1999 2117 2070 6,
2150 2000 2235 2065 26
2268 2016 2355 2063 ss,
2405 2014 2609 2079 usque
2659 1995 2745 2059 ad
2793 1994 2985 2061 finem
3036 1994 3114 2058 de

496 2103 726 2169 eadem
756 2120 827 2167 re
861 2102 979 2182 agi,
1011 2102 1141 2166 scil.
1177 2108 1426 2166 tantum
1459 2103 1540 2167 de
1589 2101 1618 2166 f
1626 2103 1702 2167 id
1722 2122 1757 2168 9
1811 2104 1873 2166 in
1906 2101 2247 2179 Christum,
2294 2123 2410 2167 seu
2457 2100 2780 2167 Christum
2829 2101 3115 2166 exhiberi

497 2229 627 2293 qua
656 2227 893 2292 panem
924 2210 1096 2272 vitae
1128 2227 1243 2291 per
1272 2207 1466 2273 fidem
1497 2209 1563 2273 in
1593 2209 1821 2292 ipsum.
1888 2208 2201 2274 Catholici
2233 2229 2387 2276 vero
2421 2210 2524 2275 vel
2555 2226 2917 2276 sermonem
2950 2208 3114 2272 duas

496 2317 785 2382 dividunt
815 2317 880 2380 in
911 2322 1145 2398 parteS,
1179 2333 1451 2398 quarum
1482 2316 1548 2380 in
1580 2317 1777 2398 priori
1796 2337 1853 2380 v.
1875 2321 2138 2386 25—48
2173 2316 2463 2381 Christus
2483 2317 2822 2382 exhibetur
2841 2323 2911 2381 ut
2929 2316 3114 2398 panis

495 2426 665 2489 vitae
708 2442 824 2506 per
868 2422 897 2487 f
904 2424 1114 2489 idem
1159 2442 1273 2490 seu
1306 2430 1627 2507 quatenus
1674 2432 1777 2490 est
1807 2424 1952 2490 fidei
1985 2424 2341 2506 objectum3
2391 2426 2453 2489 in
2488 2425 2693 2489 altera
2722 2445 2778 2489 v.
2811 2430 2896 2494 48
2929 2444 3011 2488 ss.
3047 2430 3116 2487 ut

494 2531 680 2614 panis
714 2531 883 2597 vitae
913 2548 1029 2612 per
1046 2548 1269 2596 veram
1303 2550 1367 2593 m
1385 2548 1483 2594 an
1499 2531 1541 2593 d
1558 2550 1600 2594 u
1617 2549 1653 2594 c
1669 2530 1847 2595 atio
1865 2550 1908 2594 n
1924 2550 2072 2607 em;
2105 2531 2208 2595 vel
2228 2538 2498 2597 censent
2520 2538 2727 2597 totum
2747 2549 3113 2597 sermonem

495 2638 715 2705 referri
747 2656 787 2702 a
817 2657 874 2702 V.
909 2642 995 2708 25
1042 2637 1125 2702 ad
1171 2637 1646 2715 eucharistiam,
1691 2637 1785 2702 ita
1835 2644 2054 2704 tamen
2085 2644 2158 2703 ut
2190 2636 2479 2704 Christus
2508 2640 2683 2721 prius
2715 2639 2796 2705 de
2828 2637 2950 2703 fide
2984 2638 3112 2703 dis-

495 2752 669 2811 serat
700 2752 1032 2828 tamquam
1064 2743 1483 2825 dispositione
1529 2744 1793 2824 praevia
1825 2743 1909 2807 ad
1941 2744 2133 2821 illam,
2168 2745 2247 2809 de
2279 2762 2409 2827 qua
2440 2745 2670 2810 deinde
2703 2763 2744 2808 a
2775 2766 2832 2809 v,
2865 2749 2950 2814 48
2977 2744 3112 2825 jam

493 2854 667 2918 clare
697 2852 1001 2933 disputat.
1053 2849 1373 2932 Quidquid
1404 2868 1560 2915 vero
1595 2857 1696 2915 est
1727 2851 1809 2916 de
1838 2851 2052 2933 priore
2084 2852 2398 2917 sermonis
2429 2859 2631 2933 parte,
2664 2851 3113 2917 contendimus

495 2959 818 3023 Christum
848 2957 1223 3040 promittere
1254 2976 1311 3019 v.
1335 2961 1420 3026 52
1440 2976 1520 3020 ss
1554 2975 1624 3023 se
1656 2975 1825 3035 vere,
1858 2958 2115 3023 realiter
2144 2958 2780 3040 substantialiterque
2812 2958 3112 3023 daturum

494 3083 756 3130 carnem
788 3081 974 3128 suam
1007 3063 1090 3126 ad
1123 3063 1662 3128 manducandum.
1724 3064 1943 3128 Verba
1989 3070 2207 3128 autem
2240 3064 2489 3142 Christi,
2532 3085 2610 3130 ex
2657 3065 2891 3148 quibus
2922 3083 3113 3145 argu-

495 3177 874 3246 mentamur,
907 3169 998 3232 ita
1031 3175 1266 3232 sonant
1297 3189 1354 3232 v.
1387 3173 1506 3239 52:
1569 3171 1640 3236 Si
1685 3173 1826 3256 quis
1873 3172 2344 3236 manducaverit
2388 3194 2461 3234 ex
2505 3172 2617 3235 hoc
2636 3194 2830 3256 pane,
2863 3174 3017 3237 vivet
3050 3175 3114 3235 εἴη

495 3284 814 3343 aeternum
830 3305 855 3341 .·
900 3285 954 3340 et
999 3277 1213 3360 pane'S,
1255 3297 1432 3361 quem
1479 3297 1586 3360 eqo
1619 3278 1802 3362 dabo,
1852 3297 2001 3341 caro
2035 3298 2170 3342 mea
2203 3284 2289 3342 est
2312 3299 2438 3363 pro
2470 3279 2692 3343 mundi
2722 3280 2867 3343 vita.
2902 3297 2959 3343 v,
2992 3283 3108 3349 53:

496 3385 862 3468 Litiqabant
910 3405 1052 3470 erqo
1097 3385 1320 3466 judaei
1370 3386 1457 3450 ad
1503 3387 1785 3470 invicem,
1835 3387 2136 3450 dieentes:
2193 3387 2510 3466 Quomodo
2544 3393 2747 3474 potest
2796 3386 2892 3451 ln'e
2940 3387 3114 3450 nobis

491 3511 744 3556 earnem
775 3512 956 3556 suam
987 3492 1145 3556 dare
1177 3492 1264 3556 ad
1296 3493 1860 3557 manducandum?
1890 3512 1945 3556 v.
1979 3498 2097 3562 54:
2130 3491 2314 3557 Dixit
2343 3514 2486 3576 erqo
2518 3495 2607 3557 eis
2639 3492 2863 3557 Jesus:
2894 3500 3111 3569 Amen,

494 3618 677 3662 amen
720 3599 856 3664 dico
889 3600 1091 3664 vobis:
1151 3601 1273 3663 nisi
1312 3600 1846 3664 manducaveritis
1894 3620 2146 3664 carnem
2198 3599 2352 3663 Filii
2398 3601 2686 3684 hominis,
2737 3606 2793 3662 et
2843 3600 3113 3664 biberitis

492 3707 624 3786 ejus
652 3708 1043 3791 sanquinem,
1075 3726 1200 3768 non
1231 3706 1530 3770 habebitis
1561 3708 1752 3770 vitam
1784 3707 1854 3769 in
1884 3707 2066 3770 vobis.
2097 3726 2153 3770 v.
2187 3711 2304 3776 55:
2370 3706 2495 3785 Qui
2526 3707 2867 3771 manducat
2911 3727 3110 3771 meam

493 3833 764 3898 carnem,
809 3820 865 3876 et
910 3814 1058 3878 bibit
1102 3834 1303 3879 meum
1350 3816 1739 3899 sanquinem,
1786 3814 1966 3880 habet
1997 3816 2189 3879 vitam
2222 3821 2544 3879 aeternam
2558 3838 2587 3894 ,·
2631 3821 2687 3878 et
2719 3834 2826 3898 eqo
2857 3816 3113 3878 resusci-

493 3919 636 3984 tabo
666 3941 804 3984 eum
837 3923 906 3983 in
937 3923 1263 3984 novissimo
1295 3921 1412 3988 die.
1445 3940 1501 3984 v.
1535 3925 1652 3990 56:
1706 3920 1873 3985 Caro
1903 3928 2066 3984 enim
2096 3940 2236 3985 mea
2267 3941 2404 3985 vere
2431 3928 2518 3986 est
2547 3920 2740 4005 cibus,
2771 3927 2829 3984 et
2860 3922 3113 4002 sanquis

493 4047 665 4090 meus
711 4048 849 4091 vere
892 4036 982 4091 est
1020 4034 1225 4111 potue.
1259 4046 1318 4091 v.
1351 4031 1470 4096 57:
1504 4028 1628 4107 Qui
1689 4028 2030 4092 manducat
2073 4048 2272 4092 meam
2317 4048 2569 4092 carnem
2618 4033 2674 4090 et
2719 4028 2867 4090 bibit
2913 4046 3114 4090 meum

492 4135 880 4217 sanquinem,
912 4137 978 4196 in
1009 4155 1104 4197 me
1137 4141 1368 4216 manet,
1401 4141 1456 4198 et
1489 4155 1596 4218 eqo
1626 4137 1695 4198 in
1729 4134 1859 4204 illo,
1894 4154 1952 4197 v.
1989 4139 2105 4204 58:
2140 4131 2312 4200 Sicut
2344 4136 2511 4198 misit
2542 4154 2638 4198 me
2668 4136 2873 4198 vivens
2902 4134 3112 4209 Pater,

492 4247 548 4302 et
580 4260 686 4324 eqo
717 4243 850 4303 vivo
871 4251 1134 4326 propter
1167 4243 1458 4308 Patrem:
1504 4249 1559 4308 et
1604 4245 1712 4328 qui
1742 4245 2087 4309 manducat
2118 4265 2234 4327 me,
2279 4253 2334 4308 et
2366 4245 2497 4330 ipse
2528 4246 2684 4308 vivet
2706 4250 2972 4328 propter
3003 4264 3113 4306 me.

492 4367 546 4409 v.
581 4350 699 4415 59:
762 4347 887 4411 Hic
936 4355 1022 4411 est
1060 4355 1280 4435 panae,
1326 4351 1435 4433 qui
1483 4352 1560 4415 de
1603 4352 1765 4415 coelo
1817 4352 2144 4420 descendit.
2208 4352 2352 4415 Non
2382 4353 2541 4416 sicut
2572 4351 3113 4415 manducaverunt

490 4460 703 4537 patres
733 4456 918 4517 vestri
949 4475 1209 4535 manna,
1263 4464 1321 4519 et
1351 4458 1584 4520 mortui
1632 4464 1793 4522 sunt.
1859 4458 1984 4536 Qui
2017 4460 2357 4523 manducat
2388 4458 2553 4522 hune
2576 4477 2829 4541 panem,
2861 4459 3016 4522 vivet
3048 4460 3113 4519 in

491 4567 829 4628 aeternum.

671 4691 816 4757 335.
851 4688 1427 4756 Demonstratio.
1495 4687 1558 4756 1.
1608 4687 1897 4753 Christus
1947 4690 2262 4771 promittit
2311 4710 2383 4754 se
2428 4709 2577 4755 vere
2625 4689 2927 4754 daturum
2972 4706 3111 4753 esse

491 4796 554 4858 in
589 4795 948 4859 animarum
980 4793 1194 4858 cibum
1228 4795 1435 4875 ipsum
1467 4813 1702 4876 corpus
1735 4802 1799 4860 et
1829 4797 2210 4877 sanguinem
2230 4816 2437 4874 suum,
2471 4797 2524 4861 si
2545 4796 2683 4878 ejus
2702 4795 2903 4862 verba
2935 4814 3112 4878 pro-
