3538 5364
562 263 687 326 140
820 254 910 308 Tr.
939 253 1087 306 Vin.
1114 254 1184 306 de
1201 251 1632 322 justificatione.
1655 251 1762 307 Th.
1790 251 1892 308 CO.
1920 251 2265 306 Justificatio
2292 251 2692 323 complectitur
2711 268 2904 307 renov.

552 436 769 500 adhuc
801 436 976 501 luere
1007 434 1272 499 deberet
1300 451 1596 515 poenam.
1630 432 1845 512 Quare
1865 431 2102 497 Paulus
2130 433 2315 498 Rom.
2350 439 2407 511 8,
2446 439 2478 500 1
2511 434 2769 499 statuit:
2801 432 2980 497 Nih-il
3009 453 3176 497 num

552 544 983 608 damnationis
1013 549 1100 605 est
1131 545 1232 625 iis,
1264 546 1371 628 qui
1401 548 1547 606 sunt
1577 543 1646 604 in
1688 540 1932 633 Christo
1961 539 2133 607 Jesu.

709 666 712 670 Δ
747 689 881 752 163-
946 684 1202 752 Thesls
1265 681 1395 751 CC·
1469 699 2081 767 Justiflcattffnon
2107 706 2418 758 consistit
2443 705 2702 773 insola
2723 694 3177 768 peccatorum.

554 794 990 860 remissione,
1012 796 1135 849 sed
1163 795 1688 848 renovationem
1720 794 1938 846 etiam
1953 795 2266 847 hominis
2284 786 2648 848 interioris
2674 793 3178 860 complectitur.

738 898 1304 967 Demonstratio
1338 896 1563 962 Thesis
1596 903 1695 961 est
1724 897 1791 959 in
1822 896 2041 977 primis
2073 903 2301 961 contra
2340 896 2899 975 calvinianoS,
2943 910 3178 962 secun-

554 989 710 1068 dum
744 1022 907 1086 quos
932 1003 1300 1086 justificatio
1335 1004 1627 1068 consistit
1659 1003 1724 1066 in
1755 1003 1896 1067 sola
1926 1009 2340 1084 peccatorum
2371 1003 2748 1068 remissione
2772 1003 2810 1067 i.
2831 1022 2884 1068 e.
2904 1022 3038 1067 non
3058 1001 3178 1066 im-

558 1112 908 1192 putatione.
971 1110 1176 1190 Quem
1210 1129 1496 1174 errorem
1527 1110 1859 1174 damnavit
1891 1127 2068 1173 conc.
2119 1094 2667 1174 tridentinum
2711 1128 2865 1173 sess.
2901 1115 2939 1178 6
2974 1127 3025 1172 c.
3067 1116 3180 1178 11:

567 1204 671 1292 ,Si
703 1219 843 1300 quis
875 1218 1121 1294 dixerit,
1153 1217 1449 1281 homines
1474 1215 1812 1299 justificari
1859 1215 1961 1281 vel
2010 1216 2151 1279 sola
2182 1210 2603 1309 imputatione
2627 1216 2915 1298 Justitiae
2946 1214 3183 1280 Christi

558 1324 659 1390 vel
690 1325 829 1388 sola
860 1333 1273 1405 peccatorum
1304 1325 1700 1415 remissione,
1734 1308 1999 1389 exclusa
2028 1325 2235 1406 gratia
2266 1331 2330 1390 et
2354 1312 2639 1401 caritate,
2672 1343 2839 1407 quae
2870 1326 2936 1388 in
2967 1324 3181 1388 eordi-

563 1431 683 1495 bus
717 1450 937 1496 eorum
970 1450 1086 1514 per
1106 1430 1409 1514 Spiritum
1442 1452 1490 1495 s.
1527 1432 1927 1496 diffundatur
1949 1437 2143 1515 atque
2162 1432 2282 1497 illis
2301 1431 2650 1507 inhaereat,
2686 1432 3011 1497 autetiam
3031 1449 3181 1512 gra-

558 1539 733 1615 tiam,
773 1557 900 1621 qua
925 1539 1365 1621 justificamur,
1400 1557 1542 1604 esse
1575 1545 1827 1603 tantum
1858 1538 2144 1604 savorem
2177 1537 2309 1615 Dei.
2341 1538 2413 1601 A.
2448 1536 2547 1619 S.‘

741 1663 802 1730 1.
839 1661 1158 1728 Probatur
1189 1683 1270 1728 ex
1303 1682 1398 1739 e0,
1434 1663 1606 1745 quod
1636 1663 2007 1745 justificatio
2040 1646 2506 1727 describitur'in
2525 1660 2868 1745 Scripturis
2886 1668 2959 1726 ut
2978 1680 3183 1745 quae-

557 1770 710 1832 dam
744 1790 774 1833 r
790 1789 826 1835 e
842 1791 878 1850 g
897 1789 931 1835 e
948 1790 989 1833 n
1005 1788 1041 1834 e
1058 1790 1089 1833 1·
1105 1790 1145 1833 a
1162 1770 1293 1846 tio,
1327 1771 1682 1846 renovati0,
1715 1771 2099 1835 resurrectio
2119 1770 2185 1833 in
2206 1788 2441 1833 novam
2461 1770 2679 1847 vitam,
2697 1769 3039 1834 vivificatio
3060 1776 3182 1834 etc.

557 1876 682 1946 Tit.
718 1881 775 1953 3,
808 1881 882 1945 5:
916 1878 1134 1942 Salvos
1166 1898 1276 1941 nos
1307 1879 1453 1962 feeit
1473 1899 1597 1962 per
1626 1878 1952 1941 lavacrum
1985 1878 2474 1960 reqenerationis
2505 1884 2561 1940 et
2590 1879 3005 1941 renovationis
3039 1878 3182 1968 Spi-

558 1985 724 2047 ritus
753 2005 823 2065 8.‚
854 2004 1028 2068 quem
1062 1986 1282 2067 effudit
1314 1987 1382 2047 in
1412 2005 1523 2048 nos
1557 1984 1820 2050 abunde.
1855 1983 1943 2049 Cf.
1984 1991 2035 2051 1.
2070 1976 2235 2049 Petr'.
2259 1990 2328 2061 ⁴1,
2362 1991 2435 2061 3;
2467 1984 2650 2051 Joan.
2688 1991 2744 2061 1,
2787 1989 2895 2060 133
2930 1989 2990 2061 3,
3024 1990 3065 2053 3
3097 2004 3183 2059 s.;

568 2095 620 2156 1.
656 2110 751 2172 ep.
786 2097 846 2167 3,
892 2095 933 2158 9
967 2096 1083 2155 etc.
1135 2092 1219 2176 (n.
1252 2094 1310 2157 2.
1351 2093 1520 2179 168).
1584 2091 1781 2173 Atqui
1830 2092 2007 2156 hisce
2052 2111 2184 2155 non
2232 2091 2624 2172 significatur
2667 2109 2849 2156 mera
2895 2090 3183 2155 exclusio

559 2198 990 2279 corruptionis
1022 2203 1086 2263 et
1114 2198 1470 2274 vetustatis
1503 2198 1616 2263 sed
1650 2200 1847 2264 etiam
1869 2215 2024 2263 vera
2055 2198 2373 2279 quaedam
2404 2198 2669 2263 interior
2700 2197 3086 2263 restauratio
3118 2202 3186 2261 et

560 2305 645 2368 ad
677 2304 1009 2386 pristinam
1042 2304 1499 2385 perfectionem
1532 2306 1875 2370 revocatio.

741 2431 810 2497 2.
842 2429 1330 2497 Justificare
1376 2447 1495 2493 nec
1542 2431 1959 2510 grammatice
2005 2448 2124 2494 nec
2168 2430 2373 2512 logice
2417 2430 2589 2494 idem
2619 2428 2933 2511 significat
2963 2448 3043 2493 ac
3073 2448 3180 2494 re-

566 2538 816 2602 mittere
848 2542 1203 2618 peccatum,
1237 2555 1384 2600 cum
1416 2537 1621 2617 possit
1652 2536 1881 2618 aliquis
1907 2536 2256 2617 justificari,
2288 2537 2653 2601 cuinullum
2687 2538 2925 2601 remitti
2944 2537 3184 2602 debeat

564 2650 919 2727 peccatum,
954 2649 1023 2708 ut
1048 2642 1375 2725 justificati
1406 2641 1581 2708 fuere
1615 2643 1824 2724 angeli
1855 2649 1921 2708 et
1950 2648 2479 2726 protoparentes3
2531 2650 2596 2709 et
2639 2644 2843 2726 possit
2875 2643 3046 2709 Deus
3075 2661 3183 2709 re-

562 2753 813 2817 mittere
844 2757 1130 2832 peccata,
1179 2751 1330 2831 quin
1356 2749 1679 2830 justificet,
1712 2755 1785 2814 ut
1814 2750 1880 2813 in
1912 2756 2085 2814 statu
2118 2757 2388 2816 naturae
2420 2769 2638 2832 purae.
2702 2751 2780 2815 Et
2810 2769 2969 2817 sane
2993 2751 3184 2834 justi-

562 2856 861 2923 ficatione
891 2857 1217 2923 reddimur
1240 2858 1413 2938 justi,
1441 2856 1556 2921 Dei
1576 2858 1784 2934 amici,
1805 2857 1929 2936 filii,
1949 2865 2284 2932 consortes
2304 2849 2558 2923 divinae
2578 2865 2849 2925 naturae
2870 2859 2981 2946 (th.
3005 2860 3184 2946 203),

560 2966 734 3048 quod
765 2966 908 3048 plus
941 2970 1039 3028 est
1090 2981 1284 3045 quam
1339 2966 1647 3046 consequi
1695 2965 2140 3029 remissionem
2189 2971 2441 3029 tantum
2474 2968 2741 3047 peccati.
2802 2965 3184 3033 Justificatio

560 3091 714 3152 ergo
747 3091 878 3136 non
908 3071 1201 3135 consistit
1231 3071 1296 3134 in
1328 3071 1470 3134 sola
1500 3078 1921 3153 peccatorum
1949 3073 2343 3138 remissione.

741 3200 884 3269 Qam
917 3201 992 3258 ob
1024 3220 1148 3259 rem
1182 3206 1378 3277 patres
1410 3200 1483 3259 de
1508 3199 1943 3277 justificatione
1976 3203 2332 3260 disserentes
2367 3201 2573 3260 sedulo
2606 3201 2996 3279 distinguunt
3026 3203 3186 3261 inter

563 3295 934 3367 peccatorum
966 3291 1377 3350 remissionem
1408 3293 1469 3349 et
1499 3290 1843 3349 interiorem
1880 3291 2109 3350 animae
2139 3291 2601 3360 renovationem,
2654 3294 2835 3366 atque
2865 3297 3184 3367 utramque

559 3380 636 3439 ad
668 3379 1153 3457 justificationem
1186 3381 1450 3457 exigunt.
1514 3381 1605 3438 Ita
1641 3380 1771 3455 jam
1816 3380 2213 3438 Barnabas
2245 3380 2308 3437 in
2339 3399 2427 3455 ep.
2460 3398 2518 3437 n.
2555 3391 2624 3442 6:
2686 3380 2797 3448 ,Ut
2839 3379 3030 3457 igitur
3071 3399 3182 3439 nos

562 3468 876 3528 renovavit
919 3487 1026 3543 per
1067 3470 1478 3528 remissionem
1510 3473 1911 3544 peccatorum,
1952 3468 2166 3538 effecit,
2207 3473 2280 3526 ut
2323 3469 2498 3527 aliam
2530 3468 2778 3528 formam
2809 3469 3179 3539 haberemus,

563 3559 819 3618 animam
851 3576 1062 3633 nempe
1094 3578 1410 3635 puerorum
1446 3558 1652 3629 instar,
1684 3560 1893 3632 utpote
1927 3558 2032 3634 qui
2063 3561 2124 3617 et
2155 3558 2373 3633 spiritu
2403 3576 2512 3616 nos
2544 3557 2958 3622 reformavit..
2981 3602 2995 3616 .
3037 3559 3184 3617 Eece

562 3650 749 3725 igitur
777 3665 887 3706 nos
919 3647 1113 3706 denuo
1146 3646 1384 3706 formati
1419 3666 1644 3718 sumus,
1680 3647 2174 3721 quemadmodum
2196 3664 2405 3705 rursus
2438 3647 2498 3704 in
2533 3646 2650 3705 alio
2682 3647 2977 3723 propheta
3006 3648 3180 3706 dicit.

565 3739 725 3814 Ecce,
760 3737 959 3812 inquit
992 3737 1294 3806 Dominus,
1328 3738 1597 3811 auferam
1627 3736 1701 3793 ab
1731 3738 1814 3794 eis
1845 3737 1900 3793 h.
1933 3755 1982 3797 e.
2014 3735 2088 3794 ab
2120 3738 2221 3807 eis,
2261 3754 2410 3811 quos
2443 3735 2704 3810 Spiritus
2739 3737 2973 3816 Domini
3009 3755 3176 3812 prae-

563 3827 818 3898 videbat,
850 3827 1028 3884 corda
1061 3826 1311 3901 lapidea,
1349 3833 1401 3883 et
1434 3828 1742 3883 immittam
1777 3826 1896 3882 illis
1925 3826 2101 3883 corda
2132 3844 2346 3883 carnea
2381 3819 2808 3907 (Ez.11,19)

746 3951 888 4013 164
936 3945 1192 4013 ΤΙΙθὸῘΒ
1240 3943 1407 4013 CCI·
1455 3966 2003 4029 Justificationis
2027 3967 2266 4031 qratia
2290 3978 2434 4018 non
2478 3967 2873 4020 continetur
2910 3967 3184 4029 §ustitia

560 4058 821 4112 Christi
835 4057 1033 4109 nobis
1050 4057 1422 4121 imputata,
1435 4057 1651 4110 sedin
1665 4058 1987 4110 animam
2004 4057 2233 4121 ipsam
2255 4057 2604 4122 recipitur
2623 4056 2822 4122 eique
2838 4057 3182 4109 inhaeret.

744 4160 1189 4227 Declaratio.
1258 4163 1386 4222 Una
1430 4183 1462 4222 e
1510 4164 1848 4240 potioribus
1880 4163 2302 4222 controversiis
2333 4163 2493 4222 inter
2539 4162 2852 4222 catholicos
2899 4165 2961 4220 et
3004 4179 3181 4220 nova-

567 4269 720 4313 tores
752 4271 865 4313 seo.
899 4252 1048 4326 XVI.
1080 4258 1173 4311 est
1204 4254 1276 4311 de
1308 4271 1485 4312 causa
1524 4253 1845 4312 formali
1869 4251 2317 4328 justificationis
2349 4270 2458 4311 seu
2490 4252 2562 4309 de
2592 4270 2677 4323 e0,
2713 4268 2833 4326 quo
2862 4249 3182 4309 constitui-

563 4362 702 4401 mur
732 4343 887 4419 justi
934 4359 1125 4401 coram
1164 4342 1298 4400 Deo,
1363 4342 1686 4418 Opiniones
1717 4341 2190 4400 adversariorum
2221 4342 2574 4417 praecipuae
2618 4360 2688 4399 ex
2735 4339 3183 4415 quatuordecim

567 4558 681 4609 tem
709 4572 838 4609 eum
860 4571 924 4609 ea
942 4555 1430 4609 reconciliationis
1449 4554 1833 4626 plenitudine,
1855 4571 2028 4622 quam
2050 4558 2273 4625 partam
2293 4573 2396 4625 per
2417 4554 2705 4609 Christum
2723 4554 3020 4625 Scriptura.
3035 4569 3186 4607 oom-

567 4636 815 4699 mendat,
841 4635 1138 4690 conciliari
1160 4653 1272 4690 non
1294 4652 1457 4706 posse
1479 4634 1836 4689 exactionem
1857 4651 2075 4705 poenae
2100 4636 2385 4688 aeternae.
2413 4634 2674 4689 Ceterum
2704 4652 2817 4689 non
2844 4633 3058 4688 desunt
3080 4633 3185 4700 qui

568 4715 845 4787 Ripaldae
861 4715 1190 4784 opinionem
1208 4715 1490 4784 rejiciant,
1507 4719 1565 4769 et
1580 4715 1783 4769 merito
1800 4717 1869 4769 ut
1881 4714 2128 4769 videtur.
2156 4714 2238 4768 cf.
2260 4714 2317 4767 M
2331 4732 2366 4767 a
2383 4733 2422 4769 u
2437 4733 2466 4769 r
2485 4733 2517 4768 u
2536 4733 2562 4769 s
2583 4732 2677 4783 qq.
2696 4715 2870 4771 theol.
2885 4714 2926 4771 l.
2943 4713 3009 4777 V.
3027 4731 3079 4782 q.
3097 4719 3188 4770 39.
