3538 5364
586 324 707 387 165
936 314 1117 367 Tract.
1148 315 1295 368 VIII.
1322 315 1390 367 de
1410 312 1839 385 justificatione.
1868 310 2065 364 'rhesis
2093 310 2275 365 CCIV.
2302 311 2371 364 cle
2400 309 2823 365 inhabitatione

750 496 817 562 4.
852 496 945 558 Ex
977 496 1100 559 hac
1131 494 1498 576 praesentia
1529 493 1826 570 inferunt,
1873 511 1993 556 nos
2039 492 2291 556 divinae
2337 498 2677 557 consortes
2729 509 2869 555 esse
2903 498 3201 564 naturae,

574 620 722 665 cum
754 608 1092 666 creaturae
1123 602 1488 684 praesentia
1521 601 1699 666 reddi
1730 619 1863 664 non
1893 600 2213 682 possimus
2243 599 2407 663 illius
2439 598 2798 680 participes,

754 732 848 789 Sic
879 731 1038 789 idem
1071 731 1420 807 Cyrillus
1454 729 1591 791 dial.
1632 739 1664 792 7
1699 724 1783 810 (p.
1820 723 2009 810 637):
2058 728 2164 797 ,Si
2212 728 2385 805 ignis,
2435 728 2652 802 inquit,
2694 746 2867 786 nemo
2901 728 3203 802 particeps

575 839 705 879 esse
748 823 947 896 potest
993 820 1123 878 sine
1170 821 1326 897 igne,
1375 820 1617 895 quinam
1661 818 1996 876 divinitatis
2028 818 2324 893 particeps
2356 836 2482 876 esse
2515 819 2714 892 potest
2746 817 3042 892 quispiam
3077 818 3204 874 nisi

573 929 680 985 per
713 911 943 968 Deum?
1005 910 1139 967 Jam
1172 928 1310 968 vero
1343 908 1500 983 quod
1535 908 1597 965 in
1641 907 1816 965 nobis
1848 907 2023 978 inest,
2069 911 2377 981 tamquam
2424 908 2580 964 Deus
2627 925 2693 964 ac
2740 906 2846 965 Dei
2893 908 3087 965 locum
3135 913 3200 964 et

575 999 973 1074 operationem
994 999 1220 1073 implet,
1253 1001 1531 1074 potestne
1554 998 1707 1055 Deus
1727 1016 1848 1055 non
1870 998 2075 1055 esse?‘
2130 997 2206 1054 Et
2223 996 2372 1058 thes,
2393 1015 2501 1057 ass,
2530 1005 2608 1059 34
2632 993 2855 1075 (Migne
2881 1006 2980 1065 75,
3006 992 3199 1077 610):

576 1087 681 1156 ,Si
717 1087 945 1163 Spiritu
977 1107 1022 1145 s.
1055 1088 1274 1163 signati
1307 1087 1379 1145 ad
1404 1088 1588 1145 Deum
1609 1087 2012 1156 reformamur,
2047 1084 2341 1161 quomodo
2357 1086 2472 1143 erit
2503 1090 2766 1143 creatum
2796 1085 2876 1157 id,
2912 1104 3016 1161 per
3033 1085 3198 1160 quod

576 1176 811 1235 divinae
832 1178 1124 1235 essentiae
1144 1177 1338 1252 imago
1372 1180 1432 1234 et
1463 1176 1755 1233 increatae
1790 1178 2037 1233 naturae
2071 1175 2241 1251 signa
2272 1174 2446 1233 nobis
2479 1174 2954 1250 imprimuntur?
2987 1174 3205 1249 Neque

575 1266 734 1323 enim
768 1266 1028 1342 Spiritus
1075 1285 1120 1324 s.
1167 1264 1409 1340 pictoris
1454 1264 1645 1322 instar
1688 1265 1752 1322 in
1798 1263 1969 1322 nobis
2017 1262 2282 1322 divinam
2330 1262 2646 1322 essentiam
2683 1263 2974 1339 depingit,
3027 1263 3197 1321 aliud

576 1356 876 1430 quidpiam
914 1356 987 1412 ab
1031 1355 1140 1412 illa
1184 1354 1500 1412 exsistens:
1547 1372 1740 1428 neque
1775 1353 1882 1412 boc
1915 1354 2087 1411 modo
2119 1371 2227 1411 nos
2258 1352 2331 1410 ad
2367 1353 2820 1411 similitudinem
2857 1353 2959 1409 Dei
2993 1352 3197 1410 ducit:

576 1443 678 1503 sed
713 1463 845 1502 cum
880 1445 1007 1521 ipse
1042 1445 1122 1502 sit
1154 1444 1313 1501 Deus
1346 1446 1408 1501 et
1438 1462 1506 1501 ex
1544 1443 1661 1500 Deo
1694 1442 1985 1517 procedat,
2021 1443 2083 1500 in
2115 1442 2394 1500 cordibus
2427 1461 2649 1507 eorum,
2696 1442 2801 1518 qui
2833 1441 3026 1516 ipsum
3060 1460 3199 1499 sus-

576 1533 825 1607 cipiunt,
864 1534 1027 1592 velut
1057 1552 1220 1590 cerae
1253 1532 1638 1590 invisibiliter
1670 1531 1861 1589 instar
1893 1531 2078 1608 sigilli
2098 1531 2495 1606 imprimitur:
2530 1533 2590 1589 et
2621 1536 2897 1589 naturam
2929 1537 3198 1589 nostram

575 1641 682 1698 per
712 1622 1303 1681 communicationem
1338 1620 1911 1696 similitudinemque
1959 1621 2051 1678 sui
2098 1619 2169 1678 ad
2217 1620 2521 1696 archetypi
2551 1619 3060 1696 pulchritudinem
3092 1620 3195 1677 de·

504 1714 505 1717 ’
576 1711 774 1788 pingit
794 1712 1018 1787 Deique
1050 1711 1371 1786 imaginem
1404 1709 1628 1768 homini
1658 1710 1946 1768 restituit.
1989 1708 2290 1777 Quomodo
2321 1708 2510 1785 igitur
2541 1711 2657 1767 erit
2687 1713 2958 1767 creatura
2990 1709 3054 1777 ie,
3089 1728 3200 1784 per

579 1820 752 1875 quem
785 1804 998 1859 natura
1030 1800 1287 1858 humana
1316 1799 1389 1857 ad
1410 1800 1516 1857 Dei
1537 1799 1857 1875 imaginem
1877 1797 2234 1857 reformatur
2252 1802 2463 1873 utpote
2485 1799 2591 1856 Dei
2622 1798 2920 1873 particeps
2954 1797 3194 1855 factm<

753 1922 818 1988 ὅ.
853 1919 1076 1984 Patres
1109 1922 1361 1996 docent,
1394 1920 1518 1983 hoc
1551 1918 1895 1982 discrimen
1927 1935 2069 1984 esse
2102 1916 2302 1982 Deum
2337 1917 2503 1982 inter
2522 1924 2587 1982 et
2608 1925 2993 1994 creaturam,
3021 1918 3198 2000 quod

575 2028 736 2091 haec
769 2026 1144 2107 operatione
1177 2028 1315 2091 sola
1335 2027 1610 2090 hominis
1632 2026 1835 2106 possit
1856 2026 2139 2088 animam
2167 2024 2430 2105 ingredi,
2454 2023 2624 2088 Deus
2647 2044 2797 2090 vero
2841 2025 3199 2088 secundum

574 2133 1017 2198 substantiam.
1081 2134 1397 2214 Quocirca
1430 2152 1575 2196 cum
1608 2132 1686 2197 de
1719 2130 1958 2213 Spiritu
1987 2152 2035 2194 s.
2071 2131 2355 2211 legimuS,
2408 2149 2556 2195 eum
2591 2133 2841 2195 animas
2868 2133 3193 2213 justorum

574 2239 821 2322 replere
855 2258 1093 2321 easque
1125 2240 1503 2316 inhabitare,
1536 2238 1832 2315 inserunt,
1867 2257 2015 2302 eum
2050 2256 2191 2302 esse
2226 2238 2448 2303 Deum.
2481 2238 2816 2303 Manifesta
2854 2258 3004 2319 ergo
3040 2258 3197 2320 sup-

575 2355 838 2435 ponunt,
874 2367 1021 2412 eum
1053 2366 1182 2411 non
1229 2347 1434 2410 solum
1486 2346 1622 2414 κατ’
1640 2349 1950 2434 ἐνέργειαν,
2001 2346 2115 2410 sed
2160 2346 2517 2413 κατόὒσιάν
2566 2346 2928 2410 inhabitare
2968 2347 3194 2427 justos

575 2453 669 2516 Ita
700 2453 1090 2535 Didymus
1124 2454 1283 2518 alex.
1319 2453 1397 2517 de
1431 2450 1590 2534 Spir.
1623 2473 1669 2516 s.
1705 2473 1762 2515 n.
1800 2459 1872 2522 8:
1913 2452 2225 2531 ,Quidam
2258 2451 2496 2534 Spiritu
2529 2460 2754 2517 sancto
2789 2473 2831 2535 p
2853 2453 3017 2518 leni
3051 2473 3198 2518 esse

576 2560 901 2624 dicuntur:
935 2578 1124 2625 nemo
1159 2567 1377 2624 autem
1409 2561 1541 2623 sive
1575 2560 1639 2622 in
1672 2558 1999 2640 Scriptura
2021 2561 2154 2625 sive
2175 2561 2239 2622 in
2260 2561 2721 2625 consuetudine
2762 2558 2990 2642 plenus
3010 2578 3195 2625 crea-

577 2673 724 2731 tura
757 2687 897 2732 esse
931 2667 1190 2742 dicitur3
1223 2686 1432 2749 neque
1466 2664 1797 2747 Scriptura
1828 2667 1951 2730 hoc
1984 2665 2105 2730 sibi
2137 2665 2421 2732 vindicat
2451 2672 2564 2732 aut
2584 2686 2796 2733 sermo
2818 2668 3195 2732 communis,

577 2783 648 2840 ut
678 2776 854 2839 dicas
888 2775 1250 2857 quempiam
1288 2792 1427 2838 esse
1461 2774 1718 2855 plenum
1753 2773 1999 2854 angeIO,
2033 2774 2284 2850 thronO,
2305 2774 2776 2839 dominatione:
2810 2775 2929 2838 soli
2963 2775 3197 2857 quippe

575 2882 828 2945 divinae
859 2889 1130 2945 naturae
1162 2880 1265 2943 hic
1307 2880 1606 2943 convenit
1656 2898 1903 2955 sermo;
1956 2881 2226 2944 dicimus
2278 2888 2493 2945 autem
2540 2882 2790 2945 virtutis
2842 2888 2954 2944 aut
3003 2881 3197 2944 disci-

575 2990 786 3069 plinae
819 2987 1132 3071 quosdam
1166 3005 1307 3051 esse
1341 2988 1619 3067 plenos«

752 3114 817 3178 6.
855 3112 1138 3193 Denique
1170 3112 1419 3188 docent,
1454 3130 1573 3175 nos
1606 3110 1833 3192 illapsu
1866 3132 1913 3174 S.
1946 3109 2218 3193 Spiritus
2252 3111 2547 3189 deificari,
2582 3131 2857 3196 eamque
2898 3131 3192 3179 commu-

578 3218 966 3281 nicationem
997 3217 1325 3298 multiplici
1357 3219 1839 3300 comparatione
1871 3218 2203 3292 illustrant,
2239 3225 2311 3281 ut
2344 3218 2506 3300 ignis
2537 3219 2901 3284 invadentis
2937 3220 3201 3294 serrum.

579 3325 718 3388 auri
749 3344 869 3388 sua
897 3325 1213 3388 infusione
1246 3325 1630 3400 deaurantiS,
1665 3325 1936 3388 balsami
1966 3325 2375 3407 pervadentis
2395 3326 2782 3408 subjectum,
2807 3327 2872 3390 in
2895 3327 3068 3408 quod
3088 3347 3194 3390 rc·

577 3432 804 3512 cipitur
835 3437 952 3495 etc.
1015 3431 1102 3495 Cf.
1137 3430 1529 3495 Petavius
1561 3431 1818 3507 V111,4;
1871 3432 2467 3495 Thomassinus
2501 3433 2581 3497 de
2612 3432 2856 3497 incarn.
2890 3433 2990 3510 VI,
3038 3441 3077 3503 8
3111 3454 3193 3497 ss.

763 3589 902 3643 198.
935 3574 1447 3643 corollarium.
1513 3580 1596 3637 Ex
1643 3580 1750 3638 hac
1783 3598 1828 3643 s,
1863 3579 2124 3655 Spiritus
2157 3579 2591 3639 inhabitatione
2625 3581 2772 3638 satis
2806 3580 3199 3656 probabiliter

576 3668 899 3746 colligitur,
933 3688 1066 3728 eum
1094 3670 1280 3743 justis
1304 3669 1716 3744 illaimpertiri
1749 3673 1974 3746 septem
1996 3668 2164 3737 dona,
2198 3688 2350 3744 quae
2382 3670 2501 3743 ipsi
2536 3670 2777 3746 speciali
2813 3668 2987 3728 modo
3022 3672 3195 3728 attri-

576 3758 863 3816 buuntur.
920 3758 1069 3816 Nam
1101 3763 1253 3815 teste
1284 3758 1468 3816 Paulo
1502 3759 1664 3820 Rom.
1700 3768 1755 3830 8,
1795 3769 1829 3821 9
1866 3778 1941 3827 S.;
1992 3759 2175 3817 Galat.
2209 3767 2264 3829 4,
2304 3768 2358 3826 6,
2395 3758 2598 3817 eodem
2632 3759 2860 3835 Spiritu
2890 3759 3203 3818 reddimur

569 3848 739 3922 justi,
775 3866 893 3922 quo
925 3847 1316 3905 obumbrante
1338 3853 1658 3923 conceptus
1692 3851 1752 3906 et
1783 3848 2126 3906 incarnatus
2160 3862 2251 3905 est
2274 3848 2376 3905 Dei
2398 3848 2605 3917 Filius,
2641 3848 2915 3922 idemque
2938 3849 3197 3923 Spiritus

577 3936 872 3994 inhabitat
902 3937 1181 4003 membra,
1230 3935 1333 4010 qui
1379 3939 1506 3994 tota
1551 3955 1657 3993 sua
1701 3937 2076 4010 plenitudine
2121 3937 2419 4011 requievit
2450 3956 2627 4013 super
2659 3938 2977 4008 Christum,
3019 3945 3197 4014 caput

576 4031 869 4083 nostrum.
936 4025 1121 4099 Atqui
1157 4025 1418 4099 Spiritus
1457 4044 1501 4087 S.
1532 4025 1830 4099 requievit
1876 4025 1939 4083 in
1972 4026 2204 4084 Christo
2251 4026 2600 4084 nominatim
2648 4046 2754 4102 per
2785 4031 3010 4102 septem
3044 4027 3200 4084 dona

580 4133 688 4173 sua
718 4119 872 4172 teste
902 4114 1038 4173 Isai.
1073 4128 1085 4173 1
1117 4126 1163 4187 l,
1207 4125 1229 4176 1
1274 4132 1318 4176 S.
1367 4114 1520 4191 Ergo
1555 4114 1765 4172 iisdem
1798 4115 2096 4173 inhabitat
2119 4115 2385 4173 membra
2403 4115 2639 4173 Christi.
2689 4115 2857 4184 Quod
2892 4118 2952 4173 et·
2983 4135 3200 4192 magno

579 4221 867 4262 consensu
900 4202 1160 4279 theologi
1193 4209 1517 4278 praeeunte
1550 4222 1593 4266 s.
1626 4203 1901 4262 Thoma
1939 4215 1989 4266 1.
2029 4213 2061 4265 2
2098 4224 2152 4279 q.
2190 4213 2268 4267 68
2305 4207 2570 4262 tuentur.

766 4339 904 4389 199.
941 4322 1315 4391 Scholion.
1351 4327 1687 4398 Quaeritur,
1720 4349 1860 4386 num
1895 4330 2155 4403 injustis
2202 4328 2262 4386 V.
2293 4331 2351 4392 T.
2386 4327 2793 4388 inhabitaverit
2823 4324 2961 4391 ’κατ’
2996 4325 3200 4391 οὐσίαν

582 4417 840 4490 Spiritus
871 4436 914 4476 8.
962 4417 1165 4491 Aliqui
1190 4422 1385 4493 patres
1407 4418 1685 4476 videntur
1702 4417 1898 4476 favere
1921 4419 2253 4477 sententiae
2273 4420 2549 4495 neganti3
2583 4418 2967 4494 praeferenda
2997 4424 3198 4477 tamen

581 4512 671 4564 est
703 4507 999 4564 sententia
1037 4507 1354 4576 affirmanS,
1409 4527 1587 4582 quam
1634 4509 1891 4565 tuentur
1939 4510 2172 4582 practer
2220 4508 2368 4565 alios
2414 4508 2828 4567 Franzelin
2875 4508 2958 4564 th.
3007 4517 3088 4570 48
3136 4513 3200 4566 et

581 4596 941 4653 Mazzella
973 4597 1028 4659 d.
1065 4607 1097 4658 5
1137 4616 1185 4659 a.
1225 4607 1257 4656 9
1296 4592 1328 4662 ἓ
1367 4607 1421 4658 5.
1486 4595 1577 4653 Ad
1612 4595 1961 4671 explicanda
1994 4603 2193 4655 autem
2226 4616 2294 4654 ea
2324 4599 2564 4672 patrum
2599 4598 2787 4666 effata,
2837 4615 2987 4672 quae
3019 4596 3197 4671 objici

579 4689 851 4760 possunt,
887 4684 1025 4742 haec
1057 4685 1427 4744 memineris:
1468 4682 1525 4747 l.
1558 4685 2053 4743 inhabitationem
2086 4685 2345 4760 Spiritus
2381 4705 2425 4748 s.
2460 4689 2753 4761 pertinere
2785 4686 2857 4743 ad
2890 4686 2962 4745 N.
2995 4685 3196 4744 Testa-

581 4777 847 4832 mentum
880 4774 1080 4832 eodem
1113 4775 1289 4833 modo
1335 4792 1400 4832 ac
1443 4775 1637 4850 gratia
1681 4773 1754 4831 ad
1789 4774 1942 4832 illud
1975 4774 2250 4849 pertinet.
2317 4773 2487 4834 Sicut
2519 4794 2659 4852 ergo
2684 4776 2834 4850 justi
2870 4774 2933 4833 V.
2967 4775 3027 4836 T.
3062 4794 3195 4851 grn-
