3538 5364
560 327 690 390 666
1002 317 1187 370 Tract.
1215 316 1280 369 X.
1309 316 1377 369 de
1404 314 1521 370 Deo
1549 317 2022 369 consummatore.
2049 314 2130 367 De
2148 315 2372 384 judicio
2400 315 2730 369 universali.

741 505 886 568 713.
921 499 1017 561 De
1054 498 1295 579 judicio
1343 496 1699 564 universali.
1748 535 1833 544 —
1882 494 2067 561 Clare
2118 496 2353 561 docent
2398 517 2446 560 S.
2497 494 2868 579 Scripturae
2914 497 3192 560 alterum

562 605 698 668 Filii
732 604 846 668 Dei
879 604 1226 667 adventum
1274 621 1420 667 esse
1473 602 1979 683 exspectandum
2011 602 2152 666 Act.
2191 608 2244 677 1,
2286 607 2362 670 11
2399 610 2517 667 etc.
2565 601 2653 667 Cf.
2687 623 2746 667 n.
2784 608 2911 672 709
2944 623 3010 670 a.
3045 601 3193 681 Quo

559 712 842 775 adventu
892 711 1225 793 supposito
1277 709 1613 774 verissima
1664 716 1830 785 sunt,
1884 727 2053 790 quae
2104 708 2324 771 scribit
2375 708 2767 789 Augustinus
2813 710 2850 774 l.
2898 729 2949 772 c.
2983 728 3034 772 c.
3072 713 3200 778 30:

566 817 826 893 ,Nullus
859 817 963 882 vel
991 824 1187 898 negat
1219 817 1320 881 vel
1352 815 1622 893 dubitat,
1655 834 1769 896 per
1800 816 1851 880 J.
1887 815 2210 881 Christum
2259 816 2407 891 tale,
2453 814 2642 898 quale
2690 817 2828 881 istis
2861 837 2943 879 ss,
2989 816 3199 880 literis

558 926 1077 1006 praenunciatur,
1111 923 1396 988 futurum
1429 941 1572 988 esse
1604 923 2027 986 novissimum
2055 923 2387 1004 judicium,
2419 922 2541 986 nisi
2573 923 2681 1005 qui
2716 923 2957 988 eisdem
2990 923 3204 987 literis

559 1032 775 1095 nescio
811 1049 940 1112 qua
972 1028 1326 1095 incredibili
1361 1029 1769 1092 animositate
1804 1046 1921 1092 seu
1954 1029 2271 1092 coecitate
2303 1046 2434 1091 non
2467 1029 2720 1113 credit‘
2762 1029 2921 1093 Huic
2946 1030 3199 1110 judicio

557 1140 917 1204 intererunt
934 1156 1067 1201 non
1086 1137 1295 1199 solum
1316 1153 1542 1199 omnes
1563 1135 1784 1211 adulti,
1826 1134 1941 1199 sed
1964 1141 2027 1199 et
2048 1134 2357 1210 infantes3
2389 1153 2522 1198 non
2558 1134 2766 1198 solum
2800 1135 3040 1212 fideleS,
3073 1136 3201 1200 sed

560 1243 956 1318 etinfidele53
989 1262 1121 1306 non
1153 1243 1361 1305 solum
1392 1242 1705 1317 homineS,
1741 1242 1857 1305 sed
1893 1247 1958 1305 et
1991 1241 2203 1321 angeli
2240 1246 2373 1304 tarn
2406 1241 2576 1318 mali,
2610 1260 2805 1324 quam
2837 1244 3010 1307 boni.
3056 1243 3209 1307 Etsi

559 1359 779 1416 autem
804 1351 1043 1432 judicio
1078 1348 1584 1432 particulari
1610 1349 1746 1429 jam
1778 1348 2180 1428 singulorum
2216 1367 2356 1412 sors
2379 1355 2478 1413 est
2499 1349 2777 1424 definita,
2798 1350 3203 1415 convenien-

557 1458 873 1521 tissimum
906 1457 1317 1521 nihilominus
1352 1457 1475 1521 erit
1499 1457 1811 1537 judicium
1854 1457 2235 1533 universale,
2286 1463 2357 1521 ut
2394 1460 2453 1528 l.
2485 1459 2735 1535 ratione
2767 1457 3047 1539 quadam
3083 1475 3205 1520 so-

558 1562 750 1629 lemni
783 1564 1050 1627 humani
1095 1564 1348 1645 generis
1394 1565 1539 1627 fatis
1587 1560 1963 1645 imponatur
2010 1564 2185 1639 finis3
2234 1571 2306 1627 ut
2349 1566 2413 1633 2.
2462 1565 2771 1646 judicium
2803 1564 3203 1645 particulare

559 1671 1029 1751 promulgetur;
1075 1672 1139 1737 3.
1175 1676 1248 1733 ut
1279 1671 1590 1744 homines
1624 1678 1944 1752 quatenus
1976 1670 2273 1735 membra
2306 1679 2457 1735 sunt
2489 1671 2815 1737 societatis
2845 1671 3206 1745 humanae,

560 1796 835 1859 quorum
858 1784 1042 1841 actus
1063 1796 1257 1858 saepe
1290 1796 1404 1858 per
1436 1778 1654 1842 secula
1686 1781 1751 1840 in
1787 1778 2063 1841 aliorum
2099 1778 2418 1842 cedebant
2452 1779 2864 1842 commodum
2883 1778 2985 1841 vel
3007 1778 3197 1840 darn-

558 1903 731 1959 num,
781 1883 1032 1965 publice
1083 1883 1538 1966 dijudicentur3
1592 1890 1662 1948 ut
1710 1885 1776 1952 4.
1829 1883 2221 1949 lucidissime
2272 1892 2586 1966 appareat
2617 1884 2731 1950 Dei
2778 1885 2843 1949 in
2892 1884 3201 1949 omnibus

561 1991 879 2081 sapientia
910 1997 974 2054 et
997 1991 1279 2071 justitia:
1314 1996 1378 2055 et
1410 1992 1558 2054 hinc
1577 1991 1780 2072 iniqui
1803 1989 2145 2054 hominum
2158 1991 2403 2072 judicia
2435 1992 2865 2073 corrigantur;
2900 1999 2972 2055 ut
3005 1994 3071 2059 5.
3108 1991 3200 2055 ab

561 2096 859 2161 omnibus
890 2098 1201 2162 creaturis
1246 2099 1499 2163 ratione
1547 2097 1853 2180 praeditis
1900 2098 1952 2161 J.
1988 2096 2244 2161 Christo
2292 2098 2580 2163 solemne
2623 2105 2688 2162 et
2719 2099 3044 2181 publicum
3079 2099 3197 2164 de-

561 2203 804 2268 feratur
835 2204 1235 2286 obsequium.

742 2333 999 2391 Tertiam
1032 2334 1319 2392 rationem
1367 2334 1452 2391 ita
1495 2334 1794 2409 praeclare
1841 2334 2063 2393 evolvit
2113 2354 2155 2396 s,
2202 2336 2524 2393 Thomas
2575 2345 2630 2397 3.
2677 2355 2734 2410 p.
2780 2354 2836 2409 q.
2886 2344 2963 2397 59
3014 2354 3067 2392 a.
3122 2346 3196 2396 5:

565 2461 591 2490 ,
610 2421 939 2492 Sciendum,
988 2424 1147 2497 quod
1179 2423 1318 2481 licet
1348 2442 1454 2498 per
1486 2427 1737 2481 mortem
1771 2423 1895 2481 vita
1926 2422 2179 2481 hominis
2212 2424 2560 2499 temporalis
2593 2424 2949 2482 terminetur
2979 2441 3189 2482 secun-

563 2511 703 2569 dum
751 2530 830 2581 se,
877 2515 1145 2570 remanet
1189 2515 1387 2570 tamen
1433 2530 1502 2570 ex
1548 2511 1771 2570 futuris
1804 2510 2132 2570 secundum
2165 2512 2312 2587 quid
2346 2512 2701 2588 dependens
2770 2512 2899 2571 Uno
2946 2512 3191 2587 quidem

561 2600 752 2670 mod0,
787 2600 1114 2659 secundum
1145 2600 1303 2676 quod
1334 2601 1528 2659 adhuc
1560 2600 1710 2659 vivit
1740 2600 1807 2659 in
1844 2601 2138 2659 memoriis
2170 2602 2496 2671 hominum,
2546 2601 2609 2659 in
2655 2601 2875 2676 quibus
2920 2601 3188 2676 quando-

563 2708 678 2764 que
711 2696 916 2749 contra
947 2690 1260 2749 veritatem
1290 2694 1560 2749 remanet
1590 2692 1779 2749 bonae
1813 2690 2000 2749 famae
2034 2691 2131 2749 vel
2164 2692 2369 2754 malae.
2417 2692 2550 2750 Alio
2582 2691 2757 2751 modo
2790 2691 2851 2749 in
2883 2691 3049 2764 filiis,
3083 2692 3181 2767 qui

563 2784 708 2837 sunt
751 2779 921 2854 quasi
968 2779 1194 2854 aliquid
1244 2780 1452 2855 patris,
1501 2780 1827 2838 secundum
1862 2780 2015 2837 illud
2049 2775 2256 2860 (Eccli.
2294 2791 2394 2850 30,
2433 2776 2532 2863 4):
2581 2780 2851 2839 Mortuus
2893 2789 2975 2838 est
3021 2788 3191 2856 pater

561 2870 701 2943 (με,
738 2876 788 2925 et
817 2871 986 2944 quasi
1017 2887 1128 2927 non
1161 2876 1240 2926 est
1268 2876 1553 2944 mortuae,
1589 2870 1836 2926 similem
1857 2871 2008 2927 enim
2027 2870 2257 2945 reliquit
2289 2869 2400 2928 sibi
2421 2877 2557 2943 post
2588 2890 2681 2944 se;
2713 2872 2775 2928 et
2804 2873 3006 2929 tamen
3026 2869 3184 2927 mul-

560 2963 760 3015 torum
792 2958 1084 3015 bonorum
1117 2961 1261 3015 sunt
1291 2958 1434 3016 mali
1465 2957 1573 3015 filii
1606 2963 1667 3016 et
1698 2977 1729 3016 e
1768 2958 2079 3021 contrario,
2145 2959 2344 3017 Tertio
2376 2960 2552 3018 modo
2585 2963 2878 3033 quantum
2908 2959 2983 3017 ad
3015 2959 3189 3017 effec-

560 3051 691 3103 tum
724 3064 970 3104 suorum
1001 3065 1277 3122 operum;
1313 3047 1469 3105 sicut
1500 3066 1569 3106 ex
1603 3047 1947 3122 deceptione
1978 3046 2109 3105 Arii
2143 3050 2206 3105 et
2236 3048 2493 3106 aliorum
2514 3048 2896 3107 seductorum
2928 3047 3193 3123 pullulat

561 3135 879 3193 infidelitas
913 3153 1106 3210 usque
1138 3136 1210 3193 ad
1245 3135 1418 3194 finem
1440 3135 1680 3204 mundi;
1715 3139 1777 3193 et
1809 3154 2001 3214 usque
2032 3138 2180 3194 tunc
2210 3137 2443 3211 proficit
2474 3137 2618 3194 fides
2650 3155 2718 3195 ex
2750 3136 3186 3212 praedicatione

561 3224 982 3299 apostolorum.
1049 3223 1271 3292 Quarto
1318 3225 1491 3283 modo
1537 3229 1834 3299 quantum
1879 3224 1950 3282 ad
1997 3243 2231 3299 corpus»,
2278 3224 2440 3300 quod
2478 3224 2835 3300 quandoque
2866 3225 3193 3283 honorifice

560 3312 822 3370 traditur
854 3313 1211 3387 sepulturae,
1246 3316 1599 3389 quandoque
1631 3332 1771 3372 vero
1801 3313 2166 3388 relinquitur
2196 3314 2567 3389 insepultum
2598 3317 2659 3372 et
2689 3313 2931 3372 tandem
2962 3314 3188 3372 incine-

559 3405 758 3459 ratum
790 3401 1125 3460 resolvitur.
1196 3401 1418 3470 Quinto
1452 3403 1626 3462 modo
1659 3406 1953 3478 quantum
1986 3403 2058 3460 ad
2107 3422 2191 3471 ea,
2241 3402 2303 3460 in
2349 3403 2571 3477 quibus
2605 3403 2777 3461 homo
2809 3421 2985 3461 suum
3018 3403 3191 3461 affec-

560 3495 692 3547 tum
725 3489 942 3561 defixit,
976 3493 1122 3565 puta
1154 3490 1217 3549 in
1249 3491 1707 3566 quibuscunque
1726 3491 2157 3566 temporalibus
2190 3493 2388 3562 rebuS,
2424 3511 2677 3567 quarum
2698 3491 2987 3567 quaedam
3009 3491 3193 3550 citius

562 3579 873 3649 finiuntur,
909 3580 1195 3655 quaedam
1229 3579 1459 3638 diutius
1493 3582 1729 3640 durant.
1773 3580 1947 3639 Omni
1981 3583 2180 3639 autem
2215 3581 2357 3639 haec
2388 3580 2732 3639 subduntur
2765 3580 3192 3639 existimationi

560 3667 766 3744 judicii
787 3668 992 3727 divini.
1039 3669 1116 3726 Et
1135 3669 1267 3727 ideo
1288 3669 1359 3728 de
1381 3669 1472 3728 his
1493 3669 1769 3728 omnibus
1792 3670 2120 3745 perfectum
2156 3673 2217 3728 et
2248 3669 2627 3729 manifestum
2653 3669 2953 3744 judicium
2986 3671 3192 3729 haberi

561 3775 681 3815 non
726 3761 939 3832 potest,
989 3758 1276 3833 quamdiu
1321 3758 1503 3833 hujus
1549 3759 1834 3834 temporis
1879 3776 2090 3818 cursus
2125 3759 2318 3821 durat.
2385 3759 2463 3816 Et
2506 3763 2750 3836 propter
2798 3760 2906 3818 hoc
2950 3762 3197 3833 oportet

562 3865 685 3905 esse
717 3845 893 3904 finale
925 3846 1209 3918 iudicium
1244 3847 1305 3903 in
1337 3847 1660 3906 novissimo
1694 3848 1805 3916 die,
1839 3847 1903 3904 in
1936 3866 2053 3923 quo
2084 3847 2343 3923 perfecte
2375 3848 2453 3918 id,
2488 3848 2648 3922 quod
2681 3847 2754 3906 ad
2786 3867 3189 3922 unumquem-

561 3954 678 4010 que
709 3935 1006 3992 hominem
1040 3936 1304 4010 pertinet
1337 3954 1695 4011 quocunque
1725 3936 1919 4007 mod0‚
1955 3936 2212 4012 perfecte
2244 3940 2305 3995 et
2336 3937 2647 3996 manifeste
2670 3936 3038 4013 judicetu1·.‘
3111 3937 3194 3995 Cf.

562 4025 740 4082 etiam
772 4024 836 4080 in
872 4032 928 4084 4.
961 4031 1014 4081 d.
1051 4036 1128 4086 47
1168 4044 1222 4099 q.
1266 4036 1286 4085 1
1330 4045 1379 4083 a.
1418 4035 1473 4092 2,
1507 4024 1614 4082 ubi
1649 4043 1695 4086 S.
1728 4026 1933 4085 doctor
1965 4026 2240 4100 explicat,
2287 4044 2405 4100 quo
2439 4045 2621 4084 sensu
2653 4026 2756 4083 alii
2785 4043 2920 4084 cum
2954 4025 3193 4084 Christo

563 4113 686 4171 sint
708 4112 1065 4188 judicaturi;
1101 4114 1605 4189 Augustinus
1641 4114 1712 4171 de
1745 4113 1854 4176 civ.
1888 4114 1997 4172 Dei
2029 4114 2148 4184 XX,
2188 4123 2256 4184 23
2292 4114 2679 4191 Stentrup
2711 4116 2796 4173 th.
2836 4123 2979 4177 148.

747 4247 889 4298 714.
919 4237 1085 4294 Inter
1115 4237 1515 4312 quaestiones,
1565 4257 1715 4313 quae
1746 4238 2048 4296 occasione
2074 4237 2294 4314 judicii
2325 4238 2683 4297 universalis
2715 4241 3049 4308 moventur,
3097 4240 3195 4295 est-

561 4326 738 4384 etiam
774 4326 889 4394 illa,
936 4344 1114 4400 quam
1147 4325 1291 4384 Rob.
1323 4327 1604 4384 Pullus
1637 4329 1893 4389 sentent.
1926 4327 1963 4385 1.
2003 4337 2037 4390 8
2073 4345 2121 4385 c.
2159 4336 2237 4389 27
2274 4328 2359 4385 ita
2390 4328 2699 4403 proponit:
2749 4327 3007 4396 ,Utrum
3039 4345 3189 4402 quo-

563 4432 698 4471 rum
729 4416 887 4472 tecta
917 4417 1059 4472 sunt
1087 4417 1327 4490 peccata
1358 4434 1466 4490 per
1494 4416 1942 4492 poenitentiam,
1990 4420 2052 4474 et
2082 4434 2336 4490 quorum
2371 4416 2528 4474 bona
2560 4435 2737 4492 opera
2765 4415 2933 4473 finali
2962 4416 3196 4474 malitia

563 4502 994 4572 decolorantur,
1029 4503 1090 4560 in
1113 4503 1340 4576 judicio
1362 4504 1619 4563 debeant
1651 4504 1764 4562 sub
1799 4504 2060 4574 silentio,
2093 4505 2250 4563 sicut
2269 4505 2531 4563 caritura
2549 4504 2831 4575 mercede,
2864 4504 3187 4562 reticeriP‘

562 4592 640 4648 Et
669 4590 1018 4666 respondet:
1067 4592 1318 4660 ,Potest
1348 4593 1562 4668 utique
1594 4596 1752 4652 recte
1785 4593 1974 4652 videri
2007 4594 2151 4652 vitia
2181 4596 2539 4664 sanctorum,
2574 4593 2755 4651 etiam
2786 4593 3194 4651 satisfactione

564 4680 775 4750 deleta,
823 4682 884 4737 et
914 4678 988 4736 ab
1021 4679 1181 4754 ipsis,
1231 4682 1452 4756 quibus
1484 4686 1631 4742 tunc
1663 4682 1882 4741 oblivio
1915 4682 2158 4742 minime
2189 4682 2429 4741 videtur
2460 4685 2809 4758 competere,
2843 4682 3193 4741 memoriter

559 4769 887 4838 recolenda,
921 4771 981 4826 et
1012 4768 1085 4826 ab
1119 4769 1270 4840 aliis,
1306 4771 1526 4843 quibus
1559 4776 1707 4830 tunc
1738 4790 1861 4831 non
1896 4791 2013 4842 ora,
2063 4772 2164 4830 sed
2199 4772 2556 4830 conscientia
2588 4771 2851 4831 omnium
2884 4771 3188 4846 loquatur,
