3538 5364
1397 249 1469 302 ad
1495 252 1657 305 actus
1683 249 1977 303 salutares.
2900 258 2984 320 27

356 426 452 501 ΙΙΙ,
488 432 651 495 147:
712 428 883 503 ,Res
916 428 1235 493 inferioris
1267 434 1538 492 naturae
1569 429 1635 492 in
1666 427 1747 505 id,
1782 428 1957 510 quod
1990 434 2090 492 est
2120 428 2449 510 proprium
2484 431 2831 511 superioris
2862 449 2982 494 na-

362 543 566 613 turae,
596 554 735 600 non
763 542 984 618 potest
1013 537 1275 618 perduci
1307 536 1434 600 nisi
1463 536 1704 602 virtute
1734 536 1905 601 illius
1938 536 2286 617 superioris
2307 542 2596 611 naturae,
2620 537 2790 600 sicut
2807 537 2982 614 luna,

362 660 530 725 quae
564 661 647 707 ex
680 662 751 708 se
782 662 915 708 non
945 642 1133 720 lucet,
1164 643 1234 707 fit
1251 644 1465 708 lucida
1495 645 1728 709 virtute
1762 650 1828 708 et
1858 644 2113 709 actione
2144 644 2329 716 solis;
2364 650 2427 708 et
2459 660 2645 726 aqua,
2677 662 2842 726 quae
2862 663 2981 726 per

364 770 434 815 se
465 768 600 813 non
632 750 819 827 calet,
849 749 919 816 fit
951 749 1161 815 calida
1191 751 1431 814 virtute
1463 757 1527 817 et
1559 751 1812 815 actione
1853 750 2034 831 ignis.
2096 749 2330 816 Videre
2365 757 2581 815 autem
2614 751 2820 832 ipsam
2852 752 2984 832 pri-

365 875 539 920 mam
572 857 918 922 veritatem
949 857 1012 920 in
1047 857 1264 940 seipsa
1311 856 1401 920 ita
1456 856 1850 922 transcendit
1900 854 2269 920 facultatem
2321 856 2646 921 humanae
2692 866 2986 931 naturae,

367 964 540 1047 quod
573 971 674 1029 est
703 964 1035 1046 proprium
1067 964 1267 1028 solius
1299 962 1413 1028 Dei
1445 1014 1459 1026 .
1493 1013 1505 1026 .
1539 1013 1553 1027 .
1586 962 1828 1044 Indiget
1875 962 2064 1044 igitur
2110 963 2308 1027 homo
2360 962 2598 1027 auxilio
2650 963 2864 1027 divino
2897 964 2982 1028 ad

364 1072 488 1135 hoc
521 1071 698 1153 quod
726 1072 793 1134 in
825 1071 1066 1134 dictum
1097 1069 1288 1134 finem
1307 1070 1696 1151 perveniat.⁴1
1734 1108 1824 1120 --
1855 1068 2001 1133 Non
2030 1069 2360 1134 dissimilis
2390 1070 2562 1135 ratio
2599 1070 2853 1134 videtur
2886 1072 2981 1133 in-

366 1178 474 1242 nui
505 1176 836 1243 Ecclesiae
869 1177 1158 1241 oratione
1190 1176 1550 1242 dominicae
1581 1175 1791 1240 XVIII.
1813 1182 1961 1258 post
1980 1175 2443 1242 Pentecosten:
2485 1176 2768 1256 ,Dirigat
2789 1176 2988 1240 corda

366 1291 613 1359 nostra,
647 1302 1058 1367 quaesumus,
1092 1283 1379 1359 Domine,
1432 1289 1582 1349 tuae
1627 1281 2061 1347 miserationis
2096 1284 2408 1365 operati0,
2442 1286 2590 1367 quia
2624 1283 2737 1346 tibi
2766 1285 2897 1346 sine
2930 1290 2987 1345 te

367 1392 623 1474 placere
654 1410 786 1456 non
816 1404 1218 1473 possumus·
1259 1389 1436 1456 Sicut
1467 1392 1597 1455 scil.
1632 1389 1844 1455 solum
1875 1389 2163 1456 Verbum
2195 1408 2349 1455 caro
2381 1388 2626 1453 factum
2657 1389 2793 1453 Deo
2827 1406 2984 1453 con-

370 1498 556 1579 digne
585 1497 797 1579 potuit
828 1497 1229 1574 satisfacere3
1264 1498 1432 1563 sicut
1460 1498 1616 1563 illud
1647 1504 1902 1562 tantum
1932 1495 2316 1561 sacrificium
2336 1496 2472 1561 Deo
2491 1502 2744 1577 gratum
2778 1503 2842 1561 et
2873 1513 2986 1559 ac·

371 1612 627 1687 ceptum
660 1610 777 1679 est,
812 1605 877 1668 in
909 1624 1036 1687 quo
1068 1624 1140 1669 se
1161 1605 1349 1670 offert
1364 1606 1503 1687 ipse
1522 1604 1933 1686 Unigenitus:
1965 1604 2058 1668 ita
2088 1603 2152 1667 in
2172 1603 2497 1685 praesenti
2518 1621 2738 1667 rerum
2759 1602 2987 1667 ordine

370 1718 553 1774 actus
586 1717 836 1774 tantum
869 1711 956 1775 illi
989 1710 1121 1776 Deo
1153 1719 1303 1775 sunt
1335 1711 1499 1792 grati
1530 1718 1595 1775 et
1626 1712 1887 1792 accepti,
1921 1729 2192 1793 quorum
2226 1710 2363 1792 ipse
2393 1716 2491 1775 est
2509 1711 2806 1792 princeps
2829 1729 2985 1772 auc-

368 1824 472 1880 tor
502 1836 623 1898 per
656 1818 940 1898 gratiam.

545 1946 713 2006 Unde
744 1956 1017 2007 auctor
1046 1948 1119 2007 de
1151 1967 1275 2008 voc.
1306 1951 1570 2009 omnium
1601 1954 1761 2028 gent.
1791 1951 1838 2021 Ι,
1875 1960 1909 2012 6
1944 1968 2003 2008 n.
2027 1960 2095 2013 9:
2134 1949 2335 2018 ,Deus
2367 1948 2477 2007 hoc
2506 1950 2665 2007 amat
2694 1947 2760 2006 in
2790 1949 2983 2019 noma,

366 2037 528 2113 quod
548 2039 680 2113 ipse
699 2037 832 2096 fecii
856 2059 869 2096 :
902 2041 963 2096 et
994 2037 1101 2097 hoc
1133 2038 1276 2108 odit,
1309 2040 1471 2114 quod
1490 2039 1617 2114 ipse
1636 2057 1757 2098 non
1777 2039 1934 2103 fecit.
1951 2047 1977 2076 ‘
2001 2073 2086 2082 -—
2108 2039 2184 2097 Et
2215 2057 2305 2096 au
2323 2056 2352 2097 c
2370 2043 2397 2096 t
2411 2057 2445 2096 o
2462 2057 2494 2096 r
2523 2058 2612 2114 ep.
2634 2038 2707 2096 ad
2728 2038 2985 2097 Demetr.

366 2145 411 2185 c.
452 2138 564 2190 17:
603 2126 910 2204 ,Dignum
940 2127 1163 2204 quippe
1183 2132 1301 2198 est,
1334 2132 1405 2186 ut
1434 2128 1628 2205 imago
1649 2129 1756 2188 Dei
1788 2124 1912 2210 (de)
1946 2128 2068 2186 Deo
2101 2127 2426 2205 splendeat,
2458 2129 2520 2185 et
2550 2126 2686 2186 inde
2719 2127 2983 2205 pulchra,

365 2215 502 2274 inde
537 2216 622 2273 sit
651 2219 900 2292 compta,
934 2216 1166 2275 dicens:
1202 2217 1507 2294 Siqnatum
1538 2225 1618 2276 est
1648 2236 1826 2294 super
1854 2236 1958 2276 nos
1989 2218 2179 2275 lumen
2211 2218 2401 2275 vultus
2431 2219 2538 2292 tui,
2578 2211 2828 2275 Domine
2860 2216 2981 2295 (Ps.

370 2314 425 2373 4,
463 2301 549 2385 7).
606 2303 893 2380 Alioquin
922 2305 1192 2364 adultera
1222 2311 1315 2364 est
1345 2310 1407 2366 et
1438 2326 1472 2364 a
1503 2306 1704 2365 divino
1736 2306 1928 2364 aliena
1957 2306 2252 2382 conjugi0‚
2288 2306 2340 2364 si
2371 2305 2619 2363 alterius
2653 2305 2983 2381 cujuspiam

366 2393 640 2452 decorem
670 2393 733 2451 in
764 2395 1005 2469 speculo
1037 2395 1124 2453 sui
1157 2395 1349 2455 cordis
1397 2399 1674 2467 ostentat,
1707 2400 1813 2455 aut
1843 2395 1986 2453 ullis
2017 2392 2152 2454 aliis
2181 2393 2503 2453 monilibus
2536 2394 2859 2470 acquiescit
2889 2413 2982 2453 or·

366 2483 495 2540 nari
540 2483 661 2541 nisi
705 2483 847 2553 illis,
895 2502 1046 2557 quae
1089 2484 1163 2542 de
1206 2484 1504 2544 thesauris
1554 2485 1760 2560 sponsi
1805 2504 1912 2561 per
1956 2503 2001 2544 s.
2036 2483 2295 2559 Spiritus
2327 2482 2547 2559 pignus
2580 2484 2863 2559 accepia«
2902 2516 2982 2526 —-·

371 2571 625 2639 ,Sordet
654 2572 833 2642 enim,
866 2572 1067 2648 inquit
1098 2574 1430 2649 Prosper
1460 2594 1549 2651 ep.
1577 2585 1607 2636 7
1645 2575 1717 2634 ad
1738 2574 1888 2645 Rus„
1922 2577 2139 2632 natura
2170 2573 2301 2633 sine
2332 2572 2585 2649 gratia«
2622 2572 2702 2631 Cf.
2724 2573 2795 2633 de
2827 2572 2986 2631 thesi

369 2660 654 2737 epistolae
684 2661 1185 2738 praeclarissimae
1217 2681 1375 2724 conc.
1408 2663 2049 2743 carthaginensis
2091 2664 2154 2722 et
2192 2661 2648 2720 milevitani
2703 2664 2765 2720 et
2809 2662 2984 2737 quin·

362 2769 478 2826 que
510 2752 929 2827 episcoporum
961 2751 1034 2810 ad
1065 2750 1483 2812 Innocentium
1514 2754 1558 2816 Ι.
1591 2772 1724 2812 cum
1757 2752 1940 2829 hujus
1974 2753 2305 2828 responsis3
2343 2769 2574 2810 necnon
2606 2770 2696 2827 ep.
2730 2751 2819 2809 Co
2840 2751 2983 2809 ele-

362 2839 566 2898 stini
610 2848 685 2902 21
738 2840 811 2897 ad
855 2840 1034 2916 episc.
1068 2841 1310 2913 Galliae,
1361 2860 1508 2917 quas
1555 2843 1735 2902 habes
1767 2861 1963 2918 opusc.
1996 2844 2038 2900 t.
2072 2840 2296 2911 XV1113
2347 2841 2739 2899 Scheeben
2771 2836 2803 2905 ἓ
2847 2849 2983 2902 165.

370 2939 511 2991 166.
549 2938 710 3000 292;
742 2929 1116 2989 Palmieri
1144 2929 1221 2989 de
1252 2930 1445 3007 gratia
1476 2949 1522 2989 c.
1560 2941 1594 2993 2
1630 2951 1679 2990 a.
1718 2940 1774 2994 2.

543 3062 647 3125 32·
679 3057 933 3125 ThGSlS
968 3058 1312 3126 CLXXV·
1398 3080 1512 3136 Aa
1542 3082 1939 3147 pleniorem
1976 3081 2328 3146 docmati-s
2365 3079 2692 3134 catholici
2730 3081 2815 3135 de
2853 3093 2988 3133 ne-

359 3170 680 3222 cessitate
729 3171 1007 3234 oratiae
1058 3174 1158 3227 ad
1205 3185 1444 3226 omnes
1493 3176 1692 3225 actus
1734 3172 2089 3226 salutares
2126 3170 2688 3225 declarationem
2724 3172 2987 3223 statui-

357 3275 525 3315 mus
559 3259 620 3313 1.
658 3264 873 3318 etiam
908 3264 1004 3317 ad
1038 3263 1407 3316 initium
1438 3263 1609 3326 fidel
1645 3264 2119 3317 necessariam
2161 3275 2306 3315 esse
2345 3261 2681 3326 qratiam.

546 3365 982 3433 Declaratio.
1028 3371 1312 3447 Dogmate
1332 3371 1615 3431 catholico
1648 3371 1721 3431 de
1752 3370 1982 3446 gratiae
2013 3371 2085 3429 ad
2119 3373 2286 3428 actus
2310 3370 2600 3428 salutares
2632 3369 2984 3427 necessitate

360 3459 427 3518 in
468 3477 756 3535 genere
801 3460 1198 3535 comprobate,
1251 3460 1325 3518 ad
1374 3461 1797 3519 accuratiorem
1841 3459 2107 3535 ejusdem
2152 3458 2585 3533 expositionem
2625 3458 2983 3516 accedamus

363 3547 500 3606 Jam
532 3549 758 3624 primae
796 3549 1145 3624 quaestioni,
1192 3549 1387 3624 quoad
1431 3567 1626 3624 usque
1672 3569 1735 3608 se
1780 3547 2059 3608 extendat
2103 3548 2243 3606 haec
2287 3549 2631 3617 necessitas,
2682 3547 2788 3605 hac
2833 3547 2986 3608 thesi

363 3636 813 3712 respondemus.
879 3637 963 3695 Ea
993 3641 1193 3696 autem
1225 3641 1319 3696 est
1350 3638 1420 3696 de
1452 3637 1582 3708 fide,
1632 3644 1703 3697 ut
1748 3641 1915 3713 patet
1945 3656 2014 3695 ex
2047 3636 2304 3712 singulis
2337 3637 2457 3694 sere
2490 3634 2815 3694 canonibus
2849 3653 2986 3692 con-

363 3725 487 3783 cilii
533 3725 988 3785 arausicani
1033 3726 1109 3788 11.
1156 3745 1205 3789 a.
1256 3736 1401 3797 529,
1451 3727 1675 3801 quibus
1708 3726 2319 3803 semipelagianismus
2352 3725 2464 3784 sub
2499 3724 2767 3800 qualibet
2798 3723 2987 3782 forma

361 3814 698 3873 damnatur.
764 3815 993 3874 Horum
1028 3826 1082 3878 5.
1114 3815 1200 3874 ita
1231 3818 1433 3874 sonat:
1476 3816 1580 3883 ,Si
1612 3816 1750 3892 quis
1786 3816 1943 3875 sicut
1973 3818 2380 3891 augmentum,
2416 3815 2499 3872 ita
2530 3814 2711 3871 etiam
2740 3812 2984 3871 initium

361 3902 500 3962 fidei
532 3903 852 3980 ipsumque
882 3904 1253 3963 credulitatis
1285 3906 1560 3963 affectum
1592 3952 1606 3967 .
1641 3953 1654 3966 .
1688 3953 1702 3966 .
1734 3923 1858 3962 non
1893 3922 1999 3980 per
2029 3903 2254 3979 gratiae
2286 3903 2527 3971 donum,
2565 3903 2610 3961 i.
2657 3921 2705 3960 e.
2749 3921 2855 3977 per
2890 3901 2985 3960 in-

360 3992 750 4067 spirationem
783 3993 1041 4069 Spiritus
1072 3993 1262 4052 sancti
1294 3993 2095 4069 corrigentem.voluntatem
2128 3996 2392 4050 nostram
2424 3993 2497 4050 ab
2530 3991 2881 4049 infidelitate
2911 3990 2984 4049 ad

362 4080 558 4150 fidem,
591 4081 666 4140 ab
700 4082 1005 4158 impietate
1034 4082 1110 4140 ad
1139 4083 1439 4159 pietatem,
1485 4082 1589 4140 sed
1620 4082 1980 4141 naturaliter
2010 4080 2181 4139 nobis
2213 4081 2407 4139 inesse
2439 4079 2601 4150 dicit,
2645 4079 2984 4155 apostolicis

360 4169 747 4245 dogmatibus
779 4171 1149 4230 adversarius
1170 4172 1590 4248 approbatur.‘
1642 4173 1942 4229 Statuitur
1972 4174 2172 4229 autem
2204 4173 2411 4228 contra
2442 4189 2514 4228 se
2532 4169 2901 4245 mipelagi
2922 4189 2982 4227 a·

360 4278 403 4316 n
420 4277 529 4330 os,
576 4259 682 4334 qui
727 4260 1123 4319 concedebant
1166 4260 1424 4336 quidem,
1473 4260 1727 4337 gratiam
1760 4260 2149 4320 necessariam
2185 4277 2311 4317 esse
2357 4258 2431 4318 ad
2478 4277 2656 4335 opera
2686 4258 2984 4327 salutaria,

363 4366 487 4406 non
517 4351 720 4406 tamen
750 4348 824 4406 ad
856 4350 1047 4425 prima
1077 4348 1345 4427 germina
1377 4350 1608 4419 salutiS,
1640 4350 1711 4408 ad
1743 4348 2072 4408 initium
2106 4347 2243 4407 fidei
2261 4343 2338 4430 ¹)
2324 4369 2337 4382 ·
2372 4352 2579 4406 contra
2612 4346 2983 4405 Abaelar·

587 4561 623 4626 ¹)
651 4553 1011 4609 Dissentiunt
1049 4553 1282 4646 quidem
1323 4552 1578 4624 theologi
1618 4553 1907 4617 nonnihil,
1949 4570 2080 4607 cum
2118 4531 2381 4607 accurate
2423 4551 2657 4606 definire
2698 4551 2982 4612 nituntur,

366 4617 503 4702 quid
532 4633 760 4706 proprie
790 4633 1019 4688 nomine
1059 4634 1128 4689 in
1147 4634 1168 4688 i
1181 4635 1238 4688 t
1222 4653 1242 4689 ι
1259 4635 1279 4687 i
1319 4634 1451 4688 fidei
1477 4634 1872 4703 intelligerent
1908 4652 1931 4687 s
1948 4650 1978 4687 e
1996 4651 2052 4686 m
2070 4632 2090 4686 i
2093 4653 2142 4724 p
2159 4634 2219 4687 el
2235 4651 2268 4686 a.
2283 4653 2322 4703 g
2339 4635 2358 4687 i
2375 4650 2409 4687 a
2425 4651 2461 4685 n
2480 4632 2501 4687 i
2541 4633 2661 4703 (qui
2691 4632 2863 4686 etiam
2891 4650 2918 4685 r
2934 4649 2983 4684 e·

366 4714 473 4783 liq
489 4734 527 4769 u
547 4715 668 4768 iae
696 4714 1147 4786 pelagianorum,
1178 4715 1270 4769 vel
1295 4716 1370 4769 ab
1397 4715 1554 4778 urbe,
1581 4713 1643 4769 in
1670 4732 1785 4782 qua
1811 4713 2110 4785 praecipui
2137 4714 2311 4783 hujus
2339 4712 2545 4770 erroris
2567 4713 2816 4766 fautores
2837 4727 2980 4765 com·
