3538 5364
1257 296 1334 349 De
1362 314 1430 350 ss.
1458 295 2156 370 eucharistiae-mysterio.
2879 305 3011 372 285

382 486 601 554 menta,
624 484 847 559 quibus
867 487 1128 542 utuntur
1145 482 1384 558 patroni
1404 486 1533 541 tum
1555 483 1798 558 primae,
1820 487 1949 542 tum
1967 483 2217 542 alterius
2239 484 2587 543 sententiae.
2610 519 2694 529 -
2717 484 2764 553 Q
2778 504 2821 543 u
2837 505 2870 543 a
2885 506 2915 544 r
2932 492 2955 543 t
2973 505 3004 543 a

382 572 686 631 sententia
716 575 922 631 contra
950 573 1159 631 tuetur
1189 591 1474 631 manuum
1506 556 2090 648 impositionem
2123 573 2247 631 scil.
2280 591 2426 642 eam,
2472 591 2624 648 quae
2654 574 2910 633 habetur
2942 575 3006 632 in

381 661 513 738 ipsa
555 661 909 720 inunctione
955 678 1061 720 seu
1106 679 1241 720 cum
1288 661 1787 732 inunctione,
1834 661 2139 720 materiam
2178 680 2309 720 esse
2340 662 2665 736 proximam
2696 663 3007 722 confirma-

383 750 582 809 tioniS.
648 749 809 819 Quae
841 749 1136 809 sententia
1164 748 1406 809 videtur
1444 749 1844 826 praeferenda,
1892 769 2026 809 cum
2072 769 2140 809 ea
2183 751 2575 810 concilientur
2619 756 3008 810 monumenta

382 839 781 915 antiquitatiS,
817 840 878 897 in
910 839 1133 915 quibus
1166 857 1374 898 revera
1405 839 1577 898 modo
1610 840 1810 916 hujus,
1846 840 2018 899 modo
2050 838 2217 898 illius
2250 843 2557 915 tamquam
2578 841 2736 900 ritus
2755 841 3006 900 maxime

381 928 630 1004 proprii,
665 947 786 1004 quo
817 929 925 988 boc
955 927 1405 987 administretur
1424 931 1873 999 sacramentum,
1906 928 1976 987 fit
2005 928 2247 988 mentio.
2296 927 2691 1004 Improbabile
2722 948 2861 990 vero
2894 936 3008 997 est,

382 1018 686 1093 duplicem
717 1036 846 1077 esse
878 1017 1183 1076 materiam
1215 1017 1588 1077 essentialem
1619 1022 1681 1076 et
1711 1017 2097 1093 adaequatam
2131 1019 2183 1093 ej
2194 1017 2399 1077 usdem
2433 1020 2801 1080 sacramenti.
2849 1020 3007 1096 Ergo

380 1106 499 1164 duo
531 1106 597 1165 hi
627 1107 786 1165 ritus
817 1126 999 1165 unam
1031 1106 1406 1165 constituunt
1436 1107 1740 1165 materiam
1774 1108 1957 1184 hujus
1978 1107 2330 1165 sacramenti
2350 1107 2754 1183 adaequatam.
2788 1107 3004 1177 Quam·

380 1196 584 1254 obrem
633 1196 825 1255 forma
868 1199 1048 1254 erunt
1092 1215 1159 1255 ea
1203 1195 1399 1266 verba,
1449 1214 1599 1271 quae
1644 1194 1978 1271 episcopus,
2027 1196 2170 1253 dum
2202 1196 2417 1272 pollice
2449 1215 2661 1255 manus
2694 1197 3009 1274 impositae

379 1284 628 1360 inungit
657 1286 918 1344 frontem
950 1284 1350 1356 confirmandi,
1383 1286 1753 1362 pronunciat.
1817 1285 1896 1343 ct.
1929 1284 2211 1343 Katbolik
2253 1295 2436 1348 1881.
2470 1286 2515 1355 I,
2553 1296 2670 1349 271
2713 1305 2789 1349 ss.

1448 1511 1758 1594 Sectio
1818 1517 1953 1594 111.

951 1663 1051 1716 De
1100 1662 1539 1717 sanctissimo
1588 1662 2043 1719 eucharistiae
2074 1664 2431 1730 mysterio.

563 1798 710 1863 325.
748 1795 846 1859 De
895 1794 1308 1859 eucharistiae
1343 1798 1765 1881 praestantia.
1799 1834 1886 1843 —
1928 1797 2108 1870 ,Jam
2154 1815 2324 1860 nunc
2372 1796 2453 1859 ad
2505 1797 2654 1860 illud
2702 1797 3005 1860 dominici

379 1906 673 1980 corporis
690 1907 790 1965 est
805 1903 1131 1983 sanguinis
1162 1910 1568 1968 transeamus
1601 1904 1970 1968 venerabile
2002 1910 2500 1980 sacramentum,
2537 1905 2709 1987 quod
2742 1904 3001 1987 quidem

381 2013 636 2072 tantum
669 2008 1068 2076 formidabile
1100 2018 1198 2076 est
1230 2013 1312 2075 ad
1344 2012 1751 2094 loquendum,
1799 2020 2111 2094 quantum
2161 2031 2293 2076 non
2327 2019 2671 2089 terrenum,
2704 2012 2818 2077 sed
2851 2031 3003 2077 coe-

380 2113 543 2180 leste
575 2123 675 2179 est
707 2118 1110 2200 mysterium3
1161 2138 1289 2182 non
1323 2119 1645 2183 humanae
1680 2119 2112 2183 aestimationi
2163 2119 2615 2201 comparabile,
2647 2118 2761 2183 sed
2794 2119 3001 2182 admi-

383 2221 616 2287 rabile:
650 2241 782 2286 non
814 2224 1285 2305 disputandum,
1319 2226 1432 2289 sed
1465 2225 1897 2290 metuendum.
1947 2224 2039 2289 De
2072 2243 2199 2308 quo
2234 2224 2420 2288 silero
2453 2226 2664 2305 potius
2697 2227 3002 2290 aestima-

381 2347 628 2405 veram,
661 2348 856 2411 quam
892 2331 1231 2397 temeraria
1264 2332 1694 2414 disputatione
1726 2332 1981 2412 indigne
2012 2331 2251 2413 aliquid
2283 2332 2577 2396 desinire:
2609 2333 2760 2414 quia
2790 2332 3002 2396 coele-

380 2436 497 2497 stis
529 2436 801 2500 altitudo
833 2439 1118 2519 mysterii
1136 2440 1325 2519 plane
1343 2457 1476 2502 non
1496 2440 1666 2503 valet
1688 2439 1897 2503 officio
1917 2439 2172 2519 linguae
2194 2438 2620 2519 corruptibilis
2642 2440 2876 2519 exponi
2890 2442 2955 2509 ί).
2970 2453 2993 2480 <²

381 2541 459 2606 Et
489 2561 720 2609 revera
767 2552 1318 2610 sacramentorum
1370 2547 1655 2610 omnium
1687 2546 2313 2628 praestantissimum
2365 2564 2507 2609 esse
2540 2545 2995 2609 eucharistiam

381 2668 575 2716 nemo
609 2651 1071 2717 catholicorum
1106 2653 1169 2717 in
1201 2652 1463 2718 dubium
1495 2653 1772 2719 vocabit.
1836 2651 2016 2733 Quae
2062 2652 2319 2735 quidem
2351 2652 2747 2734 praestantia
2779 2652 2992 2716 multi-

381 2757 528 2838 plici
561 2777 642 2822 ex
675 2760 885 2842 capite
916 2761 1272 2826 innotescit.

567 2885 628 2951 1.
665 2885 1009 2952 innotescit
1041 2905 1119 2951 ex
1151 2889 1482 2951 nominum
1517 2888 2068 2962 multitudine,
2103 2886 2334 2969 quibus
2368 2886 2490 2950 hoc
2523 2891 3000 2949 sacramentum

383 2991 774 3072 designatur,
806 3010 885 3057 ex
915 2994 1256 3075 splendore
1286 2995 1818 3076 praedicatorum,
1852 2994 2082 3076 quibus
2114 2992 2517 3068 describitur,
2550 3011 2664 3057 seu
2697 3010 2774 3055 ex
2797 3009 3001 3073 appa-

381 3103 529 3162 ratu
560 3100 1006 3177 rhetorico,
1040 3102 1146 3184 qui
1179 3103 1242 3164 in
1274 3102 1379 3165 illo
1415 3101 1736 3167 efferendo
1772 3101 2131 3167 adhibetur.

566 3229 693 3298 Quo
724 3230 885 3289 enim
915 3233 1312 3307 praestantior
1342 3236 1436 3292 est
1466 3233 1663 3308 aliqua
1694 3251 1807 3302 rea,
1843 3250 1961 3306 quo
1981 3233 2260 3307 majorem
2281 3230 2540 3288 includit
2559 3229 3000 3306 perfectionem,

383 3335 453 3375 eo
489 3319 679 3395 magis
711 3319 1164 3380 fundamentum
1196 3322 1440 3397 praebet
1469 3321 1913 3396 multiplicandi
1959 3320 2229 3388 nomina;
2277 3338 2345 3378 eo
2390 3320 2564 3394 plura
2608 3318 3007 3394 requiruntur

383 3407 716 3481 praedicata
747 3407 820 3466 ad
849 3409 1012 3467 illam
1042 3410 1366 3485 adaequate
1398 3411 1844 3470 describendam
1878 3411 1971 3469 vel
2003 3411 2208 3469 saltem
2242 3408 2726 3478 adumbrandam‚
2762 3407 2832 3465 ad
2868 3426 3000 3483 per·

386 3495 708 3555 sectionum
739 3496 997 3568 divitias,
1031 3517 1178 3575 quas
1208 3499 1640 3576 complectitur,
1671 3500 1861 3558 oculis
1894 3499 2061 3557 velut
2092 3497 2505 3574 subjiciendas.
2572 3497 2759 3572 Atqui
2792 3496 3003 3554 eucha-

385 3584 589 3644 ristiae
619 3590 1056 3646 sacramentum
1087 3588 1417 3647 innumeris
1450 3608 1484 3646 a
1515 3589 1784 3665 patribus
1817 3588 2168 3665 designatur
2198 3585 2559 3646 nominibus
2609 3585 2866 3644 Vocatur
2898 3585 3005 3643 hoc

387 3677 821 3733 sacramentum
851 3691 916 3738 a.
951 3696 984 3734 a
1014 3676 1156 3748 ritu,
1191 3677 1294 3753 qui
1328 3679 1389 3735 in
1412 3696 1478 3736 eo
1499 3678 1851 3736 celebrando
1872 3676 2189 3736 adhibetur
2218 3676 2331 3734 fra
2349 3674 2504 3734 ctio
2537 3674 2724 3749 paniS,
2759 3668 3010 3753 εὐλογία.

389 3761 683 3840 (quamvis
713 3764 824 3823 hoc
855 3766 1094 3825 nomine
1127 3767 1363 3843 saepius
1396 3766 1746 3843 designetur
1776 3767 1945 3842 panis
1978 3784 2047 3824 ex
2079 3765 2344 3824 fidelium
2370 3764 2666 3823 oblatione
2687 3762 3001 3839 sepositu5‚

388 3851 492 3926 qui
521 3852 982 3914 benedicebatur
1014 3859 1074 3915 et
1102 3873 1224 3914 non
1256 3855 1778 3915 communicaturis
1799 3854 2231 3914 communionis
2254 3854 2377 3912 vice
2408 3851 2678 3922 dabatur,
2714 3851 2828 3927 qui·
2851 3870 3003 3910 usus

387 3940 644 4000 invaluit
660 3961 696 4000 a
715 3960 828 4003 sec.
849 3943 945 4003 IV.
966 3945 1315 4020 praesertim
1335 3944 1493 4021 apud
1513 3963 1766 4022 graecos,
1802 3944 1873 4004 cf.
1894 3943 2265 4002 Kirchenlex.
2289 3943 2384 4012 IV,
2412 3952 2488 4006 87
2504 3937 2586 4022 9),
2622 3937 3003 4025 εὐχαριστίας

387 4026 459 4092 b.
493 4030 565 4088 ab
585 4030 989 4092 institutionis
1006 4036 1268 4110 tempore
1289 4034 1384 4093 vel
1402 4035 1704 4093 occasione
1722 4052 1944 4104 mensa,
1979 4051 2009 4092 c
2026 4052 2058 4092 o
2077 4053 2107 4090 e
2124 4052 2164 4091 n
2181 4053 2215 4091 a
2231 4076 2244 4102 ‚
2279 4050 2458 4090 coena
2477 4030 2789 4098 dominica,
2824 4047 3003 4088 coena

391 4118 640 4191 Domini,
673 4120 890 4196 pascha
919 4123 992 4183 N.
1026 4123 1120 4192 Τ.;
1155 4136 1216 4187 c.
1248 4142 1283 4181 a
1313 4142 1393 4194 re,
1429 4142 1606 4199 quam
1639 4123 1921 4192 continet,
1970 4139 2250 4196 corpus
2298 4124 2358 4178 et
2404 4139 2430 4178 s
2450 4119 2730 4197 anguis
2763 4118 3002 4188 Christi,

389 4219 604 4279 sancta,
638 4212 843 4268 sancta
873 4213 1229 4283 sanctorum,
1262 4212 1563 4287 mysteria,
1609 4211 2053 4270 sanctissimum
2087 4207 2601 4292 (Frohnleichnam
2634 4209 2672 4267 i.
2706 4227 2753 4266 e.
2787 4225 3003 4284 corpus

391 4291 678 4378 Domini);
727 4294 796 4363 d.
828 4319 862 4357 a
892 4301 1154 4371 materia,
1201 4320 1232 4359 e
1265 4320 1382 4376 qua
1413 4300 1740 4371 conficitur,
1788 4300 2017 4376 panis
2049 4298 2219 4362 Joan.
2256 4309 2312 4370 6,
2351 4308 2460 4366 52;
2520 4310 2569 4360 l.
2602 4299 2725 4357 Cor.
2772 4308 2862 4367 10,
2908 4307 3003 4366 16,

608 4548 642 4614 ¹)
669 4545 756 4598 Ita
782 4544 1073 4600 exorditur
1099 4545 1548 4616 disputationem
1578 4544 1647 4599 de
1675 4546 1782 4599 hoc
1810 4546 2161 4600 sacramento
2190 4543 2562 4616 Fulssbssertue
2582 4557 2735 4595 carn.
2763 4551 2809 4611 (j
2834 4545 2997 4600 1028)

388 4642 473 4695 ep.
503 4637 534 4680 5
560 4625 828 4697 (Migne
858 4632 976 4690 141,
1003 4631 1144 4696 201).
1191 4626 1362 4681 Porro
1403 4629 1519 4679 tam
1559 4624 1930 4696 magnificum
1971 4623 2269 4679 exordium
2295 4625 2463 4694 plane
2491 4624 2576 4676 est
2599 4621 2912 4676 ridiculum
2943 4623 3003 4671 et

388 4706 501 4760 fere
528 4706 765 4775 puerile,
792 4706 841 4759 si
860 4707 1139 4761 tenuisset
1166 4723 1361 4761 eorum
1383 4707 1569 4769 fldem,
1604 4705 1705 4775 qui
1728 4708 1942 4776 negant
1963 4705 2172 4760 realem
2193 4703 2406 4758 Christi
2426 4703 2487 4757 in
2508 4719 2574 4757 eo
2594 4700 2997 4773 praesentiam.

388 4786 467 4840 Cf.
497 4786 539 4838 P
555 4803 584 4841 e
603 4789 626 4838 t
642 4804 669 4839 r
687 4805 722 4840 u
741 4805 765 4839 s
797 4789 954 4841 blesa.
983 4786 1073 4839 Mi
1093 4806 1129 4856 g
1147 4806 1181 4839 n
1201 4804 1229 4841 e
1259 4797 1375 4848 τοῦ,
1405 4793 1508 4841 358
1527 4807 1538 4843 z
1569 4785 1697 4838 Bal
1715 4785 1749 4838 d
1769 4803 1805 4838 u
1823 4785 1844 4838 i
1863 4804 1898 4838 n
1917 4804 1952 4838 u
1972 4804 1997 4839 s
2024 4785 2092 4839 de
2121 4800 2258 4838 sacr.
2287 4783 2486 4837 altaris
2512 4782 2589 4837 ib.
2618 4788 2740 4845 204,
2769 4787 2891 4838 641.
