3538 5364
585 287 715 352 392
823 280 1008 334 Tract.
1037 279 1129 333 IX.
1158 279 1228 332 de
1256 277 1531 334 sacrificio
1558 277 1780 334 missae.
1805 278 2006 332 Thesis
2041 277 2355 333 CCXXXV.
2382 277 2585 333 Missae
2620 277 2961 333 sacrificium

584 468 745 537 haec,
791 466 1072 542 quoniam
1117 466 1280 541 prior
1322 463 1562 541 quidem
1608 465 1869 540 populus
1914 464 2172 524 cessabit
2202 463 2410 524 offerre
2442 464 2580 533 Deo,
2628 465 2787 525 omni
2831 467 3031 523 autem
3076 465 3202 523 1000

583 555 934 616 sacrificium
965 554 1245 614 offeretur
1275 554 1330 612 ei
1362 556 1423 611 et
1466 553 1577 612 hoc
1608 562 1870 629 purum‘
1905 556 2015 613 etc.
2048 587 2133 597 —
2164 553 2259 611 Ita
2289 553 2467 612 etiam
2499 555 2722 630 Augu
2742 553 3005 613 stinus
3037 556 3206 616 tract.

583 646 715 704 adv.
749 644 1003 720 judaeos
1033 663 1092 702 n.
1134 653 1242 707 13:
1291 644 1577 718 ,Aperite
1609 643 1810 702 oculos
1839 643 2081 701 tandem
2114 641 2436 718 aliquando
2483 642 2544 701 et
2589 641 2804 713 videte,
2854 642 2929 702 ab
2976 642 3204 701 oriente

586 736 710 793 sole
740 752 930 810 usque
961 733 1026 791 in
1058 733 1441 801 occidentem,
1490 750 1609 791 non
1639 732 1703 789 in
1733 750 1873 801 uno,
1922 731 2078 790 sicut
2107 731 2278 790 vobis
2310 731 2508 790 fuerat
2539 731 2956 803 constitutum,
3005 730 3108 789 sed
3141 732 3205 788 in

586 823 747 882 omni
778 824 909 881 loco
942 822 1140 881 offerri
1171 821 1522 880 sacrificium
1557 820 2033 896 christianorum,
2069 839 2188 880 non
2221 821 2471 879 cuilibet
2501 821 2639 891 De0‚
2687 820 2791 879 sed
2831 821 2903 891 ei,
2950 821 3054 896 qui
3086 821 3207 879 ista

585 912 895 988 praedixit,
930 911 1049 969 Deo
1080 912 1262 969 Israel
1292 959 1306 972 .
1344 956 1358 972 .
1389 957 1403 972 .
1435 927 1557 968 non
1589 910 1919 969 secundum
1938 911 2153 980 Aaron,
2188 909 2292 968 sed
2325 909 2653 969 secundum
2675 908 2944 968 ordinem
2963 909 3205 968 Melchi-

586 1000 858 1063 sedech.‘
924 1000 1010 1060 De
1042 999 1203 1062 civit.
1237 999 1342 1058 Dei
1374 999 1584 1069 XVIII,
1622 1007 1700 1061 35
1736 1018 1795 1057 0.
1833 1011 1888 1062 5.
1924 1031 2003 1040 —-
2039 1000 2131 1057 Ad
2163 999 2273 1057 hoc
2304 998 2651 1057 vaticinium
2683 998 2928 1074 respicit
2957 997 3206 1075 liturgia

586 1109 630 1149 3.
665 1089 947 1166 Cyrilli
980 1085 1404 1169 (Renaudot
1435 1088 1565 1147 coll.
1598 1088 1687 1146 lit.
1706 1088 1751 1158 Ι,
1790 1083 1932 1170 40);
1971 1087 2243 1157 ,Gratias
2261 1088 2496 1165 agimus
2517 1087 2714 1146 tibist
2744 1088 3048 1147 offerimus
3072 1087 3202 1156 tibi,

586 1180 763 1254 eique
795 1173 877 1259 (J.
909 1173 1162 1259 Christo)
1197 1177 1378 1235 simul
1409 1180 1471 1236 et
1503 1176 1758 1253 Spiritui
1792 1195 1855 1246 3.,
1889 1177 2168 1236 Trinitati
2199 1179 2452 1245 sanctae,
2487 1175 2987 1236 consubstantiali
3024 1181 3086 1235 et
3115 1176 3208 1234 in·

586 1268 826 1336 divisae,
858 1268 969 1326 1100
999 1266 1351 1325 sacrificium
1382 1265 1739 1324 rationabile
1769 1269 1833 1325 et
1862 1267 1972 1325 hoc
2002 1266 2403 1325 ministerium
2435 1264 2840 1338 incruentum,
2873 1265 3034 1341 quod
3066 1266 3209 1324 offe-

584 1359 731 1416 runt
760 1356 876 1415 tibi
908 1374 1110 1414 omnes
1144 1355 1354 1431 populi
1398 1355 1474 1413 ab
1518 1358 1658 1413 ortu
1703 1354 1847 1413 30113
1878 1374 2071 1431 1130110
2117 1356 2190 1414 ad
2230 1373 2522 1425 occasum,
2571 1374 2607 1413 a
2657 1354 3084 1430 septemtrione
3133 1354 3209 1413 ad

585 1449 878 1517 austrum,
921 1444 1068 1521 quia
1097 1463 1314 1503 nomen
1343 1448 1537 1515 tuum,
1568 1443 1835 1514 Domine,
1869 1464 2155 1522 magnum
2187 1446 2280 1503 est
2311 1446 2376 1502 in
2405 1444 2684 1504 omnibus
2704 1443 3020 1521 gentibus:
3052 1446 3116 1502 et
3142 1443 3210 1501 in

586 1535 747 1594 omni
779 1535 906 1594 1000
951 1535 1207 1593 offerunt
1251 1534 1560 1592 incensum
1599 1533 1826 1591 nomini
1871 1537 1978 1593 tuo
2025 1537 2226 1592 sancto
2272 1536 2335 1592 et
2377 1532 2725 1592 sacrificium
2773 1552 2994 1609 purum
3025 1532 3211 1591 simul

586 1643 718 1683 cum
750 1623 863 1682 hoc
893 1622 1176 1682 sacrificio
1208 1625 1269 1682 et
1299 1623 1404 1680 hac
1435 1621 1750 1681 oblatione.
1768 1629 1796 1659 ⁴¹
1818 1657 1905 1665 —
1926 1623 2157 1681 Citatur
2176 1623 2354 1682 etiam
2375 1623 2483 1682 hoc
2504 1620 2854 1681 vaticinium
2886 1639 2996 1699 pro
3028 1622 3208 1680 sacri-

586 1712 716 1771 ficio
748 1712 1138 1771 eucharistico
1169 1712 1233 1770 in
1265 1712 1530 1770 doctrina
1557 1721 1632 1773 12
1667 1713 2073 1787 apostolorum
2107 1730 2153 1770 0.
2195 1722 2270 1774 14
2305 1732 2363 1771 n.
2403 1724 2427 1774 1
2469 1713 2736 1770 recenter
2767 1713 3019 1786 reperta,
3054 1730 3206 1786 quae

587 1803 639 1860 si
671 1820 790 1861 non
821 1804 912 1860 est
943 1819 1056 1865 300.
1087 1802 1151 1871 Ῑ.,
1187 1801 1398 1859 saltem
1431 1803 1525 1858 est
1556 1800 1823 1859 ineuntis
1858 1819 1970 1860 300.
2004 1799 2077 1860 ΙΙ.

765 1919 1005 1986 Eadem
1055 1918 1253 1983 illatio
1303 1918 1720 1983 confirmatur
1768 1919 2116 1983 collatione
2165 1918 2461 1983 instituta
2511 1917 2677 1982 inter
2707 1916 3208 1983 celebrationem

587 2026 1017 2091 eucharistiae
1050 2031 1114 2089 et
1144 2026 1269 2089 hoc
1300 2025 1703 2099 vaticinium3
1739 2042 1818 2089 ex
1852 2043 1982 2108 qua
2002 2025 2331 2089 evidenter
2362 2026 2743 2100 innotescet,
2775 2023 3209 2089 celebratione

588 2132 1014 2196 eucharistiae
1046 2129 1383 2196 manifeste
1428 2130 1581 2194 illud
1616 2149 1759 2195 esse
1797 2130 2229 2211 adimpletum.
2292 2128 2458 2193 Nam
2489 2151 2554 2198 a.
2588 2129 2794 2194 cultus
2828 2130 3210 2194 eucharisti-

585 2256 700 2301 cus
732 2239 1041 2304 successit
1069 2237 1265 2301 cultui
1290 2237 1582 2319 judaico;
1640 2239 1708 2307 b.
1755 2236 2150 2301 eucharistia
2194 2235 2558 2302 celebratur
2603 2235 2686 2300 ab
2733 2243 2884 2301 ortu
2915 2237 3068 2301 solis
3098 2257 3210 2300 us-

588 2363 711 2428 0110
746 2345 828 2408 ad
860 2362 1183 2421 occasum,
1217 2351 1280 2409 et
1311 2344 1570 2426 quidem
1604 2364 1668 2412 0.
1702 2343 1870 2408 inter
1916 2363 2140 2409 omnes
2188 2352 2441 2425 gentes;
2488 2345 2559 2412 d.
2594 2345 2731 2426 ejus
2775 2345 3209 2411 celebratione

590 2451 1032 2532 magnificatur
1061 2470 1299 2516 nomen
1331 2450 1477 2527 Dei3
1511 2452 1595 2515 ad
1616 2470 1760 2516 0310
1783 2452 1954 2516 00110
1976 2458 2446 2532 congregantur
2464 2451 2744 2535 undique
2763 2452 2982 2517 fideles
3002 2470 3209 2535 eaque

588 2567 687 2623 est
718 2565 1009 2624 centrum
1042 2558 1240 2622 totius
1273 2557 1512 2621 cultus:
1564 2575 1643 2622 ea
1692 2578 1752 2628 0.
1804 2558 2226 2621 mundissima
2274 2566 2386 2634 est,
2436 2560 2723 2624 continet
2767 2560 2936 2624 enim
2968 2576 3208 2641 corpus

590 2673 653 2731 et
684 2667 1058 2747 sanguinem
1082 2663 1334 2743 Christi,
1357 2672 1583 2749 estque
1614 2666 1670 2734 f.
1705 2682 1861 2730 vera
1881 2666 2165 2730 mincha:
2198 2667 2454 2731 mincha
2475 2666 2645 2732 enim
2666 2674 2807 2733 erat
2825 2667 3208 2732 sacrificium

587 2776 1009 2852 incruentum,
1043 2773 1474 2855 complectens
1506 2792 1743 2854 panem
1776 2780 1840 2838 et
1869 2773 2106 2850 vinum,
2139 2790 2503 2838 connexum
2535 2775 2792 2857 quidem
2827 2792 2976 2839 cum
3007 2776 3208 2839 sacri-

588 2881 733 2945 ficio
766 2889 1055 2946 cruento,
1088 2880 1164 2944 Et
1197 2887 1512 2962 quantum
1543 2881 1837 2960 congruit
1856 2879 2237 2944 sacrificium
2259 2881 2663 2946 incruentum
2678 2881 2751 2946 N.
2772 2881 3205 2957 Testament0‚

587 2994 658 3051 ut
687 2986 1075 3069 significetur
1117 2991 1382 3066 peracta
1423 2986 1560 3068 jam
1604 3005 1719 3067 per
1764 2986 2149 3050 sacrificium
2195 2994 2533 3053 cruentum
2578 2987 2937 3070 redemptio
2968 2993 3209 3065 nostra,

587 3093 882 3158 confecta
911 3093 1344 3159 reconciliatio
1378 3098 1443 3160 et
1473 3112 1634 3176 pax:
1668 3094 1819 3158 dum
1859 3102 2091 3159 contra
2111 3095 2176 3159 in
2196 3093 2270 3159 V.
2286 3096 2353 3160 T.
2376 3096 2518 3160 ideo
2537 3096 2973 3162 redundarent
2992 3096 3212 3160 omnia

593 3200 928 3281 sanguine,
960 3208 1032 3264 ut
1063 3200 1553 3281 portenderetur
1584 3220 1889 3283 magnum
1924 3201 2204 3266 futurum
2225 3203 2607 3268 sacrificium
2627 3210 2964 3268 cruentum
2983 3203 3208 3267 crucis.

590 3306 804 3384 Quare
837 3305 1166 3371 evidenter
1194 3308 1525 3388 praedicta
1570 3316 1668 3372 est
1700 3326 1740 3371 a
1772 3308 2089 3373 Malachia
2121 3308 2467 3374 celebratio
2516 3310 2940 3375 eucharistiae
2973 3316 3037 3374 et
3067 3309 3209 3391 qui-

589 3413 739 3476 dem
770 3418 840 3475 ut
871 3412 1252 3478 sacrificium
1271 3415 1334 3500 ¹).

771 3550 916 3604 409.
948 3536 1496 3606 Demonstratlo
1528 3559 1598 3624 p.
1633 3539 1738 3606 Π.
1806 3543 1895 3601 Ad
1944 3544 2399 3619 promissionem
2433 3545 2693 3620 proxime
2725 3544 3086 3604 instituendi
3119 3562 3210 3602 sa-

592 3628 796 3687 crificii
843 3648 965 3688 non
1008 3631 1479 3706 improbabiliter
1521 3632 1866 3691 referuntur
1910 3631 2081 3696 Joan.
2130 3643 2187 3703 4,
2242 3642 2313 3696 21
2357 3652 2453 3706 33.,
2504 3633 2609 3692 ubi
2661 3633 2927 3693 Christus
2972 3633 3211 3692 mulieri

595 3718 985 3778 samaritanae
1017 3719 1193 3779 dicit:
1242 3719 1476 3798 Mulier,
1524 3723 1689 3780 crede
1718 3723 1882 3798 mihi,
1917 3724 2056 3798 quia
2088 3724 2236 3780 venit
2266 3723 2435 3796 hora,
2467 3724 2697 3799 quando
2728 3742 2902 3799 neque
2932 3725 2997 3781 in
3026 3730 3214 3781 monte

591 3809 714 3882 hoc,
759 3826 937 3884 neque
966 3811 1029 3867 in
1060 3809 1442 3886 Jerosolymis
1472 3811 1795 3870 adorabitis
1826 3810 2060 3869 Patrem
2095 3854 2107 3867 .
2141 3854 2155 3868 .
2189 3854 2202 3866 .
2255 3811 2367 3869 Sed
2415 3813 2561 3870 venit
2609 3813 2755 3870 hora
2806 3819 2857 3870 et
2906 3831 3061 3871 nunc
3109 3819 3210 3887 est,

595 3897 830 3972 quando
861 3900 982 3955 veri
1011 3899 1354 3957 adoratores
1384 3901 1712 3959 adorabunt
1742 3899 1977 3958 Patrem
2007 3902 2070 3958 in
2101 3900 2316 3975 spiritu
2347 3907 2398 3959 et
2428 3902 2682 3960 veritate.
2750 3901 2804 3958 N
2808 3904 3010 3960 otetur
3053 3901 3215 3960 enim

596 3980 656 4048 1.
701 3986 951 4044 verbum
982 3987 1235 4045 adorare
1267 3988 1488 4064 passim
1520 3989 1832 4066 designare
1865 3988 2266 4046 adorationem
2312 4006 2433 4047 non
2477 4007 2912 4066 quamcunque,
2961 3989 3062 4048 sed
3107 4009 3216 4049 no-

591 4073 941 4132 bilissimam
974 4074 1337 4135 adorationis
1372 4078 1642 4154 speciem,
1689 4096 1842 4153 quae
1875 4077 2157 4135 sacrificio
2190 4078 2546 4141 continetur.
2606 4078 2687 4138 cf.
2734 4078 2904 4138 Joan.
2959 4089 3056 4148 12,
3097 4088 3212 4148 20;

590 4164 723 4224 Act.
758 4173 814 4232 8,
853 4175 967 4234 273
1019 4165 1160 4224 Gen.
1197 4174 1297 4236 22,
1336 4176 1401 4238 53
1462 4178 1510 4230 1.
1546 4168 1683 4243 Reg.
1726 4178 1777 4236 1,
1818 4175 1886 4238 33
1927 4177 2023 4237 15,
2062 4174 2142 4230 30
2178 4169 2285 4228 etc.
2351 4167 2648 4226 Christum
2682 4187 2820 4227 vero
2850 4164 2915 4233 2.
2947 4166 3020 4228 de
3053 4168 3214 4243 ejus-

589 4251 751 4309 modi
785 4251 949 4326 loqui
982 4253 1338 4327 adoratione,
1372 4255 1658 4315 suadetur
1689 4274 1758 4313 ex
1791 4273 1878 4326 e0,
1912 4255 2073 4331 quod
2104 4255 2234 4332 ipse
2264 4259 2422 4315 certe
2455 4257 2701 4315 verbum
2733 4257 2977 4316 adorare
3008 4256 3214 4316 eodem

589 4338 811 4415 accipit
842 4358 1042 4412 sensu,
1089 4362 1207 4418 quo
1239 4345 1456 4404 mulier
1487 4343 1876 4414 samaritana3
1924 4344 2066 4403 haec
2097 4347 2296 4404 autem
2330 4346 2601 4421 loquitur
2631 4346 2703 4404 de
2734 4346 3079 4405 adoratione
3110 4363 3218 4420 per

593 4429 963 4501 sacrificium,
997 4432 1241 4509 alligata
1272 4433 1393 4491 sciL
1426 4433 1616 4491 monti
1650 4432 1921 4491 Garizim.
1969 4434 2062 4491 Ad
2095 4433 2236 4492 11300
2266 4430 2333 4497 3.
2368 4435 2637 4494 Christus
2672 4435 2943 4509 loquitur
2972 4435 3046 4492 de
3073 4433 3214 4492 ado·

593 4518 825 4578 ratione
868 4522 1146 4595 opposita
1189 4521 1263 4592 ei,
1311 4541 1461 4596 quae
1506 4525 1654 4580 tunc
1685 4521 1932 4599 alligata
1961 4527 2090 4581 erat
2121 4523 2226 4581 uni
2258 4524 2402 4594 1000,
2450 4524 2642 4599 deque
2672 4524 3014 4582 adoratione
3044 4541 3214 4591 nova,

814 4747 851 4815 ¹)
878 4742 959 4797 Cf.
987 4743 1056 4796 de
1084 4746 1276 4797 nostro
1306 4743 1579 4798 vaticinio
1607 4743 1735 4797 Zin
1750 4763 1791 4814 g
1808 4761 1836 4797 e
1854 4745 1962 4798 rle
1990 4744 2259 4801 Zeitschr.
2288 4747 2379 4799 fiir
2404 4746 2460 4800 k.
2487 4745 2682 4800 Theol.
2711 4744 2761 4798 V
2789 4748 2988 4817 (1881),
3014 4751 3120 4802 499
3146 4762 3218 4803 33.
