3538 5364
1181 304 1509 367 moralibus,
1535 303 1835 372 acquisitis
1862 307 1917 355 et
1943 302 2170 356 infusis.
2854 308 2926 369 l'l'
2945 307 2975 368 1

363 493 816 551 Aristotele
849 493 888 554 l.
923 511 970 551 c.
1001 510 1060 550 n.
1101 502 1173 554 15
1210 491 1521 550 definitur:
1573 490 1870 559 ,Habitus
1914 490 2201 548 electivus
2247 488 2539 545 exsistens
2570 487 2634 545 in
2665 486 2983 544 medietate

363 582 762 641 determinata
793 602 826 639 a
856 583 1104 650 ratione,
1138 584 1315 655 prout
1333 581 1565 656 sapiens
1587 579 2081 638 determinabit:‘
2117 577 2190 636 de
2222 596 2339 653 qua
2365 576 2682 635 medietate
2702 575 2979 651 pluribus

363 672 636 747 disputat·
669 690 716 729 S.
749 672 795 729 Τ
816 672 1071 729 homas
1115 682 1161 732 1.
1199 679 1232 731 2
1269 690 1323 747 q.
1361 680 1462 731 64.
1512 670 1656 728 Cum
1686 688 1826 727 vero
1861 684 1921 733 o.
1952 668 2106 726 ratio
2135 666 2430 725 mediante
2451 666 2760 724 voluntate
2792 668 2976 722 totam

363 761 686 818 humanam
718 761 908 818 vitam
942 778 1262 833 omnesque
1295 759 1664 834 operationes
1696 777 1762 817 ac
1794 760 2097 833 passiones
2131 757 2369 833 dirigat,
2403 754 2612 830 liquet,
2646 772 2753 829 pro
2785 754 2979 811 diver·

363 850 541 907 sitate
572 850 992 924 operationum
1025 868 1091 907 ac
1124 849 1465 923 passionum
1497 849 1700 923 plures
1733 847 2026 924 distingui
2050 865 2220 922 posse
2240 846 2496 903 virtutes
2513 843 2783 905 morales.
2816 843 2985 900 Inter

363 939 467 996 has
500 957 643 997 vero
678 935 732 1004 f.
763 939 1031 997 eminent
1062 943 1317 1013 quatuor
1346 936 1823 1005 cai-dinume,
1872 936 1910 998 i.
1942 957 1991 996 e.
2024 935 2361 1011 prudentia,
2410 932 2716 1003 fortitude,
2744 932 2983 1008 justitia

363 1034 425 1086 et
457 1030 870 1104 temperantia,
921 1046 1230 1103 ,quarum,
1279 1030 1351 1085 ut
1398 1026 1481 1085 ait
1524 1026 2018 1103 Augustinus
2064 1026 2134 1083 de
2167 1024 2433 1084 moribus
2466 1023 2621 1082 Eccl.
2654 1022 2692 1085 l.
2732 1033 2755 1084 l
2799 1039 2845 1084 c.
2888 1031 2981 1089 15,

364 1117 598 1175 utinam
649 1118 736 1175 ita
783 1118 862 1175 sit
907 1118 969 1174 in
1013 1116 1315 1174 mentibus
1349 1116 1453 1186 vis,
1501 1120 1572 1174 ut
1607 1115 1851 1174 nomina
1881 1134 2084 1173 earum
2117 1115 2179 1173 in
2211 1132 2310 1173 ore
2340 1116 2483 1172 sunt
2515 1112 2839 1171 omnium.‘
2905 1110 2987 1168 Et

364 1224 569 1265 revera
619 1207 826 1265 harum
878 1206 1102 1264 mentio
1133 1206 1473 1280 frequenter
1504 1204 1765 1263 occurrit
1796 1204 1951 1279 apud
1987 1208 2232 1273 veteres,
2282 1202 2399 1261 imo
2447 1209 2507 1260 et
2550 1202 2614 1260 in
2661 1200 2982 1275 Scripturis

366 1299 497 1370 Sap.
536 1309 592 1365 8,
632 1306 701 1357 ἵε
737 1295 992 1352 Labores
1022 1296 1194 1366 lucius
1214 1295 1513 1375 (justitiae
1534 1294 1570 1351 i.
1591 1314 1638 1352 e.
1661 1293 1973 1369 gene1·ali8‚
2010 1313 2127 1368 qua
2158 1293 2276 1351 late
2308 1290 2496 1370 patet)
2523 1309 2762 1368 maynus
2782 1289 2987 1347 habent

368 1387 648 1443 ritdutes:
681 1384 1037 1442 sobrietatem
1058 1386 1225 1460 enim,
1261 1392 1308 1441 el
1330 1384 1708 1457 prudentiam
1731 1385 1905 1458 docet,
1942 1390 1989 1440 et
2018 1383 2305 1455 justitiam
2338 1389 2386 1439 et
2419 1383 2682 1439 virtutrm
2717 1378 2981 1457 (sortitu-

365 1470 615 1552 dinem)‚
665 1474 870 1550 quobus
898 1474 1101 1531 utilius
1131 1474 1277 1531 nihil
1321 1480 1400 1530 est
1445 1476 1505 1530 in
1539 1475 1654 1530 vita
1685 1472 2025 1531 hominibus.
2093 1472 2390 1530 Dicuntur
2422 1476 2619 1529 autem
2653 1467 2984 1527 cardinales

363 1558 547 1641 (forte
579 1563 842 1638 primum
873 1582 907 1621 a
939 1580 983 1619 s.
1017 1557 1458 1644 Ambrosio),
1492 1561 1588 1619 vel
1622 1563 1761 1635 quia
1794 1580 1943 1638 opus
1966 1561 2290 1636 quodlibet,
2324 1565 2393 1618 ut
2427 1560 2507 1617 sit
2537 1558 2778 1623 bonum,
2812 1557 2982 1614 boni-

362 1656 486 1710 tate
519 1652 733 1710 harum
768 1652 1060 1710 virtutum
1095 1651 1333 1726 propria
1361 1650 1694 1726 praeditum
1729 1670 1856 1710 esse
1890 1651 2082 1719 debet,
2129 1654 2189 1709 et
2234 1649 2327 1708 illi
2376 1648 2562 1707 veluti
2609 1645 2983 1723 quadruplici

362 1740 592 1798 cardini
627 1740 808 1798 inniti
842 1742 1003 1809 adeo,
1048 1747 1120 1798 ut
1164 1740 1212 1798 si
1259 1740 1351 1797 vel
1397 1759 1516 1798 una
1548 1740 1720 1811 desit,
1771 1759 1922 1815 opus
1956 1740 2070 1798 dici
2104 1742 2363 1814 nequeat
2395 1738 2647 1806 bonum;
2700 1736 2793 1793 vel
2847 1735 2987 1808 quia

362 1831 629 1905 reliquae
664 1831 920 1888 virtutes
953 1848 1153 1888 ornnes
1184 1829 1254 1886 ad
1292 1829 1394 1886 has
1425 1835 1727 1903 tamquam
1759 1829 1833 1887 ad
1866 1829 2225 1905 principales
2247 1827 2506 1886 revocari
2530 1831 2796 1902 possunt.
2846 1824 2983 1881 Per-

360 1919 575 1977 ficiunt
605 1919 787 1977 etiam
827 1918 1080 1977 virtutes
1125 1919 1450 1976 cardinales
1495 1921 1754 1992 quatuor
1802 1918 1934 1976 illas
1978 1919 2307 1987 facultates,
2356 1935 2507 1992 quae
2552 1914 2795 1975 virtutis
2843 1913 2985 1970 sub-

353 2010 583 2082 jectum
619 2014 782 2072 sunt,
818 2006 1135 2083 prudentia
1168 2006 1292 2064 scil.
1324 2007 1629 2075 rationem,
1669 2007 1910 2083 justitia
1942 2009 2331 2075 voluntatem,
2380 2004 2773 2080 temperantia
2804 2021 2982 2077 appe·

363 2098 541 2155 titum
578 2096 1099 2172 concupiscibilem
1133 2102 1194 2153 et
1223 2096 1574 2154 irascibilem
1610 2096 1931 2155 fortitudo:
1979 2116 2114 2154 nam
2160 2100 2416 2170 uterque
2456 2095 2549 2152 hic
2582 2092 2885 2168 appetitus
2922 2091 2984 2148 in

365 2189 658 2261 quantum
694 2185 1015 2261 participat
1045 2186 1331 2244 rationem
1366 2203 1472 2244 seu
1504 2185 1564 2242 in
1600 2188 1890 2260 quantum
1938 2189 2115 2244 natus
2161 2188 2251 2244 est
2294 2184 2512 2242 rationi
2546 2182 2783 2241 obedire
2816 2200 2920 2239 seu
2954 2200 2991 2236 a

367 2276 593 2333 ratione
628 2276 871 2344 moveri,
907 2275 1240 2351 subjectum
1275 2279 1367 2333 est
1397 2274 1661 2345 virtutis
1711 2280 1781 2334 ut
1811 2275 2010 2350 inquit
2043 2293 2086 2332 s.
2120 2275 2436 2332 Thomas
2481 2285 2526 2335 l.
2567 2282 2599 2333 2
2637 2292 2692 2346 q.
2730 2281 2806 2333 5ss
2842 2290 2890 2332 a.
2927 2280 2983 2337 4.

372 2383 541 2437 quem
588 2364 663 2422 de
710 2365 1005 2422 virtutum
1051 2363 1363 2423 moralium
1411 2363 1795 2423 distinctione
1840 2363 1910 2424 cf.
1956 2364 2033 2421 ib.
2080 2383 2133 2438 q.
2171 2374 2269 2425 60.
2308 2374 2406 2431 61,
2460 2366 2520 2420 et
2569 2362 2640 2418 de
2692 2360 2987 2418 virtutum

367 2453 762 2512 cardinalium
795 2455 952 2511 inter
985 2472 1046 2511 se
1078 2452 1280 2512 ordine
1317 2462 1374 2514 2.
1411 2462 1463 2514 2.
1497 2472 1551 2528 q.
1595 2462 1713 2516 123
1750 2473 1800 2512 a.
1844 2463 1936 2515 12.

542 2575 612 2640 2.
649 2571 1134 2654 Distinguuntur
1164 2574 1432 2636 virtutes
1466 2574 1717 2637 ratione
1750 2573 2009 2653 originis
2042 2573 2107 2636 in
2154 2570 2621 2653 acquisitas
2670 2575 2734 2633 ct
2782 2567 2986 2631 insu-

364 2699 531 2743 sas:
565 2687 633 2745 et
664 2679 911 2745 infusae
943 2682 1005 2746 in
1040 2700 1170 2758 cae,
1222 2700 1389 2763 quae
1439 2688 1591 2746 sunt
1637 2700 1751 2762 per
1801 2700 1888 2756 se,
1940 2686 2005 2744 et
2036 2699 2166 2754 eae,
2213 2697 2379 2761 quae
2411 2698 2524 2760 per
2556 2676 2853 2741 accidens
2885 2675 2985 2738 in-

365 2787 549 2851 fusae
582 2795 736 2851 sunt
768 2790 851 2874 (n.
887 2792 1094 2875 202³).
1158 2788 1373 2852 Virtus
1407 2789 1618 2852 infusa
1650 2787 1816 2852 solet
1847 2786 2122 2851 deliniri:
2164 2785 2489 2866 ,Qualitas
2522 2784 2696 2849 bona
2729 2783 2982 2856 mentis

365 2913 495 2975 qua
529 2901 708 2959 recte
743 2895 988 2972 vivitur,
1022 2913 1152 2978 qua
1183 2895 1391 2958 nullus
1423 2895 1590 2958 male
1622 2894 1839 2968 utitur,
1874 2912 2068 2975 quam
2104 2892 2270 2956 Deus
2302 2893 2366 2955 in
2400 2890 2592 2955 nobis
2626 2891 2763 2954 sine
2799 2888 2987 2952 nobis

364 3006 743 3081 operaturz‘
784 3020 948 3084 quae
980 3002 1261 3067 definitio
1295 3020 1334 3065 a
1367 3001 1667 3081 Magistro
1702 3020 1779 3065 ex
1813 3000 2150 3081 Augustini
2183 3000 2394 3063 verbis
2428 2997 2813 3062 concinnata
2847 3015 2987 3059 orn-

366 3126 501 3182 neS‚
535 3115 606 3171 ut
638 3109 919 3173 ostendit
949 3129 995 3171 s,
1029 3108 1079 3171 T
1097 3109 1135 3172 h
1154 3128 1191 3172 o
1209 3128 1270 3171 m
1290 3127 1327 3171 a
1344 3128 1374 3171 s
1412 3115 1464 3176 1.
1489 3114 1528 3176 2
1550 3128 1606 3191 q.
1628 3111 1714 3176 55
1736 3125 1792 3169 a.
1814 3113 1873 3182 4,
1895 3106 2144 3169 virtutis
2164 3123 2397 3169 causas
2420 3103 2985 3189 comprehendit1).

546 3235 615 3300 3.
652 3231 1135 3313 Distinguuntur
1167 3235 1432 3297 virtutes
1464 3234 1715 3296 ratione
1754 3231 1989 3313 objecti
2022 3232 2099 3318 bin
2161 3232 2687 3311 theologicas
2749 3238 2812 3294 et
2858 3249 2989 3293 non

364 3339 785 3421 theologicas
820 3357 985 3423 quae
1017 3339 1441 3404 communiter
1474 3340 1835 3404 morales
1871 3339 1993 3402 dici
2026 3339 2251 3403 solent.
2284 3337 2594 3404 Diss'erunt
2628 3345 2843 3401 autem
2866 3338 2992 3400 hae

362 3447 640 3512 virtutes
671 3467 739 3514 a.
772 3449 1022 3513 ratione
1068 3450 1302 3530 objecti
1348 3455 1561 3513 mate
1584 3448 1844 3523 rialiS‚
1890 3466 2044 3511 nam
2095 3448 2343 3512 virtutis
2377 3447 2776 3527 theologicae
2809 3445 2988 3527 obje-

363 3560 544 3619 ctum
576 3555 912 3620 materiale
945 3557 1377 3640 adaequatum
1410 3565 1524 3621 aut
1552 3556 1781 3620 saltem
1815 3555 2127 3636 princeps7
2162 3554 2243 3617 ad
2275 3554 2449 3635 quod
2470 3555 2715 3636 reliqua
2736 3554 2993 3634 objecta

362 3659 752 3738 referuntur,
774 3668 872 3726 est
893 3662 1026 3744 ipse
1048 3663 1234 3739 Deus⁹
1268 3682 1398 3727 non
1431 3681 1583 3728 vero
1618 3663 1924 3726 virtutum
1958 3661 2327 3736 moralium3
2365 3663 2430 3730 b.
2466 3662 2714 3724 ratione
2754 3660 2992 3740 objecti

365 3769 394 3830 s
410 3769 777 3845 ormana
812 3768 1132 3850 objectum
1166 3768 1334 3834 enirn
1367 3769 1632 3833 formale
1665 3769 1729 3831 in
1769 3766 2109 3831 virtutibus
2141 3766 2513 3846 theologicis
2545 3774 2641 3831 est
2663 3766 2795 3847 ipse
2820 3766 2993 3830 Deus

597 3973 632 4040 ¹)
661 3968 1069 4039 Reprobandae
1099 3989 1328 4040 prorsus
1354 3974 1490 4024 sunt
1519 3970 1776 4023 notiones
1795 3971 2029 4040 jejunae
2058 3968 2290 4022 virtutis
2316 3970 2556 4032 infusae,
2579 3985 2724 4036 quae
2749 3984 2993 4037 praeser-

367 4051 475 4103 tim
505 4066 616 4102 sec.
651 4057 727 4105 18.
757 4051 912 4120 apud
942 4051 1239 4118 theologos
1265 4052 1456 4104 minus
1483 4051 1866 4114 scholasticos,
1902 4050 2042 4104 hinc
2074 4050 2146 4102 ad
2178 4049 2499 4103 liberiorem
2518 4048 2802 4101 sentiendi
2824 4047 2992 4100 ratio·

368 4147 502 4184 nem
532 4147 760 4199 pronos,
787 4131 1025 4200 reperiri
1052 4132 1250 4193 solent,
1279 4131 1589 4186 secundum
1617 4148 1758 4199 quos
1786 4130 1971 4184 virtus
1998 4130 2189 4184 infusa
2216 4134 2300 4182 est
2327 4129 2416 4182 vel
2443 4128 2750 4182 destinatio
2779 4128 2997 4198 (Beruf)

367 4212 442 4264 ad
471 4227 648 4280 opera
673 4212 982 4275 meritoria,
1009 4212 1100 4265 vel
1129 4213 1218 4282 jus
1237 4211 1666 4282 justificationis
1705 4212 1925 4280 gratiae
1955 4211 2218 4264 innixum
2246 4211 2315 4262 ad
2345 4209 2628 4264 auxilium
2656 4209 2907 4278 Spiritus
2934 4227 2991 4269 s.2

372 4294 464 4347 vel
490 4292 632 4346 ordo
658 4292 731 4346 ad
759 4292 1038 4362 Spiritum
1066 4312 1106 4345 s.
1135 4293 1555 4347 inhabitintem
1584 4297 1642 4347 et
1666 4293 2045 4346 auxiliantem
2075 4309 2170 4345 seu
2200 4291 2470 4345 virtutem
2513 4308 2673 4343 suam
2702 4290 2992 4360 applican-

368 4377 503 4435 tem,
533 4372 625 4425 vel
651 4374 966 4427 habitualis
991 4375 1217 4430 affectio
1245 4374 1558 4444 (Neigung)
1585 4375 1657 4427 ad
1685 4377 1847 4428 actus
1874 4372 2334 4444 supernaturales
2356 4376 2477 4425 orta
2500 4389 2565 4424 ex
2583 4373 2714 4423 actu
2739 4370 2994 4425 caritatis

370 4471 488 4506 non
516 4457 827 4507 retractato
854 4456 1069 4521 absque
1097 4455 1626 4509 subministratione
1656 4454 1889 4508 virtutis
1911 4457 2000 4507 etc
2024 4497 2033 4506 .
2063 4453 2131 4505 de
2154 4451 2364 4519 quibus
2385 4451 2716 4505 notionibus
2744 4451 2779 4503 S
2799 4467 2827 4502 c
2844 4451 2879 4503 h
2898 4467 2926 4502 e
2945 4467 2997 4502 c·

372 4536 455 4587 be
473 4552 510 4586 n
537 4536 573 4588 l.
602 4541 637 4590 3
664 4553 716 4587 n.
746 4538 868 4597 782,
896 4535 998 4602 qui
1024 4535 1166 4589 bene
1193 4535 1365 4589 dicit:
1394 4537 1547 4589 Alles
1574 4536 1754 4588 dieses
1782 4535 1857 4588 ist
1883 4536 2067 4588 lauter
2092 4531 2466 4594 Flitterwerk‚
2494 4531 2594 4584 das
2622 4529 2739 4583 sich
2768 4532 2995 4583 ehenso-

375 4615 566 4684 wenig
594 4613 701 4667 mit
727 4615 854 4666 dem
881 4614 1181 4669 einfachen
1211 4616 1328 4668 und
1357 4615 1719 4670 natiirlichen
1747 4617 1921 4668 Smne
1950 4616 2047 4669 cler
2068 4612 2474 4668 Kirchenlehre
2503 4628 2613 4664 von
2642 4611 2740 4662 der
2767 4610 3003 4678 wahren?

375 4696 466 4748 ab«
487 4693 882 4747 rnatiirlichen
927 4694 1345 4764 Lebendigkeit
1388 4695 1487 4748 der
1533 4695 1746 4748 Kinder
1794 4697 1990 4749 Gottes
2035 4696 2220 4759 reimt‚
2265 4693 2350 4746 als
2395 4709 2451 4745 es
2495 4691 2603 4745 ties
2624 4690 2741 4743 und
2772 4689 2999 4758 wurdig

374 4774 625 4844 gedacht
649 4775 744 4828 ist.
