3538 5364
946 282 1222 351 Reliquae
1250 281 1612 350 quaestiones
1639 281 1709 336 de
1736 281 2115 337 eucharistiae
2142 287 2510 337 sacramento.
2911 293 3041 356 379

419 469 549 544 ejus
581 486 701 526 non
733 472 822 526 est
852 472 914 527 et
944 472 1015 527 ut
1043 468 1269 527 idolum
1302 468 1816 527 contemnendum.
1866 469 1977 528 Sed
2011 469 2170 528 unde
2199 469 2432 545 probas,
2468 469 2628 544 quod
2661 487 2876 545 corpus
2909 471 2959 545 ej
2971 489 3040 528 us

419 575 542 615 non
571 556 690 626 fiat,
725 575 858 616 cum
892 558 1097 616 nullus
1130 556 1438 616 doctorum
1470 556 1580 615 hoc
1611 557 1847 632 sapiat?
1879 560 2031 619 etc.‘
2094 558 2174 619 Cf.
2208 577 2265 617 n.
2301 562 2496 628 3501;
2542 558 2929 618 Muratori
2976 558 3043 617 in

420 646 561 705 diss.
593 646 666 705 de
710 647 888 705 rebus
919 647 1126 724 liturg.
1159 665 1206 705 c.
1247 657 1323 709 19
1373 649 1433 705 et
1478 665 1630 722 quae
1675 647 1974 722 sapienter
2019 646 2091 706 ad
2138 648 2296 706 hunc
2340 648 2568 706 cultum
2618 646 3038 706 vindicandum

421 734 839 795 animadvertit
869 735 1367 794 Leibnitzius
1413 736 1451 793 l.
1485 753 1531 793 c.
1563 755 1619 811 p.
1657 745 1779 799 250
1817 754 1894 795 ss.
1958 737 2165 796 Plures
2197 737 2270 795 de
2302 737 2481 812 hujus
2513 737 2865 796 sacramenti
2898 736 3038 796 ado-

422 825 651 883 ratione
684 825 1058 900 quaestiones
1090 825 1371 901 expendit
1403 824 1684 884 Suarez
1715 824 1866 901 disp.
1903 835 1999 889 65.

602 957 743 1011 398.
792 942 1159 1013 Scholion.
1227 949 1547 1024 Reliquum
1593 951 1699 1019 est,
1748 952 1820 1007 nt
1863 950 2068 1025 paucis
2114 952 2472 1028 quaestiones
2505 951 2791 1025 quasdam
2838 952 2907 1009 de
2938 971 3039 1010 ra-

422 1039 573 1096 tione
604 1044 655 1095 et
685 1040 906 1097 unitate
937 1038 1115 1112 hujus
1146 1041 1499 1097 sacramenti
1530 1038 1924 1114 expediamus
1980 1040 2412 1099 Eucharistiam
2445 1058 2573 1099 esse
2605 1043 3039 1099 sacramentum

420 1127 791 1202 probandum
839 1146 958 1186 non
1004 1131 1113 1197 est,
1160 1128 1366 1186 nullus
1407 1128 1567 1186 enim
1598 1128 2030 1187 haereticorum
2062 1129 2121 1186 id
2154 1148 2419 1205 unquam
2452 1130 2713 1207 negavit.
2776 1130 2855 1187 Et
2899 1148 3038 1188 sane

421 1215 587 1274 adest
630 1215 868 1292 signum
912 1216 1094 1291 idque
1140 1215 1477 1294 significans
1522 1216 1894 1292 spiritualem
1928 1217 2312 1276 refectionem
2345 1237 2592 1294 eamque
2624 1236 2877 1278 causans
2910 1219 3042 1295 ipsa

423 1304 779 1380 sumptione.
843 1306 1026 1364 Porro
1059 1306 1417 1364 eucharistia
1460 1306 1773 1364 definitur:
1824 1306 2310 1375 ,Sacramentum
2343 1308 2600 1383 corporis
2631 1312 2694 1366 et
2725 1308 3035 1387 sanguinis

422 1394 634 1452 Christi
667 1394 780 1452 snb
814 1394 1121 1470 speciebus
1151 1396 1325 1470 panis
1357 1414 1423 1454 ac
1454 1395 1581 1453 vini
1616 1395 1688 1453 ad
1722 1395 2094 1471 spiritualem
2116 1396 2379 1455 fidelium
2400 1396 2775 1456 resectionem
2811 1417 2843 1455 a
2876 1398 3039 1456 Chri-

424 1486 516 1541 sto
548 1483 797 1542 Domino
829 1484 1242 1542 institutum.‘
1309 1484 1499 1553 Quare

604 1587 665 1652 l.
700 1591 1024 1649 tenendum
1057 1596 1162 1661 est,
1200 1591 1420 1666 species
1454 1592 1621 1667 panis
1654 1596 1716 1650 et
1749 1592 1872 1650 vini
1907 1591 2268 1652 intrinsecus
2304 1596 2569 1668 spectare
2602 1594 2675 1651 ad
2708 1594 2814 1652 hoc
2847 1612 3040 1653 sacra-

428 1683 706 1750 mentum,
742 1680 881 1755 quia
912 1684 1345 1739 sacramentum
1379 1681 1685 1757 signum
1732 1685 1824 1740 est
1868 1680 2181 1751 sensibile3
2229 1685 2490 1758 spectare
2521 1682 2701 1741 etiam
2735 1702 2947 1759 corpus
2979 1688 3037 1742 et

423 1768 772 1846 sanguinem
806 1768 1058 1840 Domini,
1104 1770 1244 1845 quia
1275 1772 1712 1829 sacramentum
1744 1772 2014 1829 causat
2044 1771 2311 1847 gratiam,
2359 1790 2536 1847 quam
2568 1772 2676 1830 hoc
2709 1791 3035 1831 sacramen·

420 1862 552 1915 tum
584 1862 785 1916 causat
817 1858 1043 1917 ratione
1076 1858 1335 1934 corporis
1367 1862 1428 1918 et
1474 1859 1787 1937 sanguinis
1821 1858 2074 1918 Domini.
2140 1860 2272 1918 Alia
2317 1878 2553 1938 quoque
2599 1862 2935 1937 praedicata
2982 1862 3035 1920 ei

420 1964 540 2005 non
574 1950 922 2023 competunt
951 1948 1069 2006 nisi
1102 1948 1329 2007 ratione
1363 1949 1626 2024 corporis
1658 1951 1719 2007 et
1751 1949 2061 2025 sanguinis
2096 1949 2351 2007 Domini.

600 2048 665 2115 2.
715 2052 777 2111 Si
824 2072 1091 2127 quaeraS,
1136 2074 1281 2113 num
1314 2072 1528 2132 corpus
1560 2054 1781 2114 Christi
1814 2056 1874 2113 in
1908 2059 2069 2114 recto
2114 2058 2175 2114 et
2215 2055 2438 2115 directe
2470 2056 2650 2133 hujus
2684 2057 3038 2116 sacramenti

423 2141 798 2217 ingrediatur
828 2143 1161 2215 essentiam,
1214 2144 1430 2203 statuit
1460 2145 1665 2221 Lugo
1697 2143 1752 2202 d.
1796 2156 1817 2206 l
1862 2163 1907 2201 e.
1942 2152 1997 2214 3,
2033 2145 2258 2219 species
2291 2146 2444 2204 solas
2476 2164 2597 2204 non
2628 2145 2937 2221 importari
2972 2147 3037 2205 in

422 2233 603 2300 recto,
651 2231 792 2305 quia
835 2232 1143 2308 speciebus
1177 2251 1298 2291 non
1329 2233 1696 2292 conveniunt
1739 2252 1808 2293 ea
1851 2233 2200 2309 praedicata,
2243 2252 2395 2310 quae
2425 2234 2815 2293 eucharistiae
2848 2255 3039 2294 sacra-

422 2321 623 2378 mento
656 2320 842 2378 tribui
876 2322 1086 2391 solent,
1135 2340 1261 2381 esse
1306 2322 1427 2381 scil.
1460 2340 1672 2399 corpus
1718 2326 1780 2381 et
1811 2322 2163 2399 sanguinem
2196 2323 2431 2395 Christi,
2480 2323 2714 2382 nutrire
2747 2325 2818 2382 ad
2851 2325 3035 2384 vitam

424 2410 719 2467 aeternam
754 2413 892 2468 etc-‚z
926 2410 1175 2486 ideoque
1207 2410 1269 2469 in
1300 2416 1461 2470 recto
1492 2412 1801 2488 importari
1833 2413 2229 2470 communiter
2259 2406 2403 2494 (non
2439 2409 2692 2493 semper)
2729 2432 2941 2489 corpus
2976 2420 3038 2471 et

424 2497 771 2574 sanguinem
804 2499 1035 2570 Christi,
1084 2500 1306 2576 species
1352 2519 1490 2560 vero
1536 2502 1875 2571 connotari3
1922 2500 2338 2559 eucharistiam
2369 2520 2509 2578 ergo
2552 2520 2682 2560 esse
2721 2520 2934 2578 corpus
2976 2506 3039 2561 et

426 2587 776 2664 sanguinem
807 2588 1045 2648 Domini
1077 2590 1190 2648 sub
1222 2590 1528 2665 speciebus
1574 2590 1741 2662 panis
1789 2594 1850 2649 et
1893 2589 2019 2649 vini
2065 2592 2431 2660 contentum,
2478 2609 2599 2649 non
2639 2609 2778 2650 vero
2812 2592 3037 2667 species

424 2676 794 2736 continentes
826 2696 1038 2755 corpus
1069 2682 1130 2737 et
1162 2679 1515 2756 sanguinem
1546 2679 1801 2740 Domini.
1866 2679 1929 2738 Si
1973 2685 2174 2739 tamen
2219 2680 2282 2739 in
2329 2686 2693 2740 sacramento
2737 2676 2801 2740 in
2832 2680 3041 2757 primis

424 2783 562 2841 prae
594 2765 780 2825 oculis
811 2767 1101 2826 habeatur
1132 2768 1284 2827 ratio
1317 2769 1558 2846 signi,
1594 2769 1788 2828 dicere
1821 2769 1962 2828 licet
1994 2770 2215 2846 species
2249 2774 2616 2829 consecratas
2649 2771 3038 2847 principalius

424 2855 749 2930 importari,
783 2861 853 2915 ut
883 2857 1071 2933 ajunt,
1113 2862 1184 2916 ut
1213 2858 1392 2917 etiam
1427 2859 1597 2917 docet
1628 2859 2020 2917 catechismus
2051 2858 2192 2917 trid.
2225 2879 2280 2935 p.
2317 2869 2351 2920 2
2389 2879 2434 2919 c.
2471 2871 2525 2923 8.
2590 2860 2805 2919 Melius
2839 2864 3038 2918 tamen

424 2943 573 3002 forte
593 2943 843 3015 dicetur,
877 2953 938 3004 et
968 2965 1182 3022 corpus
1204 2947 1418 3006 Christi
1449 2951 1512 3006 et
1542 2948 1762 3023 species
1794 2968 1862 3006 ex
1894 2966 2082 3024 aequo
2114 2966 2242 3006 esse
2275 2949 2346 3007 de
2376 2949 2608 3007 ratione
2630 2949 2810 3025 hujus
2843 2967 3036 3008 sacra-

423 3033 646 3179 xrkilentii
648 3051 802 3180 {1}ss
825 3040 1253 3095 sacramentum
1286 3037 1368 3094 sit
1397 3037 1587 3095 forma
1616 3037 1871 3095 visibilis
1896 3037 2213 3096 invisibilis
2231 3038 2475 3114 gratiae.
2523 3038 2601 3098 Cf.
2636 3039 2771 3096 Pes
2789 3038 2871 3096 ch
2897 3033 3034 3120 (VI)

421 3127 447 3179 t
492 3140 571 3181 es,
806 3167 819 3180 .

602 3226 667 3294 3.
716 3230 984 3303 Quaeres,
1032 3251 1178 3290 num
1212 3233 1391 3291 verba
1424 3234 1877 3292 consecrationis
1912 3236 2182 3310 spectent
2213 3233 2286 3292 ad
2321 3234 2673 3293 sacramenti
2704 3236 3039 3293 essentiam.

422 3319 659 3396 Negant
688 3321 909 3396 plures,
956 3322 1098 3397 quia
1142 3322 1248 3381 hoc
1295 3326 1724 3381 sacramentum
1774 3327 1867 3382 est
1907 3342 2259 3399 permanens
2301 3327 2364 3381 et
2409 3323 2812 3383 sanctificans:
2874 3324 3039 3399 atqui

421 3408 600 3467 verba
629 3411 1081 3470 consecrationis
1128 3430 1320 3487 neque
1365 3417 1714 3487 permanent
1757 3431 1953 3488 neque
1991 3412 2361 3470 sanctificant
2392 3414 2649 3472 animas:
2703 3415 2847 3473 suut
2897 3432 3039 3490 ergo

421 3496 608 3556 forma
640 3497 1011 3558 efficiens
1034 3545 1047 3571 ‚
1079 3501 1180 3559 sed
1212 3519 1331 3558 non
1364 3501 1889 3568 constituenS,
1924 3500 2246 3559 informans
2279 3506 2728 3561 sacramentum.
2775 3502 2867 3559 Ita
2899 3503 2994 3559 Be
3015 3534 3039 3545 -

420 3605 653 3646 canus
688 3606 733 3646 c.
776 3598 849 3651 15
886 3609 939 3664 q.
977 3598 1010 3650 2
1046 3607 1093 3648 o.
1130 3601 1197 3658 5;
1250 3589 1589 3664 vasquez
1635 3590 1786 3666 disp.
1828 3600 1941 3653 167
1981 3608 2027 3647 c.
2064 3599 2134 3660 33
2182 3590 2542 3650 Ledesma
2587 3595 2696 3649 etc.
2762 3589 3040 3649 Affirmat

419 3675 628 3752 Lugo
674 3676 728 3738 d.
768 3689 794 3739 1
835 3696 878 3736 a.
915 3688 971 3748 4,
1017 3678 1159 3754 quia
1189 3678 1414 3754 species
1460 3698 1566 3755 per
1612 3697 1692 3750 se,
1741 3679 1987 3738 seorsim
2020 3699 2052 3736 a
2084 3679 2301 3748 verbis,
2349 3699 2469 3738 non
2502 3679 2723 3737 habent
2753 3679 3038 3738 rationem

421 3764 578 3842 signi
611 3767 1068 3836 sacramentalis,
1103 3770 1164 3826 et
1195 3768 1339 3843 quia
1368 3768 1637 3843 alioquin
1671 3768 1848 3827 verba
1869 3786 1984 3826 non
2007 3771 2246 3844 possent
2266 3768 2382 3825 dici
2403 3769 2620 3827 forma:
2655 3786 2848 3842 neque
2881 3769 3038 3826 enim

421 3853 781 3929 principium
814 3875 971 3915 mere
1004 3855 1264 3915 efficiens
1295 3857 1550 3932 alicujus
1583 3857 1667 3915 rei
1701 3856 1923 3915 dicitur
1954 3857 2134 3933 hujus
2165 3857 2373 3916 forma.
2419 3858 2511 3915 Ita
2541 3857 2721 3917 etiam
2752 3856 2993 3916 Valen
3012 3891 3038 3900 -

418 3941 565 4012 tia,
600 3943 850 4002 Billot
881 3945 963 4007 th.
1002 3956 1079 4008 35
1117 3948 1227 4007 ete.
1296 3949 1574 4005 Suarez
1605 3946 1756 4022 disp.
1794 3955 1875 4008 42
1911 3965 1955 4005 s.
1990 3947 2244 4022 priorem
2280 3947 2638 4004 sententiam
2671 3949 2872 4005 censet
2903 3965 3038 4022 pro-

419 4031 674 4090 babilem
697 4032 996 4110 simulque
1017 4038 1217 4093 notat:
1252 4074 1279 4103 ,
1297 4034 1565 4093 Secunda
1584 4035 1787 4112 opinio
1807 4054 1927 4095 non
1949 4040 2143 4115 negat,
2178 4036 2336 4111 quod
2368 4035 2432 4093 in
2464 4055 2526 4094 re
2558 4035 2811 4096 affirmat
2829 4035 3039 4110 prima,

420 4118 521 4178 sed
566 4121 734 4179 addit
778 4122 1005 4196 aliquid
1053 4127 1325 4199 spectans
1378 4124 1451 4182 ad
1501 4125 1741 4183 modum
1793 4125 2092 4200 loquendi,
2146 4124 2303 4201 quod
2356 4144 2475 4183 non
2524 4124 2861 4200 displicet,‘
2915 4126 3038 4185 scil.

421 4208 603 4277 ,licet
647 4211 830 4270 verba
873 4212 1115 4288 physice
1159 4213 1525 4284 transierint,
1576 4232 1808 4289 semper
1845 4218 2047 4273 tamen
2079 4214 2510 4289 quodammodo
2541 4213 2870 4273 informant
2901 4211 3040 4272 illas

420 4299 666 4373 species,
699 4299 838 4374 quia
871 4301 1009 4360 illae
1041 4320 1159 4361 non
1192 4301 1543 4378 significant,
1577 4302 1694 4361 nisi
1727 4307 1799 4362 ut
1829 4307 2196 4361 consecratae
2229 4306 2389 4373 sunt,
2442 4305 2622 4378 atque
2654 4302 2798 4362 adeo
2830 4306 3038 4377 quate-

418 4405 534 4445 nus
567 4388 846 4447 substant
876 4390 1075 4449 verbis
1107 4392 1581 4462 consecrationiS‚
1625 4411 1777 4467 quae
1809 4396 2257 4467 praecesserunt
2289 4436 2301 4448 .
2337 4435 2350 4448 .
2384 4438 2397 4450 .
2431 4392 2589 4450 nnde
2620 4392 2829 4450 relatio
2863 4393 3038 4469 signi,

420 4493 570 4550 quae
601 4477 850 4537 rationis
880 4484 989 4550 est,
1023 4480 1284 4557 intelligi
1314 4484 1515 4556 potest
1545 4481 1794 4540 fundata
1837 4481 1900 4539 in
1944 4481 2251 4557 speciebus
2294 4485 2367 4539 ut
2412 4481 2809 4540 denominatis
2855 4502 2883 4540 a
2932 4481 3040 4539 tali

418 4567 605 4624 forma
633 4611 650 4624 .
681 4611 698 4624 .
731 4612 744 4625 .
795 4568 933 4627 haec
981 4587 1122 4627 vero
1162 4569 1307 4628 unio
1341 4574 1403 4628 et
1433 4570 1773 4628 informatio
1805 4588 1924 4628 non
1957 4575 2050 4628 est
2081 4571 2345 4646 physica,
2393 4570 2526 4629 ideo
2557 4589 2678 4629 non
2709 4574 2942 4646 oportet
2973 4577 3042 4627 ut

419 4653 499 4712 sit
529 4654 853 4714 intrinseca
887 4660 946 4716 et
992 4658 1246 4733 propria,
1295 4659 1398 4716 sed
1431 4678 1537 4734 per
1569 4659 1865 4733 quandam
1898 4658 2437 4718 denominationem
2472 4660 2857 4719 extrinsecam
2872 4667 2921 4729 ‘,
2970 4665 3038 4716 ut

417 4761 571 4818 aqua
618 4744 844 4804 dicitur
888 4746 1200 4806 benedicta
1245 4766 1279 4805 a
1324 4747 1734 4807 benedictione
1767 4749 2106 4823 praeterita.
2173 4749 2380 4825 Neque
2414 4749 2571 4807 enim
2605 4752 3039 4808 sacramentum
