3538 5364
1398 281 1638 337 visionis
1665 281 1978 341 beatificae.
2867 290 3001 356 643

373 481 903 546 unumquemque
943 464 1283 548 propriam
1333 463 1626 545 accipere
1674 462 2042 528 mercedem
2090 466 2427 529 secundum
2474 483 2665 528 suum
2725 463 3002 529 lahorem

378 577 433 641 1.
468 569 613 635 Cor.
646 575 709 646 3,
739 575 780 640 8
815 576 965 645 etc.;
999 587 1078 648 ex
1112 574 1171 638 2.
1193 568 1335 634 Cor.
1355 576 1418 649 9,
1452 575 1527 639 6:
1559 568 1700 635 Hoc
1730 575 1941 635 autem
1972 570 2111 635 dico
2139 570 2329 653 vobis,
2359 572 2467 656 qui
2485 592 2684 657 parce
2712 572 3004 655 eminet,

367 697 568 763 parce
598 682 653 740 et
686 682 864 740 metet
873 704 901 759 ,·
930 684 986 741 et
1017 679 1126 764 qui
1155 680 1507 743 seminativa
1527 677 2068 761 benedictionibus,
2102 680 2179 743 de
2198 677 2715 744 benedictionibus
2734 684 3001 744 etmeoet.

374 780 552 849 Idem
582 781 902 864 colligitur
930 801 1010 849 ex
1042 784 1412 851 nominibus
1456 804 1497 867 p
1513 802 1653 849 rae
1669 784 1824 863 mii,
1870 784 2202 863 mercedis,
2233 803 2515 851 coronae
2546 786 2930 863 tribuendae
2960 802 3003 850 a

371 872 655 973 judice
687 896 752 955 et
784 890 1043 974 quidem
1068 891 1299 972 justo
1333 892 1420 977 (n.
1453 892 1644 978 235);
1691 890 1774 958 de
1803 890 2057 956 ratione
2086 891 2259 956 enim
2289 892 2560 974 praemii
2591 898 2656 958 et
2686 892 3003 1013 mercedis

375 1004 493 1075 εει,
526 1004 598 1062 ut
625 997 1043 1080 proportione
1074 998 1468 1080 respondeat
1496 997 1759 1064 meritis.
1858 1032 1861 1037 ·

556 1124 622 1192 2.
652 1120 955 1203 EJ'usdem
984 1119 1233 1188 formae
1265 1128 1717 1204 argumentum
1762 1121 2080 1204 colligitur
2125 1141 2205 1188 ex
2248 1121 2558 1205 patribus,
2591 1124 2700 1207 qui
2730 1123 3006 1190 libenter

377 1228 738 1313 provocant
786 1228 870 1293 ad
918 1228 1121 1294 verba
1169 1227 1406 1295 Christi
1450 1228 1546 1295 Jo.
1586 1233 1687 1306 14,
1719 1234 1795 1298 2:
1856 1227 1939 1293 In
1986 1229 2168 1294 domo
2216 1228 2436 1294 Patris
2483 1231 2603 1294 mei
2650 1232 3008 1296 mansiones

382 1336 614 1404 multae
644 1345 831 1412 sunt:
861 1342 928 1403 et
957 1334 1141 1401 Pauli
1179 1342 1231 1405 1.
1265 1335 1407 1401 Cor.
1445 1341 1547 1415 15,
1580 1342 1699 1408 41:
1744 1337 1905 1402 Alia
1953 1336 2213 1402 clar-itas
2242 1337 2412 1417 solis,
2443 1336 2580 1403 alia
2612 1322 2876 1403 claritas
2907 1336 3007 1401 lu-

377 1463 504 1508 nae
535 1449 591 1508 et
620 1445 753 1508 alia
783 1442 1044 1509 clav-itas
1072 1444 1415 1511 stellarum.
1449 1443 1647 1509 Stella
1690 1446 1856 1508 enim
1885 1468 1929 1509 a
1958 1442 2140 1508 stella
2187 1444 2403 1527 differt
2433 1445 2503 1507 in
2533 1443 2839 1513 claritate.
2901 1441 3009 1508 Sic

376 1556 438 1614 et
496 1553 867 1615 resurrectio
931 1557 1337 1619 mortuorum.
1399 1550 1560 1615 Hinc
1621 1550 2199 1616 Tertullianus
2262 1550 2422 1637 (J‘am
2470 1550 3008 1639 montanista)in

379 1655 732 1739 Scorpiace
762 1676 823 1721 ιι.
858 1664 932 1728 6:
1003 1656 1410 1741 »Quomodo
1429 1659 1670 1723 multae
1703 1657 2076 1723 mansiones
2126 1657 2297 1740 apud
2328 1657 2607 1736 Patrem,
2641 1657 2698 1722 si
2728 1676 2860 1722 non
2891 1676 3009 1740 pro

381 1763 723 1851 varietate‘
730 1766 1154 1831 meritorum?
1215 1763 1555 1846 Quomodo
1607 1771 1673 1830 et
1720 1764 1908 1830 stella
1957 1782 1999 1829 a
2047 1764 2233 1829 stella
2263 1763 2572 1829 distabit
2555 1784 2623 1829 ιιι
2653 1750 2858 1846 gloria
2888 1764 3011 1829 nisi

383 1889 504 1954 pro
535 1871 910 1937 diversitate
941 1871 1354 1937 radiorumP‘
1422 1870 1500 1935 Et
1531 1891 1580 1941 s
1613 1870 2130 1953 Polycarpus
2164 1870 2264 1957 (cf.
2297 1888 2395 1952 ep.
2427 1871 2579 1937 eccl.
2611 1872 3012 1954 smyrnensis

386 1977 471 2043 de
502 1978 639 2060 ejus
669 1977 986 2061 martyrio
1016 1998 1084 2042 n.
1118 1978 1224 2064 10)
1250 1976 1450 2059 judici
1478 1977 1860 2059 respondet:
1929 1975 2196 2051 ,Merita
2242 1994 2392 2041 mea
2421 1976 2670 2041 doloris
2704 1979 3011 2044 aestima-

381 2085 561 2149 tione
591 2085 900 2167 pensabo.
962 2071 1221 2164 Quanto
1272 2084 1572 2167 graviora
1619 2084 1967 2167 pertulerO,
2017 2089 2202 2149 tanto
2247 2084 2540 2166 praemia
2583 2084 2836 2165 majora
2864 2103 3011 2167 per-

382 2184 680 2274 cipiam!
745 2191 882 2255 Hoc
913 2191 1145 2256 deinde
1176 2192 1349 2256 clare
1381 2184 1752 2274 supponunt
1782 2197 2018 2274 patres,
2052 2190 2305 2272 quoties
2337 2189 2418 2255 de
2447 2191 2852 2272 praestantia
2882 2191 3011 2255 vir-

383 2299 665 2380 ginitatis
713 2317 870 2381 prae
919 2299 1353 2374 matrimoniO,
1400 2298 1733 2363 viduitatis
1784 2315 1940 2380 prae
2000 2296 2302 2363 secundis
2362 2296 2600 2379 nuptiis
2662 2295 3010 2381 disputant.

392 2405 717 2486 ,Agrestis
768 2406 939 2471 enim
987 2405 1271 2472 ululatus
1321 2412 1437 2483 est,
1487 2406 1695 2489 inquit
1737 2404 2229 2470 Ambrosius
2277 2404 2344 2467 in
2375 2404 2556 2486 epist.
2587 2403 2900 2486 synodica
2932 2405 3016 2469 ad

379 2508 690 2575 Siricium
719 2530 779 2575 ιι.
814 2516 874 2588 2,
906 2512 1147 2576 nullam
1194 2512 1573 2593 virginitatis
1618 2512 1912 2593 gratiam,
1960 2506 2203 2575 nullum
2237 2510 2556 2575 castitatis
2588 2509 2883 2575 ordinem
2912 2530 3017 2577 re·-

389 2636 668 2695 servare,
699 2618 1063 2700 promiscue
1096 2619 1316 2684 omnia
1346 2619 1511 2685 velle
1542 2618 1957 2695 confundere,
1989 2617 2390 2682 diversorum
2423 2617 2667 2700 gradus
2700 2617 3018 2699 abrogare

385 2724 786 2802 meritorum,
819 2732 885 2789 et
914 2730 1370 2807 paupertatem
1401 2725 1730 2808 quandam
1776 2724 2152 2791 coelestium
2198 2707 2793 2790 remunerationum
2832 2725 3019 2790 indu-

381 2849 550 2914 cere,
585 2830 774 2912 quasi
805 2828 1059 2895 Christo
1093 2849 1225 2895 una
1255 2831 1338 2895 sit
1366 2832 1585 2913 palma
1616 2850 1815 2914 quam
1846 2831 2085 2908 tribuit,
2117 2848 2197 2896 ac
2227 2850 2359 2896 non
2388 2830 2645 2913 plurimi
2677 2827 3019 2898 abundent

387 2937 552 3002 tituli
582 2937 1074 3019 praemiorum<

562 3065 630 3131 3.
663 3062 928 3128 Accedit
974 3064 1160 3140 rati0,
1211 3082 1407 3145 quam
1454 3070 1643 3144 urget
1691 3062 2246 3146 Hieronymus
2307 3069 2538 3127 contra
2596 3063 3019 3129 Jovinianum

379 3166 423 3232 i.
458 3175 499 3238 2
531 3189 590 3234 n.
627 3174 743 3238 34:
783 3167 888 3244 ,Si
919 3170 1096 3234 nulla
1126 3169 1210 3234 sit
1241 3169 1619 3234 meritorum
1651 3169 2005 3247 diversitas,
2037 3170 2093 3233 si
2122 3169 2278 3234 nihil
2308 3168 2504 3235 distet
2533 3171 2703 3236 inter
2731 3170 3019 3252 virgines

385 3283 451 3341 et
483 3276 781 3341 mulieres
812 3276 1210 3359 conjugataS,
1243 3276 1299 3340 si
1330 3276 1617 3360 aequalis
1650 3276 1863 3341 meriti
1907 3277 2036 3342 sint
2077 3277 2319 3342 leviora
2361 3276 2670 3342 virtutum
2718 3296 2918 3360 opera
2950 3286 3017 3344 et

381 3391 741 3466 martyrum
772 3384 1159 3460 constantia,
1191 3401 1434 3448 vanum
1465 3383 1585 3449 erit
1603 3382 2016 3464 perfectionis
2047 3383 2345 3462 studium,
2379 3382 2708 3449 taediosus
2743 3384 3017 3449 omnino

385 3492 505 3557 erit
533 3492 846 3556 virtutum
876 3490 1080 3567 labor,
1114 3509 1341 3555 omnes
1392 3509 1433 3555 a
1479 3490 1874 3573 perfectione
1905 3490 2330 3558 retrahentur.
2394 3489 2561 3570 Quid
2595 3497 3019 3573 perseverant

381 3598 703 3679 virgines?
735 3597 890 3680 quid
921 3596 1225 3662 laborant
1256 3597 1534 3661 viduae?
1566 3614 1680 3662 cur
1711 3596 2059 3663 maritatae
2103 3616 2175 3663 se
2219 3596 2601 3663 continent?
2662 3597 3015 3663 Peccemus

375 3711 611 3769 'omnes
643 3711 708 3769 et
737 3711 887 3786 post
916 3705 1379 3786 poenitentiam
1410 3704 1580 3768 idem
1613 3705 1851 3769 erimus
1882 3704 2055 3786 quod
2088 3703 2362 3787 apostoli
2392 3712 2594 3769 sunt‘

566 3858 709 3915 688.
734 3844 1077 3916 Scholion
1097 3849 1158 3915 I.
1194 3852 1535 3928 &captioni
1551 3853 1782 3927 satisfit.
1804 3885 1888 3897 —
1912 3852 2129 3911 Contra
2144 3851 2538 3912 beatitudinis
2569 3851 2649 3909 in
2664 3872 2698 3909 a
2711 3870 2744 3910 e
2760 3870 2799 3927 q
2815 3871 2906 3910 ua
2921 3853 2942 3910 l
2959 3852 3011 3911 i-

379 3944 411 3999 t
426 3960 461 3998 a
473 3943 502 3999 t
516 3959 549 3999 e
563 3960 625 3999 m
652 3939 810 3999 haud
831 3940 983 4000 levis
1005 3941 1326 4001 difficultas
1344 3942 1578 4017 petitur
1595 3960 1665 4000 ex
1685 3941 1969 4016 parabola
1987 3941 2388 4016 operariorum
2407 3941 2473 3999 in
2493 3940 2666 4002 vinea
2685 3941 2894 4002 Matth.
2908 3950 3010 4014 20,

389 4041 415 4092 ι
459 4048 557 4101 se„
589 4028 916 4094 secundum
947 4049 1126 4107 quam
1157 4031 1578 4107 paterfamilias
1608 4029 1859 4090 eandem
1890 4030 2165 4089 omnibus
2182 4030 2402 4089 tribuit
2419 4029 2763 4099 mercedem,
2799 4048 3009 4105 quam-

373 4117 472 4178 -vis
502 4118 899 4194 inaequaliter
919 4137 1170 4194 *prorsus
1202 4119 1620 4179 laboraverint.
1650 4119 1743 4178 Ad
1778 4118 2150 4178 difficultatis
2182 4119 2539 4179 solutionem
2573 4118 2756 4177 scias:
2794 4114 2858 4180 1.
2892 4119 3008 4178 de·

382 4207 590 4266 narii
622 4208 861 4267 nomine
881 4207 1186 4283 designari
1205 4208 1640 4268 beatitudinem
1671 4210 1798 4286 obj
1818 4208 2180 4279 activam,
2213 4227 2367 4284 quae
2394 4211 2554 4268 certo
2585 4225 2649 4266 re
2679 4210 2776 4266 est
2803 4208 3008 4269 eadem

382 4315 490 4372 pro
523 4297 821 4368 omnibus,
863 4297 978 4357 etsi
1008 4296 1247 4356 diversa
1276 4300 1370 4357 est
1398 4317 1507 4374 pro
1538 4299 1866 4374 capacitate
1899 4297 2155 4373 subjecti
2182 4296 2492 4357 beatitudo
2523 4314 2608 4358 su
2626 4296 2663 4353 b
2671 4297 2697 4372 j
2717 4297 3009 4368 activa,

378 4385 458 4444 de
503 4404 623 4461 qua
665 4386 762 4444 hic
806 4386 1130 4462 loquimur.
1193 4386 1536 4446 Memineris
1582 4386 1648 4452 2.
1696 4405 1834 4447 cum
1880 4388 2435 4464 chrysostomo
2477 4386 2632 4444 hom.
2667 4395 2748 4448 64
2782 4385 2844 4444 in
2878 4385 2937 4450 h.
2970 4387 3013 4447 l.

383 4493 443 4539 n.
479 4484 534 4546 3,
583 4494 744 4546 ,non
775 4478 1050 4552 oportem
1081 4476 1293 4548 omnia,
1341 4495 1492 4552 quae
1537 4477 1852 4553 parabolae
1885 4476 2212 4548 continent,
2258 4475 2573 4535 verbatim
2586 4474 2861 4545 scrutari,
2903 4475 3009 4535 sed

382 4581 626 4640 scopum
658 4564 1016 4666 intelligere,
1049 4565 1123 4624 ad
1155 4583 1335 4641 quem
1365 4566 1678 4625 institutae
1711 4570 1873 4638 sunt,
1916 4584 2105 4641 eoque
2135 4568 2413 4642 percepto
2443 4567 2507 4624 et
2535 4570 2829 4640 usurpato
2859 4563 3013 4624 nihil

381 4653 688 4729 amplius
673 4655 1036 4729 inquirere.
1103 4655 1292 4731 Atqui
1336 4651 1403 4720 3.
1451 4673 1667 4731 scopus
1712 4659 1823 4724 est.
1876 4656 2204 4715 veritatem
2223 4653 2566 4715 confirmare
2609 4653 2789 4714 dicti.
2808 4654 3013 4716 Multi

375 4749 551 4800 erunt
572 4744 760 4818 primi
789 4745 1108 4819 novissimi,
1154 4751 1204 4804 et
1248 4746 1545 4803 novissimi
1578 4746 1773 4818 primi
1805 4740 2067 4827 (matth,
2084 4755 2179 4824 1,9
2217 4738 2349 4826 30),
2392 4743 2518 4804 soil.
2565 4762 2731 4813 ,non
2779 4755 3017 4819 semper

2574 4850 2670 4900 41·
