3538 5364
555 298 687 359 428
1081 286 1267 340 Tract.
1303 287 1394 340 lx,
1424 288 1491 339 de
1523 285 1895 357 poenitentia.
1928 286 2290 358 Blasphemia
2317 286 2567 357 Spiritus
2595 306 2634 340 s.

561 475 736 544 libus,
785 493 930 548 quas
966 474 1140 543 DeuS,
1190 473 1645 549 deprecantibus
1680 473 1859 530 etiam
1895 474 2132 543 sanctis,
2180 492 2300 531 non
2347 492 2580 549 semper
2611 474 2926 533 condonat.
2995 475 3172 531 Multo

560 565 759 621 minus
789 568 987 621 autem
1021 563 1127 620 hac
1159 562 1458 621 occasione
1491 566 1618 620 erat
1649 566 1892 637 paratus
1935 581 2032 620 eas
2079 562 2427 633 condonare,
2477 581 2611 620 cuin
2659 566 3042 639 cognosceret
3071 562 3172 620 Ju-

556 653 842 711 daeorum
873 652 1257 727 pervicaciam
1292 656 1469 727 atque
1502 670 1600 709 cor
1629 652 2041 726 impoenitens,

738 774 801 840 4.
854 787 908 838 2.
955 777 1214 834 Machab.
1264 788 1319 848 9,
1380 788 1482 839 13:
1538 776 1757 835 Orabat
1790 786 1980 835 autem
2023 779 2114 836 hic
2144 780 2406 838 scelestus
2441 779 2767 853 Dominum,
2823 799 2861 837 a
2911 796 3023 855 quo
3071 796 3175 836 non

562 876 701 925 esset
736 866 1191 924 misericordiam
1224 873 1646 924 consecuturus.
1712 866 1930 925 Verum
1978 869 2308 926 Antiochus
2356 867 2562 925 orabat
2606 886 2711 943 pro
2757 867 3106 926 liberatione
3149 888 3180 925 a

562 957 787 1026 morbO,
823 975 928 1030 pro
963 955 1237 1023 sanitate,
1280 955 1612 1023 Dominum,
1664 976 1700 1013 α
1747 974 1855 1032 quo
1901 975 2014 1013 non
2046 966 2181 1014 esset
2217 959 2675 1015 misericordiam
2711 956 2744 1012 i.
2781 977 2828 1014 e.
2864 957 2976 1015 hoc
3005 957 3176 1014 bene·

561 1046 782 1115 ficium,
818 1046 967 1102 hanc
1000 1044 1254 1119 gratiam
1290 1048 1753 1115 consecuturus3
1789 1063 1906 1102 non
1938 1049 2136 1104 autem
2169 1046 2415 1122 rogabat
2447 1065 2554 1121 pro
2587 1050 2966 1121 peccatorum
2987 1045 3180 1107 venia:

560 1138 763 1193 textus
794 1153 931 1210 ergo
964 1151 1086 1191 non
1119 1135 1210 1191 est
1241 1133 1314 1191 ad
1345 1152 1487 1193 rem.

745 1269 891 1321 446.
942 1256 1006 1319 ὃ.
1061 1257 1485 1316 Difficultatem
1531 1260 1809 1334 majorem
1858 1260 2156 1317 facessunt
2200 1260 2418 1318 Christi
2466 1260 2643 1318 verba
2688 1260 2895 1320 Matth.
2940 1268 3036 1327 12,
3074 1268 3181 1320 31:

568 1349 748 1406 Omne
774 1357 1067 1423 peccatum
1099 1356 1149 1404 et
1182 1348 1531 1423 blasphemia
1564 1351 1886 1406 remittetur
1916 1349 2274 1408 hominibus:
2322 1351 2583 1422 Spiritus
2613 1356 2801 1406 aedem
2834 1348 3186 1422 blasphemia

567 1458 682 1496 non
714 1439 1046 1499 remittetur,
1100 1437 1325 1511 Duplex
1351 1438 1474 1512 jam
1509 1437 1703 1495 oritur
1733 1438 2032 1512 quaestio:
2068 1440 2269 1505 altera,
2305 1439 2603 1514 quodnam
2625 1441 2932 1513 peccatum
2956 1436 3188 1494 dicatur

566 1526 1369 1602 Spiritusblasphemia;
1417 1526 1619 1594 altera,
1668 1544 1786 1602 quo
1834 1545 2013 1585 sensu
2059 1528 2210 1586 illud
2257 1548 2290 1584 a
2327 1528 2573 1586 Domino
2617 1525 3187 1585 irremissibile

569 1616 1013 1692 pronuncietur.
1050 1616 1323 1673 Diversae
1356 1618 1499 1673 sunt
1530 1615 1601 1673 de
1633 1616 1818 1690 priori
1851 1617 2266 1693 theologorum
2299 1618 2814 1692 interpretumque
2845 1614 3188 1673 sententiae.

572 1706 908 1780 „Pleriquffi
942 1704 1143 1778 inquit
1177 1704 1449 1762 Ambro
1470 1704 1635 1761 sius
1671 1705 1732 1762 in
1764 1705 1905 1763 Luc.
1941 1706 2064 1775 Vll,
2111 1715 2248 1776 121,
2298 1706 2451 1764 illud
2483 1710 2709 1775 tenent,
2756 1709 2829 1762 ut
2874 1724 3006 1763 eam
3037 1704 3189 1761 blas-

570 1795 863 1870 phemiam
897 1794 1098 1851 dicant
1143 1812 1263 1850 non
1308 1811 1433 1851 esse
1483 1794 1856 1864 veniabilem,
1906 1794 1956 1851 si
2009 1795 2144 1869 quis
2196 1795 2497 1853 Christum
2545 1794 2704 1853 dicat
2750 1795 2812 1851 in
2861 1792 3190 1851 Beelzebub

569 1884 782 1959 ejicere
816 1882 1141 1950 daemonia,
1176 1901 1295 1940 non
1326 1886 1620 1957 potestate
1655 1883 1922 1945 divina.‘
1957 1918 2043 1925 —
2077 1884 2183 1941 Cui
2217 1885 2595 1943 consentiens
2629 1884 3014 1942 Pacianus
3049 1881 3190 1940 scri-

568 1973 663 2030 bit
695 1992 784 2047 ep.
821 1982 855 2034 3
906 1971 978 2029 ad
1014 1971 1244 2047 Sympr.
1277 1990 1335 2029 n.
1376 1982 1484 2033 15:
1538 1972 1775 2039 ,Habes
1821 1992 2001 2047 supra
2046 1973 2352 2047 scriptum,
2400 1993 2533 2032 cum
2570 1972 2854 2031 Dominus
2888 1970 3194 2030 daemonia

571 2062 751 2119 verbo
784 2060 1021 2137 fugaret
1053 2064 1113 2118 et
1144 2059 1399 2119 virtutes
1433 2061 1650 2119 multas
1687 2062 1929 2136 speciali
1961 2062 2163 2138 vigore
2196 2064 2533 2138 compleret,
2568 2062 2788 2120 dixisse
2819 2061 3192 2137 pharisaeos:

576 2151 684 2208 Hic
716 2169 834 2209 non
866 2149 1110 2226 expellit
1141 2150 1448 2208 daemonia
1479 2150 1594 2208 nisi
1625 2150 1686 2208 ih
1719 2151 2050 2209 Beelzebub
2083 2152 2348 2226 principe
2369 2152 2828 2219 daemoniorum,
2865 2151 2976 2208 hoc
3008 2153 3102 2207 est
3133 2150 3192 2205 in

574 2239 867 2314 Spiritum
902 2258 947 2301 s,
980 2239 1320 2314 deliquisse,
1370 2239 1432 2296 in
1482 2258 1549 2298 ea
1596 2240 2047 2314 blasphemasse,
2096 2260 2245 2316 quae
2279 2261 2382 2316 per
2415 2241 2703 2317 Spiritum
2739 2258 2784 2298 S.
2817 2239 3193 2316 gerebantur.

576 2330 646 2386 In
678 2329 890 2387 ceteris
924 2329 1145 2404 quippe
1181 2329 1435 2403 peccatis
1470 2332 1576 2385 aut
1608 2347 1808 2387 errore
1839 2329 2099 2387 labimur
2142 2333 2248 2387 ant
2292 2333 2458 2389 metu
2504 2329 2833 2406 frangimur
2864 2333 2972 2386 aut
3002 2328 3194 2386 carnis

575 2418 921 2476 infirmitate
942 2437 1307 2493 superamur.
1362 2418 1518 2475 Haec
1539 2418 1792 2476 coecitas
1815 2421 1924 2488 est,
1959 2436 2078 2476 non
2112 2419 2310 2476 videre
2345 2420 2501 2494 quod
2525 2420 2740 2489 videaS,
2773 2421 2835 2475 et
2868 2435 2913 2474 a.
2935 2417 3195 2492 Spiritus

575 2526 750 2582 opera
783 2507 1017 2565 tliabolo
1050 2508 1120 2564 de
1166 2510 1332 2564 utare
1365 2525 1611 2581 eamque
1644 2508 1895 2583 gloriam
1929 2496 2827 2582 ῸῖῗιῖῐῗῖῗῇἷᾶἜῖἷἩόΤιῖἓ-ἰρεθ
2860 2496 3195 2581 sffiffi,

573 2581 796 2677 dis-„59¹1
828 2583 1127 2679 appellare
1162 2596 1465 2653 virtutem.
1527 2596 1651 2654 Hoc
1683 2600 1778 2654 est
1822 2615 1962 2673 ergo
1996 2597 2151 2672 quod
2187 2615 2308 2654 non
2341 2598 2698 2665 dimittetur,
2746 2596 2981 2670 reliqna
3026 2594 3198 2653 bonis

575 2686 1023 2760 poenitentibus
1056 2687 1414 2746 donantur.‘
1483 2686 1585 2742 Sat
1616 2687 1843 2743 clarum
1890 2687 2016 2744 scil.
2064 2690 2170 2756 est,
2220 2687 2455 2746 nomine
2502 2686 2905 2762 blasphemiae
2937 2684 3196 2760 Spiritus

574 2776 724 2833 illud
759 2775 1082 2852 significari
1118 2774 1558 2832 atrocissimum
1591 2778 1912 2849 peccatum,
1961 2795 2077 2851 quo
2122 2795 2297 2851 opera
2337 2776 2647 2834 manifesto
2681 2774 2884 2834 divina
2915 2774 2980 2831 in
3013 2772 3199 2831 homi·

575 2884 719 2922 num
753 2866 1010 2922 salutem
1058 2864 1212 2920 facta
1258 2863 1528 2920 daemoni
1562 2864 2004 2935 adscribuntur,
2053 2865 2304 2939 ideoque
2336 2867 2572 2925 veritati
2610 2864 2949 2923 manifestae
2983 2861 3197 2921 mentis

574 2955 729 3011 oculi
766 2953 1153 3011 habitualiter
1186 2955 1244 3008 et
1277 2951 1662 3026 pertinaciter
1694 2953 2107 3011 occluduntur.

755 3078 814 3135 Si
848 3097 986 3135 vero
1022 3096 1286 3150 quaeras,
1322 3095 1438 3150 quo
1472 3096 1652 3135 sensu
1685 3078 1793 3136 hoc
1824 3081 2127 3153 peccatum
2148 3079 2381 3138 dicatur
2413 3078 2999 3148 irremissibile,
3033 3095 3197 3152 egre-

578 3168 671 3243 gie
724 3167 784 3222 id
836 3167 1087 3240 explicat
1138 3166 1452 3223 Thomas
1506 3177 1558 3228 2.
1596 3177 1628 3228 2
1667 3188 1722 3243 q.
1765 3179 1839 3229 14
1875 3187 1923 3224 a.
1962 3178 2030 3230 3:
2081 3169 2354 3235 ,Dicitur
2399 3168 2821 3238 irremissibile,
2872 3185 2993 3225 non
3043 3164 3200 3241 quod

577 3256 745 3313 nullo
779 3254 950 3313 mod’o
984 3255 1344 3325 remittatur,
1380 3257 1479 3314 sed
1515 3256 1657 3330 quia
1690 3260 1982 3331 quantum
2029 3261 2122 3314 est
2167 3258 2238 3315 de
2285 3277 2361 3327 se,
2412 3257 2590 3315 habet
2621 3257 2919 3327 meritum,
2966 3258 3040 3313 ut
3084 3272 3199 3312 non

579 3343 935 3406 remittatur.
990 3344 1063 3401 Et
1097 3345 1202 3402 hoc
1235 3344 1570 3420 dupliciter,
1606 3364 1725 3404 uno
1758 3345 1930 3403 modo
1964 3350 2254 3420 quantum
2289 3346 2360 3404 ad
2394 3366 2481 3422 po
2501 3364 2728 3408 enam.
2795 3345 2909 3413 Qui
2942 3344 3101 3403 enim
3132 3361 3197 3401 ex

580 3433 915 3509 ignorantia
959 3434 1052 3490 vel
1100 3433 1442 3491 infirmitate
1489 3439 1705 3509 peccat,
1754 3434 2044 3492 minorem
2091 3454 2338 3511 poenam
2372 3438 2651 3496 meretur.
2720 3434 2833 3503 Qui
2883 3439 3084 3491 autem
3132 3450 3199 3490 ex

575 3524 738 3580 certa
770 3522 1000 3580 malitia
1031 3527 1249 3597 peccat,
1298 3542 1417 3581 non
1465 3523 1643 3581 habet
1689 3524 1951 3598 aliquam
1997 3524 2455 3592 excusationem,
2506 3525 2662 3583 unde
2705 3526 2834 3600 ejus
2868 3541 3058 3599 poena
3087 3520 3197 3579 mi-

801 3723 833 3788 1)
864 3719 1081 3783 Quibus
1124 3718 1336 3771 similia
1378 3719 1549 3772 habet
1590 3738 1631 3771 s,
1676 3720 2149 3772 Athanasius
2190 3738 2277 3784 ep.
2305 3729 2337 3775 4
2363 3721 2433 3772 nd
2465 3720 2656 3790 Serap.
2688 3739 2739 3774 n.
2773 3729 2867 3774 15:
2924 3717 3198 3783 „Quidam

582 3801 832 3852 humana
860 3803 1194 3870 spectante&
1223 3799 1531 3852 Dominum
1574 3799 1774 3853 vident
1814 3799 2103 3852 sitientem
2145 3800 2235 3853 vel
2275 3800 2627 3856 laborantem
2668 3800 2758 3852 vel
2787 3797 3120 3869 patientem,
3146 3799 3201 3849 et

579 3880 861 3934 Salvatori
890 3881 1050 3934 velut
1094 3878 1313 3932 homini
1357 3881 1709 3934 obtrectant:
1751 3896 2094 3950 magnopere
2142 3879 2376 3948 quidem
2423 3883 2677 3949 peccant,
2727 3881 2969 3949 possunt
3012 3881 3199 3931 tamen

579 3960 840 4014 celeriter
867 3959 1279 4029 paenitentiam
1310 3960 1531 4028 agendo
1561 3961 1787 4014 veniam
1816 3959 2101 4027 consequi,
2149 3977 2276 4013 cum
2306 3961 2555 4013 habeant
2580 3976 2682 4030 pro
2710 3958 3078 4013 excusatione
3105 3957 3199 4009 im·

584 4040 949 4094 bocillitatem
980 4058 1074 4094 cor
1120 4041 1232 4092 oris
1260 4079 1272 4092 .
1302 4080 1314 4093 .
1343 4080 1354 4091 .
1384 4041 1525 4093 Cum
1553 4043 1745 4093 autem
1772 4058 1970 4093 rursus
1997 4040 2233 4107 quidam
2261 4038 2588 4092 divinitatis
2628 4057 2800 4109 opera
2846 4024 3199 4092 consideran-

580 4111 682 4184 ὥς,
710 4107 1104 4173 dubitaverint
1130 4119 1199 4173 de
1228 4119 1479 4190 corporis
1506 4123 1728 4182 natura,
1756 4119 1869 4190 ipsi
1898 4136 2126 4187 quoque
2156 4117 2396 4171 maxime
2426 4122 2680 4188 peccant,
2711 4118 2882 4187 quod,
2908 4118 3049 4171 licet
3074 4134 3200 4171 eum

582 4201 819 4253 videant
845 4201 1230 4253 comedentem
1259 4202 1316 4252 et
1341 4199 1675 4270 patientem,
1704 4200 2045 4270 phantasma
2071 4197 2449 4253 nihilominus
2477 4200 2661 4269 ipsum
2690 4199 3075 4252 arbitrentur:
3116 4212 3199 4248 ve-

582 4297 709 4333 rum
738 4279 854 4332 illis
883 4279 1014 4332 item
1045 4280 1158 4334 cito
1185 4280 1653 4351 resipiscentibus
1681 4280 1908 4333 veniam
1936 4279 2195 4334 Christus
2221 4279 2432 4331 donare
2460 4281 2680 4347 potest:
2707 4277 2861 4347 quod
2889 4279 2948 4331 et
2967 4277 3082 4347 ipsi
3103 4293 3200 4347 pro

584 4359 943 4413 excusatione
992 4361 1242 4413 habeant
1304 4361 1763 4430 magnitudinem
1812 4377 2049 4430 operum
2102 4358 2351 4412 hominis
2405 4361 2742 4428 potestatem
2794 4356 3200 4412 excedentium.

590 4442 794 4493 Verum
824 4444 1019 4509 postea
1048 4456 1219 4508 quam
1248 4445 1621 4508 utrorumque
1650 4440 1936 4495 inscitiam
1965 4441 2023 4492 et
2049 4438 2378 4493 coecitatem
2406 4438 2774 4509 supergressi,
2804 4437 2908 4505 qui
2937 4436 3202 4490 videntur

584 4521 792 4574 habere
821 4519 962 4589 legis
991 4521 1286 4574 scientiam
1316 4522 1532 4591 (quales
1560 4525 1697 4574 tunc
1739 4523 1904 4574 erant
1927 4519 2254 4588 pharisaei),
2300 4518 2360 4572 in
2388 4519 2671 4572 insaniam
2700 4518 2848 4572 versi
2874 4516 3109 4572 fuerint.
3148 4520 3203 4567 et

584 4600 738 4667 quod
767 4600 827 4653 in
857 4617 1089 4670 corpore
1112 4605 1195 4654 est
1220 4602 1485 4663 Verbum,
1514 4602 1744 4657 omnino
1773 4599 2113 4668 negaverint
2137 4603 2241 4652 aut
2267 4599 2593 4652 divinitatis
2620 4614 2791 4669 opera
2813 4596 3042 4652 diabolo
3063 4596 3201 4664 ejus-

584 4697 696 4747 que
724 4680 1096 4734 daemonibus
1123 4680 1509 4744 attribuerint,
1541 4681 1738 4734 merito
1762 4698 1865 4750 pro
1888 4680 1991 4733 tali
2014 4680 2310 4750 impietate
2332 4679 2744 4749 indeprecabili
2765 4679 2902 4731 sunt
2921 4676 3201 4747 supplicio

582 4760 873 4813 obnoxii&
