3538 5364
1048 289 1281 345 Patrum
1309 306 1642 362 graecorum
1669 291 1808 346 fides
1834 282 2184 345 vindicatur.
2831 294 2918 361 65

467 470 537 537 4.
569 474 829 534 Easdem
858 476 1117 551 phrases,
1149 480 1395 553 propter
1424 496 1572 553 quas
1604 480 1804 553 patres
1835 477 2028 554 graeci
2052 478 2424 545 accusantur,
2456 474 2707 549 reperiri
2739 475 2918 534 etiam

297 563 454 639 apud
489 567 696 638 patres
731 565 966 634 latinos,
1001 566 1073 625 de
1103 584 1359 640 quorum
1379 565 1729 625 orthodoxia
1759 585 1932 625 nemo
1964 566 2220 636 dubitat,
2253 568 2325 623 ut
2355 564 2513 640 apud
2546 563 2922 640 Hierony·

295 672 506 722 mum,
540 652 961 725 Hilarium,
994 654 1482 714 Ambrosium
1514 660 1643 725 etc.,
1680 655 1801 714 imo
1832 655 1930 714 vel
1955 655 2020 714 in
2052 654 2275 714 divinis
2307 653 2519 712 literis.
2568 652 2817 723 Zach.1,
2852 661 2920 716 3:

298 741 713 800 Converto‘mini
744 744 825 801 ad
851 762 959 818 me,
1009 751 1060 802 et
1103 763 1201 821 eqo
1243 752 1542 803 convertar
1571 746 1653 804 ad
1682 763 1781 803 vos
1790 764 1816 819 ;
1848 744 1978 820 Sap.
2014 754 2072 814 6,
2118 755 2229 805 17:
2286 744 2571 815 Quoniam
2616 743 2823 818 diynos
2866 760 2924 799 se

297 832 427 903 ipsa
459 830 816 909 (Sapientia)
847 835 1051 891 circuit
1081 852 1367 911 quaerens
1379 854 1408 906 ,·
1438 833 1560 892 Jac.
1597 844 1653 905 4,
1691 843 1765 904 83
1807 845 1858 896 1.
1890 834 2078 893 Paral.
2113 842 2213 903 28,
2250 842 2307 893 9.

474 953 544 1019 ὅ.
577 957 785 1016 Patres
817 976 1055 1034 graecos
1089 977 1261 1035 saepe
1293 959 1582 1018 disserere
1621 961 1828 1018 contra
1873 976 1991 1029 eos,
2041 956 2147 1034 qui
2190 955 2452 1014 admisso
2499 955 2620 1013 sato
2665 954 2922 1030 quodam

295 1044 640 1104 libertatem
672 1047 986 1123 negabant.
1054 1047 1220 1107 Sicut
1265 1067 1406 1125 ergo
1453 1047 1956 1125 Augustinus
1990 1048 2196 1106 contra
2226 1044 2450 1123 gratiae
2481 1043 2755 1103 inimicos
2787 1062 2920 1121 gra-

296 1135 438 1192 tiam
474 1135 728 1203 extollit,
761 1136 847 1194 ita
877 1134 969 1194 illi
1001 1137 1106 1195 hac
1139 1137 1450 1213 supposita
1480 1137 1738 1196 liberum
1771 1135 2077 1196 inculcant
2107 1134 2443 1195 arbitrium.
2490 1132 2736 1192 Accedit

472 1254 545 1321 6.
578 1260 880 1320 censuisse
909 1264 1122 1337 patres,
1156 1281 1225 1321 eo
1258 1263 1418 1338 quod
1448 1262 1608 1322 Deus
1639 1262 1789 1321 velit
1817 1278 2023 1321 omnes
2054 1259 2322 1320 homines
2357 1259 2549 1318 salvos
2581 1256 2728 1328 fieri,
2762 1257 2923 1333 quod

297 1347 571 1406 Christus
584 1348 820 1407 venerit
851 1368 1150 1425 quaerere,
1184 1351 1344 1427 quod
1375 1350 1636 1428 perierat
1652 1368 1975 1425 omnesque
1993 1349 2343 1410 redemerit:
2378 1347 2653 1406 omnibus
2684 1350 2922 1422 praesto

295 1454 419 1495 esse
452 1436 683 1513 gratiae
712 1438 951 1507 auxilia,
998 1440 1271 1515 quamvis
1316 1439 1377 1499 id
1420 1458 1541 1500 non
1574 1459 1808 1517 semper
1838 1439 2056 1499 diserte
2087 1436 2506 1514 expresserint.
2570 1435 2737 1495 Nihil
2782 1454 2922 1511 ergo

295 1525 534 1596 mirum,
583 1524 636 1584 si
678 1527 872 1604 gratia
902 1529 1213 1605 supposita
1244 1528 1461 1599 fideles,
1494 1528 1844 1605 praesertim
1874 1528 1996 1588 otio
2035 1546 2103 1587 ac
2147 1526 2444 1591 socordiae
2477 1524 2725 1597 deditos,
2771 1526 2920 1584 allo-

296 1619 552 1688 quentes
583 1616 1000 1677 necessitatem
1033 1621 1282 1678 conatus
1313 1618 1539 1694 proprii
1571 1622 1633 1678 et
1662 1618 2095 1693 cooperationis
2125 1619 2396 1693 urgeant.

476 1736 544 1800 ¹7.
594 1737 787 1809 Quare
831 1744 1044 1817 pat-res,
1093 1761 1349 1816 quorum
1381 1741 1751 1818 objiciuntur
1782 1741 1975 1811 effata,
2023 1758 2218 1816 neque
2263 1740 2336 1799 de
2382 1742 2552 1798 toto
2590 1737 2923 1816 loquuntur

297 1827 503 1886 ordine
537 1829 807 1899 salutari,
854 1849 1047 1906 neque
1093 1830 1167 1890 de
1213 1831 1458 1907 primo
1499 1831 1711 1890 salutis
1743 1830 1935 1900 initio,
1982 1849 2176 1906 neque
2207 1829 2432 1906 gratiae
2463 1830 2702 1888 nomine
2734 1829 2922 1904 quod-

301 1934 536 1991 cunque
572 1917 679 1975 Dei
712 1918 1003 1977 auxilium
1036 1920 1415 1998 intelligunt:
1462 1920 1562 1979 sed
1608 1920 1945 1996 loquuntur
1974 1919 2047 1977 de
2079 1923 2248 1995 parte
2280 1918 2468 1977 totius
2499 1917 2727 1977 ordinis
2760 1919 2922 1978 salu-

302 2006 460 2075 taris,
501 2025 660 2082 quae
689 2007 785 2066 vel
816 2007 1076 2084 proxime
1106 2009 1407 2084 praecedit
1428 2009 1919 2085 ,iustificationsm
1965 2009 2059 2067 vel
2105 2008 2349 2084 respicit
2392 2007 2671 2083 specialia
2713 2025 2919 2083 opera;

295 2095 696 2170 alloquuntur
725 2096 882 2155 enim
914 2096 1115 2157 fideles
1146 2099 1342 2176 gratia
1372 2115 1513 2157 sane
1545 2102 1913 2173 praeventos.
1978 2096 2231 2156 Nomine
2269 2114 2408 2156 vero
2440 2097 2664 2173 gratiae
2695 2096 2921 2156 intelli-

294 2188 452 2260 gunt
483 2185 582 2243 vel
627 2185 881 2260 gratiam
904 2187 1369 2261 justificationis,
1421 2187 1517 2246 vel
1567 2188 1819 2264 gratiam
1865 2187 2217 2255 uberiorem,
2271 2203 2389 2261 quo
2435 2204 2612 2244 sensu
2658 2186 2754 2244 vel
2799 2185 2922 2262 ipse

292 2273 802 2349 Augustinus
846 2274 1073 2351 gratiae
1116 2295 1331 2335 nomen
1369 2293 1544 2352 saepe
1577 2276 1819 2335 adhibet
1853 2272 1937 2358 (n.
1974 2272 2138 2356 83²).
2203 2275 2283 2333 Cf.
2328 2275 2569 2333 Faure
2614 2275 2676 2332 in
2722 2278 2921 2335 annot.

293 2362 365 2419 ad
398 2363 732 2438 Augustini
763 2363 1149 2423 Euchiridion
1195 2384 1253 2423 n.
1289 2374 1361 2429 81
1404 2369 1466 2424 et
1496 2384 1694 2441 opusc.
1726 2364 1877 2435 XVI,
1921 2374 2075 2434 1123
2122 2364 2494 2423 Petavius
2540 2362 2613 2422 de
2660 2364 2779 2422 Deo
2824 2364 2920 2435 IX,

295 2461 333 2513 4
368 2468 469 2520 ss.,
503 2451 615 2526 qui
646 2451 971 2526 plurimum
1004 2453 1250 2513 luminis
1282 2454 1537 2513 affundit
1560 2458 1801 2529 patrum
1823 2471 2167 2531 graecorum
2186 2453 2520 2523 doctriuae3
2553 2452 2846 2512 Haber‘t
2874 2454 2921 2523 I,

296 2548 410 2607 24;
466 2539 621 2616 Ray
640 2541 942 2599 naudus
992 2543 1056 2601 in
1100 2543 1377 2619 apologia
1419 2559 1527 2618 pro
1574 2562 1619 2606 s.
1668 2543 1980 2602 Valeriano
2025 2559 2071 2601 c.
2109 2552 2145 2606 6
2180 2560 2275 2611 ss„
2329 2560 2508 2618 quam
2554 2543 2812 2616 reperies
2857 2543 2924 2601 in

292 2628 554 2706 Migne
587 2629 802 2706 patrol.
841 2639 943 2700 52,
981 2640 1104 2696 792
1140 2650 1250 2704 ss.;
1285 2632 1652 2692 Palmieri
1682 2632 1766 2692 th.
1805 2639 1906 2695 33.

474 2750 546 2816 8.
583 2753 677 2811 Ad
705 2773 828 2812 rem
862 2773 1003 2832 ergo
1034 2754 1366 2832 Ripalda
1410 2755 1562 2832 disp.
1599 2766 1675 2819 27
1713 2775 1755 2815 s.
1802 2768 1864 2818 ll
1910 2754 2234 2833 distinguit
2264 2754 2519 2833 duplicis
2549 2757 2784 2833 generis
2816 2776 2923 2814 au-

299 2841 435 2900 xilia
467 2842 982 2916 supernaturalia:
1030 2845 1161 2915 alia,
1210 2863 1362 2921 quae
1400 2849 1800 2905 conseruntur
1843 2847 1904 2903 et
1937 2846 2287 2922 junguntur
2318 2863 2456 2903 cum
2485 2844 2733 2920 objectis
2765 2864 2922 2905 mere

303 2930 697 3001 naturalibus,
745 2951 880 2990 cum
926 2934 1103 2992 homo
1148 2952 1309 2992 nunc
1356 2933 1436 2992 sit
1480 2934 1541 2991 in
1587 2933 1794 2993 ordine
1826 2933 2177 2993 elevationis
2223 2938 2285 2993 et
2329 2934 2424 2992 vel
2457 2933 2600 2998 ordo
2631 2933 2922 2993 naturalis

297 3038 428 3078 eum
453 3022 677 3093 juvare
708 3020 921 3080 debeat
968 3022 1042 3080 ad
1090 3024 1568 3098 consequendum
1616 3023 1792 3082 finem
1826 3023 2340 3098 supernaturalem
2375 3017 2473 3102 (cf.
2506 3042 2562 3086 n.
2601 3017 2740 3106 20):
2787 3023 2921 3095 alia,

290 3127 446 3184 quae
480 3112 628 3168 sunt
658 3114 926 3169 conserta
969 3117 1029 3169 et
1074 3112 1390 3188 conjuncta
1427 3131 1560 3171 cum
1594 3112 1935 3171 oeconomia
1966 3117 2208 3171 externa
2241 3112 2714 3189 supernaturalis
2746 3112 2922 3171 insti-

287 3198 575 3268 tutionis,
623 3201 695 3258 ut
739 3204 881 3257 sunt
928 3200 1017 3258 lex
1051 3203 1112 3259 et
1142 3200 1554 3277 Evangelium,
1602 3202 1696 3260 vel
1727 3220 1879 3277 quae
1911 3221 1945 3259 a
1977 3201 2096 3260 Deo
2127 3200 2467 3260 immediate
2499 3200 2923 3277 dispensantur

289 3286 420 3344 sine
454 3305 753 3346 concursu
786 3288 1000 3362 objecti
1032 3290 1280 3348 externi.
1330 3290 1521 3359 Quare
1554 3309 1686 3348 cum
1720 3293 1919 3365 patres
1943 3291 2171 3356 dicunt,
2207 3290 2570 3366 patriarchas
2601 3289 2753 3349 bene
2785 3309 2924 3350 usos

287 3394 420 3434 esse
469 3375 759 3435 beneficio
805 3380 1069 3449 naturae,
1115 3397 1237 3437 non
1282 3383 1593 3455 propterea
1636 3379 1964 3439 excludunt
2009 3380 2235 3455 gratiae
2267 3379 2489 3438 auxilia
2519 3379 2757 3438 interna
2788 3399 2919 3438 cum

286 3464 398 3524 hoc
428 3464 722 3524 beneficio
756 3470 1004 3525 naturae
1036 3470 1276 3527 externo
1323 3469 1617 3526 conserta:
1665 3468 1767 3527 sed
1814 3467 2164 3527 beneficium
2209 3474 2456 3528 naturae
2503 3469 2597 3526 vel
2644 3472 2924 3528 naturam

288 3555 610 3630 opponunt
640 3555 868 3631 gratiae
899 3558 1175 3615 externae
1218 3557 1365 3634 legis
1410 3556 1696 3616 mosaicae
1743 3557 1840 3616 vel
1884 3556 2207 3635 Evangelii.
2273 3557 2426 3616 Hinc
2466 3557 2570 3616 illa
2615 3558 2921 3617 distinctio

285 3642 554 3718 triplicis
587 3646 780 3702 status
812 3644 1054 3703 humani
1087 3647 1322 3722 generis
1355 3645 1483 3707 scil.
1514 3648 1708 3703 status
1740 3665 1781 3703 n
1801 3648 2106 3716 aturae,
2157 3648 2350 3704 status
2398 3647 2557 3723 legi
2578 3665 2605 3704 s
2637 3650 2699 3704 et
2729 3650 2921 3705 status

288 3734 636 3807 gratiae:
685 3732 943 3807 quinon
973 3732 1436 3810 distinguuntur
1467 3735 1664 3811 gratia
1693 3735 2039 3806 interna,
2087 3753 2240 3810 quae
2287 3735 2349 3793 in
2398 3735 2676 3794 omnibus
2722 3736 2919 3794 tribus

289 3822 422 3912 fuit,
458 3821 739 3896 quamvis
770 3840 893 3881 non
925 3823 1157 3899 aequali
1180 3842 1485 3882 mensura:
1517 3823 1617 3882 sed
1651 3823 1978 3883 secundum
2000 3824 2395 3883 oeconomiam
2428 3830 2488 3883 et
2517 3824 2771 3900 gratiam
2803 3844 2920 3884 ex-

281 3928 462 4002 tern
481 3930 613 3968 am.
659 3910 805 3969 Inde
837 3929 975 3969 vero
1007 3912 1333 3989 explicatur
1363 3913 1469 3970 illa
1499 3916 1734 3988 patrum
1766 3912 2139 3989 quorundam
2165 3913 2436 3988 alioquin
2467 3913 2616 3971 mira
2647 3914 2916 3984 asserti0,

280 3998 348 4091 id
384 3999 581 4057 fuisse
613 3998 898 4076 gentibus
931 4005 1223 4072 naturam,
1257 4001 1416 4077 quod
1442 4001 1677 4076 judaeis
1710 4002 1895 4061 fuerit
1923 4002 2037 4061 lex.

472 4133 575 4186 71.
608 4117 965 4189 Scholion
999 4121 1108 4208 II.
1164 4125 1404 4185 Juverit
1437 4125 1665 4204 aliquid
1698 4126 1917 4186 dixisse
1950 4128 2022 4186 de
2053 4127 2270 4186 celebri
2302 4130 2363 4185 et
2393 4127 2651 4185 bonitati
2684 4125 2920 4188 divinae

281 4212 432 4272 adeo
466 4212 758 4271 conformi
780 4214 1069 4274 axiomata
1088 4215 1349 4274 scholae:
1385 4216 1650 4274 Facienti
1677 4217 1830 4292 quod
1860 4223 1942 4274 ost
1971 4219 2035 4274 in
2065 4236 2140 4293 se,
2175 4217 2337 4275 Deus
2369 4235 2482 4274 non
2513 4217 2749 4292 deneyat
2776 4237 2916 4293 qra-

281 4304 447 4378 tiam,
485 4301 559 4360 de
592 4321 712 4378 quo
746 4303 832 4361 ita
861 4304 1273 4380 pronunciant
1289 4307 1688 4380 protestantes
1718 4305 1783 4364 in
1816 4306 1979 4366 artic.
2003 4305 2401 4364 Smalcaldicis
2426 4325 2482 4380 p.
2505 4314 2663 4368 318:
2702 4306 2917 4372 ‚Scho-

282 4391 635 4451 lasticorum
686 4392 992 4469 dogmata:
1041 4393 1338 4452 hominem
1387 4393 1603 4474 habere
1647 4394 1906 4453 liberum
1940 4394 2255 4453 arbitrium
2288 4394 2542 4453 faciendi
2587 4395 2812 4452 bonum
2859 4399 2920 4454 et

283 4480 609 4539 omittendi
642 4481 899 4552 malum;
933 4482 1074 4540 item
1108 4482 1157 4540 si
1174 4482 1353 4541 faciat
1372 4483 1561 4550 hom0,
1585 4485 1875 4559 quantum
1909 4484 1974 4541 in
2006 4502 2069 4542 se
2099 4487 2205 4552 est,
2242 4484 2428 4543 Deum
2449 4483 2659 4561 largiri
2681 4483 2733 4541 ei
2756 4489 2917 4543 certo

283 4587 453 4628 suam
487 4570 778 4646 gratiam3
812 4570 958 4628 talia
989 4575 1051 4629 et
1081 4570 1298 4636 similia
1328 4575 1606 4648 portenta
1637 4574 1767 4630 orta
1800 4575 1943 4631 sunt
1974 4592 2041 4632 ex
2073 4572 2312 4631 inscitia
2343 4573 2565 4649 peccati
2599 4576 2659 4632 et
2680 4573 2919 4644 Christi,

281 4663 549 4734 suntque
581 4677 743 4718 mere
775 4658 1012 4718 ethnica
1042 4655 1335 4736 dogmata,
1383 4680 1534 4737 quae
1566 4662 1819 4720 tolerare
1851 4680 1970 4720 non
2002 4680 2351 4737 possumus;
2399 4662 2450 4720 si
2496 4662 2655 4720 enim
2704 4681 2914 4736 appro-

278 4745 523 4816 bantur,
559 4745 833 4812 Christus
868 4748 1094 4808 fmstra
1125 4753 1399 4808 mortuus
1432 4753 1582 4808 est.⁴¹
1650 4750 1703 4807 N
1707 4752 1909 4808 otetur
1938 4750 2127 4826 igitur

503 4859 778 4916 Hui-ter,
818 4857 1072 4919 Compend.
1112 4859 1376 4914 theologiae
1413 4858 1496 4914 111,
1542 4860 1623 4905 11.
1664 4859 1735 4907 ed.
2566 4857 2596 4904 5
