3538 5364
594 273 722 339 256
1102 266 1288 320 Tract.
1318 266 1411 320 IX.
1440 267 1510 320 de
1537 265 1925 320 sacramentis.
1953 266 2033 319 De
2064 266 2383 320 intentione
2412 267 2682 322 ministri.

591 453 804 511 similis
837 452 996 511 inest
1027 453 1118 511 vis
1150 471 1218 511 ac
1248 452 1445 512 verbis
1466 454 1786 532 concionis,
1821 452 1960 512 inde
1979 453 2266 521 inferunt,
2301 454 2540 512 illorum
2562 453 2882 512 efficaciam
2914 472 3037 512 non
3068 474 3207 529 pen-

590 542 728 600 dere
759 541 833 599 ab
867 541 1198 601 intentione
1229 542 1507 612 ministri,
1542 543 1699 601 sicut
1729 561 1837 600 nec
1867 542 2182 602 verborum
2203 543 2560 619 significatio
2591 562 2626 601 a
2654 544 2961 618 loquentis
2995 543 3211 618 pendet

589 620 933 692 intentione.
959 694 960 699 ,
985 631 1091 689 Cui
1123 631 1326 699 errori,
1360 631 1494 689 aliis
1527 631 1895 708 argumentis
1924 632 2377 707 praetermissis,
2410 633 2783 709 opponimus,
2818 649 3058 691 necesse
3089 651 3209 690 esse

589 722 652 779 in
685 723 1187 779 sacramentorum
1209 720 1593 791 confectione,
1627 726 1698 779 ut
1727 720 1796 791 ie,
1829 721 1934 796 qui
1968 720 2167 779 eadem
2192 721 2587 787 administrat,
2623 724 2761 798 ngat
2791 724 3096 796 tamquam
3129 722 3209 779 le-

588 811 767 886 gatus
811 812 874 868 et
916 809 1192 867 minister
1235 809 1469 880 Christi,
1517 810 1768 885 ideoque
1799 810 2086 869 actionem
2122 813 2303 885 ponat
2347 830 2463 869 non
2510 810 2748 869 nomine
2796 828 2904 868 suo
2949 811 3208 885 proprie,

588 902 894 974 tamquam
913 898 1205 957 actionem
1227 917 1414 967 suam,
1448 899 1591 974 quia
1609 904 1754 958 tunc
1775 899 2038 975 profecto
2058 918 2179 958 non
2211 904 2304 957 est
2335 900 2806 958 sacramentalis:
2838 899 2939 958 sed
2973 899 3212 958 nomine

589 987 824 1058 Christi,
856 988 1210 1047 auctoritate
1231 988 1304 1046 ab
1325 1006 1394 1046 eo
1413 993 1667 1069 accepta,
1700 989 1994 1047 actionem
2029 988 2499 1047 ministerialem.
2541 989 2699 1047 Haec
2728 991 2927 1047 autem
2957 989 3212 1055 actionis

587 1076 988 1136 indifferentia
1017 1096 1136 1135 non
1169 1077 1410 1136 tollitur
1440 1077 1558 1136 nisi
1591 1077 1923 1136 voluntatis
1940 1082 2116 1147 nutu,
2150 1096 2270 1152 quo
2293 1078 2462 1136 homo
2485 1077 2687 1154 potius
2710 1096 2883 1154 agere
2903 1078 3041 1137 vult
3058 1082 3212 1136 tam-

589 1185 768 1243 quam
800 1165 1020 1224 Christi
1049 1167 1342 1235 minister,
1377 1186 1555 1242 quam
1588 1167 1943 1225 auctoritate
1973 1170 2035 1225 et
2068 1166 2350 1225 facultate
2381 1186 2488 1226 sua
2519 1167 2812 1225 naturali:
2859 1184 2996 1225 nam
3030 1167 3211 1225 alter-

589 1258 727 1313 utro
760 1254 935 1314 modo
967 1274 1141 1330 agere
1172 1258 1371 1330 potest
1401 1274 1506 1330 pro
1539 1256 1757 1316 lubitu.
1824 1255 2173 1330 Requiritur
2204 1274 2344 1333 ergo
2393 1257 2464 1314 ad
2512 1256 2862 1315 sacramenti
2894 1255 3212 1315 confectio-

588 1363 723 1404 nem
756 1345 895 1402 talis
925 1345 1187 1402 ministri
1219 1345 1495 1415 intentio,
1543 1364 1661 1421 qua
1700 1363 1764 1403 se
1812 1345 2063 1421 'subjicit
2115 1345 2502 1404 instrumenti
2536 1347 2725 1404 instar
2754 1345 2959 1422 agenti
2991 1345 3210 1418 princi·

589 1433 723 1509 pali.
785 1432 952 1502 Quod
985 1433 1166 1509 paulo
1200 1452 1369 1492 secus
1402 1433 1488 1492 ita
1518 1433 1811 1509 expressit
1841 1453 1886 1496 s,
1916 1434 2240 1493 Thomas
2277 1442 2312 1496 3
2348 1455 2402 1510 q.
2441 1444 2522 1498 64
2554 1455 2604 1498 a.
2640 1444 2674 1497 8
2710 1435 2782 1492 ad
2827 1446 2846 1496 l
2880 1457 2893 1494 ε
2931 1433 3211 1502 ²,Instru-

588 1525 857 1581 mentum
897 1523 1290 1581 inanimatum
1336 1541 1457 1581 non
1502 1522 1678 1580 habet
1721 1523 1981 1598 aliquam
2029 1524 2420 1582 intentionem
2469 1527 2743 1600 respectu
2790 1523 3053 1594 effectm,
3107 1523 3211 1582 sed

589 1613 716 1670 loco
736 1612 1089 1670 intentionis
1111 1614 1205 1670 est
1230 1616 1452 1681 motuS,
1486 1628 1604 1686 quo
1635 1615 1909 1671 movetur
1939 1633 1973 1671 a
2005 1613 2319 1688 principali
2339 1617 2584 1689 agente;
2619 1613 2721 1670 sed
2744 1612 3209 1672 instrumentum

587 1701 928 1770 animatum,
964 1701 1121 1760 sicut
1152 1701 1441 1771 minister,
1474 1720 1597 1760 non
1627 1701 1821 1760 solum
1842 1706 2132 1768 movetur,
2167 1702 2270 1760 sed
2303 1703 2484 1760 etiam
2516 1702 2772 1777 quodam
2804 1702 2980 1760 modo
3013 1707 3213 1760 movet

589 1789 868 1865 seipsum,
903 1790 1261 1865 inquantum
1294 1790 1605 1849 voluntate
1638 1809 1746 1849 sua
1776 1792 1976 1850 movet
2006 1791 2272 1849 membra
2317 1791 2390 1849 ad
2441 1791 2823 1866 operandum,
2856 1796 2919 1849 et
2950 1791 3082 1849 ideo
3117 1810 3210 1848 re-

588 1879 851 1953 quiritur
899 1880 1030 1954 ejus
1080 1879 1351 1947 intenti0‚
1401 1898 1519 1955 qua
1567 1898 1630 1938 se
1680 1879 1963 1955 subjiciat
2010 1879 2327 1955 principali
2380 1881 2597 1957 agenti,
2644 1883 2717 1939 ut
2762 1880 2888 1942 scil.
2936 1879 3213 1938 intendat

586 1968 794 2037 facere,
830 1967 989 2042 quod
1020 1968 1162 2027 facit
1201 1969 1471 2028 Christus
1504 1970 1567 2027 et
1596 1969 1927 2038 Ecclesia3‘
1962 1973 2023 2028 et
2056 1987 2100 2027 S.
2146 1970 2704 2028 Bonaventura
2748 1969 2968 2028 Brevil.
3001 1968 3099 2033 VI,
3141 1979 3208 2030 5:

590 2057 1008 2132 ,Dispensatio
1071 2061 1566 2117 sacramentorum
1613 2062 1703 2116 est
1765 2077 1916 2133 opus
1978 2058 2239 2116 hominis
2300 2061 2372 2116 ut
2433 2058 2763 2128 rationaliS,
2824 2062 2896 2117 ut
2945 2057 3210 2117 ministri

589 2146 809 2204 Christi
851 2150 912 2204 et
961 2150 1030 2204 ut
1078 2146 1340 2205 ministri
1391 2147 1632 2217 salutis;
1683 2147 1823 2205 hinc
1867 2151 1974 2218 est,
2022 2149 2178 2223 quod
2230 2165 2472 2207 necesse
2517 2150 2622 2215 est,
2672 2147 2833 2224 quod
2880 2147 2984 2206 fiat
3016 2166 3083 2206 ex
3116 2148 3214 2206 in-

587 2234 909 2294 tentione.‘

768 2377 914 2444 293.
947 2372 1016 2438 Si
1044 2392 1199 2439 vero
1232 2375 1576 2456 quaeritur,
1610 2392 1933 2455 quaenam
1967 2375 2331 2456 requiratur
2359 2381 2425 2438 et
2444 2372 2717 2438 sufficiat
2737 2373 3027 2450 intenti0,
3048 2374 3210 2437 dici-

587 2498 732 2543 mus
763 2499 894 2544 non
926 2481 1159 2562 requiri
1192 2479 1529 2557 actualem,
1581 2480 1695 2544 sed
1746 2479 2041 2546 sufficere
2091 2480 2553 2557 virtualem,
2600 2481 2729 2544 imo
2776 2481 2961 2562 juxta
3010 2480 3210 2545 Mar-

589 2585 846 2650 tinum
877 2586 951 2650 V.
983 2593 1101 2651 art.
1137 2593 1221 2657 22
1254 2606 1332 2651 ex
1366 2591 1469 2663 39,
1503 2586 1583 2651 de
1616 2586 1847 2669 quibus
1880 2605 2169 2651 errorum
2200 2585 2542 2652 Wicleff
2581 2594 2645 2653 et
2689 2587 2883 2651 Huss
2928 2589 3213 2669 suspecti

588 2696 1025 2776 interrogandi
1055 2702 1221 2771 sunt,
1252 2693 1697 2776 Eugenium
1728 2695 1830 2760 IV.
1863 2695 1932 2759 in
1962 2695 2138 2760 instr.
2172 2715 2292 2778 pro
2315 2696 2597 2760 armenis
2631 2696 2716 2782 (n.
2740 2702 2870 2765 280
2888 2695 2933 2782 ¹)
2968 2703 3033 2760 et
3051 2713 3212 2760 con-

588 2802 812 2872 cilium,
835 2801 1014 2865 trid.
1049 2804 1134 2888 (n.
1170 2804 1344 2888 292),
1378 2802 1685 2880 sufficere,
1731 2810 1805 2867 ut
1838 2804 1919 2867 sit
1951 2803 2181 2867 saltem
2226 2804 2496 2868 intentio
2545 2802 2818 2867 faciendi
2852 2802 3025 2885 quod
3055 2801 3211 2869 facit

587 2909 884 2973 Ecclesia.
935 2907 1079 2987 Qua
1110 2906 1381 2972 formula
1413 2908 1825 2990 significatur,
1859 2929 1994 2974 non
2025 2911 2265 2993 requiri
2295 2910 2718 2975 intentionem
2751 2909 3116 2990 explicitam
3149 2918 3217 2975 et

588 3017 954 3081 distinctam
988 3014 1216 3096 agendi
1248 3015 1507 3080 nomine
1539 3015 1653 3080 Dei
1704 3023 1768 3081 et
1804 3015 2039 3080 Christi
2072 3023 2136 3080 et
2166 3016 2537 3081 conferendi
2570 3024 3049 3081 sacramentum
3080 3017 3214 3081 for-

587 3124 839 3187 maliter
870 3140 1001 3203 qua
1032 3120 1253 3186 efficax
1287 3120 1563 3202 gratiae;
1610 3124 1723 3187 sed
1758 3122 2053 3188 sufficere
2099 3122 2467 3204 implicitam
2503 3129 2567 3189 et
2598 3124 2855 3205 quidem
2901 3124 2967 3187 in
3001 3124 3214 3189 inten-

589 3230 763 3294 tione
794 3229 989 3293 etiam
1023 3227 1315 3292 alterius:
1360 3227 1591 3293 sufficit
1622 3229 1812 3306 enim,
1845 3237 1915 3293 ut
1948 3228 2089 3312 quis
2120 3228 2273 3294 velit
2303 3247 2446 3294 sese
2478 3230 2543 3293 in
2576 3229 2682 3295 illo
2715 3238 2865 3294 actu
2909 3230 3215 3297 exhibere

585 3335 908 3400 Ecclesiae
939 3333 1332 3411 ministrum3
1366 3335 1640 3418 ideoque
1672 3337 1831 3401 satis
1864 3355 2026 3413 esse,
2060 3336 2113 3399 si
2150 3337 2234 3400 sit
2267 3342 2586 3418 concepta
2616 3337 2682 3400 in
2713 3337 2981 3402 confuso
3015 3343 3215 3418 etge-

587 3441 862 3507 neratim
894 3441 1184 3518 taciendi,
1218 3443 1389 3523 quod
1419 3441 1705 3507 Ecclesia
1754 3444 1889 3508 sive
1942 3442 2274 3507 christiani
2323 3444 2388 3507 in
2421 3443 2789 3525 hujusmodi
2838 3445 2965 3509 ritu
2998 3443 3220 3510 facere

587 3557 1074 3614 consueverunt.
1138 3547 1319 3614 Unde
1350 3550 1733 3631 intelligitur,
1768 3551 2102 3633 quomodo
2147 3550 2321 3627 fideS,
2357 3569 2397 3614 a
2428 3568 2558 3632 qua
2587 3557 2978 3631 potestatem
3009 3551 3219 3615 confi-

587 3656 796 3722 ciendi
826 3664 1235 3722 sacramenta
1257 3656 1797 3739 independentem
1818 3657 2090 3721 diximus
2114 3658 2198 3743 (n.
2222 3658 2397 3745 289),
2424 3676 2557 3721 non
2579 3657 2942 3739 requiratur
2960 3658 3221 3724 ratione

585 3764 993 3829 necessariae
1027 3763 1414 3828 intentionis.
1468 3764 1595 3827 Etsi
1645 3764 1816 3829 enim
1848 3764 2184 3845 baptizans
2216 3782 2312 3828 ex.
2345 3784 2432 3845 gr.
2466 3783 2586 3830 nec
2617 3765 2682 3827 in
2716 3762 3037 3829 Christum
3071 3783 3221 3830 cre-

587 3872 697 3948 dit,
729 3889 937 3953 neque
971 3870 1323 3935 efficaciam
1355 3871 1457 3934 vel
1490 3872 1903 3935 sanctitatem
1937 3872 2344 3947 sacramenti,
2376 3890 2586 3954 neque
2622 3872 2960 3937 veritatem
2992 3871 3221 3938 Eccle-

588 3978 722 4042 siae
755 3983 949 4060 atque
981 3977 1301 4059 religionis
1334 3978 1723 4043 christianae
1755 3979 2052 4056 admittit,
2085 3979 2436 4043 dummodo
2469 3980 2588 4043 scit
2608 3998 2755 4044 eum
2777 3980 2970 4044 ritum
2988 3980 3225 4045 haberi

587 4094 654 4150 et
684 4084 973 4149 adhiberi
1005 4091 1076 4148 ut
1108 4102 1365 4148 sacrum
1399 4102 1440 4147 a
1470 4084 1796 4165 religionis
1831 4085 2217 4150 christianae
2249 4086 2695 4163 sectatoribuS,
2718 4092 2933 4169 potest
2952 4087 3220 4162 habere,

589 4198 655 4257 et
670 4192 724 4256 si
744 4210 785 4255 a
803 4191 1171 4255 christianis
1190 4197 1455 4271 rogatus
1475 4191 1776 4272 baptizet,
1809 4192 2188 4274 plerumque
2209 4192 2475 4257 habebit
2494 4193 2916 4259 intentionem
2938 4193 3223 4258 faciendi

588 4301 782 4380 ritum
813 4316 943 4362 non
975 4316 1094 4361 sua
1127 4298 1402 4379 quidem,
1435 4297 1549 4363 sed
1583 4299 2084 4363 christianorum
2138 4299 2438 4381 opinione
2488 4318 2780 4374 sacrum3
2828 4319 2957 4384 qua
3004 4301 3221 4365 inten-

591 4407 767 4471 tione
799 4406 1135 4487 supposita
1160 4405 1296 4486 jam
1329 4424 1459 4469 non
1491 4405 1748 4486 proprio
1783 4406 1915 4486 agit
1948 4406 2225 4483 nomine,
2263 4407 2377 4470 sed
2410 4425 2480 4471 se
2503 4407 2765 4472 exhibet
2783 4407 3125 4483 Ecclesiae,
3148 4417 3223 4472 et

590 4513 738 4575 hinc
770 4510 1071 4593 implicite
1103 4513 1336 4577 Christi
1370 4515 1731 4578 ministrum
1780 4532 1979 4596 seque
2014 4512 2267 4579 Christo
2314 4514 2607 4579 ministro
2652 4514 2924 4597 principi
2972 4517 3221 4579 instru-

590 4621 785 4684 menti
821 4619 1026 4684 instar
1059 4620 1331 4702 subjicit.
1396 4620 1483 4684 Cf.
1518 4621 1867 4685 Thomas
1901 4622 1963 4684 in
1998 4629 2058 4689 4.
2093 4622 2147 4685 d.
2184 4629 2223 4691 6
2257 4642 2304 4685 s.
2347 4630 2375 4689 1
2415 4640 2470 4685 a.
2509 4626 2548 4690 3
2584 4621 2704 4704 qcl.
2741 4629 2797 4691 2.
2874 4619 2879 4624 ⁴
