3538 5364
602 263 688 327 70
888 254 1074 309 Tra-ct.
1107 254 1256 309 vm.
1284 255 1353 308 de
1382 253 1589 324 gratia..
1614 253 1818 309 'rhesis
1845 252 2240 309 CLXXXVIII.
2266 250 2675 308 Perseverandi
2699 251 2905 321 gratia.

597 442 664 501 et
692 435 796 517 pie
821 435 1120 518 justeque
1170 435 1531 500 viventibus
1578 435 1955 501 obedientia
2004 436 2437 513 subtrahatur,
2486 440 2560 500 ut
2591 432 2856 499 obedire
2887 433 3223 508 desistant,

597 542 766 607 male
799 543 1099 624 opinatur
1129 541 1209 606 de
1241 542 1355 606 Dei
1385 541 1678 607 bonitate
1712 548 1910 624 atque
1936 542 2238 624 justitia.‹
2309 540 2396 607 Cf.
2430 562 2489 606 n.
2523 545 2670 610 218.

780 681 877 735 76.
912 667 1258 736 Scholion
1291 669 1355 734 I.
1406 672 1575 741 Quod
1607 672 1660 731 si
1690 672 1873 748 aliqui
1898 678 2096 750 patres
2117 672 2401 732 videntur
2416 671 2726 740 affirmare,
2761 670 2935 729 Petro
2955 669 3220 729 defuisse

595 761 876 838 gratiam,
916 761 1062 819 scias
1095 776 1158 826 a.
1191 761 1485 837 ejusmodi
1516 761 1861 820 testimonia
1890 779 2013 821 non
2043 761 2238 820 favere
2261 760 2649 836 jansenianiS,
2683 778 2818 817 cum
2853 760 3066 817 Petrus
3097 778 3220 818 non

592 849 781 908 fuerit
800 850 1005 909 volens
1036 854 1096 908 et
1128 869 1364 920 conans,
1399 849 1472 909 de
1505 869 1623 926 quo
1656 851 1721 909 in
1751 851 1963 926 primis
1985 850 2113 928 agit
2132 869 2298 926 prop.
2319 850 2621 920 damnata3
2659 847 2871 907 deinde
2902 844 2973 910 b.
3008 866 3223 907 secun-

594 939 739 997 dum
782 938 887 997 hos
932 942 1130 1014 patres
1164 939 1339 998 Petro
1372 939 1566 998 defuit
1594 939 1749 999 forte
1780 940 1973 1017 gratia
2003 939 2271 1016 proxime
2304 939 2626 1011 sufficiens,
2674 956 2795 996 non
2841 955 2980 995 vero
3026 938 3223 1014 gratia

594 1028 895 1098 orationis,
943 1046 1077 1086 cum
1124 1027 1185 1086 id
1230 1028 1408 1086 nimis
1454 1033 1657 1105 aperte
1701 1028 2053 1088 adversetur
2097 1028 2295 1087 verbis
2329 1028 2548 1087 Christi
2593 1026 2917 1086 hortantis:
2981 1025 3226 1103 Viqilate

593 1123 644 1175 et
674 1125 853 1192 orate,
888 1125 951 1175 ut
982 1135 1097 1175 non
1128 1120 1354 1175 intretis
1384 1120 1447 1175 in
1477 1120 1841 1176 tentationem
1874 1115 2107 1197 (Matth.
2144 1128 2244 1188 26,
2281 1112 2409 1199 41).
2476 1116 2643 1186 Quod
2678 1116 2727 1173 si
2768 1129 2828 1179 c.
2862 1115 3091 1192 opinati
3122 1134 3217 1174 es-

592 1208 743 1275 sent,
790 1206 965 1265 Petro
997 1225 1233 1265 omnem
1263 1206 1526 1265 defuisse
1571 1207 1842 1284 gratiam,
1891 1206 2159 1266 nondum
2203 1206 2482 1265 obessent
2525 1205 2829 1264 doctrinae
2876 1204 3219 1274 catholicae,

594 1312 726 1353 cum
772 1297 1068 1365 censeant,
1116 1296 1305 1354 Deum
1352 1296 1683 1354 deseruisse
1716 1296 1959 1354 Petrum
1991 1295 2234 1354 nonnisi
2265 1297 2582 1372 postquam
2615 1294 2829 1351 Petrus
2875 1294 3074 1369 coepit
3118 1293 3220 1352 de·

595 1401 788 1442 serere
809 1384 1016 1453 Deum,
1050 1383 1408 1461 negligendo
1429 1384 1647 1442 Christi
1667 1385 1910 1456 monita,
1946 1385 2125 1443 nimis
2156 1384 2228 1442 de
2260 1402 2320 1443 se
2352 1382 2779 1461 praesumendo
2806 1400 2987 1458 seque
3007 1387 3224 1458 sponte

594 1472 937 1547 exponendo
969 1472 1253 1548 periculo,
1285 1475 1502 1548 rejecta
1531 1473 1722 1550 gratia
1753 1474 1969 1535 oblata.

774 1606 870 1660 77.
905 1591 1254 1661 Scholion
1288 1592 1392 1659 ῙῙ.
1428 1596 1595 1666 Quod
1627 1598 1846 1656 attinet
1874 1600 2205 1673 peccatores
2239 1597 2555 1667 fideles,
2590 1596 2813 1671 pariter
2842 1599 3070 1654 certum
3103 1600 3219 1665 est,

591 1684 780 1743 Deum
811 1685 1087 1744 omnibus
1120 1685 1263 1744 dare
1294 1685 1551 1762 gratiam
1584 1686 1847 1762 proxime
1878 1687 1973 1746 vel
2006 1690 2228 1745 remote
2252 1685 2642 1745 sufficientem
2676 1685 2750 1743 ad
2785 1685 3056 1744 salutem.
3089 1685 3221 1743 Hoc

588 1773 845 1849 probant
874 1778 1225 1851 argumenta
1255 1775 1443 1833 thesis
1476 1793 1597 1851 seq.
1627 1778 1689 1834 et
1718 1774 1981 1834 Ecclesia
2011 1776 2167 1834 clare
2198 1776 2370 1834 docet
2400 1775 2464 1833 in
2509 1792 2667 1836 conc.
2721 1775 2923 1832 later
2941 1776 3220 1832 anensi

590 1879 712 1938 cap.
747 1863 1090 1933 ,Firmiter-‘2
1138 1863 1245 1934 ‚Si
1290 1867 1427 1939 post
1457 1864 1893 1939 susceptionem
1924 1865 2208 1941 baptismi
2241 1864 2555 1940 quisquam
2591 1864 2905 1939 prolapsus
2938 1862 3122 1921 fuerit
3150 1863 3224 1921 in

590 1956 912 2028 peccatum,
946 1971 1052 2028 per
1082 1971 1281 2011 veram
1310 1956 1508 2028 potest
1540 1971 1841 2030 semper
1868 1954 2300 2030 poenitentiam
2330 1952 2663 2029 reparari3‘
2697 1957 2760 2011 et
2789 1952 2854 2010 in
2885 1969 3044 2010 conc.
3076 1955 3149 2010 tr
3167 1952 3219 2009 i-

591 2039 913 2100 dentino
945 2060 1085 2102 sess,
1122 2052 1156 2104 6
1193 2060 1317 2118 cap.
1358 2050 1434 2105 14
1467 2044 1529 2101 et
1560 2061 1696 2103 sess.
1738 2053 1816 2105 14
1850 2060 1974 2118 cap.
2017 2055 2037 2105 l
2064 2063 2078 2100 :
2133 2041 2461 2111 ‚Quoniam
2493 2043 2652 2100 Deus
2683 2041 2850 2099 dives
2883 2041 2947 2099 in
2979 2040 3222 2099 miseri-

591 2129 789 2187 cordia
822 2132 1101 2206 cognovit
1130 2131 1481 2208 figmentum
1512 2133 1802 2200 nostrum,
1853 2132 1978 2190 illis
2024 2132 2201 2191 etiam
2235 2132 2390 2190 vitae
2423 2130 2749 2189 remedium
2782 2129 3059 2200 contulit,
3107 2130 3218 2204 qui

592 2235 720 2276 sese
746 2222 955 2293 postea
985 2219 1048 2278 in
1081 2220 1304 2295 peccati
1336 2221 1686 2279 servitutem
1719 2222 1784 2279 et
1814 2220 2116 2279 daemonis
2148 2223 2508 2296 potestatem
2541 2219 2987 2278 tradidissentff
3061 2222 3221 2279 Sane

590 2326 694 2382 pro
726 2308 816 2366 his
848 2308 911 2366 in
944 2308 1155 2383 primis
1187 2309 1458 2369 instituit
1490 2309 1761 2369 Christus
1795 2310 2201 2385 poenitentiae
2237 2312 2685 2367 sacramentum.

771 2432 872 2497 78.
906 2429 1451 2498 Demonstratio
1483 2449 1555 2515 p.
1590 2429 1692 2498 ΙΙ.
1753 2427 1976 2493 Justos
2027 2447 2252 2493 omnes
2285 2429 2578 2510 accipere
2609 2428 2885 2509 gratiam
2917 2426 2999 2490 ad
3031 2447 3072 2507 p
3094 2446 3220 2491 er·

588 2550 825 2599 sever
844 2535 1138 2599 andum
1185 2543 1434 2601 remote
1482 2535 1584 2599 vel
1632 2534 1925 2616 proxime
1978 2553 2129 2600 vere
2179 2533 2615 2611 sufficientem,
2663 2542 2736 2598 ut
2778 2534 3220 2615 peremptorie

588 2639 778 2706 docet
822 2659 1001 2708 conc.
1048 2642 1499 2707 arausicanum
1544 2658 1683 2706 can.
1717 2644 1804 2711 25
1839 2641 1924 2730 (n.
1961 2642 2126 2730 75²),
2171 2641 2485 2723 colligitur
2532 2641 2597 2709 1.
2645 2639 2966 2706 corollarii
2995 2639 3215 2706 modo.

587 2747 753 2812 Nam
783 2750 1263 2830 perseverantia
1296 2751 1524 2825 activa,
1558 2769 1725 2832 quae
1758 2769 1840 2816 ex
1870 2755 2054 2832 parte
2079 2750 2236 2832 justi
2263 2750 2623 2832 requiritur,
2656 2750 3020 2814 continetur
3040 2748 3214 2812 fideli

587 2854 1041 2919 observatione
1084 2862 1577 2938 praeceptorum
1625 2856 2005 2922 divinorum.
2067 2857 2262 2938 Atqui
2307 2874 2388 2920 ex
2418 2855 2603 2919 dictis
2648 2856 2855 2936 gratia
2886 2854 3213 2919 sufficiens

587 2961 883 3025 omnibus
916 2961 1105 3025 datur
1128 2961 1314 3042 justis
1349 2962 1431 3026 ad
1462 2963 1629 3026 haec
1662 2962 2088 3028 observanda.

763 3069 826 3136 2.
860 3067 1061 3132 Docet
1091 3087 1138 3130 s.
1173 3066 1402 3132 Petrus
1435 3074 1493 3137 2.
1531 3088 1627 3151 ep.
1669 3076 1721 3147 1,
1758 3075 1876 3140 10:
1938 3069 2359 3153 Quapropter,
2389 3068 2653 3153 fratres,
2685 3070 2889 3153 maqis
2920 3071 3208 3152 sataqite,

585 3180 654 3235 ut
678 3193 798 3257 per
829 3175 991 3238 bona
1021 3195 1214 3258 opera
1245 3183 1474 3239 certam
1520 3184 1788 3242 vestram
1820 3179 2199 3242 vocationem
2230 3183 2287 3239 et
2319 3175 2666 3240 electionem
2684 3177 2993 3255 faciatis:
3038 3193 3214 3257 quae

587 3279 950 3344 exhortatio
982 3298 1114 3344 non
1146 3280 1434 3361 dirigitur
1482 3283 1566 3346 ad
1615 3284 1791 3349 solos
1840 3282 2373 3365 praedestinatOS,
2420 3281 2535 3346 sed
2585 3281 2669 3345 ad
2701 3300 2926 3347 omnes
2958 3281 3211 3358 fratreS,

584 3384 733 3448 hinc
765 3385 847 3448 ad
880 3404 1153 3451 omnes
1198 3388 1427 3453 saltem
1464 3390 1690 3471 justos.
1724 3390 1922 3472 Atqui
1954 3408 2034 3455 ea
2065 3389 2350 3453 irrisoria
2380 3387 2565 3464 foret,
2599 3389 2653 3450 si
2683 3388 2785 3452 vel
2815 3389 2952 3452 uni
2997 3389 3211 3470 justo-

583 3509 727 3554 rum
757 3491 1242 3559 subtraheretur
1275 3497 1483 3577 gratia
1515 3495 1597 3559 ad
1647 3496 2228 3577 perseverandum3
2283 3503 2434 3560 tunc
2485 3495 2657 3559 enim
2705 3513 2838 3559 non
2868 3501 3089 3576 posset
3121 3495 3211 3559 illi

586 3597 853 3681 obsequi
884 3606 1253 3684 certamque
1283 3602 1493 3667 facere
1527 3621 1713 3667 suam
1752 3604 2152 3669 electionem.

764 3708 826 3775 3.
860 3703 927 3770 Si
961 3708 1101 3789 quis
1127 3707 1338 3788 justus
1370 3715 1620 3772 careret
1665 3708 1905 3772 auxilio
1954 3708 2037 3772 ad
2080 3707 2640 3789 perseverandum,
2689 3709 3214 3789 perseverantiae

585 3810 868 3877 defectus
902 3821 1062 3879 teste
1094 3814 1194 3879 vel
1239 3814 1705 3895 Augustino
1751 3815 1831 3878 de
1864 3833 2025 3879 corr.
2061 3821 2124 3878 et
2155 3835 2241 3895 gr.
2275 3832 2327 3877 c.
2367 3819 2443 3882 11
2480 3814 2540 3880 ei
2584 3833 2717 3879 non
2746 3821 2968 3895 posset
2997 3814 3208 3896 impu-

584 3919 725 3983 tari.
770 3920 968 4003 Atqui
999 3922 1379 4003 imputatur:
1427 3940 1581 3985 nam
1613 3923 1668 3985 si
1699 3941 1833 3986 non
1865 3928 2255 4003 perseverat,
2289 3921 2716 3985 damnabitur.
2780 3921 3019 3985 Habuit
3050 3939 3208 4000 ergo

585 4025 855 4106 gratiam
887 4027 971 4091 ad
1001 4028 1565 4108 perseverandum.
1629 4028 1763 4092 Etsi
1809 4047 1962 4094 vero
1997 4028 2080 4092 ad
2112 4026 2660 4110 perseverantiam
2710 4027 3026 4108 complete
3056 4046 3208 4108 spe-

584 4138 828 4196 ctatam
859 4133 1162 4215 specialia
1195 4134 1309 4200 Dei
1340 4134 1652 4199 beneficia
1682 4135 2093 4217 requiruntur
2125 4135 2209 4221 (n.
2243 4135 2377 4221 41),
2407 4135 2572 4199 haec
2591 4142 2810 4198 tamen
2830 4134 2983 4198 nulli
2997 4135 3210 4216 justo-

583 4258 726 4302 rum
758 4239 849 4303 ita
881 4239 1201 4321 denegari,
1238 4248 1308 4304 ut
1341 4248 1667 4324 nequeant
1700 4242 2048 4323 impetrari,
2081 4241 2319 4306 ibidem
2351 4259 2606 4322 quoque
2640 4241 3053 4307 ostendimus,

767 4387 867 4450 79.
902 4385 1156 4452 'rhesis
1192 4384 1661 4454 CLXXXIX.
1712 4405 2051 4459 Omnibus
2102 4405 2501 4458 hominibus
2534 4406 2824 4470 adultis,
2850 4406 3066 4458 etiam
3093 4406 3209 4458 in-

578 4490 928 4557 fidelibus,
979 4496 1196 4548 datur
1220 4496 1459 4559 qratia
1491 4495 1822 4561 promime
1873 4493 1981 4546 vel
2031 4498 2291 4547 remote
2342 4496 2441 4548 ad
2490 4495 2789 4547 salutem
2831 4493 3206 4557 sufficiens-

768 4613 1206 4683 Declaratio.
1275 4621 1575 4680 Statuitur
1605 4620 1790 4679 thesis
1823 4623 2028 4678 contra
2059 4637 2090 4676 c
2106 4620 2173 4677 al
2194 4618 2266 4677 vi
2283 4639 2323 4677 n
2342 4620 2359 4675 i
2376 4641 2409 4677 a
2425 4638 2464 4677 n
2481 4638 2514 4678 o
2532 4637 2560 4677 s
2592 4622 2652 4678 et
2686 4619 2708 4694 j
2730 4639 2817 4677 an
2834 4637 2860 4677 s
2880 4639 2910 4677 e
2926 4619 3052 4676 nia
3068 4638 3110 4677 n
3125 4638 3158 4677 o
3178 4638 3205 4677 s

585 4724 770 4780 eaque
816 4711 909 4765 est
953 4708 1114 4766 inter
1143 4709 1453 4784 theologos
1500 4713 1674 4780 certa,
1726 4709 1824 4767 cui
1872 4708 2032 4767 favet
2063 4708 2336 4779 Ecclesia,
2389 4727 2525 4766 cum
2575 4708 3017 4766 Alexander
3048 4707 3203 4766 VIII.
