3538 5364
504 200 635 272 608
876 199 1061 254 Tract.
1088 200 1157 254 X.
1182 199 1252 253 de
1278 198 1395 254 Deo
1423 202 1901 255 consummatore.
1928 196 2127 251 Thesis
2155 196 2409 253 CCLXX.
2436 198 2501 252 In
2529 197 2755 254 inferno

505 380 703 464 Atqui
732 398 984 462 poenae
1015 378 1243 446 inferni
1274 378 1406 446 fere
1436 399 1693 462 semper
1720 380 2043 445 vocabulo
2075 380 2290 461 ignis
2341 378 2788 461 designantur:
2834 397 2957 445 nec
3000 377 3129 444 ulla

504 486 832 555 sufficiens
863 486 1034 552 ratio
1064 486 1246 552 reddi
1275 493 1506 568 potest,
1539 494 1806 569 propter
1838 504 2034 571 quam
2063 486 2482 569 relinquenda
2531 486 2615 551 sit
2658 486 2926 568 propria
2954 486 3128 552 vocis

506 594 905 675 significatiO,
951 594 1081 658 imo
1130 595 1348 658 omnia
1393 595 1686 673 suadent,
1734 601 1807 660 ut
1850 613 1931 660 ea
1980 595 2350 659 retineatur.
2415 593 2661 660 Suadet
2692 616 2759 664 a.
2794 596 2932 678 ejus
2963 595 3127 661 adeo

505 700 808 783 frequens
838 684 1161 783 repetiti0,
1187 708 1260 765 ut
1290 701 1502 768 desint
1530 701 1748 780 verba,
1783 701 2014 784 quibus
2046 701 2259 783 aptius
2309 719 2505 768 verus
2553 702 2921 784 daeignetur
2951 702 3128 783 igniS.

504 806 753 874 Suadet
782 810 854 879 b.
889 808 1063 891 quod
1094 808 1160 872 in
1192 810 1368 872 omni
1397 809 1703 892 loquendi
1733 828 1969 891 genere
2001 808 2297 886 occurrit,
2329 810 2412 873 in
2439 828 2481 891 p
2500 809 2779 874 cetico
2824 808 2974 884 scil,
3019 806 3129 874 fa-

505 915 833 993 miliari,
867 915 1368 996 dogmatice,
1400 916 1834 996 histofricO,
1876 916 2289 999 judiciali.
2351 916 2659 982 Homines
2690 921 2910 980 autem
2940 915 3023 980 de
3052 914 3131 978 iis

506 1022 720 1099 rebus,
754 1040 917 1105 quas
948 1021 1204 1104 proprie
1235 1022 1592 1103 significare
1622 1029 1912 1105 possunt,
1944 1042 2077 1088 non
2113 1023 2326 1088 solent
2376 1042 2460 1088 se
2478 1042 2600 1105 mp
2620 1041 2703 1088 er
2734 1029 2798 1087 et
2829 1021 3131 1105 ubique

506 1129 947 1212 metaphorice
995 1128 1188 1211 loqui.
1253 1128 1498 1195 Suadet
1545 1150 1607 1201 c.
1658 1131 1832 1213 quod
1879 1149 2213 1214 nunquam
2271 1129 2437 1196 haec
2487 1129 2869 1213 metaphora
2930 1128 3131 1219 expli-

506 1228 723 1302 catur:
771 1234 975 1300 Unica
1004 1234 1159 1299 vero
1191 1237 1358 1301 ratio
1391 1239 1457 1308 d.
1491 1237 1838 1303 recedendi
1885 1255 1927 1301 a
1974 1256 2170 1303 sensu
2218 1237 2480 1318 proprio
2513 1240 2613 1300 est
2656 1233 3133 1299 difficultas

508 1342 869 1435 explicandi
918 1342 1200 1420 modum,
1252 1363 1380 1426 quo
1430 1344 1592 1425 ignis
1644 1350 1953 1426 torqueat
2001 1342 2295 1427 spiritus:
2345 1361 2543 1426 quam
2591 1360 2741 1407 non.
2774 1343 2941 1407 tanti
2989 1361 3132 1408 esse

506 1449 885 1527 faciendam,
933 1470 1081 1516 cum
1126 1451 1334 1531 agitur
1377 1452 1458 1517 de
1489 1451 1867 1516 veritatibus
1913 1450 2231 1527 revelatiS,
2276 1449 2649 1515 inductione
2680 1448 2811 1515 fere
2843 1449 3130 1514 omnium

509 1556 884 1637 dogmatum
914 1558 1127 1640 liquet
1160 1557 1383 1642 Neque
1414 1558 1713 1640 excipiaS,
1744 1575 1992 1639 poenas
2023 1555 2252 1622 inferni
2283 1556 2605 1637 designari
2642 1557 2835 1622 etiam
2867 1556 3130 1621 nomine

508 1665 842 1741 vermiS,
904 1667 1013 1747 qui
1057 1670 1231 1731 certe
1293 1664 1735 1747 metaphorice
1815 1670 1914 1729 est
1973 1663 2433 1745 intelligendus.
2517 1663 2881 1728 Memineris
2944 1662 3131 1738 enim,

508 1769 834 1835 Christum
865 1791 1021 1837 uno
1054 1778 1308 1837 tantum
1338 1773 1403 1836 in
1435 1790 1735 1836 sermone
1769 1770 1962 1836 Marc.
1980 1775 2041 1848 9,
2056 1775 2143 1839 43
2164 1790 2245 1835 ss.
2278 1770 2373 1835 uti
2402 1789 2563 1836 voce
2595 1771 2917 1848 vermiS,
2950 1768 3131 1833 ideo-

510 1896 635 1959 que
665 1878 881 1944 licebit
929 1898 1077 1944 eam
1108 1880 1400 1961 accipere
1446 1879 1920 1959 metaphorice3
1971 1877 2361 1943 vocabulum
2410 1896 2565 1944 vero
2615 1879 2782 1963 iynis
2828 1877 3134 1959 ubique

509 1987 807 2063 occurrit,
841 1992 1233 2069 quapropter
1264 1985 1700 2067 metaphorice
1733 2004 1865 2050 non
1897 1985 2091 2051 debet
2123 1985 2344 2067 accipi,
2395 1985 2519 2049 nisi
2550 1985 2614 2049 id
2646 1985 2947 2066 gravibus
2978 2002 3132 2066 pro-

511 2090 701 2156 betur
729 2093 1105 2158 rationibus.
1139 2090 1325 2172 Quod
1356 2093 1411 2155 si
1443 2092 1709 2157 dubium
1743 2092 2038 2174 supersit,
2071 2092 2135 2155 id
2168 2092 2636 2157 traditione
2668 2091 2998 2173 exegetica
3017 2109 3134 2156 ex-

507 2198 803 2265 cluditur.
854 2199 1052 2281 Atqui
1081 2199 1318 2264 vermis
1352 2217 1392 2262 a
1421 2199 1646 2281 paucis
1677 2199 1934 2282 proprie
1967 2199 2293 2281 accipitur,
2325 2199 2487 2280 ignis
2520 2217 2676 2264 vero
2708 2197 2839 2263 fere
2872 2198 2955 2262 ab
2989 2216 3132 2262 om-

507 2305 716 2385 nibuS,
750 2313 813 2372 et
846 2325 886 2393 a
916 2302 1172 2372 nemine
1203 2305 1579 2387 significatio
1612 2306 1875 2389 propria
1905 2306 2141 2371 diserte
2175 2306 2545 2371 excluditur.

687 2432 750 2501 2.
783 2430 1108 2496 Probatur
1139 2451 1225 2513 sp
1244 2431 1583 2495 eciatim
1615 2450 1693 2495 ex
1710 2430 1933 2495 Matth.
1950 2435 2054 2509 25,
2074 2435 2194 2499 41:
2228 2430 2540 2495 Discedite
2572 2454 2614 2496 a
2643 2451 2760 2516 me,
2791 2431 3132 2515 maledicti,

506 2539 575 2601 in
606 2539 807 2620 iqnem
841 2544 1181 2623 aeternum,
1222 2538 1340 2621 qui
1376 2546 1657 2621 paratus
1701 2547 1789 2602 est
1833 2538 2081 2602 diabolo
2127 2545 2182 2601 et
2216 2538 2451 2623 anqelis
2481 2538 2649 2621 ejus:
2693 2555 2823 2619 quo
2874 2537 2938 2601 in
2984 2537 3131 2601 loco

508 2644 669 2725 ignis
703 2638 1039 2712 exhibetur
1070 2666 1131 2714 a.
1166 2644 1492 2722 terminuS,
1540 2644 1624 2710 ad
1670 2664 1862 2729 quem
1895 2645 2188 2711 damnati
2237 2645 2602 2722 discedant;
2649 2644 2880 2710 dicitur
2910 2646 2980 2714 b.
3012 2663 3132 2727 pa-

507 2759 688 2818 ratus
720 2772 759 2816 a
791 2753 941 2831 Dec,
994 2760 1058 2819 et
1089 2752 1348 2835 quidem
1379 2772 1443 2822 c.
1480 2752 1740 2818 diabolo
1789 2760 1854 2818 et
1898 2753 2146 2835 angelis
2193 2753 2348 2836 ejuS,
2393 2752 2607 2835 illique
2639 2755 2711 2822 d.
2745 2753 3138 2818 addicuntur

506 2859 796 2923 damnati
826 2861 889 2924 vi
919 2861 1279 2925 sententiae
1310 2861 1623 2942 positivae
1650 2860 1883 2943 judicis
1917 2863 2192 2928 aeterni:
2240 2879 2407 2945 quae
2437 2862 2647 2926 minus
2680 2868 2830 2943 apte
2861 2861 2942 2925 de
2973 2877 3130 2924 con-

510 2966 818 3030 scientiae
849 2967 1120 3030 stimulis
1153 2967 1361 3049 deque
1391 2985 1610 3033 verme
1643 2968 2112 3049 desperationis
2145 2968 2457 3034 dicuntur.

687 3095 833 3160 653.
869 3091 932 3161 3.
964 3090 1286 3155 Probatur
1318 3091 1490 3156 clare
1523 3110 1601 3156 ex
1633 3112 1673 3173 p
1692 3092 2035 3171 atribuS,
2068 3094 2177 3175 qui
2208 3112 2343 3157 non
2376 3094 2584 3158 solum
2624 3111 2812 3158 suam
2829 3093 3134 3175 loquendi

508 3198 827 3263 rationem
860 3198 942 3261 ad
974 3218 1022 3260 s,
1056 3196 1452 3279 Scripturam
1483 3199 1760 3279 exigunt,
1794 3199 1943 3264 hinc
1976 3199 2058 3263 ad
2092 3218 2350 3264 omnem
2383 3200 2685 3282 paginam
2717 3199 2945 3265 inferni
2972 3218 3132 3282 poe-

509 3322 630 3368 nas
661 3304 821 3384 ignis
841 3304 1100 3370 nomine
1119 3304 1475 3385 designant,
1507 3322 1733 3369 verum
1753 3304 2070 3387 ejusmodi
2105 3306 2352 3370 addunt
2381 3307 2680 3389 apposita
2698 3308 3133 3388 comparatio-

511 3429 772 3493 nesque,
806 3428 972 3493 quae
1003 3411 1454 3493 metaphoram
1487 3429 1746 3476 omnem
1777 3412 1862 3476 ab
1896 3411 2004 3476 illo
2038 3411 2399 3478 excludant

688 3534 859 3601 Sane
882 3547 954 3604 a.
988 3539 1231 3620 passim
1263 3545 1595 3621 tamquam
1628 3539 1860 3602 mirum
1894 3540 2045 3620 quid
2078 3539 2421 3618 affirmant,
2443 3541 2656 3622 ignem
2676 3540 2856 3605 illum
2875 3542 3133 3624 quidem

508 3662 712 3721 urere,
762 3662 895 3708 non
940 3664 1093 3710 vero
1144 3646 1376 3724 lucere,
1409 3653 1479 3709 ut
1510 3666 1558 3709 s.
1592 3645 1959 3710 Basilius
1994 3647 2321 3728 explicans
2352 3647 2553 3713 verba
2601 3647 2701 3711 Ps.
2737 3654 2840 3725 28,
2877 3654 2946 3716 7:
3003 3647 3135 3711 Vox

514 3752 769 3815 Domini
798 3753 1222 3816 intercidentis
1248 3754 1575 3835 flammam
1609 3754 1776 3837 iynis
1806 3772 1866 3817 n.
1901 3759 1976 3822 6:

691 3882 901 3950 ,Certe
933 3884 1124 3941 multo
1157 3883 1565 3941 admirabilius
1608 3886 1702 3942 est
1746 3883 1905 3961 ignis
1950 3885 2224 3943 naturam
2258 3884 2551 3956 intercidi,
2599 3903 2779 3961 quam
2818 3903 2981 3943 mare
3028 3903 3134 3943 ru-

508 3967 683 4029 brum
716 3971 781 4029 in
811 3975 1012 4047 partes
1043 3970 1251 4030 dividi.
1316 3973 1599 4031 Attamen
1632 3973 1871 4031 Domini
1913 3991 2026 4033 vox
2059 3972 2261 4050 ignem
2293 3975 2503 4050 suapte
2532 3978 2749 4033 natura
2778 3972 3135 4033 continuum

512 4077 580 4118 ac
624 4060 743 4119 sibi
786 4060 1197 4119 cohaerentem
1227 4060 1550 4120 intercidit.
1615 4061 1985 4137 Quamquam
2018 4062 2212 4139 igitur
2242 4063 2401 4140 ignis
2433 4063 2697 4122 consiliis
2727 4063 3007 4121 humanis
3043 4062 3135 4121 in·

510 4148 781 4207 secabilis
827 4167 892 4208 ac
937 4149 1288 4208 individuus
1335 4148 1574 4208 videtur
1617 4168 1764 4220 esse,
1812 4152 2204 4210 nihilominus
2237 4154 2440 4210 tamen
2472 4152 2710 4211 Domini
2733 4152 2917 4227 jussu
2946 4151 3135 4210 inter-

510 4237 731 4297 ciditur
761 4240 942 4314 atque
972 4238 1280 4300 dividitur.
1346 4240 1554 4316 Ignem
1589 4243 1809 4310 autem,
1856 4240 1964 4316 qui
1996 4240 2230 4298 diabolo
2278 4242 2340 4298 et
2382 4241 2612 4318 angelis
2644 4241 2775 4316 ejus
2807 4241 2872 4299 in
2903 4241 3135 4317 suppli-

509 4325 669 4384 cium
698 4331 940 4402 paratus
973 4332 1083 4400 est,
1117 4346 1259 4387 voce
1290 4328 1527 4386 Domini
1558 4329 1834 4388 intercidi
1866 4348 2016 4400 reor,
2065 4333 2137 4388 ut
2180 4346 2312 4388 cum
2347 4329 2500 4390 duae
2532 4330 2656 4389 sint
2684 4330 2749 4389 in
2780 4329 2919 4408 igne
2950 4329 3136 4390 facul-

509 4417 684 4487 tates,
731 4436 985 4492 quarum
1033 4436 1153 4476 una
1196 4417 1511 4489 comburit,
1563 4418 1752 4477 altera
1795 4418 2075 4489 illustrat,
2126 4417 2287 4495 ignis
2333 4420 2576 4495 quidem
2620 4419 2908 4494 asperitas
2953 4421 3135 4493 atque

511 4504 832 4580 torquendi
853 4507 1183 4583 proprietas
1203 4507 1296 4578 iis,
1332 4507 1437 4583 qui
1457 4505 1774 4566 adustione
1794 4506 1959 4583 digni
1979 4509 2139 4576 sunt,
2176 4511 2476 4567 servetur:
2509 4508 2674 4567 illius
2694 4525 2831 4567 vero
2853 4507 3137 4583 splendor

514 4593 575 4651 et
617 4594 854 4653 claritas
899 4595 974 4653 ad
1018 4595 1382 4655 hilaritatem
1427 4614 1648 4668 eorum,
1703 4596 1808 4670 qui
1860 4597 2074 4654 laetam
2125 4614 2191 4653 ac
2236 4595 2470 4655 beatam
2514 4597 2699 4655 vitam
2746 4596 2939 4654 acturi
2972 4600 3134 4668 sunt,

514 4681 863 4745 destinetur.
912 4683 1034 4743 Vox
1067 4684 1256 4761 igitur
1287 4685 1528 4744 Domini
1557 4685 1972 4745 intercidentis
2003 4702 2069 4743 ac
2102 4685 2425 4745 dividentis
2458 4687 2748 4745 flammam
2780 4685 2958 4763 ignis,
2990 4686 3134 4745 adeo
