3538 5364
959 298 1256 351 nunquam
1283 284 1393 335 rite
1421 279 1716 351 dispositis
1744 278 1969 333 veniam
1998 280 2326 351 denegavit.
2824 294 2956 358 433

517 467 580 536 1.
617 486 694 531 ex
727 462 1169 528 controversia
1199 481 1347 527 cum
1379 461 1791 525 montanistis
1825 470 1890 525 et
1908 462 2291 539 novatianis
2314 463 2421 544 qui
2440 482 2556 544 pro
2577 482 2698 528 suo
2720 466 2958 530 tuendo

339 592 579 650 errore,
612 591 739 656 quo
760 570 1086 636 Ecclesiae
1118 568 1526 650 denegabant
1548 569 1655 650 jus
1688 569 1882 634 certis
1912 568 2295 651 quibusdam
2326 569 2696 635 criminibus
2728 590 2961 639 conce-

337 681 589 746 dendae
622 678 866 752 veniae,
900 697 1031 742 non
1062 675 1507 758 provocabant
1540 675 1621 739 ad
1654 676 1824 740 hanc
1856 676 2123 756 praxim,
2173 683 2242 740 ut
2274 677 2672 758 supponitur,
2705 680 2961 743 univer-

337 788 539 851 salem
573 793 637 851 et
669 784 1002 867 apostolici
1037 783 1166 849 sere
1199 784 1360 859 aevi,
1394 783 1568 865 quod
1599 790 1776 847 certo
1809 802 1942 846 non
1974 782 2366 858 omisissent,
2414 801 2559 848 cum
2591 802 2671 849 ea
2702 786 2960 851 validis-

339 894 500 959 sime
533 910 721 957 suam
752 891 1111 955 doctrinam
1145 890 1246 955 vel
1279 889 1508 954 saltem
1541 890 1945 971 disciplinam
1976 890 2143 955 tueri
2176 889 2576 972 potuissent:
2610 892 2958 958 immerito-

337 1019 463 1085 que
495 999 783 1064 accusati
816 998 1081 1063 fuissent
1110 996 1616 1072 inhumanitatiS,
1665 998 1720 1060 si
1754 1015 1979 1061 eorum
2010 997 2228 1078 praxis
2280 1014 2588 1078 expressa
2621 997 2847 1064 fuisset
2879 1000 2961 1064 ad

338 1108 588 1190 praxim
618 1106 995 1187 antiquioris
1030 1104 1370 1169 Ecclesiae.
1434 1103 1533 1167 Ad
1565 1122 1702 1167 rem
1736 1104 1815 1168 de
1848 1104 2348 1167 novatianorum
2391 1103 2739 1169 schismate
2771 1105 2962 1171 refert

338 1213 748 1280 Eusebius
780 1212 850 1275 H.
885 1211 947 1274 E.
983 1211 1082 1287 Vl,
1117 1215 1239 1279 43:
1310 1207 1446 1284 ,Ob
1481 1228 1676 1293 quam
1709 1229 1864 1286 rem,
1910 1228 2055 1274 cum
2089 1210 2336 1276 Romae
2369 1219 2759 1293 congregata
2791 1219 2964 1278 esset

339 1321 643 1405 synoduS,
677 1320 742 1383 in
776 1337 904 1402 qua
937 1319 1271 1399 sexaginta
1306 1318 1568 1400 quidem
1601 1318 1904 1399 episcopi,
1947 1317 2312 1400 presbyteri
2345 1337 2497 1383 vero
2517 1318 2718 1383 multo
2751 1318 2962 1400 plures

338 1434 799 1502 convenerunt,
831 1444 1105 1508 cumque
1137 1425 1200 1488 in
1232 1425 1578 1506 provinciis
1613 1424 1947 1501 antistiteS,
1995 1423 2147 1506 quid
2196 1423 2515 1505 agendum
2561 1432 2747 1501 esset,
2783 1444 2964 1490 seor-

338 1535 462 1599 sim
495 1531 988 1607 consultassent,
1020 1532 1385 1613 bujusmodi
1418 1531 1750 1597 decretum
1785 1550 1825 1594 a
1858 1531 2104 1596 cunctis
2136 1531 2608 1613 promulgatum
2641 1538 2769 1597 est:
2833 1531 2963 1596 No-

340 1649 562 1707 vatum
595 1640 852 1723 quidem
883 1646 948 1706 et
980 1658 1113 1715 eos,
1146 1639 1253 1721 qui
1285 1657 1433 1702 cum
1467 1638 1606 1720 ipso
1642 1638 2028 1704 insolentius
2049 1656 2191 1703 sese
2213 1638 2594 1711 extulerant,
2614 1645 2679 1703 et
2698 1639 2965 1721 quicun-

340 1767 465 1832 que
512 1747 902 1812 inhuman
922 1746 1262 1810 issimae
1309 1763 1350 1808 a
1382 1745 1668 1810 fraterna
1703 1746 1979 1810 caritate
2013 1745 2263 1811 alienae
2296 1746 2433 1826 ejus
2465 1745 2750 1827 opinioni
2779 1764 2968 1827 prae-

341 1862 749 1937 sumpserant
779 1852 1162 1928 consentire,
1197 1852 1444 1916 alienos
1476 1852 1561 1915 ab
1596 1852 1888 1916 Ecclesia
1920 1870 2062 1916 esse
2096 1850 2486 1917 habendos‘

518 1981 581 2049 ⁶2.
611 1977 922 2060 probatur
954 1996 1033 2041 ex
1065 1995 1204 2041 can.
1246 1982 1324 2046 13
1358 1995 1538 2040 conc.
1573 1977 1864 2042 nicaeni:
1919 1976 2047 2051 ,De
2093 1976 2210 2053 his,
2259 1977 2366 2059 qui
2399 1977 2483 2040 ad
2515 1978 2753 2042 exitum
2786 1978 2965 2042 veni-

342 2094 475 2159 unt,
508 2087 702 2150 etiam
733 2102 903 2148 nunc
935 2104 975 2148 a
994 2085 1169 2165 ntiq
1188 2104 1226 2147 u
1247 2102 1288 2148 a
1319 2091 1384 2149 et
1416 2086 1735 2148 canonica
1768 2086 1873 2148 lex
1904 2090 2213 2159 servetur,
2260 2091 2330 2148 ut
2376 2085 2428 2147 si
2475 2086 2616 2166 quis
2649 2085 2969 2165 egreditur

343 2195 424 2258 de
453 2210 740 2274 corpore,
774 2192 999 2256 ultimo
1033 2198 1097 2256 et
1129 2192 1409 2254 maxime
1441 2192 1814 2256 necessario
1847 2190 2083 2254 viatico
2103 2192 2147 2276 ¹)
2192 2208 2325 2253 non
2354 2191 2658 2272 privetur,
2705 2191 2879 2272 quod
2912 2192 2968 2256 si

342 2300 718 2382 desperatus
751 2299 977 2383 aliquis
1010 2308 1280 2381 accepta
1314 2300 1768 2363 communione
1811 2297 2254 2380 supervixerit,
2286 2297 2369 2362 sit
2388 2299 2553 2362 inter
2573 2299 2731 2375 illos,
2763 2299 2872 2381 qui
2902 2299 2968 2362 in

344 2408 636 2472 oratione
667 2406 807 2471 sola
839 2405 1341 2480 communicant,
1374 2405 1581 2470 donec
1613 2411 1932 2469 statutum
1954 2411 2210 2487 tempus
2232 2404 2646 2486 compleatur.
2680 2402 2965 2471 Genera-

344 2514 457 2578 tim
490 2532 643 2578 vero
677 2520 741 2577 et
772 2533 814 2576 n
834 2514 1005 2576 ullo
1041 2520 1328 2595 exceptO,
1363 2513 1649 2596 quolibet
1671 2513 2029 2578 excedente
2050 2518 2115 2575 et
2137 2511 2591 2577 eucharistiam
2622 2511 2966 2591 flagitante,

341 2623 679 2705 episcopus
712 2639 858 2685 cum
889 2620 1270 2703 probatione
1303 2620 1760 2703 impertiatur.‘
1833 2616 2229 2702 Supponunt
2260 2617 2408 2682 dein

522 2749 586 2813 3.
622 2746 883 2810 alterius
927 2747 1286 2811 sententiae
1332 2747 1588 2828 patroni
1633 2747 1954 2810 mitiorem
1999 2747 2174 2827 prius
2223 2746 2500 2826 viguisse
2549 2744 2968 2826 disciplinam,

345 2872 512 2936 quae
543 2853 856 2934 gradatim
892 2855 1207 2919 austerior
1240 2854 1409 2917 sacta
1444 2854 1701 2918 demum
1754 2854 1818 2916 in
1852 2872 2176 2917 summum
2208 2852 2383 2917 illum
2414 2852 2687 2933 rigorem
2723 2851 2967 2915 abierit.

346 2959 670 3041 Ejusmodi
699 2978 854 3024 vero
889 2962 1159 3024 mutatio
1194 2961 1405 3024 induci
1438 2978 1568 3024 non
1602 2961 1810 3042 potuit
1842 2961 1979 3026 sine
2001 2961 2220 3044 aliqua
2239 2960 2469 3025 saltem
2491 2958 2765 3024 fidelium
2787 2976 2966 3023 com-

346 3067 647 3142 motione,
680 3067 1143 3147 poenitentium
1177 3067 1380 3130 turbis
1430 3075 1494 3131 et
1538 3068 1833 3150 quereliS,
1880 3074 1949 3131 ut
1995 3074 2251 3132 constat
2296 3086 2378 3132 ex
2409 3085 2611 3131 causa
2641 3066 2967 3149 lapsorum

348 3181 637 3254 tempore
670 3174 1000 3255 Cypriani;
1036 3192 1302 3255 magnas
1335 3174 1506 3238 enim
1538 3176 1983 3239 excitaverunt
2031 3175 2255 3239 turbas
2300 3181 2561 3256 propter
2609 3174 2816 3237 solam
2866 3192 2967 3237 re-

347 3278 812 3343 conciliationis
844 3279 1353 3344 dilationem.
1419 3281 1610 3362 Atqui
1660 3281 1836 3345 nulla
1883 3287 2267 3363 comparent
2317 3281 2654 3344 turbarum
2698 3280 2969 3361 vestigia

347 3394 609 3467 propter
640 3395 937 3466 negatam
971 3388 1227 3451 veniam
1262 3393 1326 3453 et
1356 3387 1727 3468 disciplinae
1761 3387 2207 3451 mutationem.
2241 3386 2584 3470 Nunquam
2617 3406 2769 3468 ergo
2804 3386 2974 3450 facta

347 3499 446 3557 est
477 3491 623 3556 talis
655 3493 1023 3573 disciplinae
1056 3494 1122 3556 in
1155 3512 1480 3557 summum
1512 3494 1608 3574 rig
1622 3511 1802 3558 orem
1835 3493 2214 3558 immutatio.

527 3641 675 3704 453.
710 3634 790 3698 Ut
821 3635 1052 3700 invicte
1086 3636 1512 3701 assertionem
1545 3642 1838 3699 nostram
1872 3636 2238 3717 probemuS,
2285 3653 2734 3717 percurramus
2767 3635 2969 3699 eccle—

348 3744 478 3806 sias
524 3743 922 3823 praecipuaS,
978 3742 1366 3824 apostolicas
1412 3744 1811 3825 praesertim,
1860 3761 1937 3808 ex
1987 3743 2217 3825 quibus
2265 3742 2551 3807 Ecclesia
2599 3741 2972 3804 universalis

349 3850 668 3923 coalescit,
701 3856 892 3930 atque
925 3849 1376 3929 investigemus
1408 3850 1655 3931 praxim
1690 3850 1754 3912 in
1789 3849 1909 3913 illis
1943 3850 2277 3930 vigentem.

529 3993 590 4040 a.
638 3978 1023 4037 Exordiamur
1066 3980 1139 4037 ab
1185 3979 1444 4038 Ecclesia
1490 3980 1753 4057 principe
1803 3980 1838 4039 i.
1879 3999 1928 4038 e.
1976 3999 2299 4039 romana.
2364 3979 2559 4038 Testis
2592 3980 2761 4036 adest
2791 3977 2967 4036 nobis

352 4086 397 4125 s,
432 4066 805 4136 Clemen3‚
855 4069 1015 4125 omni
1065 4072 1297 4143 peccato
1346 4069 1537 4127 locum
1584 4070 1988 4144 poenitentiae
2023 4069 2207 4127 fuisse
2241 4087 2599 4137 concessum,
2651 4070 2736 4124 ita
2781 4066 2969 4124 corin·

350 4155 495 4214 thiis
539 4169 582 4217 l.
616 4175 703 4231 ep.
737 4176 794 4214 n.
832 4166 886 4219 7.
921 4167 975 4218 8.
1010 4157 1303 4215 scribens:
1343 4158 1666 4225 ‚Animum
1698 4158 2082 4216 intendamus
2116 4159 2177 4216 in
2213 4158 2567 4235 sanguinem
2596 4156 2815 4214 Christi
2844 4175 2965 4214 cer-

353 4264 703 4320 namusque‚
738 4265 913 4320 quam
947 4246 1244 4320 pretiosus
1281 4247 1398 4305 Deo
1434 4246 1514 4304 sit
1545 4248 1673 4322 ejus
1706 4248 1965 4324 sanguis,
2015 4247 2119 4322 qui
2151 4250 2392 4322 propter
2424 4249 2683 4304 nostram
2716 4245 2965 4304 salutem

352 4334 576 4392 effusus
609 4333 721 4392 toti
755 4335 976 4393 mundo
1009 4336 1406 4410 poenitentiae
1439 4337 1690 4412 gratiam
1722 4337 1962 4399 obtulit,
2028 4336 2417 4394 Recurramus
2451 4335 2522 4393 ad
2557 4353 2758 4393 omnes
2790 4353 2972 4411 gene·

352 4425 613 4482 rationes
644 4423 1076 4499 discamusque‚
1126 4424 1283 4500 quod
1330 4425 1392 4483 in
1425 4426 1806 4500 generatione
1838 4433 1898 4484 et
1928 4425 2308 4500 generatione
2342 4425 2740 4500 poenitentiae
2775 4424 2970 4481 locum

577 4678 612 4746 ¹)
642 4675 775 4728 via
800 4676 940 4731 tici
986 4675 1215 4730 nomine
1245 4692 1361 4729 esse
1390 4674 1834 4744 intelligendam
1864 4676 2272 4728 eucharistiam
2302 4674 2566 4743 pluribus
2595 4675 2800 4742 probat
2829 4673 2868 4725 P
2888 4674 2973 4727 el-

353 4756 587 4810 liccia
614 4757 684 4810 de
710 4758 902 4814 eccles,
933 4757 1095 4826 polit.
1123 4757 1256 4811 diss.
1286 4761 1317 4810 2
1344 4759 1383 4809 t.
1413 4763 1446 4812 3
1473 4772 1604 4825 pag.
1634 4762 1733 4814 90:
1764 4756 1896 4808 Fra
1917 4774 1953 4807 n
1973 4755 2009 4806 k
2047 4755 2460 4824 Bussdisciplin
2493 4756 2556 4818 V,
2584 4761 2634 4809 8.

574 4855 610 4901 H
631 4871 656 4900 u
675 4859 771 4902 rte
789 4872 827 4912 r,
854 4855 1100 4914 compend.
1129 4856 1393 4911 theologiae
1422 4855 1502 4900 111.
1541 4858 1620 4901 ll.
1646 4854 1717 4900 cd.
2550 4849 2618 4899 28
