3538 5364
601 295 728 361 184
1001 288 1187 342 Tract.
1220 287 1362 341 VIII.
1388 288 1458 342 de
1477 287 1908 357 justificatione.
1937 287 2135 341 'rhesis
2162 288 2342 344 CCVI.
2370 289 2609 345 Peccato
2635 291 2797 361 gravi

772 470 838 538 4.
870 467 1135 533 Praeter
1185 467 1459 548 gratiam
1506 469 1733 550 quovis
1783 469 1963 548 gravi
2007 476 2278 550 peccato
2327 471 2707 536 amittuntur
2750 474 3001 557 reliqua
3049 476 3212 541 dona

597 575 969 651 habitualia,
1003 574 1178 657 quod
1209 575 1288 638 de
1325 575 1593 640 caritate
1627 594 1835 658 aeque
1868 582 2116 640 certum
2159 584 2258 641 est
2291 595 2369 641 ac
2400 578 2480 643 de
2513 580 2719 658 gratia
2747 582 3212 659 sanctificante3

596 684 677 747 de
710 681 968 765 reliquis
1000 682 1187 745 donis
1218 682 1431 745 minus
1464 689 1564 746 est
1595 688 1860 760 certum,
1895 703 1974 749 ex
2006 686 2335 748 communi
2366 691 2585 750 tamen
2605 687 3056 769 theologorum
3075 708 3212 754 sen-

598 790 801 855 tentia
848 789 1199 854 tenendum
1250 796 1364 854 est.
1428 789 1873 855 Assertionem
1923 792 2015 855 ita
2064 791 2418 872 Ripalda
2465 793 2702 875 probat
2744 794 2906 876 disp.
2948 802 3069 866 128
3102 817 3148 860 s.
3176 804 3216 865 4

597 917 657 960 n.
693 903 809 967 38:
880 896 1201 970 ,Virtutes
1234 897 1549 961 exsistunt
1581 898 1723 961 sola
1754 899 2076 978 exigentia
2108 899 2372 979 gratiae,
2419 900 2549 962 scil.
2582 900 2790 964 solum
2837 902 2993 983 quia
3023 905 3217 983 gratia

598 1004 807 1083 exigit,
840 1010 910 1067 ut
940 1004 1345 1085 compleatur
1374 1002 1666 1085 per‘illas
1711 1010 1922 1068 status
1968 1004 2221 1069 divinus
2268 1011 2335 1069 et
2377 1005 2652 1085 dignitas
2698 1006 3217 1090 intrinsecaper-

598 1128 886 1188 manens,
918 1111 984 1174 in
1015 1129 1212 1193 quam
1243 1110 1440 1174 homo
1474 1111 1766 1175 evehitur
1810 1130 1925 1192 per
1971 1113 2262 1192 gratiam,
2308 1118 2542 1194 potens
2588 1113 2718 1176 scil.
2769 1110 3220 1194 permanenter

599 1223 664 1282 et
693 1217 1038 1282 intrinsece
1072 1219 1361 1283 actiones
1393 1217 1588 1283 edere
1620 1218 1846 1298 dignas
1892 1217 2221 1295 filiatione,
2269 1219 2553 1283 amicitia
2583 1219 2699 1283 Dei
2747 1221 3221 1304 divinitatisque

600 1325 946 1401 consortio,
978 1324 1151 1406 quod
1183 1324 1243 1388 ei
1274 1323 1524 1390 confert
1555 1325 1765 1405 gratia
1790 1325 2169 1407 JustificanS.
2232 1324 2417 1401 Nam,
2450 1332 2523 1390 ut
2553 1327 2900 1392 statuimus
2933 1329 3092 1410 disp.
3125 1334 3220 1404 35,

599 1450 732 1495 non
764 1432 1102 1511 exiguntur
1132 1431 1402 1495 virtutes
1436 1449 1518 1493 ex
1551 1436 1790 1495 natura
1819 1432 1931 1508 rei,
1965 1437 2036 1495 ut
2057 1437 2240 1495 actus
2272 1433 2796 1512 supernaturales
2828 1442 3222 1499 connatura-

598 1537 739 1602 liter
772 1538 1060 1613 edantur,
1093 1556 1213 1602 nec
1246 1543 1317 1601 ut
1346 1538 1638 1618 potentia
1668 1538 1880 1602 vitalis
1912 1537 2421 1603 connaturaliter
2463 1556 2577 1602 eos
2610 1539 2837 1617 eliciat,
2871 1541 2991 1607 sed
3022 1542 3224 1605 solum

601 1651 671 1708 ut
699 1645 896 1708 homo
919 1645 1205 1710 elevatus
1237 1645 1301 1708 in
1333 1645 1896 1726 participationem
1919 1645 2270 1709 divinitatis
2291 1644 2704 1710 facultatibus
2724 1646 2847 1710 sibi
2865 1647 3223 1712 intrinsecis

601 1771 679 1815 ac
708 1752 1237 1833 permanentibus
1269 1757 1534 1817 ornetur
1565 1753 2019 1817 consentaneis
2065 1753 2360 1832 dignitati
2405 1754 2667 1834 gratiae,
2719 1761 2917 1836 atque
2952 1755 3119 1818 adeo
3150 1773 3225 1819 ex

600 1867 837 1925 natura
865 1860 960 1923 rei
991 1860 1133 1922 sola
1164 1859 1487 1938 exigentia
1518 1859 1762 1939 gratiae
1794 1859 2067 1923 virtutes
2109 1858 2354 1923 inducit
2385 1860 2684 1925 morales
2747 1860 2914 1941 Ergo
2950 1860 3224 1925 abeunte

599 1968 807 2048 gratia
838 1966 1109 2030 abibunt
1141 1985 1221 2031 ex
1253 1973 1487 2029 natura
1519 1965 1611 2030 rei
1641 1966 1932 2042 virtuteS,
1982 1966 2301 2048 siquidem
2349 1966 2506 2031 abiit
2552 1968 2744 2031 unica
2774 1985 2995 2045 causa,
3031 1985 3159 2049 qua
3187 1985 3223 2030 a

600 2074 735 2138 Deo
768 2073 1155 2137 inducuntur
1187 2079 1252 2138 et
1283 2079 1747 2137 conservantur
1779 2074 1843 2136 in
1876 2074 2166 2139 homine:
2216 2092 2427 2156 neque
2460 2075 2588 2138 alia
2620 2075 2884 2150 exsistit,
2934 2092 3105 2157 quae
3148 2094 3222 2139 ex

601 2186 836 2244 natura
896 2181 989 2245 rei
1046 2181 1327 2244 vindicet
1389 2180 1952 2246 conservationem
2017 2194 2297 2245 0151111111·ι
2369 2180 2458 2245 Cf.
2523 2179 2832 2246 Suarez
2896 2181 2935 2245 l.
3003 2187 3083 2250 11
3149 2181 3223 2244 de

601 2307 689 2367 gr.
722 2304 774 2349 c.
808 2293 868 2356 3.

779 2412 842 2482 5.
872 2412 1090 2493 Excipi
1136 2417 1354 2475 tamen
1399 2412 1593 2476 debet
1637 2410 1867 2488 sideS,
1919 2420 1989 2475 ut
2040 2413 2380 2475 concilium
2432 2412 2612 2476 trid.
2665 2431 2820 2477 sess.
2869 2419 2911 2482 6
2953 2430 3096 2476 can.
3142 2416 3218 2480 28

599 2518 822 2582 docet:
862 2517 966 2593 ,Si
999 2520 1139 2601 quis
1172 2519 1419 2595 dixerit,
1454 2519 1701 2582 amissa
1729 2538 1848 2599 per
1877 2526 2222 2600 peccatum
2258 2521 2480 2601 gratia,
2514 2519 2703 2583 simul
2734 2527 2799 2586 et
2831 2520 3026 2587 fidem
3058 2538 3221 2584 sem-

599 2642 715 2707 per
746 2626 983 2703 amitti3
1030 2633 1145 2691 aut
1177 2627 1386 2702 fidem,
1421 2644 1589 2708 quae
1620 2632 1930 2702 remanet,
1965 2644 2097 2690 non
2130 2645 2273 2692 esse
2305 2645 2527 2692 veram
2559 2626 2769 2703 fidem,
2801 2627 2954 2694 licet
2985 2645 3118 2692 non
3148 2624 3224 2689 sit

599 2734 778 2808 viva3
813 2741 928 2798 aut
959 2753 1124 2810 eum,
1159 2736 1264 2817 qui
1297 2735 1487 2798 fidem
1520 2734 1658 2797 sine
1691 2734 1964 2797 caritate
1998 2733 2214 2812 habet,
2248 2752 2380 2798 non
2401 2753 2544 2799 esse
2565 2735 3008 2814 christianum,
3029 2734 3100 2798 A.
3124 2731 3217 2796 S.‹

602 2839 678 2903 Et
709 2858 867 2905 sane
898 2840 1181 2906 Ecclesia
1213 2847 1470 2904 constat
1500 2838 1828 2914 fidelibus3
1862 2840 1976 2905 sed
2009 2860 2143 2904 non
2176 2841 2387 2905 solum
2412 2841 2602 2923 justis
2636 2841 2738 2929 (cf.
2773 2843 2858 2907 th.
2893 2843 3047 2929 46);
3081 2856 3223 2920 ergo

603 2947 798 3012 etiarn
829 2948 1278 3028 peccatoribus
1311 2947 1618 3011 fidelibus.
1653 2947 1849 3030 Atqui
1879 2948 2101 3011 hinon
2134 2947 2435 3012 dicuntur
2469 2948 2688 3014 fideles
2721 2949 2804 3013 ab
2838 2956 3008 3026 actu,
3042 2965 3224 3031 quem

596 3054 832 3135 jugiter
863 3054 1152 3130 eliciant3
1187 3073 1338 3135 ergo
1374 3055 1455 3118 ab
1491 3055 1732 3131 habitu,
1767 3056 1875 3137 qui
1907 3055 2291 3136 supponitur
2311 3073 2593 3121 manere.
2626 3056 2788 3119 Hinc
2818 3055 3019 3119 etiam
3050 3054 3221 3117 dam-

603 3167 760 3224 nata
792 3167 889 3224 est
920 3160 1002 3224 ab
1036 3161 1403 3226 Alexandro
1438 3162 1589 3225 Vlll.
1623 3181 1803 3243 prop.
1841 3168 1957 3230 12:
2028 3161 2339 3241 ,Quando
2388 3163 2454 3226 in
2499 3163 2749 3244 magnis
2779 3160 3224 3244 peccatoribus

604 3268 816 3331 deficit
848 3269 1054 3331 omnis
1088 3286 1289 3346 amor,
1325 3269 1536 3332 deficit
1568 3271 1760 3334 etiam
1796 3269 1985 3333 fides:
2031 3275 2095 3334 et
2129 3269 2382 3333 etiamsi
2414 3269 2754 3334 videantur
2785 3269 3071 3344 credere,
3101 3284 3223 3331 non

603 3381 700 3438 est
730 3373 886 3440 fides
920 3375 1152 3452 divina,
1185 3376 1300 3440 sed
1333 3377 1672 3440 humana<

780 3505 1156 3582 Exceptionis
1188 3507 1478 3566 rationem
1511 3507 1686 3565 aliam
1719 3509 1899 3582 atque
1931 3505 2109 3564 aliam
2148 3506 2413 3564 reddunt
2456 3507 2740 3583 theologi,
2784 3509 2855 3564 ut
2901 3506 2989 3564 Ri
3009 3501 3226 3582 palda

602 3595 639 3654 l.
676 3612 722 3652 c.
758 3613 801 3654 3.
839 3603 871 3657 5
910 3595 1187 3665 ostendit,
1222 3596 1319 3654 cui
1350 3596 1521 3655 nulla
1552 3616 1622 3655 ex
1653 3595 2006 3665 rationibuS,
2042 3614 2195 3671 quae
2229 3596 2425 3654 solent
2455 3597 2669 3666 afferri,
2705 3597 2915 3673 placet.
2961 3596 3099 3671 Ipse
3132 3610 3223 3649 ex-

603 3684 931 3758 ceptionem
978 3684 1062 3742 ita
1107 3686 1349 3760 probat:
1399 3675 1793 3760 ,Lexaliqua
1839 3683 2113 3759 specialis
2161 3687 2222 3742 et
2270 3685 2702 3760 dispensatoria
2734 3685 2841 3743 Dei
2872 3689 3035 3743 recte
3066 3680 3223 3741 colli·

600 3773 767 3849 gitur
811 3791 878 3830 ex
923 3773 1284 3832 testimoniis
1329 3792 1376 3836 3.
1423 3775 1672 3850 paginae
1719 3777 1781 3831 et
1826 3776 2067 3849 patrum
2114 3774 2415 3832 communi
2448 3775 2873 3836 catholicorum
2902 3773 3025 3831 DD.
3058 3787 3226 3831 seusu

603 3863 926 3921 intellectis
959 3867 1022 3921 et
1054 3882 1119 3920 ex
1153 3862 1603 3921 definitionibus
1635 3863 1950 3921 Ecclesiae.
1998 3864 2082 3920 At
2112 3863 2204 3921 lex
2238 3863 2628 3922 conservandi
2646 3864 2921 3921 habitum
2940 3862 3080 3921 fidei
3099 3865 3223 3935 post

605 3952 918 4009 interitum
951 3952 1176 4028 gratiae
1208 3952 1515 4029 colligitur
1546 3971 1614 4011 ex
1648 3951 2014 4010 testimoniis
2050 3969 2247 4010 sacrae
2282 3952 2535 4029 paginae
2574 3955 2633 4011 01
2662 3955 2900 4028 patrum
2932 3945 3225 4010 communi

605 4041 911 4099 doctorum
945 4059 1127 4099 sensu
1158 4040 1480 4099 intellectis
1527 4045 1589 4100 et
1633 4060 1702 4099 ex
1748 4040 2196 4099 definitionibus
2227 4041 2536 4101 Ecclesiae.
2601 4041 2756 4118 Ergo
2804 4040 2944 4099 talis
2991 4041 3083 4098 lex
3128 4034 3222 4095 ad-

605 4129 896 4187 mittenda
941 4132 1033 4188 est
1067 4173 1079 4185 .
1113 4175 1126 4187 .
1160 4175 1172 4188 .
1221 4130 1469 4189 Minor
1511 4130 1816 4206 probatur.
1882 4130 1954 4188 In
1998 4130 2213 4205 primis
2262 4134 2407 4188 sunt
2454 4131 2629 4207 plura
2659 4130 3004 4189 testimonia
3035 4142 3223 4187 sacrae

607 4218 858 4294 paginae
903 4223 965 4277 et
1010 4222 1266 4293 patrum,
1315 4238 1467 4294 quae
1512 4219 1685 4278 fidem
1732 4219 2067 4277 admittunt
2113 4220 2179 4278 in
2224 4222 2527 4295 peccatore
2557 4219 2728 4279 nullo
2763 4217 3100 4277 discrimine
3131 4232 3221 4273 ex·

607 4325 806 4382 presso
839 4306 977 4365 fidei
1009 4308 1259 4366 actualis
1292 4314 1353 4366 et
1385 4309 1708 4367 habitualis
1741 4353 1754 4367 .
1789 4351 1804 4366 .
1838 4354 1851 4366 .
1897 4309 1979 4365 At
2025 4308 2164 4367 haec
2207 4308 2553 4368 testimonia
2590 4308 2672 4368 sic
2703 4307 3106 4366 indifferentia
3135 4303 3219 4361 in·

608 4396 848 4454 tellecta
879 4401 1023 4455 sunt
1041 4398 1340 4456 communi
1360 4397 1670 4457 doctorum
1689 4397 2111 4455 catholicorum
2134 4415 2427 4456 consensu
2458 4398 2639 4456 etiam
2671 4397 2743 4456 de
2773 4396 2887 4454 fide
2919 4389 3219 4458 habituali,

606 4504 739 4543 cum
774 4504 976 4544 omnes
1010 4485 1277 4544 doctores
1309 4487 1583 4546 catholici
1612 4490 1737 4544 tam
1767 4486 1943 4562 prisci
1975 4485 2040 4542 in
2075 4494 2109 4550 3
2146 4487 2182 4550 l.
2217 4486 2353 4544 dist.
2393 4495 2490 4558 23,
2540 4505 2719 4561 quam
2764 4488 3029 4544 recentes
3075 4484 3135 4542 in
3173 4490 3220 4542 l·

609 4584 662 4635 2.
696 4593 750 4648 q.
787 4584 824 4635 4
859 4594 909 4636 a.
935 4585 970 4635 4
1006 4577 1067 4633 et
1099 4575 1233 4633 aliis
1263 4576 1328 4634 in
1359 4577 1505 4635 locis
1536 4575 1809 4635 unanimi
1840 4592 2132 4633 consensu
2162 4575 2227 4632 in
2259 4575 2409 4633 hanc
2440 4575 2799 4634 sententiam
2832 4570 3219 4633 incubuerint.

607 4665 763 4741 Ergo
812 4683 879 4722 ex
931 4665 1292 4723 testimoniis
1340 4685 1383 4726 s,
1432 4666 1683 4742 paginae
1733 4668 1794 4722 et
1842 4667 2081 4740 patrum
2127 4664 2426 4723 communi
2458 4664 2768 4723 doctorum
2809 4663 3219 4722 catholicorum

612 4771 794 4812 sensu
828 4753 1152 4812 intellectis
1186 4754 1489 4831 colligitur
1536 4755 1628 4812 lex
1676 4753 2061 4812 conservandi
2106 4752 2283 4812 fidem
2327 4753 2689 4812 habitualem
2736 4755 2876 4829 post
2920 4749 3218 4810 interitum
