3538 5364
505 234 635 297 304
886 224 1070 278 Tract.
1100 226 1191 277 IX.
1219 224 1287 277 de
1316 225 1678 279 eucharistia.
1708 225 1906 279 Thesis
1933 225 2164 281 CCXXI.
2196 227 2385 281 Realis
2412 230 2737 298 praesentia.

504 406 612 484 dit,
646 406 710 468 in
744 406 1132 470 eucharistia
1162 407 1371 488 ipsum
1403 426 1546 472 esse
1578 424 1812 488 corpus
1833 406 2066 472 Christi
2100 408 2363 491 ejusque
2397 410 2793 490 sanguinem,
2825 417 2939 485 est,
2973 411 3124 493 quia

504 515 640 594 ipse
672 512 860 576 dixit:
924 511 1062 577 Hoc
1093 520 1180 576 est
1210 534 1435 596 corpus
1466 535 1708 593 meum,·
1749 514 1849 578 hic
1878 522 1964 577 est
1995 523 2257 600 sanquis
2286 537 2456 579 meus
2488 516 2710 580 Matth.
2745 522 2848 594 26,
2882 522 2985 587 26.
3020 524 3123 587 28.

505 618 764 683 Planior
809 627 1002 701 atque
1050 620 1407 685 evidentior
1453 622 1883 685 consonantia
1928 622 2095 687 inter
2141 621 2343 686 verba
2374 620 2605 686 Christi
2654 630 2718 688 et
2763 624 3122 688 doctrinam

505 726 826 790 Ecclesiae
858 727 1125 807 cogitari
1156 728 1408 809 nequit:
1442 747 1521 793 ea
1553 729 1722 793 enim
1754 746 1889 792 non
1922 734 2020 793 est
2038 729 2161 792 nisi
2184 729 2481 810 repetitio
2502 728 2847 793 verborum
2869 729 3119 795 Christi.

505 830 1005 897 Sacramentarii
1053 853 1225 910 ver0,
1277 840 1349 899 ut
1397 853 1581 898 suam
1629 835 1780 900 inde
1831 836 2190 901 extundant
2221 836 2606 918 opinionem,
2640 837 2856 919 aliqua
2887 838 3125 903 addere

504 938 741 1026 debent
771 940 987 1004 verbis
1020 939 1270 1019 Christi,
1305 960 1382 1008 ea
1413 949 1798 1023 permutare,
1832 942 1963 1007 imo
1998 943 2072 1006 iis
2104 944 2231 1007 vim
2264 942 2496 1008 inferre
2528 944 2804 1026 ideoque
2824 945 2888 1007 in
2910 945 3121 1009 diver-

504 1046 789 1110 sissimas
822 1047 1065 1113 abeunt
1095 1050 1467 1127 sententias,
1501 1068 1666 1132 quas
1690 1051 1829 1131 jam
1849 1050 1940 1114 ita
1961 1050 2125 1116 belle
2157 1051 2349 1114 irrisit
2379 1050 2878 1136 Lutherus1):
2918 1050 3124 1124 ,Doc-

506 1160 607 1216 tor
639 1152 688 1216 C
706 1172 746 1217 a
760 1174 792 1217 r
807 1155 881 1217 ol
899 1173 938 1218 o
955 1161 1083 1218 sta
1100 1156 1235 1218 diu
1252 1176 1284 1220 s
1316 1174 1397 1221 ex
1417 1156 1517 1220 his
1537 1158 1973 1222 sacrosanctis
1996 1156 2357 1221 vocabulis:
2391 1156 2528 1222 Hoc
2546 1164 2633 1220 est
2652 1178 2880 1241 corpus
2900 1177 3123 1239 meum,

505 1261 736 1325 misere
781 1262 1119 1344 detorquet
1163 1281 1524 1345 pronomen
1570 1264 1717 1344 hoc,·
1761 1264 2211 1344 Zwinglius
2259 1271 2475 1329 autem
2515 1263 2784 1329 verbum
2818 1262 3122 1327 substan-

506 1368 704 1431 tivum
738 1375 824 1431 est
857 1376 1175 1445 macerat3
1239 1366 1939 1454 Oecolampadius
1985 1389 2222 1435 nomen
2267 1392 2492 1458 corpus
2523 1376 2811 1436 torturae
2844 1370 3121 1451 subjicit;

504 1475 610 1537 alii
640 1480 847 1539 totum
880 1482 1129 1541 textum
1161 1476 1669 1542 excarnificant‘
1710 1478 1924 1557 Quare
1957 1478 2341 1542 adversariis
2379 1478 2576 1543 verbo
2598 1476 2897 1559 factoque
2916 1476 3123 1542 saten-

510 1582 675 1645 libus
707 1599 935 1646 sensus
982 1583 1329 1648 verborum
1361 1583 1596 1650 Christi
1640 1604 1772 1649 non
1818 1593 1918 1651 est
1962 1585 2208 1661 obviUS,
2250 1585 2525 1649 usitatus
2576 1585 3123 1666 sagacitatemque

506 1688 720 1768 exigit,
748 1695 818 1753 ut
848 1690 1119 1754 inveniri
1149 1692 1366 1773 possit.
1430 1692 1624 1774 Atqui
1669 1712 1897 1758 sensus
1939 1694 2250 1774 propriUS,
2297 1691 2544 1767 obvius,
2591 1691 2821 1772 planus
2853 1709 3121 1773 praesu-

505 1795 720 1871 mitur,
754 1814 961 1878 eoque
993 1798 1197 1878 magis
1228 1799 1283 1861 si
1316 1817 1545 1863 sensus
1577 1799 1886 1880 figuratus
1920 1806 2019 1864 est
2038 1800 2391 1881 exquisitus
2413 1805 2476 1864 et
2494 1805 2801 1875 remotus,
2823 1797 2945 1861 nisi
2966 1816 3123 1861 con-

509 1903 772 1993 trarium
805 1904 1132 1969 evidenter
1162 1905 1650 1972 demonstretur.
1682 1907 1848 1987 Ergo
1882 1907 2303 1989 quoadusque
2334 1905 2826 1970 sacramentarii
2860 1904 3120 1970 eviden-

507 2015 602 2072 ter
633 2027 766 2073 non
795 2010 1091 2092 probant,
1123 2031 1384 2077 sensum
1416 2014 1744 2095 proprium
1792 2013 2182 2097 obviumque
2230 2032 2372 2078 esse
2418 2012 2869 2087 deserendum,
2903 2031 3123 2075 sumus

506 2116 572 2178 in
602 2102 1027 2198 possessione.

683 2242 747 2311 2.
781 2239 953 2308 Sane
984 2244 1175 2308 unica
1206 2245 1371 2308 ratio
1406 2244 1810 2326 confugiendi
1844 2246 1926 2308 ad
1959 2263 2219 2310 sensum
2252 2244 2611 2324 figuratum,
2645 2249 2715 2306 ut
2746 2243 2941 2308 etiam
2966 2261 3122 2306 can-

507 2349 651 2414 dide
683 2350 897 2433 plures
932 2370 967 2416 e
999 2352 1518 2416 sacramentariis
1540 2351 1841 2427 fatentur,
1865 2370 2182 2434 apparens
2205 2358 2301 2415 est
2320 2350 2605 2432 mysterii
2624 2350 3119 2433 impossibilitas.

504 2456 698 2539 Atqui
731 2458 893 2536 haec
924 2459 1088 2522 ratio
1123 2459 1375 2522 admitti
1407 2458 1657 2541 nequit:
1691 2476 1843 2521 nam
1876 2478 1941 2525 a.
1975 2476 2055 2522 ea
2086 2458 2186 2523 vel
2218 2457 2417 2523 semel
2439 2457 2737 2535 admissa,
2757 2458 2891 2521 lata
2913 2458 3122 2538 aperi-

504 2571 608 2627 tur
652 2565 757 2627 via
799 2566 1273 2630 rationalismo:
1323 2566 1540 2630 omnia
1588 2565 1894 2647 mysteria
1946 2564 2029 2629 ob
2082 2547 2399 2646 ejusmodi
2446 2563 3025 2647 impossibilitatem
3058 2565 3120 2627 in

504 2672 847 2740 discrimen
877 2672 1311 2749 vocabuntur;
1361 2691 1571 2755 neque
1607 2675 1677 2740 b.
1711 2672 2013 2738 credibile
2047 2679 2161 2750 est,
2195 2670 2536 2748 Christum,
2568 2672 2677 2754 qui
2708 2671 2900 2736 toties
2931 2670 3121 2737 fidem

504 2780 714 2859 exegit
742 2780 808 2843 in
839 2798 1024 2844 suam
1059 2781 1608 2863 omnipotentiam,
1643 2788 1707 2846 et
1739 2780 2072 2862 apostolos
2106 2781 2190 2845 ob
2223 2779 2541 2845 defectum
2572 2779 2845 2844 fiduciae
2876 2779 2941 2841 in
2963 2797 3118 2842 ean-

504 2886 652 2949 dem
683 2887 1053 2968 increpavit,
1076 2889 1310 2969 quique
1329 2888 1672 2952 inculcavit
1692 2888 1841 2952 Luc.
1868 2893 1968 2966 18,
1992 2895 2108 2957 27:
2144 2888 2319 2966 Quae
2338 2887 2744 2974 impossibilia
2779 2893 2922 2949 sunt
2945 2886 3120 2969 apud

503 2992 792 3068 homines,
818 2995 1140 3076 possibilia
1173 3015 1299 3058 esse
1331 2996 1506 3078 apud
1537 2994 1740 3058 Deum
1757 3018 1779 3056 .·
1816 2995 2110 3072 voluisse,
2146 3002 2215 3059 ut
2253 2994 2529 3077 apostoli
2547 2993 2827 3058 illiterati
2848 2998 2912 3057 et
2931 2992 3121 3056 rudes

505 3101 819 3181 ejusmodi
849 3108 1181 3165 uterentur
1211 3103 1482 3180 criterio,
1530 3122 1657 3186 quo
1704 3104 1786 3169 de
1819 3122 2014 3168 sensu
2047 3122 2311 3167 suorum
2357 3102 2703 3166 verborum
2728 3100 3119 3181 judicarent;

503 3224 712 3287 neque
760 3225 824 3274 c.
873 3207 1173 3273 credibile
1220 3216 1334 3286 est,
1383 3210 1712 3292 apostolos
1759 3218 1856 3275 tot
1903 3210 2358 3274 miraculorum
2390 3208 2624 3273 Christi
2669 3214 2884 3281 testeS,
2931 3205 3120 3270 fuisse

505 3312 868 3393 dispositos,
920 3322 990 3378 ut
1039 3334 1117 3380 eo
1167 3335 1396 3381 revera
1445 3324 1810 3382 uterentur:
1860 3318 2008 3381 hinc
2058 3324 2125 3382 et
2169 3317 2327 3380 alias
2360 3316 2558 3380 verba
2590 3313 2822 3379 Christi
2854 3313 3120 3393 figurate

505 3419 878 3498 accipienda
912 3441 1109 3487 sensu
1140 3424 1398 3505 proprio
1434 3433 1837 3507 acceperunt.
1871 3425 2031 3488 Hinc
2051 3442 2259 3506 neque
2280 3424 2500 3488 dicunt
2518 3431 2589 3486 ut
2609 3422 2796 3487 alias:
2836 3421 3119 3483 Edissere

727 3655 761 3722 Ι)
791 3653 955 3720 Apol.
984 3653 1052 3707 de
1081 3671 1254 3708 coena
1277 3653 1438 3709 Doni.
1462 3655 1907 3724 Christophorus
1934 3655 1981 3706 R
1997 3670 2030 3705 a
2047 3671 2072 3705 s
2088 3671 2125 3721 p
2145 3671 2173 3706 e
2189 3671 2217 3705 r
2233 3672 2270 3723 g
2287 3669 2315 3704 e
2333 3671 2361 3704 r
2387 3653 2550 3706 edere
2571 3653 2692 3722 jam
2718 3649 2915 3720 potuit
2933 3649 3121 3718 ingol-

504 3729 678 3782 stadii
711 3734 844 3788 1577
871 3732 1345 3798 dissert-ationem,
1375 3752 1489 3804 qua
1512 3736 1845 3803 complexus
1865 3737 1951 3787 est
1978 3734 2011 3787 d
2033 3753 2066 3787 ιι
2087 3751 2114 3786 c
2132 3751 2161 3786 c
2179 3752 2217 3785 n
2237 3736 2308 3786 ta
2325 3750 2350 3785 s
2376 3735 2678 3786 verborum
2708 3735 2803 3785 hoc
2828 3739 2901 3784 est
2926 3748 3119 3798 corpus

503 3828 672 3863 nzeum
695 3810 1216 3880 interpretationes,
1233 3832 1375 3883 quas
1391 3815 1462 3868 ad
1480 3815 1624 3868 illud
1647 3832 1829 3883 usque
1852 3817 2078 3882 tempus
2096 3814 2355 3884 excogita
2365 3815 2561 3866 verant·
2580 3813 2912 3868 novatores:
2941 3807 3021 3864 Cl.
3043 3809 3077 3860 d
3091 3826 3120 3862 e

504 3886 538 3938 S
555 3905 589 3939 a
604 3887 626 3939 i
644 3907 680 3940 n
698 3906 726 3941 c
743 3895 768 3942 t
784 3907 812 3944 e
830 3909 854 3944 s
881 3892 950 3945 de
967 3894 1192 3952 euchar.
1219 3896 1409 3949 relect.
1439 3905 1456 3950 l
1491 3913 1612 3965 cap.
1642 3896 1747 3948 ult.
1776 3896 1927 3948 ultra
1954 3902 2023 3950 80
2048 3895 2237 3948 refert.
2266 3893 2520 3947 Potior-es
2546 3890 2819 3961 proponit
2846 3890 2891 3941 B
2906 3907 2937 3943 e
2953 3890 2974 3943 l
2989 3889 3009 3942 l
3025 3906 3059 3942 a
3072 3907 3121 3942 r·

503 3968 648 4020 min
670 3987 707 4022 ιι
726 3989 751 4022 s
777 3972 847 4025 de
874 3978 1226 4029 sacramento
1254 3975 1634 4030 eucharistiae
1660 3976 1697 4029 l.
1729 3983 1752 4030 1
1787 3993 1833 4028 c.
1860 3982 1910 4030 8.
1963 3974 2170 4028 Nostra
2211 3975 2398 4027 aetate
2427 3972 2469 4025 P
2486 3971 2737 4041 hilipp
2756 3987 2782 4024 s
2807 3969 2868 4023 in
2897 3970 2933 4022 l.
2958 3970 3119 4024 Τοῦτό

499 4050 602 4102 ἐστι
626 4053 682 4103 τὸ
710 4055 859 4122 σῶμά
882 4073 996 4124 μου.
1039 4053 1174 4106 Vier
1199 4054 1485 4108 Abhandl.
1508 4058 1612 4110 etc.
1642 4054 1950 4108 Giitersloh
1982 4059 2115 4110 1885
2143 4055 2315 4107 verba
2341 4052 2424 4105 ita
2452 4051 2731 4120 explicat:
2776 4049 2896 4103 Hoc
2930 4051 3015 4102 est
3051 4049 3120 4102 si-

503 4127 637 4181 mile
665 4131 890 4199 corpori
916 4149 1057 4197 meo,
1086 4135 1174 4188 vel
1200 4135 1267 4187 fit
1291 4150 1497 4205 corpus
1523 4153 1714 4190 meum
1740 4136 2145 4207 (comestione),
2187 4134 2278 4187 vel
2306 4134 2412 4188 hoc
2440 4151 2625 4185 meum
2656 4135 2758 4194 est,
2784 4130 2858 4183 ad
2885 4145 2973 4183 me
3000 4146 3121 4197 spe-

504 4210 638 4272 ctat,
667 4212 750 4261 est
775 4227 900 4264 mea
928 4215 1221 4280 possessio.
1258 4214 1464 4269 Eorum
1497 4233 1724 4270 sensum
1751 4215 2181 4284 paraphrastice
2204 4213 2286 4266 ita
2307 4212 2438 4266 exhi
2449 4214 2539 4266 bet
2565 4211 2616 4264 H
2633 4228 2666 4263 a
2683 4230 2720 4263 u
2738 4229 2773 4280 p
2792 4212 2817 4262 t
2842 4211 3001 4280 (iiber
3027 4208 3120 4261 die

506 4290 831 4358 urspriingl.
861 4290 1026 4345 Form
1055 4294 1173 4346 und
1203 4295 1434 4350 Bedeut.
1463 4298 1563 4351 der
1589 4296 2176 4359 Abendmahlsworte,
2205 4293 2371 4346 Halle
2404 4296 2590 4363 1894):
2618 4290 2803 4344 Meine
2821 4289 3031 4343 Person
3046 4288 3124 4341 ist

505 4369 717 4441 Trager
742 4374 841 4428 der
868 4374 1064 4430 Krafte
1091 4377 1246 4431 eines
1287 4380 1538 4434 hoheren
1564 4379 1798 4442 LebenS,
1828 4376 2043 4431 welche
2084 4392 2144 4429 so
2188 4374 2534 4444 angeeignet
2560 4372 2788 4426 werden
2813 4370 2934 4422 und
2962 4387 3021 4424 so
3049 4387 3119 4421 zu

505 4451 689 4505 einem
718 4455 1114 4512 Bestandtheil
1141 4475 1304 4512 eurer
1331 4459 1541 4514 Person
1567 4460 1795 4513 werden
1823 4456 1960 4522 will,
1988 4457 2096 4510 wie
2123 4455 2246 4509 dies
2274 4454 2365 4510 bei
2391 4453 2491 4508 der
2516 4453 2805 4506 irdischen
2836 4450 3117 4517 Nahrung

504 4533 605 4589 der
633 4534 757 4591 Fan
784 4537 874 4591 ist.
901 4538 1033 4592 Dies
1061 4540 1172 4608 gilt
1199 4543 1335 4594 aber
1360 4558 1504 4611 ganz
1533 4539 1838 4595 besonders
1862 4538 2013 4592 auch
2029 4554 2140 4592 von
2159 4535 2405 4589 meinem
2435 4530 2927 4588 bevorstehenden
2948 4529 3118 4592 Tode,

505 4617 711 4684 gerade
739 4618 831 4672 die
859 4619 1196 4691 Dahingabe
1241 4622 1460 4676 meiner
1487 4619 1943 4675 Personlichkeit
1990 4618 2133 4671 wird
2174 4618 2319 4671 euch
2358 4616 2453 4670 die
2478 4615 2542 4669 in
2567 4614 2660 4668 ihr
2687 4612 3119 4668 beschlossenen

507 4696 741 4752 Lebens-
771 4701 888 4753 und
918 4701 1263 4756 Heilskriiftc
1291 4703 1370 4755 im
1401 4702 1646 4756 vollsten
1667 4700 1848 4754 Masse
1871 4717 1957 4753 ers
1992 4698 2238 4752 hliessen
2258 4698 2376 4751 und
2393 4715 2461 4750 zu
2480 4701 2618 4766 gute
2636 4695 2904 4749 kommen
2919 4694 3120 4747 lassen.
