3538 5364
1240 283 1372 352 jure
1399 282 1650 337 naturali
1676 285 1763 337 est
1788 281 2206 339 indissolubile.
2899 291 3027 355 571

415 483 693 547 sponsus
723 464 1063 530 Ecclesiae.
1097 462 1461 530 stabilitate
1493 482 1644 545 ergo
1676 465 1916 529 vinculi
1947 465 2429 529 matrimonium
2462 482 2723 528 omnem
2754 463 3032 528 societa-

416 577 547 637 tem
593 578 657 636 et
687 572 1205 653 conjunctionem
1237 589 1542 653 superare
1575 571 1783 636 debet.
1848 571 2058 652 Quam
2091 566 2176 636 ob
2208 590 2346 637 rem
2379 578 2442 635 et
2472 571 2929 637 contrahentes
2962 590 3036 635 se

417 684 642 743 mutuo
674 679 795 743 sibi
826 679 1070 743 donare
1101 679 1166 743 in
1198 685 1594 761 perpetuum,
1627 678 1665 741 i.
1687 696 1739 742 e.
1762 678 2072 761 quamdiu
2103 678 2342 754 vivunt,
2374 677 2731 752 intendunt,
2767 682 2830 741 et
2850 694 3038 740 amor

416 803 658 863 eorum,
691 805 818 869 quo
849 805 919 852 se
951 793 1176 851 mutuo
1209 784 1740 867 complectuntur,
1782 785 2091 851 accedere
2123 784 2316 851 debet
2347 785 2430 849 ad
2462 802 2769 862 amorem,
2802 803 2929 865 quo
2963 802 3034 847 se

415 892 683 975 quisque
727 901 924 972 amat,
968 900 1042 958 ut
1083 913 1131 958 s.
1166 892 1405 958 Paulus
1450 911 1529 958 ex
1573 893 1715 974 ipsa
1760 892 2151 957 matrimonii
2182 898 2417 956 natura
2446 891 2684 972 colligit
2713 890 3036 955 scribens:

416 998 541 1077 Qui
568 1019 750 1064 suam
782 1020 1036 1065 uoeorem
1067 1000 1289 1084 diliqit,
1320 1003 1591 1084 seipsum
1622 999 1832 1083 diliqit
1863 998 2042 1086 (Eph.
2068 1004 2127 1077 5,
2152 1001 2281 1086 28).
2315 999 2430 1065 Hic
2462 1005 2679 1064 autem
2714 1017 2902 1063 amor
2935 1006 3036 1064 est

414 1113 779 1188 perpetuus,

591 1213 659 1282 4.
692 1213 868 1278 Idem
897 1214 1091 1295 exigit
1120 1212 1393 1278 filiorum
1426 1219 1491 1277 et
1522 1211 1802 1279 familiae
1834 1211 2096 1287 bonum,
2129 1213 2335 1294 pietas
2355 1211 2579 1288 filialis„
2609 1211 2853 1276 bonum
2875 1230 3032 1276 con-

409 1320 649 1403 jugum,
682 1321 788 1404 qui
820 1321 885 1385 in
915 1326 1247 1387 senectute
1277 1319 1562 1402 indigent
1592 1339 1715 1401 ope
1747 1318 2057 1395 filiorum;
2092 1319 2261 1384 idern
2294 1319 2485 1401 exigit
2518 1325 2582 1385 et
2613 1336 2740 1401 pax
2761 1319 3034 1383 socialis.

414 1428 667 1492 Bonum
697 1428 869 1493 enim
900 1429 1225 1494 societatis
1257 1428 1545 1492 innititur
1574 1445 1738 1508 pace
1771 1426 2155 1491 familiarum
2189 1433 2325 1491 tum
2355 1426 2421 1490 in
2451 1444 2540 1503 se,
2580 1432 2717 1490 tum
2748 1426 2914 1491 inter
2944 1445 3032 1492 se.
3065 1428 3074 1433 “

413 1533 588 1599 Haec
619 1535 996 1600 conciliatur
1024 1533 1357 1616 conjugio:
1390 1534 1443 1597 si
1476 1533 1646 1599 enim
1677 1534 1809 1598 duo
1843 1533 2068 1599 ineunt
2095 1532 2598 1610 matrimonium,
2630 1533 2915 1597 amicitia
2934 1533 3033 1596 in-

413 1647 512 1705 ter
540 1658 612 1705 se
637 1641 993 1724 junguntur
1022 1660 1214 1725 quam
1246 1641 1516 1723 plurimi,
1567 1658 1794 1706 omnes
1827 1640 1960 1704 scil.
1993 1640 2454 1721 consanguinei
2487 1646 2552 1705 et
2584 1640 2775 1704 amici
2806 1640 3031 1721 conju-

413 1748 644 1835 gum1).
675 1748 805 1813 Fac
836 1747 1113 1813 divortio
1146 1748 1307 1813 solvi
1338 1747 1840 1824 matrimonium,
1874 1753 2033 1829 quot
2052 1752 2407 1829 sequuntur
2424 1746 2614 1810 mala.
2647 1746 2822 1811 Haec
2841 1765 3031 1828 prae-

413 1856 587 1921 clare
638 1863 973 1922 enumerat
1001 1855 1158 1920 Leo
1190 1855 1341 1920 XIII.
1375 1856 1441 1919 in
1471 1856 1557 1920 lit.
1593 1854 1831 1937 encycl.
1868 1860 1953 1924 10
1985 1853 2171 1920 Febr.
2212 1856 2412 1923 1880:
2471 1853 2593 1929 ,At
2623 1872 2777 1919 vero
2810 1853 3034 1936 quanti

414 1963 750 2029 materiam
780 1962 933 2027 mali
962 1963 1027 2026 in
1059 1981 1130 2028 se
1161 1961 1435 2026 divortia
1464 1962 1856 2039 contineant,
1905 1961 2009 2025 vix
2041 1961 2271 2026 attinet
2300 1960 2530 2026 dicere.
2592 1960 2827 2024 Eorum
2861 1960 3031 2025 enim

411 2085 612 2133 causa
657 2068 817 2133 fiunt
846 2068 1167 2132 maritalia
1197 2067 1458 2133 foedera
1487 2067 1840 2145 mutabilia,
1889 2072 2275 2133 extenuatur
2303 2074 2530 2131 mutua
2559 2066 3032 2142 benevolentia,

410 2175 766 2240 infidelitati
795 2175 1157 2258 perniciosa
1173 2175 1590 2240 incitamenta
1608 2173 2124 2256 suppeditantur,
2159 2173 2412 2239 tuitioni
2433 2180 2628 2256 atque
2646 2173 3030 2237 institutioni

410 2281 760 2347 liberorum
803 2289 1092 2361 nocetur,
1132 2282 1493 2347 dissuendis
1523 2280 1944 2347 societatibus
1976 2279 2345 2347 domesticis
2375 2280 2724 2362 praebetur
2755 2280 3030 2355 occasiO,

410 2388 875 2454 discordiarum
920 2390 1085 2456 inter
1132 2388 1403 2455 familias
1452 2390 1700 2456 semina
1729 2395 2142 2471 sparguntur,
2183 2390 2492 2454 minuitur
2540 2397 2606 2456 et
2653 2389 3035 2471 deprimitur

409 2600 830 2680 inservierint,
876 2621 991 2685 pro
1037 2602 1356 2669 derelictis
1400 2603 1763 2668 habeantur
1814 2654 1828 2667 .
1879 2654 1892 2667 .
1941 2655 1954 2668 .
2005 2603 2332 2688 Multoque
2364 2621 2508 2668 esse
2541 2603 2837 2685 graviora
2865 2604 3033 2668 haec

410 2710 585 2774 mala
613 2710 954 2787 constabit,
1004 2711 1058 2775 si
1088 2711 1530 2776 consideretur
1559 2709 1775 2776 frenos
1807 2712 2017 2776 nullos
2051 2711 2304 2777 futuros
2336 2718 2574 2788 tantOS,
2621 2711 2729 2794 qui
2761 2728 3027 2776 conces-

410 2834 552 2880 sam
583 2818 782 2881 semel
812 2817 1233 2883 divortiorum
1265 2816 1633 2883 facultatem
1652 2818 1915 2884 valeant
1947 2820 2119 2883 intra
2152 2826 2369 2885 certos
2403 2825 2518 2883 aut
2549 2826 2701 2884 ante
2732 2818 3026 2900 provisos

409 2921 641 2988 limites
687 2937 1045 2994 coercere.‘
1116 2922 1275 2988 Cum
1308 2924 1497 3006 igitur
1527 2925 1900 3002 divortium,
1944 2926 2076 2990 imo
2108 2924 2209 2990 vel
2244 2924 2388 2990 sola
2418 2945 2505 3007 sp
2524 2945 2607 2992 es
2639 2932 2753 2990 aut
2784 2926 2922 2989 tim
2941 2944 3032 2989 or

411 3028 664 3093 divortii
695 3035 791 3094 tot
823 3030 1140 3114 malorum
1171 3037 1306 3095 tam
1339 3030 1516 3096 ferax
1546 3032 1629 3096 sit
1648 3031 1906 3096 occasio
1930 3038 1994 3097 et
2017 3050 2236 3110 causa,
2269 3033 2499 3098 merito
2520 3031 2675 3097 illud
2695 3031 2817 3113 legi
2836 3039 3025 3097 natu-

409 3135 527 3199 rali
562 3107 950 3236 ‘g‘d‘r‘ie'fa‘tffl
973 3138 1319 3214 adversari,
1364 3138 1639 3222 ideoque
1684 3139 2169 3203 matrimonium
2207 3139 2351 3220 jure
2383 3146 2657 3204 naturae
2689 3138 3028 3204 insolubile

413 3242 535 3306 dici
564 3249 778 3325 potest
810 3250 875 3309 et
905 3243 1112 3309 debet.
1147 3244 1359 3325 Quare
1390 3245 1566 3309 nulla
1595 3245 1984 3310 auctoritate
2013 3245 2300 3310 humana
2331 3247 2567 3328 poterit
2597 3244 2875 3322 dissolvi,
2906 3263 3032 3310 nec

411 3348 624 3414 licebit
654 3350 1032 3433 conjugibus
1064 3351 1223 3416 inire
1243 3352 1738 3430 matrimonium,
1761 3352 1936 3436 quod
1956 3354 2373 3434 postmodum
2392 3371 2509 3434 pro
2530 3352 2735 3417 lubitu
2756 3351 3025 3417 solvant.

411 3453 479 3520 Si
529 3457 699 3521 enim
743 3457 968 3523 volunt
1014 3458 1492 3522 matrimonium
1537 3457 1714 3534 inire,
1762 3457 2147 3523 contrahere
2193 3458 2343 3523 illud
2389 3458 2627 3524 debent
2671 3459 3028 3524 secundum

408 3569 681 3629 naturae
725 3563 962 3645 legem:
1014 3582 1180 3648 quae
1224 3581 1372 3629 cum
1405 3564 1618 3645 exigat
1648 3564 1714 3628 in
1747 3563 1990 3629 bonum
2023 3573 2087 3631 et
2119 3565 2316 3647 prolis
2349 3572 2415 3630 et
2445 3565 2772 3631 societatis
2803 3567 3027 3630 matri-

408 3669 609 3733 monii
626 3668 1265 3747 indissolubilitatem,
1287 3657 1544 3736 nonnisi
1565 3670 2046 3736 matrimonium
2068 3671 2508 3737 indissolubile
2526 3674 2687 3738 inire
2706 3680 3026 3755 poterunt.

409 3775 623 3854 Quare
656 3777 964 3841 damnata
996 3785 1094 3843 est
1122 3778 1188 3841 in
1220 3777 1467 3860 syllabo
1500 3796 1677 3859 prop.
1714 3782 1828 3846 67:
1869 3777 2057 3852 ,Jure
2090 3770 2363 3843 naturae
2395 3779 2785 3845 matrimonii
2805 3780 3026 3843 vincu-

408 3882 540 3946 lum
585 3902 716 3948 non
762 3890 861 3948 est
904 3884 1360 3962 indissolubile,
1406 3891 1471 3949 et
1501 3885 1565 3949 in
1596 3885 1790 3949 variis
1823 3884 2081 3948 casibus
2114 3885 2464 3949 divortium
2495 3886 2752 3968 proprie
2786 3885 3024 3949 dictum

410 3990 791 4055 auctoritate
822 3991 990 4055 civili
1021 3992 1256 4056 sanciri
1284 3998 1552 4073 potest<

591 4118 736 4173 612.
765 4110 1095 4171 Fatendum
1126 4115 1326 4172 tamen
1358 4117 1462 4187 est,
1495 4131 1616 4172 non
1647 4112 1853 4171 deesse
1884 4112 2208 4190 theologos,
2241 4118 2313 4172 ut
2343 4114 2815 4190 cajetanum,
2851 4115 3022 4173 San-

409 4198 618 4269 chsz,
651 4200 1211 4261 Bellarminum
1244 4201 1317 4261 de
1349 4202 1672 4261 matrimc.
1697 4210 1733 4263 4
1757 4221 1814 4264 n.
1838 4211 1894 4272 2,
1931 4201 2319 4261 Schwartz
2350 4207 2478 4274 etc„
2513 4203 2841 4262 secundum
2873 4220 3023 4278 quos

630 4353 666 4421 ¹)
695 4349 845 4406 Haec
886 4355 974 4407 est
1010 4357 1235 4423 praeter
1273 4354 1415 4407 alias
1441 4370 1639 4408 causas
1666 4355 1759 4427 (cf.
1787 4354 1844 4407 M
1862 4371 1894 4408 o
1913 4373 1950 4408 u
1968 4355 2091 4408 fan
2110 4375 2147 4425 g
2187 4355 2404 4410 Verbot
2430 4355 2529 4409 der
2553 4355 2715 4409 Ehen
2742 4355 3023 4408 zwischen

410 4430 598 4484 nahen
627 4430 1028 4505 Verwandten)
1055 4433 1201 4488 ratio
1229 4435 1388 4489 velut
1412 4433 1634 4489 socialis
1663 4433 2206 4505 impedimentorum
2248 4434 2798 4506 consanguineitatis
2825 4437 2883 4489 et
2906 4436 3024 4488 affi-

412 4508 640 4564 nitatis:
684 4529 757 4566 ne
801 4513 920 4568 scil.
966 4515 1331 4569 matrimonia
1376 4516 1800 4570 celebrarentur
1857 4517 2008 4569 inter
2047 4516 2302 4571 familiae
2352 4517 2667 4587 angustias,
2717 4519 2891 4585 atque
2941 4516 3022 4569 ita

409 4590 661 4645 familiae
687 4591 762 4644 ab
783 4591 1026 4647 invicem
1055 4597 1352 4650 manerent
1376 4593 1609 4659 divisae,
1637 4595 1733 4650 sed
1761 4600 1830 4649 ut
1856 4595 2115 4651 homines
2143 4599 2482 4665 cogerentur
2505 4596 2578 4650 ad
2605 4597 2915 4650 ineundam
2942 4597 3022 4650 in·

409 4670 609 4724 timam
635 4671 807 4727 etiam
833 4690 962 4727 cum
988 4673 1117 4727 aliis
1144 4675 1379 4729 familiis
1423 4676 1751 4730 societatem
1794 4680 1852 4730 et
1895 4676 2226 4741 amicitiam,
2273 4676 2516 4745 ideoque
2559 4677 2633 4730 ad
2660 4677 3020 4731 dilatandum

406 4766 657 4804 amorem
686 4752 964 4807 socialem.
