3538 5364
1174 339 1234 392 in
1261 340 1687 394 matrimonium
1719 340 2000 395 Ecclesiae
2027 341 2277 413 propria.
2899 348 3026 415 537

414 519 654 584 debent
686 538 827 586 esse
859 538 1068 585 verae.
1131 520 1296 601 Ergo
1329 539 1583 603 semper
1627 523 1930 586 convenit
1982 523 2142 588 haec
2173 530 2462 603 potestas
2495 524 2838 589 Ecclesiae.
2911 524 3032 599 ,At

417 626 472 690 si
507 626 702 691 tacita
748 627 975 692 saltem
1021 626 1378 709 principum
1424 629 1865 710 requireretur
1911 630 1994 693 ad
2041 649 2185 695 eam
2233 629 2594 695 habendam
2641 637 3029 713 potestatem

417 734 773 809 concessiO,
808 740 1188 816 sequeretur
1223 734 1375 798 illud
1409 736 1630 817 primis
1662 736 1985 802 Ecclesiae
2036 736 2434 818 temporibus
2482 737 2604 801 sub
2635 737 3031 819 principibus

416 841 716 905 nimirum
749 842 1018 906 ethnicis
1049 861 1272 906 verum
1318 861 1463 908 esse
1509 862 1639 907 uon
1685 844 1994 925 potuisse,
2041 862 2250 926 neque
2295 844 2420 908 hoc
2468 851 2759 925 tempore
2805 863 3030 909 verum

416 966 560 1012 esse
593 967 788 1029 posse
819 948 885 1011 in
916 949 992 1012 iis
1023 949 1201 1023 locis,
1232 949 1296 1012 in
1331 949 1564 1032 quibus
1598 949 1833 1014 Christi
1866 949 2083 1015 fideles
2118 950 2356 1030 degunt
2389 951 2508 1014 sub
2544 949 2891 1015 infidelium
2914 951 3031 1014 do-

417 1054 821 1120 minatione.«
893 1056 986 1119 lta
1019 1056 1207 1120 Pius
1239 1056 1337 1119 VI.
1372 1057 1434 1119 in
1470 1076 1566 1138 ep.
1600 1058 1681 1120 ad
1715 1077 1810 1138 ep.
1850 1058 2057 1121 trevir.
2093 1076 2148 1120 a.
2191 1063 2375 1126 1782.

595 1182 656 1249 3.
691 1179 986 1245 Potestas
1018 1180 1342 1245 Ecclesiae
1374 1200 1503 1245 non
1537 1188 1634 1245 est
1665 1180 1794 1245 alia
1828 1189 2023 1264 atque
2057 1200 2154 1257 ea,
2188 1200 2384 1264 quam
2410 1183 2544 1264 jam
2578 1179 2815 1245 Paulus
2849 1200 3031 1245 exer-

417 1285 549 1350 cuit
586 1291 637 1352 1.
671 1283 810 1349 Cor.
847 1292 881 1354 7
920 1288 1004 1371 (n.
1039 1292 1164 1354 627
1180 1289 1252 1371 3),
1298 1294 1524 1369 estque
1569 1288 1761 1369 hujus
1813 1288 2232 1353 continuatio.
2294 1287 2532 1352 Eodem
2565 1307 2715 1370 ergo
2748 1307 2826 1353 ex
2859 1290 3034 1352 fonte

417 1411 496 1458 ea
528 1394 592 1456 in
622 1392 975 1457 Ecclesiam
1008 1393 1351 1470 derivatur,
1385 1412 1462 1458 ex
1496 1414 1623 1477 quo
1658 1393 1833 1459 illam
1866 1394 2094 1460 habuit
2126 1394 2389 1469 Paulus,
2424 1394 2561 1459 scil.
2596 1414 2636 1459 a
2668 1393 2940 1459 Christo,

594 1518 657 1586 4.
690 1515 757 1581 Si
803 1517 1091 1582 Ecclesia
1136 1525 1468 1583 exerceret
1511 1518 1682 1583 hanc
1728 1527 2118 1600 potestatem
2167 1540 2242 1585 ex
2290 1520 2693 1602 delegatione
2742 1520 2843 1586 vel
2877 1540 3033 1584 con-

417 1624 711 1689 cessione
743 1624 1119 1706 principum,
1166 1624 1354 1689 huius
1395 1627 1833 1691 concessionis
1881 1627 2112 1692 saltem
2158 1627 2422 1710 aliquod
2469 1635 2751 1694 exstaret
2799 1647 3031 1692 monu-

417 1738 721 1796 mentum.
755 1731 949 1814 Atqui
981 1730 1226 1796 nullum
1257 1732 1551 1814 proferre
1582 1741 1855 1815 possunt
1890 1735 2279 1800 adversarii:
2311 1734 2554 1799 nullum
2576 1720 2860 1818 unquam
2883 1755 3032 1816 pro-

419 1839 704 1903 tulerunt
732 1840 1070 1921 principes
1134 1838 1350 1918 Quare
1382 1858 1587 1922 usque
1633 1841 1717 1904 ad
1748 1840 2087 1905 dimidium
2117 1858 2240 1906 sec.
2275 1841 2459 1905 XVII.
2510 1843 2833 1907 sententia
2864 1842 3035 1906 inter

416 1945 769 2011 catholicos
803 1945 919 2009 fuit
950 1947 1328 2020 communiS,
1360 1945 1716 2011 Ecclesiam
1748 1967 1879 2011 non
1912 1948 2230 2023 derivata,
2280 1949 2392 2012 sed
2425 1955 2746 2029 potestate
2778 1948 2900 2011 sibi
2933 1950 3031 2012 in-

416 2052 542 2116 sita
574 2052 653 2116 de
684 2051 1111 2117 matrimoniis
1138 2053 1446 2134 judicare,
1477 2060 1549 2116 ut
1578 2052 1781 2135 liquet
1814 2073 1891 2119 ex
1925 2054 2469 2135 disputationibus
2493 2055 2935 2135 theologorum
2968 2055 3033 2118 in

418 2178 594 2223 conc.
633 2159 1107 2235 tridentino,
1142 2178 1288 2222 cum
1321 2159 1399 2223 de
1432 2159 1843 2224 matrimonio
1878 2167 2197 2241 ageretur,
2231 2167 2297 2226 et
2314 2181 2429 2242 pro
2450 2162 2795 2244 posteriori
2817 2171 3036 2227 aetate

419 2287 494 2331 ex
546 2266 643 2342 iis,
692 2262 857 2348 quae
901 2266 1090 2347 juxta
1140 2264 1293 2332 cleri
1342 2266 1637 2347 gallicani
1698 2268 2086 2331 sententiam
2138 2267 2210 2331 Is,
2263 2268 2674 2335 Habertus
2738 2270 2802 2332 in
2853 2267 2889 2332 l.
2954 2270 3032 2333 de

410 2373 657 2456 justitia
688 2372 1089 2437 connubialis
1123 2373 1312 2438 edicti
1344 2390 1385 2435 a
1413 2372 1736 2436 Ludovico
1771 2372 1923 2436 Xlll.
1956 2373 2113 2437 editi
2145 2373 2352 2439 refert.

596 2502 661 2565 ὅ.
697 2497 989 2565 Profecto
1040 2514 1185 2560 cum
1236 2496 1448 2577 agitur
1495 2495 1575 2559 de
1626 2496 2024 2578 quaestione,
2075 2515 2355 2579 quonam
2405 2518 2482 2564 ex
2529 2498 2702 2563 fonte
2747 2499 3034 2563 Ecclesia

418 2624 603 2669 suam
637 2604 959 2688 acceperit
1007 2610 1395 2687 potestatem
1444 2604 1510 2667 in
1559 2603 2062 2679 matrimonium,
2112 2605 2250 2686 ipsa
2303 2605 2365 2668 in
2414 2606 2639 2688 primis
2691 2615 2789 2671 est
2835 2608 3033 2671 inter-

416 2712 721 2794 roganda.
754 2713 929 2776 Haec
948 2731 1104 2776 vero
1126 2730 1455 2793 nunquam
1489 2718 1803 2793 provocat
1837 2712 1921 2775 ad
1957 2712 2461 2788 concessionem,
2493 2733 2877 2779 consensum
2912 2723 3033 2780 etc.

414 2819 790 2901 principum,
821 2820 935 2884 sed
968 2839 1007 2882 a
1039 2826 1298 2901 patrum
1331 2825 1594 2896 statuta,
1643 2820 1726 2883 ad
1775 2838 2080 2894 canoneS,
2126 2820 2209 2883 ad
2244 2819 2674 2896 traditionem,
2706 2822 2790 2885 ad
2822 2822 3034 2886 Evan-

416 2926 664 3008 gelium,
697 2928 972 3009 indeque
1004 2926 1124 2990 sibi
1157 2944 1300 2992 eam
1334 2926 1788 2991 auctoritatem
1822 2928 2057 2992 asserit
2088 2934 2155 2992 et
2187 2927 2483 2993 vindicat.

591 3055 658 3120 6.
694 3052 1047 3117 Praeterea
1079 3051 1186 3134 qui
1218 3058 1602 3132 potestatem
1635 3051 1836 3116 habet
1869 3051 2230 3132 delegatam
2276 3071 2353 3118 ex
2408 3051 2668 3117 alterius
2701 3052 3034 3119 voluntate

417 3165 767 3240 acceptam,
801 3177 945 3223 eam
978 3157 1253 3223 invalide
1275 3156 1375 3221 vel
1397 3155 1614 3223 illicite
1647 3164 1927 3231 exercet,
1962 3157 2019 3221 si
2040 3176 2120 3222 ea
2138 3157 2341 3222 utitur
2374 3165 2599 3223 contra
2631 3178 2798 3236 eum,
2831 3178 2873 3223 a
2904 3180 3035 3242 quo

417 3262 589 3327 illam
622 3265 889 3345 accepit,
923 3263 1313 3329 declarando
1348 3263 1548 3338 irrita,
1570 3282 1736 3346 quae
1771 3263 1873 3328 ille
1906 3271 2050 3328 rata
2082 3264 2296 3342 habet,
2319 3271 2382 3330 et
2403 3284 2570 3348 quae
2589 3266 2770 3330 irrita
2789 3268 3030 3338 statuit,

416 3371 899 3452 pronunciando
930 3369 1144 3435 valida
1176 3379 1242 3435 et
1271 3377 1432 3435 rata.
1495 3370 1691 3453 Atqui
1736 3370 2024 3434 Ecclesia
2078 3371 2142 3434 in
2192 3372 2404 3435 causis
2454 3372 3033 3438 matrimonialibus

413 3476 601 3559 plura
632 3477 989 3541 declaravit
1021 3477 1216 3552 irrita,
1249 3496 1415 3559 quae
1446 3477 1876 3558 permiserant
1905 3477 2263 3559 principes:
2315 3497 2609 3561 quaeque
2656 3479 2720 3541 hi
2753 3481 3032 3544 vicissim

414 3582 899 3666 prohibuerant,
933 3584 1073 3664 ipsa
1104 3583 1398 3664 permisit
1428 3583 1807 3665 censuitque
1839 3583 2069 3647 valida.

594 3712 655 3779 7.
689 3710 809 3790 Ipsi
842 3709 1116 3791 denique
1134 3729 1317 3790 reges
1339 3717 1404 3775 et
1424 3711 1846 3791 imperatores
1880 3711 1907 3773 s
1917 3728 2006 3775 ac
2028 3717 2105 3775 to
2140 3709 2415 3792 professi
2435 3718 2605 3786 sunt,
2624 3711 2793 3774 hanc
2813 3710 3030 3774 Eccle-

415 3817 551 3882 siae
584 3823 974 3898 potestatem
1026 3837 1153 3880 non
1206 3817 1417 3883 inesse
1469 3836 1546 3882 ex
1594 3818 1881 3898 ipsorum
1916 3819 2351 3883 concessione.
2413 3817 2626 3898 Quare
2673 3817 2844 3881 enim
2876 3837 3030 3881 suas

415 3940 647 3987 causas
679 3921 1187 3988 matrimoniales
1220 3923 1591 3987 detulerunt
1622 3924 1706 3987 ad
1736 3923 2107 4005 pontificem
2130 3926 2160 3987 Ρ
2194 3942 2416 4005 quare,
2450 3943 2526 3987 eo
2557 3924 2639 3987 ad
2660 3930 2880 3987 votum
2902 3942 3028 3986 non

416 4037 759 4104 annuente,
790 4049 996 4112 neque
1029 4036 1468 4094 retractarunt
1499 4031 2006 4105 concessionem,
2049 4049 2256 4112 neque
2290 4049 2558 4094 causam
2592 4031 2673 4093 ad
2707 4049 2895 4094 suum
2929 4051 3029 4094 re-

415 4143 732 4200 vocarunt
767 4135 1078 4200 tribunal:
1112 4135 1226 4200 sed
1246 4154 1315 4200 se
1335 4134 1435 4200 vel
1458 4135 1869 4238 subjecegunt
1902 4136 2002 4200 vel
2039 4144 2415 4203 manserunt
2446 4145 2880 4211 contumaceS,
2914 4138 3030 4202 do-

417 4260 534 4305 nec
564 4243 789 4324 poenis
824 4243 1277 4307 ecclesiasticis
1313 4242 1740 4323 adigerentur,
1775 4251 1846 4307 ut
1877 4262 2129 4317 morem
2162 4247 2568 4331 gererent¹)?

637 4493 672 4562 ¹)
702 4489 819 4543 Hoc
847 4493 1248 4560 argumentum
1276 4490 1501 4560 egregie
1531 4491 1895 4559 persequitur
1921 4491 1962 4543 L
1979 4507 2006 4544 e
2026 4509 2057 4545 o
2085 4491 2232 4545 XIII.
2261 4491 2323 4544 in
2349 4491 2434 4544 lit.
2461 4507 2580 4546 enc.
2609 4500 2688 4547 10.
2713 4491 2872 4545 Febr.
2896 4494 3029 4546 1880

418 4571 720 4630 ,Arcanum
749 4569 976 4623 divinae
1005 4569 1317 4640 sapientiae
1344 4571 1685 4635 consilium,⁶
1714 4570 1815 4623 ubi
1837 4569 1984 4624 inter
1999 4571 2114 4624 alia
2136 4572 2341 4626 habet:
2372 4570 2663 4632 „Christus
2683 4570 2880 4642 igitur,
2904 4588 3029 4624 cum

415 4649 488 4701 ad
516 4649 685 4702 talem
713 4666 777 4703 ac
806 4652 1031 4703 tautum
1061 4651 1449 4704 excellentiam
1478 4650 1845 4704 matrimonia
1871 4649 2272 4715 renovavisset,
2299 4653 2479 4705 totam
2507 4650 2759 4720 ipsorum
2782 4649 3029 4718 discipli-

307 4794 321 4808 .
416 4747 548 4785 nam
573 4729 858 4784 Ecclesiae
886 4731 1131 4784 credidit
1146 4732 1204 4784 et
1218 4730 1655 4784 commendavit.
1684 4729 1839 4795 Quae
1855 4733 2195 4800 potestatem
2216 4731 2272 4783 in
2299 4729 2568 4800 conjugia
2589 4728 3028 4783 christianorum

414 4809 574 4863 omni
600 4827 726 4865 cum
757 4814 1009 4880 tempore
1038 4813 1159 4864 turn
1188 4812 1311 4865 loco
1328 4812 1594 4874 exercuit,
1620 4813 1794 4879 atque
1812 4811 1892 4863 ita
1913 4812 2180 4875 exercuit,
2204 4814 2269 4864 ut
2287 4811 2443 4865 illam
2466 4808 2757 4880 propriam
2773 4811 2895 4879 ejus
2912 4826 3027 4863 esse
