3538 5364
1226 273 1465 324 naturae
1492 270 1724 324 divinae
1751 274 2056 325 consortes.
2825 283 2943 347 161

325 464 389 516 et
422 456 764 532 adoptionis
797 459 874 515 ad
906 458 1089 532 ipsam
1124 457 1529 516 hereditatem.
1563 456 1887 532 Bipalda
1919 456 2069 532 disp.
2090 458 2200 515 ult.
2225 476 2268 515 a.
2300 469 2373 520 10
2408 441 2705 533 ῒἰ·1ρ15κ
2738 461 2950 520 distin-

326 548 461 625 guit
484 549 624 621 jus:
661 546 983 615 ,Alterum
1014 551 1103 604 est
1126 549 1229 622 jus
1259 547 1479 604 morale
1512 547 1757 604 strictae
1771 547 2067 622 justitiae,
2102 546 2334 605 ratione
2355 548 2524 623 cujus
2545 548 2711 607 fieret.
2731 551 2954 626 injuria

330 637 541 695 stricta
567 637 754 710 juste,
790 636 843 693 si
873 640 1193 711 negaretur
1224 655 1259 694 a
1289 636 1410 693 Deo
1442 635 1661 712 gloria:
1695 635 1856 710 quod
1879 636 1983 711 jus
2014 634 2086 693 ad
2119 636 2374 712 gloriam
2406 643 2476 695 ut
2507 656 2781 697 coronam
2814 658 2952 699 con-

326 727 537 784 venire
560 725 752 800 justis
786 724 880 802 (ex
915 720 1168 805 meritis)
1201 724 1521 784 statuimus
1555 724 1702 799 disp.
1740 734 1841 786 83.
1903 725 2176 782 Alterum
2214 725 2318 800 jus
2364 725 2677 800 physicum
2710 729 2950 804 exigen-

333 815 450 873 tiae
481 813 794 885 naturalis,
830 814 1003 888 quale
1034 814 1315 872 convenit
1345 814 1680 888 cuicunque
1712 816 1958 872 naturae
1990 815 2054 871 in
2096 831 2232 872 suas
2266 815 2678 890 proprietateS‚
2727 820 2954 877 ratione

329 905 503 979 cujus
538 904 631 962 vis
666 903 987 962 inferretur
1016 903 1261 979 gratiae,
1295 904 1344 961 si
1377 904 1714 978 privaretur
1746 902 2075 961 hereditate
2109 903 2349 979 gloriae,
2391 904 2547 962 sicut
2577 906 2667 964 vis
2701 906 2956 966 insertur

328 998 601 1060 naturae,
637 1012 773 1050 cum
807 993 1080 1067 privatur
1111 992 1226 1050 sibi
1260 991 1462 1049 debita
1492 992 1876 1068 proprietate.
1941 992 2206 1050 Tertium
2253 996 2345 1050 est
2380 994 2484 1067 jus
2519 995 2706 1053 solius
2738 1015 2954 1054 conna-

331 1082 669 1141 turalitatis
702 1085 764 1140 et
795 1080 1107 1157 dignitatis
1136 1081 1414 1157 physicae
1446 1099 1554 1139 seu
1585 1080 1926 1155 capacitatis
1966 1081 2288 1139 naturalis:
2336 1100 2487 1157 quae
2532 1082 2654 1142 lata
2699 1085 2953 1159 quadam

329 1171 769 1248 significatione
800 1188 1002 1229 vocem
1026 1170 1182 1245 juris
1215 1170 1481 1229 obtinere
1511 1172 1765 1245 potest.‘
1829 1169 1869 1226 J
1873 1190 1963 1227 am
1997 1189 2135 1229 vero
2167 1171 2390 1246 gratiae
2422 1172 2675 1249 denegat
2696 1175 2799 1250 jus
2829 1195 2955 1234 mo-

329 1264 451 1319 rale
495 1264 562 1318 et
605 1260 935 1337 physicum,
982 1259 1317 1334 tribuitque
1366 1260 1502 1333 „jus
1549 1259 1737 1317 solius
1771 1260 2287 1318 connaturalitatis
2321 1279 2426 1318 seu
2458 1261 2774 1341 dignitatis
2808 1265 2958 1341 phy-

330 1351 484 1408 sicae
517 1352 582 1407 et
613 1349 943 1407 habilitatis
975 1349 1285 1419 naturalis,
1319 1352 1391 1405 ut
1420 1348 1682 1425 gratiose
1714 1351 2092 1423 acceptemur
2121 1349 2184 1406 in
2217 1349 2525 1425 gloriam.‘

510 1491 661 1554 193.
695 1486 1243 1554 Demonstratlo
1278 1506 1349 1570 p.
1388 1486 1550 1553 VII.
1624 1483 1786 1558 ,Per
1849 1485 2118 1566 gratiam
2171 1505 2323 1550 vero
2375 1486 2772 1552 habitualem
2821 1490 2956 1554 fieri

330 1594 665 1656 hominem
712 1592 1219 1674 participem
1265 1600 1543 1656 naturae
1590 1592 1942 1667 divinae,
1991 1592 2214 1656 scribit
2258 1592 2614 1673 Ripalda
2659 1595 2693 1659 l.
2727 1613 2778 1658 0.
2814 1616 2863 1659 5.
2898 1602 2956 1673 7,

331 1699 613 1782 ideoque
646 1700 921 1780 gratiam
954 1718 1096 1763 esse
1133 1697 1694 1781 participationem
1728 1699 1986 1763 deitatis
2019 1699 2183 1764 adeo
2216 1700 2520 1782 frequens
2554 1709 2618 1766 et
2647 1710 2957 1767 constans

330 1815 432 1871 est
466 1806 916 1886 theologorum
949 1814 1289 1879 assertum,
1337 1812 1408 1869 ut
1455 1805 1698 1887 absque
1748 1806 2109 1871 temeritate
2154 1807 2373 1886 negari
2419 1827 2550 1871 non
2582 1811 2799 1890 possit
2863 1810 2958 1874 Ita

326 1934 374 1976 s.
422 1913 786 1976 Thomas
834 1919 898 1977 et
946 1912 1171 1993 reliqui
1216 1910 1494 1992 theologi
1540 1930 1686 1975 cum
1735 1911 1844 1977 illo
1882 1918 1935 1980 1.
1971 1919 2012 1981 2
2059 1934 2115 1995 q.
2169 1919 2294 1981 110
2327 1932 2382 1977 a.
2418 1920 2491 1990 23
2538 1934 2594 1997 q.
2635 1921 2758 1984 112
2793 1935 2847 1979 a.
2886 1922 2955 1991 1;

331 2026 388 2089 3.
419 2040 481 2102 p.
517 2041 575 2103 q.
613 2025 655 2088 2
688 2038 744 2083 a.
783 2026 865 2088 10
898 2019 981 2082 ad
1020 2025 1110 2085 1.‹
1181 2020 1432 2083 Revera
1482 2020 1542 2088 l.
1594 2018 1657 2082 id
1703 2020 1942 2083 docent
1986 2027 2203 2102 patres
2237 2022 2580 2085 occasione
2611 2022 2956 2086 verborum

330 2126 566 2191 Psalm.
601 2132 709 2200 81,
743 2133 815 2195 6:
867 2125 1000 2211 Eyo
1031 2128 1197 2191 dixi:
1230 2127 1321 2190 dii
1353 2128 1496 2190 estis
1527 2134 1584 2189 et
1612 2127 1731 2208 filia·
1762 2127 1980 2190 excelsi
2014 2148 2262 2206 omnes;
2311 2130 2368 2193 2.
2404 2127 2570 2193 Petr.
2613 2138 2663 2204 1,
2696 2133 2771 2197 4:
2833 2130 2959 2192 Per

331 2254 503 2318 quem
538 2236 823 2298 maxima
866 2242 921 2297 et
955 2236 1237 2319 pretiosa
1290 2235 1462 2297 nobis
1490 2238 1800 2319 promissa
1850 2236 2126 2311 donavit,
2172 2245 2240 2299 ut
2261 2257 2382 2319 per
2412 2236 2561 2298 haec
2590 2238 2958 2318 efficiamini

334 2341 587 2404 divinae
618 2347 929 2404 consortes
960 2348 1247 2405 naturae.
1311 2342 1534 2423 Neque
1566 2343 1629 2411 2.
1664 2343 1726 2406 id
1759 2341 2082 2406 affirmant
2132 2348 2382 2406 tantum
2416 2349 2481 2407 et
2512 2344 2956 2422 comprobant,

332 2448 443 2511 sed
476 2448 680 2512 etiam
712 2447 1037 2511 illustrant
1067 2447 1617 2525 similitudinibus3
1651 2452 1889 2515 docent
1920 2450 2090 2513 enim
2124 2449 2213 2512 ita
2246 2467 2366 2511 nos
2398 2449 2576 2513 reddi
2609 2451 2960 2515 divinitatis

329 2555 697 2636 participes
730 2560 802 2617 ut
834 2552 1067 2619 ferrum
1101 2555 1366 2635 ignitum
1401 2556 1581 2636 ignis
1631 2574 1742 2621 aer
1788 2553 2183 2620 illuminatus
2214 2555 2491 2631 luminis
2539 2563 2720 2636 gutta
2752 2576 2962 2639 aquae

329 2661 480 2726 vino
500 2661 798 2725 immissa
813 2661 942 2724 vini
960 2668 1075 2726 etc.
1102 2661 1196 2726 Ita
1211 2682 1259 2727 5.
1275 2662 1323 2726 Β
1341 2682 1380 2726 a
1398 2663 1502 2727 sil
1521 2663 1597 2727 iu
1615 2684 1645 2727 s
1668 2663 1747 2728 de
1764 2660 1924 2746 Spir.
1943 2684 1990 2726 5.
2007 2679 2058 2725 5.
2078 2667 2118 2731 9
2131 2682 2187 2726 n.
2205 2668 2315 2731 23:
2349 2661 2961 2742 ,Quemadmodum

330 2769 553 2851 inquit,
586 2785 870 2849 corpora
901 2769 1101 2833 nitida
1129 2770 1570 2853 pellucidaque
1605 2776 1909 2834 contacta
1935 2770 2132 2833 radiis
2170 2770 2323 2833 solis
2345 2770 2504 2833 fiunt
2523 2776 2588 2834 et
2607 2770 2750 2851 ipsa
2768 2789 2964 2851 supra

331 2876 597 2938 modum
635 2875 970 2955 splendida
1003 2883 1066 2940 et
1097 2877 1293 2940 alium
1325 2877 1635 2958 fulgorem
1672 2898 1751 2942 ex
1786 2897 1855 2942 se
1887 2876 2311 2959 profundunt:
2344 2878 2435 2940 sic
2457 2883 2523 2941 et
2541 2879 2796 2942 animae
2817 2875 2961 2958 Spi-

330 2983 455 3045 ritu
490 2980 754 3046 afflatae
786 2991 850 3047 et
870 2980 1228 3049 illustratae
1260 2984 1421 3049 tiunt
1442 2992 1509 3048 et
1531 2986 1709 3066 ipsae
1732 2983 2100 3065 spirituales
2123 2991 2188 3048 et
2210 2983 2273 3046 in
2296 2981 2459 3047 alios
2480 2984 2754 3065 gratiam
2778 2984 2964 3049 emit·

332 3097 522 3153 tunt.
559 3141 572 3152 .
608 3141 620 3152 .
656 3090 817 3153 Hinc
867 3108 1012 3154 cum
1047 3091 1180 3157 Deo
1234 3092 1585 3157 similitudo
1638 3100 1720 3168 et,
1774 3110 1901 3174 quo
1954 3090 2042 3155 nil
2093 3091 2426 3155 sublimius
2473 3092 2685 3172 expeti
2729 3097 2964 3172 potest,

334 3197 483 3260 hinc
518 3204 639 3272 est,
671 3203 747 3259 ut
778 3195 949 3261 Deus
980 3197 1150 3261 1135·ζ
1192 3199 1329 3262 Huc
1363 3200 1425 3270 3.
1456 3199 1624 3264 refer
1656 3218 1834 3280 prop.
1869 3199 1971 3260 Ba
1977 3197 2039 3279 ji
2086 3198 2427 3261 damnatas
2458 3205 2545 3265 42
2581 3197 2680 3284 (cs.
2714 3218 2772 3261 n.
2813 3201 2962 3283 169)

331 3312 399 3367 et
432 3307 554 3371 21:
595 3303 965 3376 ,Humanae
998 3312 1270 3370 naturae
1303 3305 1670 3369 sublimatio
1706 3311 1772 3369 et
1806 3304 2112 3370 exaltatio
2165 3304 2231 3367 in
2276 3305 2676 3369 consortium
2711 3304 2963 3367 divinae

330 3418 608 3475 naturae
652 3410 870 3475 debita
901 3411 1016 3476 suit
1047 3413 1393 3493 integritati
1424 3414 1672 3494 primae
1707 3411 2111 3486 conditioniS‚
2147 3428 2224 3473 ac
2248 3410 2514 3491 proinde
2537 3411 2846 3475 naturalis
2869 3411 2964 3473 di-

331 3519 545 3582 cenda
577 3525 693 3594 est,
726 3525 791 3582 et
822 3538 952 3581 non
984 3520 1545 3601 supernaturalis!
1619 3518 1957 3582 Accedunt
1989 3522 2054 3586 4.
2089 3517 2418 3581 Ecclesiae
2470 3519 2827 3592 orationes;
2875 3518 2963 3580 ita

333 3626 509 3690 enim
544 3626 849 3690 sacerdos
882 3624 947 3687 in
979 3626 1195 3703 missa,
1230 3627 1380 3691 dum
1416 3646 1652 3710 aquam
1686 3626 1835 3688 vino
1871 3625 2204 3699 admiscet,
2239 3632 2414 3689 orat:
2470 3625 2602 3698 ,Da
2632 3624 2819 3688 nobis
2850 3644 2965 3707 per

331 3732 529 3813 hujus
562 3750 770 3814 aquae
804 3740 867 3796 et
897 3734 1027 3797 vini
1057 3735 1432 3816 mysterium
1466 3735 1603 3815 ejus
1637 3733 1993 3797 divinitatis
2027 3751 2172 3796 esse
2205 3739 2556 3804 consorteS,
2592 3732 2700 3812 qui
2732 3731 2963 3794 huma-

329 3840 558 3904 nitatis
589 3846 854 3904 nostrae
886 3840 1022 3906 fieri
1053 3841 1350 3922 dignatus
1384 3849 1482 3907 est
1515 3842 1895 3922 particeps«
1966 3839 2053 3903 Cf.
2089 3839 2477 3903 Petavius
2511 3839 2590 3902 de
2621 3838 2790 3902 Trin.
2816 3838 2963 3913 VIII,

330 3953 377 4014 4
410 3966 496 4022 S.;
530 3944 804 4011 Casini
837 3947 1001 4027 Quid
1034 3955 1133 4012 est
1163 3949 1357 4013 homo
1393 3949 1489 4012 ed.
1528 3946 1870 4012 Scheeben
1902 3967 1962 4028 p,
1998 3952 2126 4016 243
2162 3967 2276 4022 ss.;
2313 3945 2752 4026 Passaglia
2785 3964 2961 4008 com·

334 4060 533 4118 ment.
569 4054 760 4118 theol.
792 4055 849 4119 V
882 4056 961 4119 de
993 4056 1142 4120 eccl.
1178 4055 1439 4137 signific.
1476 4072 1581 4146 τῆς
1618 4055 1824 4130 οὐσίας
1859 4057 1891 4139 ξ
1931 4061 2007 4122 11
2047 4074 2164 4129 55.;
2198 4054 2540 4117 Terrien
2571 4052 2636 4128 ΙΙ,
2673 4059 2729 4120 2.

530 4212 667 4266 194.
699 4202 920 4261 Verum
953 4202 1196 4261 difficile
1240 4206 1335 4262 est
1379 4203 1671 4279 explicare
1703 4201 1946 4260 modum
1980 4201 2163 4276 hujus
2197 4201 2505 4259 consortii:
2556 4220 2759 4259 cavere
2805 4201 2963 4258 enim

527 4287 587 4353 l.
624 4291 924 4362 debemus,
973 4312 1046 4351 ne
1092 4293 1240 4351 hanc
1270 4292 1788 4368 participationem
1823 4291 2142 4349 defectu
2187 4295 2587 4358 extenuemuS,
2637 4289 2964 4348 revocando

333 4401 467 4440 eam
514 4382 586 4438 ad
633 4400 856 4439 meram
890 4381 1373 4440 assimilationem
1407 4381 1768 4439 moralem
1804 4379 1931 4439 scil.
1966 4378 2294 4437 seeundum
2328 4380 2624 4437 sentiendi
2657 4379 2963 4448 rationem,

335 4470 432 4528 vel
465 4470 898 4528 virtualem
934 4472 1057 4534 scil.
1104 4472 1167 4528 in
1215 4471 1337 4528 solo
1384 4470 1556 4528 modo
1589 4469 1904 4544 ope1·andi;
1953 4471 2276 4526 tenendum
2323 4469 2482 4526 enim
2528 4475 2622 4526 est
2666 4486 2792 4525 eam
2839 4485 2964 4525 esse

335 4559 657 4635 physici
689 4559 912 4617 ordinis
946 4559 1067 4617 scil.
1100 4560 1326 4634 aliquid
1359 4559 1670 4634 physicum
1704 4562 1765 4615 et
1795 4558 2188 4632 objectivum3
2222 4577 2416 4631 neque
2447 4557 2964 4633 participationem

333 4657 581 4706 tantum
613 4648 868 4723 alicujus
900 4648 1193 4716 attributi,
1243 4648 1346 4706 sed
1379 4651 1722 4708 naturae.
1790 4647 1901 4704 Sed
1950 4648 2137 4705 altera
2180 4666 2248 4704 ex
2293 4656 2461 4721 parte
2494 4646 2818 4704 cavendum
2853 4649 2961 4714 est,

336 4756 412 4796 ne
444 4756 529 4795 ex
548 4755 773 4795 cessu
803 4756 931 4796 eam
951 4755 1393 4815 exaggeremu8‚
1427 4736 1573 4795 adeo
1606 4741 1677 4794 ut
1708 4736 1772 4794 in
1803 4737 2129 4794 sententias
2151 4736 2595 4812 pantheismum
2612 4736 2841 4793 olentes
2874 4734 2966 4791 in-

556 4845 830 4902 Hurter‚
870 4846 1123 4906 Compend.
1164 4846 1426 4900 theolvgiae
1463 4844 1545 4903 ΙΙΙ,
1592 4846 1675 4891 11.
1714 4845 1787 4892 td.
2583 4840 2640 4888 11
