3538 5364
512 328 643 391 348
1247 317 1432 370 Tract.
1464 317 1557 369 IX.
1585 316 1654 369 de
1681 316 2045 370 eucharistia.
2074 316 2400 371 Corollaria.

508 505 987 564 dimensionibus
1021 504 1211 580 panis,
1247 504 1380 578 ipsa
1410 503 1581 579 panis
1613 503 1958 561 substantia
1988 502 2325 562 immediate
2358 504 2730 562 convertitur
2760 503 2821 560 in
2855 502 3137 561 substan·

510 595 657 653 tiam
690 593 1221 669 praeexsistentem
1245 592 1505 668 corporis
1526 592 1761 663 Christi,
1797 591 1954 665 quod
1987 610 2055 649 ex
2088 594 2235 651 tunc
2265 593 2490 668 absque
2522 593 2650 650 ulla
2681 592 2776 650 sui
2808 592 3138 650 mutatione

513 684 605 742 vel
640 683 884 741 virtuali
914 681 1418 757 multiplicatione
1440 681 1655 757 incipit
1685 699 1810 740 esse
1841 681 1953 740 sub
1986 681 2461 740 dimensionibus
2492 681 2630 757 illis,
2663 681 2766 739 sed
2796 699 2917 739 non
2949 682 3019 739 ut
3049 679 3139 740 lo·

513 774 711 831 catum
744 772 809 830 in
840 772 986 841 loce,
1027 772 1169 847 quia
1199 771 1540 829 substantia
1572 765 1750 851 (quae
1784 771 1907 829 sola
1937 774 2031 828 est
2060 770 2352 829 terminus
2386 771 2647 830 directus
2680 770 2860 844 hujus
2893 787 3135 828 conver-

513 857 719 941 sionis)
753 860 983 919 ratione
1015 861 1128 927 sui,
1178 860 1364 918 situm
1409 861 1469 918 et
1500 860 1858 936 positionem
1891 860 1952 917 in
1984 861 2113 918 loco
2143 859 2362 918 habere
2392 878 2514 918 non
2544 861 2806 935 potest.‘
2873 859 2958 917 De
2991 877 3136 917 sacr.
3218 897 3241 918 .

514 952 577 1010 in
614 960 668 1013 3.
702 970 757 1026 p.
791 969 846 1025 q.
885 959 984 1012 75.
1016 949 1179 1007 Num
1210 967 1349 1007 vero
1370 949 1481 1008 hac
1502 949 1802 1008 sententia
1820 949 2034 1006 melius
2056 949 2400 1008 illustretur
2428 949 2526 1007 vel
2555 948 2897 1007 vindicetur
2927 947 3141 1025 dogma

507 1039 874 1099 catholicum
889 1038 960 1097 de
972 1037 1657 1107 transsubstantiatione,
1691 1038 2071 1097 dubitamus:
2108 1056 2176 1096 ea
2195 1039 2355 1096 enim
2374 1056 2495 1096 non
2514 1037 2913 1113 intelligitur3
2945 1054 3141 1112 neque

512 1128 908 1187 recentiorum
942 1127 1174 1186 scholae
1203 1127 1622 1204 theologorum
1644 1127 2067 1203 explicationes
2100 1127 2385 1185 videntur
2414 1127 2560 1186 adeo
2592 1126 2812 1185 distare
2844 1146 2878 1183 a
2910 1144 2955 1184 a.
2986 1125 3139 1184 Tho-

513 1236 643 1276 mae
675 1216 961 1285 doctriua,
996 1219 1067 1274 ut
1101 1235 1232 1275 vera
1261 1212 1556 1274 habeatur
1586 1215 1903 1292 oppositio,
1950 1216 2063 1274 Hic
2095 1216 2256 1274 enim
2285 1219 2464 1293 urget
2483 1216 2950 1279 conversionem,
2980 1214 3141 1290 quod

512 1306 754 1365 omnino
776 1310 869 1365 est
888 1305 1244 1373 faciendum,
1280 1306 1430 1380 quin
1450 1308 1648 1363 tamen
1669 1305 1906 1381 plenius
1925 1306 2329 1363 conversionis
2347 1305 2699 1381 mysterium
2724 1324 2829 1363 seu
2848 1304 3141 1363 rationem

511 1396 770 1464 evolvat,
803 1414 983 1470 quam
1016 1394 1374 1453 recentiores
1409 1394 1692 1471 theologi,
1740 1395 1872 1469 ejus
1905 1393 2205 1469 discipuli,
2254 1395 2557 1472 ingeniose
2588 1394 2874 1453 nituntur
2903 1393 3141 1469 plenius

513 1485 804 1547 evolvere.

695 1610 842 1674 368.
876 1605 1375 1673 corollarium
1406 1604 1467 1670 1.
1538 1600 1718 1667 Sicut
1766 1602 2040 1667 mutatio
2073 1602 2373 1684 specifica
2404 1602 2830 1667 accidentium
2860 1601 3145 1683 postulat

515 1712 890 1776 naturaliter
922 1718 988 1775 et
1020 1710 1263 1774 indicat
1298 1710 1723 1774 mutationem
1775 1709 1961 1791 panis
1994 1716 2060 1774 et
2088 1709 2219 1772 vini
2250 1709 2316 1773 in
2351 1709 2541 1773 aliam
2578 1707 3007 1773 substantiam
3038 1727 3141 1773 re-

513 1819 942 1901 spondentem
974 1818 1150 1883 hisce
1185 1815 1633 1881 accidentibus
1668 1816 1962 1880 mutatis:
2012 1817 2104 1880 ita
2135 1835 2213 1881 ex
2246 1816 2569 1880 constanti
2599 1816 2737 1897 lege
2769 1832 3142 1879 sacramen-

513 1926 628 1992 tali
660 1926 924 1990 mutatis
956 1923 1251 2006 specifice
1285 1922 1729 1988 accidentibus
1763 1923 2144 2004 postulatur,
2186 1929 2258 1988 ut
2288 1942 2423 1987 non
2453 1924 2537 1988 sit
2567 1923 2839 2005 amplius
2871 1921 2991 1986 sub
3023 1921 3143 1985 illis

511 2049 748 2113 corpus
769 2029 1020 2107 Christi,
1042 2031 1156 2095 sed
1177 2030 1546 2094 substantia
1579 2030 1985 2110 respondens
2004 2030 2183 2094 hisce
2202 2030 2465 2094 mutatis
2485 2028 2943 2103 accidentibus
2976 2046 3145 2111 quae

517 2139 600 2202 ad
652 2138 1035 2219 exigentiam
1087 2138 1514 2202 accidentium
1569 2144 1845 2202 creatur.
1913 2135 2135 2219 Neque
2185 2142 2406 2201 tamen
2453 2137 2596 2201 ideo
2646 2155 2882 2217 corpus
2914 2134 3148 2201 Christi

515 2250 732 2326 potest
763 2244 887 2309 dici
918 2264 1301 2311 conversum
1338 2246 1404 2308 in
1440 2246 1634 2309 aliam
1667 2244 2117 2321 substantiam,
2160 2250 2298 2308 tum
2328 2244 2481 2327 quia
2510 2264 2576 2311 a.
2611 2262 2742 2307 non
2774 2242 3143 2324 simpliciter

517 2350 765 2428 desinit,
798 2352 910 2415 sed
946 2357 1196 2416 tantum
1228 2353 1462 2417 desinit
1497 2370 1639 2418 esse
1671 2352 1791 2415 sub
1827 2351 1929 2415 his
1962 2350 2314 2432 speciebus,
2349 2358 2486 2415 tum
2518 2350 2669 2433 quia
2700 2353 2773 2418 b.
2808 2351 2972 2415 haec
3003 2350 3139 2430 ipsa

514 2457 745 2522 desitio
778 2477 912 2523 non
942 2458 1012 2522 fit
1041 2460 1106 2523 in
1139 2459 1363 2524 ordine
1386 2460 1472 2522 ad
1496 2458 1690 2523 aliam
1712 2457 2144 2522 substantiam
2164 2457 2709 2522 substituendam:
2742 2475 2951 2540 neque
2971 2457 3143 2522 enim
3234 2481 3239 2486 ·

516 2564 578 2627 vi
610 2564 798 2645 hujus
830 2583 1039 2631 novae
1071 2565 1472 2630 substantiae
1510 2564 1871 2629 excluditur
1915 2581 2149 2645 corpus
2182 2562 2433 2637 Christi,
2480 2564 2593 2630 sed
2626 2569 2921 2629 cessante
2952 2581 3142 2645 prae-

519 2672 729 2737 sentia
760 2673 1047 2755 corporis
1080 2671 1311 2736 Christi
1344 2671 1539 2752 exigit
1571 2690 1787 2736 rerum
1821 2671 1999 2749 orda,
2045 2678 2116 2736 ut
2165 2671 2603 2737 accidentibus
2636 2671 2951 2754 corruptis
2982 2689 3140 2735 con-

517 2780 781 2844 veniens
801 2780 1215 2862 provideatur
1234 2779 1615 2842 substantia.
1652 2776 1847 2843 Deest
1860 2779 2121 2860 insuper
2141 2799 2205 2847 c.
2227 2780 2485 2842 tertium
2503 2797 2845 2844 commune
2861 2779 2945 2864 (n.
2965 2779 3138 2865 360).

516 2885 606 2949 Cf.
640 2884 946 2950 Suarez
978 2887 1035 2949 d.
1070 2890 1188 2960 543
1223 2885 1666 2951 Franzelin
1704 2884 1903 2950 schol.
1942 2893 1974 2953 1
2009 2893 2158 2968 post
2187 2886 2273 2951 th.
2313 2893 2409 2955 14.

700 3024 874 3079 368⁸.
909 3009 1401 3078 corollarium
1433 3011 1536 3078 II.
1586 3016 1729 3074 Cum
1776 3017 2024 3075 materia
2068 3035 2175 3092 pro
2206 3017 2565 3076 conficiendo
2599 3016 2890 3093 sanguine
2922 3015 3138 3074 Christi

516 3104 841 3163 secundum
875 3105 1357 3179 antiquissimam
1389 3105 1685 3165 Ecclesiae
1715 3105 1947 3181 praxim
1980 3105 2062 3164 sit
2093 3106 2317 3176 vinum,
2366 3106 2461 3164 cui
2507 3105 2809 3164 modicum
2840 3124 3027 3180 aquae
3058 3104 3139 3162 sit

517 3193 848 3251 admixtum
864 3193 940 3270 ¹):
987 3212 1107 3252 non
1153 3197 1242 3253 est
1285 3212 1532 3270 operose
1564 3193 2010 3269 inquirendum,
2056 3213 2203 3253 num
2247 3213 2405 3270 aqua
2447 3195 2617 3270 prius
2659 3197 3046 3253 convertatur
3075 3194 3136 3251 in

516 3283 724 3340 vinum
769 3285 831 3339 et
875 3282 1087 3341 deinde
1132 3283 1196 3341 in
1243 3283 1615 3360 sanguinem,
1664 3302 1802 3342 cum
1834 3287 2063 3342 certum
2095 3284 2176 3342 sit
2205 3286 2393 3341 totam
2426 3284 2826 3342 substantiam
2858 3283 3137 3341 materiae

516 3370 831 3445 proximae,
877 3391 1027 3447 quae
1059 3374 1153 3430 est
1183 3372 1391 3431 vinum
1424 3391 1579 3447 aqua
1610 3372 1882 3443 mixtum,
1929 3372 2464 3448 quomodocunque
2510 3391 2666 3447 aqua
2711 3390 2774 3430 se
2818 3372 3032 3431 habeat
3073 3371 3137 3430 in

517 3460 625 3517 hac
671 3459 975 3531 mixtione,
1024 3461 1086 3519 in
1131 3461 1481 3539 sanguinem
1529 3461 1811 3525 converti.
1890 3461 1973 3523 Cf.
2023 3462 2095 3521 de
2145 3462 2251 3520 hac
2295 3462 2696 3521 controversia
2728 3457 2939 3542 (cujus,
2959 3462 3138 3519 etiam

515 3548 881 3608 mentionem
926 3550 1068 3608 facit
1111 3550 1636 3609 Innocentius
1682 3551 1787 3612 111.
1824 3559 1859 3613 3
1909 3551 2061 3609 decr.
2095 3551 2190 3611 tit.
2225 3559 2298 3613 41
2343 3569 2390 3609 c.
2428 3562 2459 3613 7
2510 3550 2670 3626 apud
2704 3549 3139 3627 Denzinger

516 3657 573 3695 n.
611 3634 765 3719 346)
798 3639 1105 3706 subtiliter
1136 3639 1512 3715 disputantes
1546 3639 1755 3717 Lugo
1788 3640 1940 3714 disp.
1965 3650 2001 3702 4
2036 3642 2176 3698 sect.
2214 3649 2282 3710 33
2317 3642 2597 3700 Suarez
2629 3639 2775 3714 disp.
2799 3649 2878 3701 45
2915 3645 3056 3698 sect.
3080 3649 3135 3709 4,

517 3727 621 3802 qui
655 3728 834 3786 etiam
863 3728 1098 3804 quaerit
1128 3729 1278 3805 disp.
1317 3739 1393 3792 57
1432 3747 1478 3790 8.
1512 3737 1568 3797 4,
1622 3729 1767 3804 quid
1819 3728 2143 3787 tenendum
2189 3730 2286 3798 sit,
2336 3730 2385 3787 si
2432 3729 2578 3803 quid
2622 3729 2763 3787 vino
2801 3731 3139 3788 consecrato

516 3815 941 3881 immisceatur,
1007 3817 1088 3876 cf.
1129 3836 1172 3876 s.
1206 3818 1459 3876 Thomas
1491 3818 1690 3892 quodl.
1733 3829 1808 3881 10
1845 3837 1899 3893 q.
1941 3828 1967 3880 1
2006 3836 2057 3875 a.
2093 3825 2148 3880 3.
2215 3819 2298 3876 De
2342 3818 2820 3886 sanctificatione,
2869 3836 3023 3893 quae
3069 3835 3138 3875 ex

515 3905 810 3981 particula
842 3910 1185 3965 consecrata
1214 3906 1277 3964 in
1310 3907 1518 3965 vinum
1552 3925 1670 3964 non
1704 3911 2132 3977 consecratum,
2181 3907 2228 3965 si
2262 3907 2316 3965 ei
2346 3907 2746 3966 admisceatur
2777 3925 2884 3965 seu
2914 3906 3140 3964 immit-

517 3997 698 4064 tatur,
747 3995 1059 4064 redundet,
1107 3995 1380 4069 disputat
1423 3995 1805 4054 Belethus
1853 3994 1986 4073 (sec.
2021 3991 2176 4077 XII.)
2223 3996 2286 4054 in
2331 3996 2608 4054 rationali
2638 3995 2757 4054 div.
2790 3995 2938 4058 offic.
2972 4013 3017 4054 c.
3055 4005 3136 4058 99

515 4077 681 4162 (Mig.
718 4093 797 4146 20
813 4094 863 4153 2,
907 4080 1057 4164 104)
1092 4087 1155 4142 et
1185 4083 1706 4142 mabillonius
1743 4085 1810 4143 in
1840 4089 2154 4148 comment.
2186 4085 2446 4160 praeviis
2491 4086 2566 4143 ad
2597 4084 2834 4144 ordines
2864 4102 3138 4143 romanos

517 4169 549 4236 ἓ
588 4181 665 4235 12
704 4190 780 4233 se.
817 4168 916 4254 (cf.
948 4173 1200 4248 Migne
1237 4182 1336 4244 78,
1374 4182 1496 4236 896
1532 4167 1652 4254 ss.).
1721 4174 1933 4233 Merito
1964 4177 2165 4232 autem
2213 4177 2385 4232 notat
2422 4174 2675 4233 Billot
2705 4174 2767 4233 in
2803 4182 2839 4236 3
2873 4193 2929 4250 p.
2963 4193 3017 4249 q.
3055 4183 3132 4235 77

514 4281 566 4318 a.
602 4270 636 4324 8
675 4261 949 4320 Scholion
984 4271 1050 4323 2:
1104 4262 1419 4331 ,Ceterum
1450 4262 1516 4320 in
1546 4262 1639 4319 his
1672 4262 1951 4321 omnibus
1985 4265 2222 4338 oportet
2254 4280 2457 4338 sapere
2490 4263 2563 4321 ad
2595 4263 2997 4334 sobrietatem,
3030 4280 3139 4320 nec

513 4350 810 4409 curiosius
830 4350 1334 4428 investigandum,
1354 4352 1497 4427 quid
1531 4369 1638 4427 pro
1672 4352 1926 4428 singulis
1946 4352 2381 4428 hypothesibus
2400 4352 2792 4429 contingeret,
2825 4353 2969 4428 quia
2999 4369 3134 4409 cum

516 4438 790 4497 deficiant
809 4439 893 4497 ibi
913 4439 1266 4499 documenta
1283 4441 1678 4510 revelationis,
1713 4444 1776 4499 et
1805 4441 2096 4499 naturalis
2128 4440 2282 4500 ratio
2313 4440 2378 4499 in
2411 4441 2502 4499 his
2537 4441 3134 4500 determinationibus

516 4528 872 4604 plerumque
917 4529 1150 4606 caliget,
1198 4530 1553 4606 plerumque
1598 4530 1778 4588 etiam
1826 4529 2047 4589 solutio
2093 4530 2490 4605 undequaque
2532 4530 2716 4588 dubia
2744 4529 3133 4589 remanebit.‘

748 4793 782 4856 ¹)
813 4787 897 4842 Cf.
923 4787 1355 4857 Cyprianus
1383 4805 1470 4858 ep.
1500 4795 1570 4845 63
1595 4805 1789 4858 opusc.
1811 4789 1957 4853 XXI,
1978 4795 2110 4846 195:
2138 4788 2437 4842 Pcrrone
2464 4788 2532 4841 de
2554 4789 2717 4841 euch.
2734 4807 2789 4858 p.
2812 4794 2843 4841 2
2865 4807 2909 4842 c.
2932 4796 3068 4859 3pr.
3086 4795 3136 4845 3.
