3538 5364
562 317 692 383 580
1108 308 1291 362 Tract.
1320 308 1410 361 IX.
1438 308 1507 361 de
1535 306 1917 362 matrimonio.
1947 306 2028 361 De
2056 306 2360 379 privilegio
2377 306 2632 376 paulino.

560 497 714 554 vota
748 488 1072 554 transibit:
1119 496 1181 552 et
1229 488 1296 551 in
1340 488 1465 551 hoc
1510 505 1668 552 casu
1699 487 2124 568 intelligimuS,
2172 487 2344 569 quod
2399 487 2491 551 ait
2521 487 2899 569 Apostolus:
2965 486 3035 551 Si
3078 490 3181 552 in-

555 595 759 679 fidelis
790 596 1072 679 discedit,
1103 595 1410 659 discedat:
1446 594 1656 675 frater
1689 595 1852 657 enim
1883 595 1974 658 vel
2003 613 2182 657 soror
2212 613 2335 656 non
2368 601 2455 657 est
2485 595 2767 656 sanitati
2785 593 3090 677 subjectus
3111 597 3182 657 in

556 702 918 781 hujusmodi
950 751 962 764 .
998 750 1010 764 .
1045 751 1057 764 .
1121 699 1188 765 Si
1232 719 1385 765 vero
1432 701 1598 766 alter
1626 700 1908 766 fidelium
1954 700 2295 782 conjugum
2341 700 2441 765 vel
2472 700 2730 764 labatur
2760 701 2824 763 in
2854 700 3184 764 haeresim

557 810 658 874 vel
690 815 978 874 transeat
1011 808 1093 871 ad
1124 806 1494 888 gentilitatis
1527 826 1828 884 errorem,
1862 826 1995 872 non
2040 807 2378 884 credimuS,
2420 807 2592 889 quod
2637 807 2702 870 in
2746 808 2871 871 hoc
2915 824 3073 871 casu
3104 806 3186 883 is,

557 916 664 998 qui
696 915 1087 997 relinquitur,
1120 915 1374 979 vivente
1426 914 1631 979 altero
1680 914 1886 995 possit
1935 914 2019 977 ad
2069 914 2387 979 secundas
2438 913 2698 995 nuptias
2746 914 3096 979 convolare
3114 914 3184 1000 ¹),

556 1023 705 1087 licet
735 1022 800 1085 in
834 1023 958 1086 hoc
989 1039 1147 1085 casu
1179 1021 1385 1102 maJor
1417 1028 1727 1103 appareat
1773 1020 2165 1086 contumelia
2198 1018 2539 1085 CreatoriS.
2602 1019 2765 1084 Nam
2800 1021 2919 1085 etsi
2950 1020 3178 1085 matri-

556 1131 844 1193 monium
877 1147 1100 1194 verum
1132 1127 1299 1192 inter
1329 1127 1618 1194 infideles
1652 1128 1940 1204 exsistat,
1974 1146 2106 1191 non
2127 1134 2468 1192 esttamen
2487 1133 2731 1203 ratum3
2765 1127 2930 1192 inter
2950 1126 3176 1193 fideles

555 1243 771 1301 autem
803 1254 1027 1301 verum
1061 1242 1124 1300 et
1152 1242 1367 1299 ratum
1400 1234 1700 1299 exsistit.‘
1761 1233 1948 1314 Quod
1981 1234 2239 1317 quidem
2272 1234 2605 1300 decretum
2640 1241 2979 1317 sequentes
3011 1253 3179 1316 pon-

554 1343 754 1408 tifices
816 1342 1292 1407 confirmarunt.
1354 1342 1595 1406 Idcirco
1660 1342 2162 1408 Benedictus
2224 1342 2384 1407 XIV.
2447 1341 2836 1425 pronunciat
2896 1341 2975 1405 de
3037 1360 3180 1422 syn.

555 1451 755 1515 dioec.
789 1450 890 1527 VI,
922 1456 995 1517 4:
1035 1447 1333 1523 ,Certum
1366 1457 1463 1514 est
1493 1449 1840 1515 infidelium
1873 1449 2244 1532 conjugium
2277 1467 2357 1514 ex
2384 1449 2715 1531 privilegio
2738 1450 2805 1512 in
2823 1447 2974 1512 fidei
2993 1447 3179 1512 favo-

555 1576 692 1623 rem
724 1576 765 1621 a
799 1555 1049 1621 Christo
1081 1556 1354 1621 Domino
1387 1574 1698 1621 concesso
1746 1564 1810 1621 et
1841 1575 1955 1638 per
1987 1557 2369 1638 Apostolum
2409 1563 2461 1625 1.
2496 1556 2639 1621 Cor.
2677 1562 2713 1623 7
2761 1555 3178 1637 promulgato

554 1662 869 1728 dissolvi.‘

735 1802 879 1856 620.
923 1792 1089 1852 Idem
1131 1794 1397 1869 pontifex
1441 1794 1590 1852 hanc
1621 1794 1953 1853 doctrinam
1986 1796 2320 1854 accuratius
2352 1794 2596 1871 exponit
2623 1795 2664 1852 1.
2698 1813 2745 1852 c.
2778 1795 2838 1852 et
2868 1792 3026 1861 XIII,
3063 1801 3171 1865 21,

552 1883 724 1958 cujus
755 1882 1142 1958 expositionis
1188 1883 1330 1941 haec
1373 1887 1517 1941 sunt
1560 1884 1875 1960 praecipua
1907 1884 2129 1960 capita:
2183 1880 2243 1947 l.
2295 1883 2652 1960 Conjugium
2701 1882 2765 1941 in
2812 1881 3180 1940 infidelitate

553 1973 923 2030 contractum
954 1971 1288 2049 legitimum
1322 1976 1415 2031 est
1445 1977 1623 2047 atque
1655 1973 2086 2032 indissolubile.
2119 1971 2286 2041 Quod
2308 1974 2357 2032 si
2378 1973 2513 2049 quis
2534 1975 2672 2048 post
2688 1972 2946 2048 primum
2966 1970 3178 2029 matri·

546 2060 810 2119 monium
842 2059 986 2119 alias
1017 2060 1198 2120 ducat
1229 2080 1456 2133 uxorea,
1503 2061 1644 2120 haec
1676 2063 1805 2138 conj
1817 2063 1953 2138 ugia
1984 2065 2131 2121 sunt
2161 2062 2426 2121 invalida
2471 2066 2533 2120 et
2578 2062 2768 2123 nulla.
2827 2056 2894 2122 2.
2944 2056 3182 2119 Solutio

545 2149 906 2208 matrimonii
955 2151 1020 2208 in
1069 2168 1209 2209 casu
1254 2150 1558 2226 proposito
1591 2169 1711 2208 non
1744 2150 1814 2209 fit
1863 2151 2221 2210 auctoritate
2252 2152 2529 2221 humana,
2581 2150 2682 2209 sed
2734 2149 3178 2225 dispensatione

549 2239 749 2298 divina
780 2258 849 2297 ex
880 2239 1194 2315 prIvilegio
1226 2238 1381 2311 fidei,
1415 2244 1477 2298 et
1506 2242 1651 2298 tunc
1683 2244 1918 2298 tantum
1952 2240 2203 2313 obtinet,
2253 2241 2306 2300 si
2350 2241 2538 2299 altera
2582 2257 2719 2316 pars
2751 2239 2906 2297 nolit
2936 2238 3182 2314 pacifice

548 2328 899 2386 cohabitare.
978 2327 1145 2397 Quod
1208 2328 1258 2387 si
1321 2329 1468 2388 velit
1516 2328 1753 2405 pacifice
1806 2328 2156 2402 cohabitare,
2224 2349 2344 2389 non
2404 2329 2660 2388 solvitur
2707 2328 3180 2387 matrimonium.

550 2414 615 2479 3.
663 2416 829 2475 Tunc
872 2435 1012 2476 vero
1058 2417 1505 2476 matrimonium
1538 2418 1909 2487 dissolvitur,
1959 2436 2094 2476 cum
2143 2438 2278 2495 pars
2313 2437 2595 2479 conversa
2626 2417 2787 2475 aliud
2819 2417 2936 2475 init
2965 2417 3176 2475 matti·

548 2506 847 2576 monium;
881 2525 1016 2564 nam
1048 2506 1205 2581 parti
1237 2506 1416 2577 fideli,
1450 2525 1569 2565 non
1601 2506 1829 2565 infideli
1849 2525 2196 2567 concessum
2227 2512 2317 2567 est
2347 2507 2744 2585 privilegium.
2796 2504 2990 2574 Quare
3024 2500 3091 2571 4.
3126 2506 3174 2564 si

547 2613 684 2670 pars
717 2613 996 2653 conversa
1027 2598 1291 2654 servaret
1320 2596 1744 2654 continentiam
1778 2600 1837 2654 et
1869 2615 2004 2671 pars
2037 2597 2226 2656 altera
2257 2597 2422 2657 aliud
2452 2597 2689 2655 iniisset
2707 2595 3183 2666 matrimonium,

549 2684 761 2743 deinde
794 2703 931 2744 vero
964 2685 1378 2760 baptizaretur,
1412 2705 1479 2744 ea
1509 2689 1818 2745 teneretur
1848 2686 2041 2745 redire
2073 2688 2148 2746 ad
2181 2688 2440 2763 priorem
2471 2687 2801 2763 conjugem.
2868 2681 2934 2746 5.
2983 2687 3176 2744 Ante-

550 2793 726 2849 quam
758 2775 957 2832 autem
989 2792 1210 2832 novum
1242 2776 1478 2832 ineatur
1508 2774 1976 2847 matrimonium,
2021 2793 2257 2837 necesse
2304 2781 2413 2846 est,
2463 2779 2534 2836 ut
2579 2793 2716 2851 pars
2763 2774 2953 2832 fidelis
2986 2775 3175 2832 inter·

547 2863 731 2939 pellet
762 2863 1025 2931 alteram,
1071 2867 1144 2921 ut
1173 2863 1245 2922 de
1277 2862 1443 2922 illius
1476 2865 1870 2941 repugnantia
1901 2869 2147 2938 constet,
2192 2886 2384 2942 neque
2417 2866 2524 2924 hac
2555 2865 2618 2923 in
2650 2883 2714 2923 re
2745 2868 3031 2922 excusant
3060 2864 3180 2923 loci

549 2951 855 3023 distantia,
890 2951 1290 3021 difficultates,
1336 2953 1761 3030 repugnantiae
1793 2957 2201 3030 praesumptio
2236 2961 2345 3014 etc.
2408 2956 2616 3014 Potest
2647 2956 2847 3011 tamen
2877 2949 2941 3018 6.
2973 2971 3178 3011 roma-

548 3059 663 3099 nus
709 3040 974 3115 pontifex
1018 3040 1092 3098 ab
1137 3041 1246 3099 hac
1289 3041 1627 3117 dispensare
1658 3043 2025 3119 obligatione
2060 3045 2387 3104 secundum
2422 3043 2884 3120 Gregorium
2917 3042 3074 3100 XIII.
3110 3043 3174 3099 in

550 3131 728 3188 Brevi
779 3128 1089 3199 ,Quoniam
1134 3147 1306 3205 saepe
1352 3131 1696 3208 contingit‘:
1749 3132 1854 3207 qui
1904 3133 2083 3191 simul
2133 3134 2408 3204 declarat,
2460 3132 2906 3191 matrimonium
2956 3132 3178 3190 initum

550 3235 679 3276 esse
712 3218 976 3276 validum
1007 3220 1068 3275 et
1097 3218 1443 3277 nullatenus
1475 3220 1947 3292 rescindendum,
1980 3223 2213 3281 etiamsi
2245 3226 2448 3298 postea
2477 3222 2826 3291 innotuerit,
2859 3223 3182 3298 conjugem

548 3305 847 3365 infidelem
888 3307 1050 3382 juste
1100 3307 1448 3383 impeditum
1496 3326 1616 3366 non
1661 3310 1927 3384 potuisse
1961 3311 2257 3370 declarare
2289 3331 2455 3371 suam
2488 3311 2880 3380 voluntatem,
2927 3312 3046 3369 imo
3098 3311 3176 3369 ad

550 3395 723 3454 fidem
755 3413 882 3453 esse
916 3413 1262 3454 conversum
1293 3399 1557 3473 tempore
1589 3397 1726 3456 initi
1760 3400 2005 3457 secundi
2036 3400 2418 3459 matrimonii.
2484 3400 2549 3457 Id
2597 3403 2798 3457 autem
2849 3395 2911 3463 7.
2957 3418 3172 3458 secun-

549 3484 691 3543 dum
722 3484 953 3560 aliquos
986 3479 1084 3567 (ut
1115 3486 1625 3544 Benedictum
1658 3486 1824 3557 XIV„
1877 3489 2212 3548 Peri-one
2245 3486 2379 3570 etc.)
2409 3507 2529 3547 non
2562 3507 2630 3546 ex
2662 3507 2730 3547 eo
2764 3488 2973 3558 oritur,
3009 3489 3174 3563 quod

548 3573 812 3649 pontifex
846 3573 1130 3633 dissolvat
1163 3576 1516 3634 auctoritate
1550 3594 1658 3634 sua
1689 3577 2069 3636 matrimonia
2101 3578 2371 3655 legitima
2401 3580 2462 3637 et
2492 3582 2922 3648 consummata,
2962 3578 3067 3636 sed
3101 3598 3172 3636 ex

549 3681 636 3733 60,
686 3663 844 3738 quod
881 3663 984 3737 jus
1031 3663 1243 3722 habeat
1273 3664 1705 3740 interpretandi
1729 3666 1834 3741 jus
1869 3659 2157 3739 divinum,
2205 3667 2346 3726 hinc
2376 3667 2670 3725 eximendi
2704 3667 3063 3742 quandoque
3097 3667 3180 3724 ab

549 3752 1021 3827 interpellatione
1053 3753 1377 3811 necessario
1408 3753 1862 3828 praemittenda,
1910 3755 2148 3832 quando
2197 3756 2423 3815 scilicet
2467 3776 2535 3815 ea
2580 3759 2674 3815 est
2720 3757 3026 3815 moraliter
3058 3756 3173 3814 im·

547 3841 865 3918 possibilis,
886 3840 1105 3899 Verum
1120 3841 1501 3917 praeferenda
1516 3842 1755 3902 videtur
1766 3845 2081 3916 sententia,
2104 3864 2256 3920 quae
2269 3845 2487 3904 statuit
2499 3864 2811 3904 romanum
2829 3845 3171 3922 pontificem

548 3949 656 4007 pro
689 3929 1062 4005 plenitudine
1095 3949 1234 3989 suae
1266 3931 1584 4005 potestatis
1619 3952 1754 3991 vere
1787 3933 2105 3992 dissolvere
2137 3935 2582 3993 matrimonium
2614 3935 2782 4010 prius
2815 3935 2880 3994 in
2911 3934 3168 3994 infideli·

550 4023 672 4079 tate
717 4020 1101 4081 contractum.
1176 4019 1270 4077 Ita
1318 4023 1561 4078 censent
1610 4021 2282 4098 Gury-Palmieri,
2331 4023 2793 4094 Lehmkuhl‚
2843 4023 3172 4082 Bieder·

548 4109 750 4178 lack,
785 4107 1022 4165 Pesch
1053 4107 1288 4183 aliique.
1341 4108 1402 4166 Si
1434 4110 1593 4167 enim
1625 4110 1795 4186 gravi
1830 4111 1902 4170 de
1935 4130 2111 4171 causa
2144 4116 2345 4188 potest
2375 4112 2697 4171 dissolvere
2720 4113 3172 4172 matrimonium

550 4197 1003 4256 christianorum
1034 4199 1248 4267 ratum,
1294 4198 1453 4272 quod
1485 4201 1578 4256 est
1608 4204 2040 4259 sacramentum
2073 4197 2156 4282 (n.
2193 4199 2379 4283 623):
2428 4202 2654 4277 poterit
2685 4201 2863 4260 etiam
2895 4203 3065 4279 gravi
3098 4202 3177 4260 de

551 4305 723 4345 causa
768 4285 1091 4343 dissolvere
1134 4287 1579 4345 matrimonium
1617 4288 1950 4348 infidelium
1981 4293 2473 4360 consummatum,
2527 4291 2687 4366 quod
2740 4291 2939 4349 minus
2990 4290 3175 4350 habet

550 4374 869 4434 firmitatis.
926 4372 1154 4441 Quibus
1185 4373 1302 4433 duo
1335 4377 1451 4434 alia
1480 4377 1658 4435 adde:
1693 4379 1859 4437 Inter
1891 4379 2157 4437 nationes
2191 4380 2316 4440 scil.
2350 4380 2703 4438 christianas
2737 4380 2961 4455 praxim
2996 4380 3170 4438 inva-

551 4464 753 4534 luisse,
786 4467 858 4521 ut
886 4462 1241 4522 cohabitatio
1272 4483 1390 4523 non
1423 4467 1812 4541 permittatur
1843 4486 1978 4526 cum
2008 4472 2192 4543 parte,
2229 4488 2380 4544 quae
2414 4468 2710 4527 obstinata
2730 4472 2921 4528 sectae
2941 4468 3173 4527 infideli

551 4572 604 4611 v.
637 4573 721 4629 gr.
746 4552 1020 4628 judaicae
1054 4552 1380 4625 adhaereat,
1414 4556 1685 4630 quamvis
1719 4556 1859 4615 haec
1893 4560 2259 4632 protestetur
2291 4576 2351 4615 se
2383 4557 2622 4634 pacifice
2643 4558 2795 4616 velle
2818 4558 3176 4616 cohabitare.

774 4781 807 4846 ¹)
836 4777 954 4829 Hoc
984 4793 1211 4845 prorsus
1239 4779 1505 4835 illicitum
1534 4798 1650 4834 esse
1678 4781 1934 4834 decernit
1959 4797 2112 4835 conc.
2139 4779 2272 4834 trid.
2300 4798 2430 4835 sess.
2460 4788 2528 4838 24
2552 4797 2675 4835 can.
2704 4792 2752 4837 5.
