3538 5364
559 308 701 373 6ῖο
880 299 1064 354 Tract.
1095 297 1162 350 X.
1194 298 1262 352 de
1290 297 1405 352 Deo
1435 301 1905 352 consummatore.
1935 297 2131 352 Thesis
2163 296 2495 351 CCLXXIX.
2524 296 2856 351 Intercessio

566 480 741 544 hunc
774 480 1084 544 mundum
1117 478 1520 543 efficiendum
1555 485 1897 561 tamquam
1931 478 2067 559 ejus
2100 484 2317 560 partes
2351 485 2416 543 et
2446 478 2643 543 veluti
2676 478 2984 543 membra.
3044 476 3203 541 Non

567 586 774 652 deerit
806 605 956 667 ergo
987 586 1141 651 unio
1175 593 1240 651 et
1272 604 1586 667 compago
1632 586 1699 649 in
1743 604 1940 666 regno
1988 586 2461 667 supernaturali
2493 585 2660 650 inter
2690 587 2905 650 varios
2936 594 3203 650 creatu-

561 713 787 758 rarum
820 693 1343 758 intellectualium
1377 695 1649 758 ordines.
1711 693 1887 757 Haec
1929 692 2389 758 confirmantur
2433 694 2526 770 iis,
2576 711 2742 775 quae
2790 693 3078 758 dicemus
3109 692 3207 756 de

571 808 946 865 sanctorum
978 801 1391 865 invocatione
1439 807 1503 865 et
1547 801 2025 864 intercessione.
2090 798 2180 863 Cf.
2215 800 2507 864 Kirsch
2540 799 2654 865 Die
2686 800 2888 864 Lehre
2921 817 3048 863 von
3079 798 3210 862 der

561 900 1054 973 ‘Gemeinschaft
1086 908 1199 971 der
1229 907 1517 988 Heiligen
1551 908 1636 970 im
1669 907 1906 972 christl.
1938 907 2224 983 Alterth.,
2257 907 2464 971 Mainz
2503 913 2688 977 1900.

754 1038 898 1102 718.
930 1032 1074 1096 Jam
1107 1033 1319 1095 varias
1350 1032 1714 1108 relationeS,
1748 1049 1915 1114 quae
1946 1032 2114 1095 hanc
2148 1032 2664 1113 conjunctionem
2696 1036 3208 1112 consequuntur,

560 1139 934 1219 diligentius
968 1138 1422 1219 expendamus

751 1265 1004 1331 ThssSiS
1027 1261 1482 1330 CCLXXIX·
1513 1284 1844 1349 „Bonum
1883 1287 2094 1349 atque
2121 1284 2294 1337 utile
2319 1268 2441 1349 est,
2471 1284 2886 1349 suppliciter
2916 1285 3210 1334 sanctos

574 1388 723 1427 una
743 1389 901 1427 cum
920 1374 1190 1427 Christo
1210 1377 1588 1439 remeantes
1610 1375 1942 1426 invocare
1962 1377 2027 1425 et
2041 1373 2123 1425 ob
2146 1373 2479 1437 beneficia
2503 1373 2963 1438 impetranda
2978 1385 3026 1424 a
3047 1370 3212 1422 Deo

561 1480 702 1533 per
727 1465 999 1517 Filium
1036 1463 1188 1529 effus
1225 1464 1296 1517 J.
1336 1463 1696 1517 Christum
1737 1464 1823 1515 D.
1864 1464 1968 1527 N„
2005 1465 2128 1530 qui
2162 1463 2353 1517 solus
2388 1468 2626 1517 noster
2664 1463 3097 1525 Redemptor
3135 1464 3210 1511 et

563 1554 899 1608 Salvator
949 1555 1071 1615 est,
1119 1553 1216 1606 ad
1266 1565 1511 1604 eorum
1549 1553 1930 1617 orationes,
1980 1564 2183 1616 opem
2220 1553 2717 1618 auxiliumque
2756 1544 3209 1615 confwere.“

753 1656 1302 1723 Demonstratio
1335 1674 1405 1740 p·
1437 1654 1497 1723 1.
1559 1652 1652 1717 De
1702 1653 1827 1719 fide
1879 1659 2129 1718 tantum
2181 1661 2300 1729 est,
2354 1654 2593 1718 bonum
2641 1659 2837 1735 atque
2867 1652 3020 1716 utile
3054 1668 3211 1714 esse

573 1768 949 1825 sanctorum
980 1760 1473 1835 invocationem,
1520 1766 1593 1823 ut
1637 1759 1919 1825 definivit
1962 1779 2139 1826 conc.
2188 1762 2605 1826 tridentinum
2652 1780 2810 1826 sess.
2846 1764 2931 1828 25
2964 1756 3208 1830 verbiS,

565 1869 805 1951 quihus
839 1868 1038 1932 thesis
1074 1856 1467 1931 enunciatur.
1531 1867 1690 1930 Hinc
1724 1874 1953 1948 sponte
1986 1887 2105 1931 sua
2137 1869 2425 1950 sequitur
2456 1886 2602 1932 eam
2624 1886 2767 1932 esse
2784 1866 3043 1940 licitam,
3065 1882 3209 1927 non

564 1984 794 2039 autem
843 1993 958 2056 per
1007 1992 1076 2038 se
1128 1973 1212 2036 ad
1259 1974 1535 2039 salutem
1596 1968 2054 2039 necessariam.
2118 1974 2320 2039 Porro
2371 1981 2443 2039 ut
2486 1975 2726 2039 utilitas
2771 1971 3209 2036 invocationis

576 2088 947 2145 sanctorum
980 2080 1304 2161 probetur,
1356 2098 1718 2162 supponere
1767 2088 2038 2161 oportet,
2084 2089 2346 2147 sanctos
2395 2081 2651 2167 (quibus
2683 2097 3102 2143 accensemus
3135 2085 3208 2140 et

569 2188 783 2253 bonos
817 2187 1104 2273 angelos)
1138 2205 1258 2267 pro
1291 2186 1479 2250 nobis
1500 2206 1691 2268 posse
1712 2187 2111 2252 intercedere
2133 2189 2331 2274 (quod
2352 2187 2673 2252 lutherani
2693 2186 3046 2267 generatim
3066 2202 3208 2247 non

570 2296 857 2381 ¹negant).
921 2293 1133 2373 Quare
1185 2293 1382 2358 thesis
1433 2294 1901 2359 demonstratio
1953 2296 2018 2357 in
2051 2295 2212 2359 duas
2259 2295 2573 2359 dividetur
2617 2300 2851 2375 partes.
2915 2291 3016 2354 Ad
3048 2309 3205 2371 pro-

565 2401 860 2464 bandam
909 2400 1191 2481 priorem
1239 2406 1491 2481 partem
1526 2400 1562 2462 i.
1598 2418 1649 2464 e.
1684 2408 2055 2465 sanctorum
2089 2420 2205 2482 pro
2238 2402 2424 2465 nobis
2456 2400 2982 2465 intercessionem
3017 2398 3205 2461 theo-

576 2508 703 2588 logi
735 2507 910 2571 haud
940 2507 1259 2572 immerito
1302 2514 1661 2588 provocant
1694 2508 1777 2572 ad
1808 2507 1997 2571 Zach.
2038 2517 2090 2584 1,
2135 2515 2241 2577 12:
2305 2509 2388 2572 Et
2432 2509 2753 2593 respondit
2783 2506 3043 2588 anyelus
3072 2504 3202 2567 Do·

577 2616 737 2677 mini
768 2621 824 2677 et
855 2614 1058 2678 dixit:
1103 2614 1372 2677 Domine
1402 2616 1802 2698 emersituum,
1836 2636 2146 2701 usquequo
2178 2623 2246 2677 ta
2277 2636 2400 2679 non
2434 2614 2816 2678 misereberis
2847 2612 3201 2677 Jerusalem

569 2730 635 2785 et
667 2723 918 2785 urbium
937 2721 1140 2803 ιῙίιιία,
1173 2722 1393 2805 quibus
1424 2724 1629 2787 iratus·
1661 2723 1771 2784 es?
1802 2722 1928 2786 Iste
1952 2725 2092 2806 jam
2124 2724 2615 2808 septuaqesimus
2646 2741 2854 2785 annus
2884 2727 3009 2798 est;
3042 2718 3197 2782 Dan.

586 2835 682 2904 10,
719 2834 802 2896 13
836 2834 900 2892 et
931 2833 1017 2897 20
1049 2847 1128 2903 s.;
1168 2834 1221 2896 1.
1255 2828 1459 2891 Mach.
1498 2833 1596 2905 15,
1635 2835 1714 2897 12
1747 2848 1849 2907 ss,
1881 2829 1991 2892 uhi
2022 2811 2336 2906 narratur,
2356 2829 2590 2894 Judam
2623 2829 2690 2891 in
2709 2845 2943 2891 somno
2962 2826 3197 2889 vidisse

569 2932 828 3009 Oniam,
863 2936 970 3016 qui
1005 2932 1216 2998 fuerat
1245 2935 1567 3011 sacerdos
1616 2936 1852 3017 quique
1904 2936 2061 3003 dixit
2112 2935 2191 3000 de
2242 2937 2397 3012 vir0,
2450 2954 2642 3018 quem
2675 2934 2917 3015 pariter
2948 2933 3105 2997 vidit
3136 2934 3199 2996 in

577 3060 842 3105 somno:
877 3039 1002 3103 He‘e
1033 3047 1118 3102 est
1147 3041 1433 3122 fratrum
1465 3048 1716 3104 amator
1748 3048 1802 3104 et
1827 3042 2053 3126 populi
2086 3041 2325 3107 Israel:
2360 3045 2454 3106 hic
2487 3050 2590 3119 est,
2623 3045 2730 3127 qui
2762 3041 3025 3105 multum
3058 3049 3197 3104 orat

555 3169 693 3232 stro
719 3147 954 3231 populo
988 3153 1044 3208 et
1077 3149 1373 3211 universa
1404 3155 1627 3211 sancta
1658 3151 1923 3231 civitate,
1955 3149 2270 3214 Jeremias
2290 3150 2600 3235 propheta
2634 3149 2773 3212 Dei.
2837 3148 3199 3213 Provocant

569 3255 728 3317 dein
760 3254 843 3317 ad
876 3254 1217 3318 innumera
1248 3274 1329 3317 ss.
1362 3261 1620 3335 patrum
1667 3255 2055 3332 testimonia,
2099 3274 2266 3339 quae
2314 3256 2646 3321 evidenter
2677 3256 2845 3319 hanc
2877 3255 3201 3320 Ecclesiae

573 3360 770 3423 fidem
802 3360 1166 3424 enunciant.
1229 3359 1361 3424 Nos
1406 3379 1490 3426 ea
1536 3369 1788 3425 tantum
1820 3363 2271 3444 expendemus
2304 3381 2471 3445 quae
2503 3363 2667 3426 ratio
2700 3363 3097 3427 revelatione
3131 3364 3199 3425 il-

571 3469 851 3532 lustrata
883 3467 1262 3549 assequitur.
1327 3465 1497 3531 Sane
1639 3478 1644 3482 ’

759 3574 824 3642 1.
859 3580 1116 3638 constat
1147 3592 1226 3637 ex
1259 3574 1488 3637 divinis
1518 3574 1719 3639 literis
1752 3596 1814 3644 a.
1840 3575 2050 3656 justos
2083 3575 2371 3641 viventes
2404 3577 2840 3642 intercessisse
2872 3596 2989 3658 pro
3024 3578 3201 3650 vivis,

568 3690 774 3763 atque
808 3683 874 3749 b.
916 3681 1378 3745 intercessione
1423 3699 1543 3744 sua
1588 3682 1679 3745 eis
1725 3682 1928 3745 multa
1960 3682 2341 3763 impetrasse
2375 3682 2705 3760 beneficia,
2737 3684 2867 3747 imo
2901 3703 2960 3751 c.
2998 3684 3201 3748 Deum

581 3788 741 3850 alios
792 3787 876 3850 ad
918 3788 1239 3868 justorum
1288 3788 1815 3852 intercessionem
1864 3788 2214 3869 delegasse.
2276 3789 2370 3853 Ita
2400 3789 2731 3853 Abraham
2778 3790 2948 3872 apud
2996 3790 3202 3856 Deum

573 3912 695 3974 pro
729 3891 1075 3958 Sodomitis
1107 3894 1442 3959 intercedit
1474 3893 1628 3958 Gen.
1669 3900 1767 3970 18,
1801 3901 1887 3964 23
1920 3915 2035 3971 ss.;
2068 3895 2443 3960 Abimelech
2474 3897 2744 3961 mittitur
2774 3897 2856 3960 ab
2890 3897 3031 3978 ipso
3064 3897 3201 3962 Deo

570 4001 666 4064 ad
686 4000 1033 4076 Abraham,
1066 4007 1136 4063 ut
1166 4001 1219 4063 is
1251 4020 1367 4082 pro
1402 4020 1478 4066 eo
1513 4007 1671 4077 oret,
1705 4002 1878 4083 quod
1896 4003 2216 4082 praestitit
2248 4020 2392 4066 cum
2416 4002 2626 4067 fructu
2645 4003 2727 4067 ib.
2749 4009 2853 4080 20,
2878 4010 2912 4072 7
2937 4002 3055 4068 col.
3085 4011 3202 4078 17;

572 4113 647 4170 et
678 4108 908 4170 iterum
927 4106 1098 4170 Deus
1131 4107 1282 4170 dicit
1315 4108 1541 4171 amicis
1573 4108 1694 4172 Job
1729 4112 1836 4183 42,
1871 4115 1943 4178 8:
1978 4109 2072 4172 Ite
2104 4111 2191 4173 ad
2222 4131 2465 4174 servum
2496 4130 2698 4173 meum
2719 4111 2860 4187 Job,
2897 4120 2951 4175 et
2982 4113 3204 4195 offerte

571 4213 1006 4277 holocaustum
1046 4235 1168 4298 pro
1209 4214 1411 4278 vobis:
1456 4215 1580 4278 Job
1631 4222 1839 4279 autem
1885 4236 2096 4279 sersus
2138 4237 2310 4280 meus
2340 4217 2545 4280 orabit
2568 4238 2690 4301 pro
2722 4219 2921 4296 cobis;
2966 4219 3198 4300 faciem

570 4320 711 4400 ejus
742 4321 1098 4406 suscipiam,
1133 4330 1200 4385 ut
1230 4342 1354 4384 non
1378 4323 1542 4386 vobis
1563 4323 1910 4407 imputetur
1930 4325 2197 4388 stultitia
2213 4347 2240 4404 ;
2273 4331 2336 4389 et
2358 4325 2440 4388 ad
2460 4325 2938 4390 intercessionis
2957 4326 3205 4409 Moysis

581 4427 710 4488 vim
742 4427 1327 4506 demonstrandam,
1360 4430 1620 4493 Dimitte
1652 4451 1765 4513 me,
1799 4433 1890 4494 ait
1921 4432 2093 4496 Deus
2124 4433 2209 4497 ad
2240 4433 2506 4515 Moysen
2536 4433 2647 4497 Ex.
2669 4438 2771 4509 32,
2798 4438 2897 4509 10,
2930 4441 2999 4496 ut
3032 4436 3202 4498 iras-

575 4540 766 4595 catur
795 4535 984 4616 furor
1014 4555 1186 4598 meus
1216 4543 1436 4600 contra
1468 4558 1566 4601 eos
1597 4545 1652 4600 et
1685 4538 1923 4601 deleam
1954 4559 2088 4602 eos:
2134 4539 2297 4603 illius
2331 4547 2549 4604 tamen
2582 4541 2876 4605 oratione
2908 4540 3205 4621 placatus

578 4638 714 4714 fuit,
747 4659 822 4702 ne
851 4639 1086 4720 faceret
1118 4642 1374 4726 malum,
1420 4646 1584 4728 quod
1631 4646 1870 4710 locutus
1913 4646 2129 4727 fecerat
2175 4649 2476 4712 adversus
2495 4647 2801 4731 populum
2847 4668 3046 4710 sunm.
3113 4647 3203 4712 Cf.

579 4745 681 4808 ΡΞ.
723 4751 864 4824 105,
900 4753 1016 4822 233
1053 4748 1235 4811 Num.
1279 4757 1372 4824 152,
1414 4757 1524 4825 13;
1566 4757 1909 4828 14,1sss.;
1941 4754 2073 4818 Jac.
2107 4759 2165 4831 5,
2208 4761 2284 4823 16
2319 4760 2436 4818 etc.
2471 4754 2783 4820 Poterant
2816 4773 2966 4835 ergo
3001 4754 3205 4819 inter-
