3538 5364
608 280 739 346 134
939 272 1123 328 Tract.
1150 271 1299 325 V111.
1326 271 1396 324 de
1423 268 1849 339 justificatione.
1874 268 2072 323 'rhesis
2099 267 2391 323 CXCVIII.
2416 266 2863 322 Protestanta‘um

603 454 959 520 secundum
987 452 1315 533 propriam
1345 450 1653 532 cujusque
1698 449 2183 531 dispositionem
2230 455 2296 513 et
2337 449 2877 530 cooperationem.
2942 447 3032 513 Cf.
3067 464 3224 515 sess:

606 567 647 630 6
680 577 817 642 cap.
850 565 910 629 5.
943 566 1000 627 6.
1038 565 1108 634 73
1141 576 1281 623 can,
1316 563 1358 625 4
1390 563 1456 622 et
1487 561 1559 633 93
1592 575 1748 622 sess.
1792 562 1869 624 14
1899 573 2036 637 cap.
2070 561 2129 623 4.
2815 567 2822 574 ·

781 666 848 737 4.
884 664 1254 729 Doctrinam
1303 665 1473 728 hanc
1520 664 1736 728 hausit
1784 682 1865 728 ex
1898 661 2245 744 Scripturis
2294 670 2677 745 patrumque
2727 662 3107 728 traditione:
3159 662 3224 725 in

605 773 836 856 quibus
867 794 934 842 a.
968 773 1034 837 hi
1065 778 1251 836 actus
1284 770 1666 836 exhibentur
1695 771 1971 836 connexi
2001 787 2148 834 cum
2181 770 2389 836 salute
2422 776 2486 835 et
2517 769 2601 834 ad
2622 788 2768 835 eam
2788 776 2967 835 recta
2986 769 3225 834 ducere

601 879 792 944 Zach.
833 887 886 958 l,
923 885 992 948 3:
1043 878 1487 943 Convertimini
1533 880 1620 943 ad
1665 900 1777 954 me,
1825 883 1883 942 et
1916 897 2022 960 eqo
2053 884 2378 941 convertar
2411 878 2497 941 ad
2527 898 2668 953 vos,·
2711 876 2812 941 Ez.
2853 882 2952 952 18,
2987 882 3106 944 21:
3154 877 3225 941 So·

604 989 837 1071 impius
884 987 1071 1068 eqerit
1118 987 1607 1069 poenitentiam.
1642 1035 1656 1049 .
1690 1035 1703 1049 .
1753 985 1886 1048 vita
1934 985 2089 1047 vivet
2140 989 2196 1047 et
2239 1004 2364 1047 non
2396 985 2697 1048 morietur
2707 1007 2734 1063 ,·
2779 984 2961 1048 Rom.
3004 989 3103 1058 10,
3145 989 3226 1052 13

604 1099 757 1159 etc:
791 1095 859 1164 b.
893 1093 1275 1159 exhibentur
1307 1092 1532 1156 motivi
1562 1092 1774 1176 instar,
1796 1091 2115 1156 moventis
2148 1089 2352 1156 Deum
2395 1092 2478 1155 ad
2510 1088 2965 1157 conferendam
2991 1088 3224 1171 justifi-

598 1201 877 1264 cationis
910 1200 1211 1281 gratiam;
1245 1198 1390 1262 Luc.
1417 1205 1473 1275 7,
1491 1203 1579 1267 47
1598 1220 1612 1261 :
1648 1198 2077 1262 Remittuntur
2109 1200 2164 1261 ei
2186 1206 2447 1283 peccata
2485 1198 2705 1282 multa,
2738 1199 3091 1282 quoniam
3123 1196 3225 1258 di-

602 1306 754 1370 lexit
784 1305 1047 1371 multum
1062 1329 1089 1385 ,·
1126 1311 1224 1383 18,
1263 1311 1375 1375 14:
1409 1304 1568 1368 Dico
1598 1304 1801 1368 vobis:
1835 1305 2145 1369 descendit
2163 1304 2261 1369 hic
2281 1303 2710 1391 (publicanus)
2746 1304 3130 1386 justificatus
3160 1305 3226 1365 in

604 1415 859 1476 domum
890 1433 1070 1478 suam
1103 1412 1182 1476 ab
1212 1411 1356 1475 illo:
1402 1413 1588 1495 quia
1632 1413 1850 1487 omnis,
1897 1414 2006 1496 qui
2036 1432 2100 1474 se
2130 1411 2384 1495 exaltat,
2415 1411 2872 1494 humiliabitur,
2918 1418 2972 1475 et
3024 1412 3133 1493 qui
3162 1430 3226 1473 se

601 1520 912 1604 humiliat,
944 1519 1366 1596 exaltabitur;
1397 1520 1578 1582 Rom.
1612 1527 1673 1594 4,
1712 1525 1789 1588 17
1824 1538 1906 1582 ss
1941 1525 2057 1584 etc.
2122 1538 2182 1588 c.
2229 1517 2354 1582 Pro
2400 1519 2652 1584 ratione
2697 1518 2928 1581 horum
2963 1523 3224 1581 actuum

602 1625 834 1690 dicitur
865 1625 1138 1689 conferri
1171 1626 1392 1705 gratia.
1424 1625 1518 1689 lta
1550 1622 1916 1707 Cyrillus
1948 1625 2101 1689 hier.
2135 1631 2256 1689 cat.
2297 1630 2327 1690 1
2364 1644 2424 1689 n.
2459 1629 2533 1693 5:
2602 1624 2955 1700 ,Remissio
2987 1640 3222 1704 pecca-

605 1739 821 1795 torum
854 1750 935 1795 ex
968 1749 1176 1813 aequo
1209 1732 1398 1796 datur
1430 1731 1763 1807 omnibus:
1814 1730 2313 1796 communicatio
2353 1750 2507 1798 vero
2555 1728 2829 1814 Spiritus
2874 1730 3085 1793 sancti
3117 1748 3224 1803 se·

602 1838 886 1902 cundum
929 1838 1410 1920 proportionem
1454 1837 1600 1903 fidei
1645 1838 2196 1921 uniuscujusque‘
2264 1838 2592 1920 Ejusmodi
2631 1857 2783 1904 vero
2815 1837 3226 1901 characteres

604 1946 844 2027 proprii
875 1952 1025 2010 sunt
1055 1963 1248 2010 verae
1280 1945 1713 2028 dispositionis
1743 1946 2125 2011 causalitate
2159 1946 2387 2010 morali
2417 1947 2764 2027 praeditae.
2828 1944 2960 2008 Imo

786 2054 852 2120 3.
887 2052 1050 2117 adeo
1103 2052 1549 2118 causalitatem
1595 2053 1743 2117 huic
1789 2053 2192 2135 dispositioni
2237 2053 2523 2118 tribuunt
2566 2053 2820 2116 divinae
2863 2051 3108 2125 literae,
3157 2057 3228 2113 ut

602 2157 939 2235 affirment,
971 2158 1298 2224 hominem
1337 2160 1514 2225 hisce
1546 2161 1795 2225 actibus
1830 2161 2114 2243 seipsum
2146 2159 2567 2238 sanctificare,
2592 2160 2960 2242 justificare,
2994 2174 3224 2222 emun-

605 2265 759 2329 dare
793 2272 929 2342 ete„
968 2274 1021 2336 1.
1052 2266 1147 2331 J0.
1183 2272 1241 2344 3,
1276 2272 1347 2336 3:
1411 2267 1649 2350 Omni-3,
1681 2269 1788 2352 qui
1819 2267 1998 2331 habet
2030 2267 2191 2332 hanc
2220 2288 2408 2354 spem,
2440 2268 2789 2351 sanctificat
2819 2286 2922 2345 se;
2984 2264 3086 2327 Ez.
3125 2269 3223 2338 18,

603 2378 691 2441 30
725 2391 805 2448 s.;
838 2371 1022 2437 Eccli.
1057 2379 1116 2453 2,
1150 2379 1235 2442 20
1268 2382 1383 2441 etc.
1447 2374 1640 2456 Atqui
1691 2375 2005 2456 eJusmodi
2055 2382 2237 2438 actus
2286 2392 2495 2457 neque
2541 2374 2921 2438 causalitate
2951 2372 3219 2455 physica

603 2498 813 2561 neque
846 2478 1097 2545 formali
1121 2481 1499 2563 justificant:
1532 2480 1658 2543 hoc
1690 2481 1861 2544 enim
1894 2487 1993 2545 est
2024 2481 2267 2561 gratiae
2298 2480 2642 2545 habitualis
2673 2479 2739 2543 in
2763 2479 3219 2562 justificatione

601 2583 884 2662 infusae:
935 2606 1087 2668 ergo
1139 2587 1518 2651 causalitate
1569 2586 1878 2650 morali.
1942 2585 2152 2665 Quam
2202 2587 2289 2652 illi
2332 2586 2659 2651 vindicant
2703 2592 2770 2651 et
2798 2593 3036 2667 patreS,
3070 2602 3217 2648 cum

603 2693 855 2772 docent,
875 2695 1167 2761 homines
1190 2695 1310 2760 fide
1330 2696 1693 2776 impetrare,
1727 2713 1975 2761 merere
2007 2696 2278 2776 gratiam
2303 2693 2792 2777 Justificationi's.
2833 2693 2929 2759 Ita
2959 2693 3073 2757 Au
3091 2701 3219 2772 g'u-

602 2801 871 2865 stinus
923 2822 1016 2885 ep.
1073 2808 1198 2872 186
1250 2821 1311 2865 n.
1369 2807 1480 2869 10:
1551 2799 1748 2875 ,Cum
1799 2800 1956 2865 fides
2005 2802 2306 2883 impetrat
2346 2802 2887 2885 justificationem,
2921 2851 2933 2863 .
2970 2851 2981 2863 .
3018 2850 3030 2880 ‚
3086 2817 3221 2862 non

598 2907 875 2987 gratiam
908 2908 1145 2991 aliquid
1175 2909 1385 2973 meriti
1415 2908 1745 2989 praecedit
1776 2909 2077 2973 humani:
2110 2910 2224 2973 sed
2256 2910 2398 2991 ipsa
2427 2909 2635 2990 gratia
2664 2913 2948 2974 meretur
2979 2907 3219 2987 augeri,

606 3020 678 3078 ut
710 3021 903 3078 aucta
935 3021 1261 3079 mereatur
1293 3015 1562 3097 perfici‘

783 3122 851 3188 4.
886 3121 1170 3203 Denique
1203 3119 1508 3187 Suarez
1539 3122 1663 3185 hac
1693 3123 1948 3187 ratione
1983 3122 2133 3200 vm,
2167 3130 2206 3192 9
2241 3144 2298 3187 n,
2339 3129 2417 3193 16
2452 3123 2514 3186 id
2547 3122 2813 3205 probat:
2873 3121 3221 3201 ,Quamvis

600 3245 681 3291 ex
713 3226 1126 3292 conditionali
1155 3229 1478 3294 locutione
1527 3228 1879 3296 formaliter
1927 3248 2060 3294 non
2108 3230 2420 3295 inferatur
2466 3230 2833 3306 causalitas,
2887 3235 3106 3294 tamen
3155 3230 3221 3291 in

604 3334 879 3398 materia
907 3336 1288 3416 promissiva
1323 3337 1422 3424 (ut
1452 3337 1543 3400 sic
1575 3336 1814 3424 dicam)
1862 3336 2104 3419 optime
2149 3338 2430 3414 infertur,
2477 3337 2739 3419 quando
2786 3336 3067 3401 conditio
3115 3353 3220 3400 re-

602 3439 837 3521 quisita
870 3446 969 3505 est
999 3442 1259 3524 aliquod
1291 3443 1673 3526 obsequium
1704 3441 1976 3509 liberum
2020 3444 2449 3509 exhibendum
2496 3444 2578 3508 ab
2613 3462 2710 3521 e0,
2758 3444 2860 3507 cui
2890 3442 3036 3507 talis
3067 3460 3220 3524 pro-

602 3545 822 3610 missio
854 3546 974 3611 sub
997 3549 1108 3612 tali
1138 3550 1505 3615 conditione
1536 3550 1623 3628 fit,
1645 3556 1712 3615 et
1729 3551 1960 3615 intuitu
1981 3552 2163 3633 cujus
2183 3551 2421 3634 aliquid
2439 3552 2862 3634 promittitur:
2896 3551 3046 3633 quia
3065 3535 3221 3614 tunc

601 3650 755 3717 illud
787 3672 967 3735 opus,
1000 3656 1172 3737 quod
1205 3656 1494 3736 exigitur,
1527 3664 1628 3722 est
1658 3658 1926 3722 moralis
1958 3659 2122 3722 ratio
2157 3658 2503 3735 obtinendi,
2527 3659 2700 3740 quod
2719 3656 3134 3739 promittitur,
3159 3664 3226 3721 et

601 3759 727 3823 hoc
758 3767 858 3826 est
889 3779 1031 3825 esse
1063 3779 1327 3826 causam
1357 3765 1688 3840 moralem.
1752 3764 1889 3828 Hoc
1935 3771 2153 3829 autem
2197 3764 2392 3828 modo
2449 3764 2714 3830 offertur
2741 3765 3034 3830 remissio
3067 3781 3220 3844 pec-

600 3866 949 3944 catoribus,
981 3868 1036 3931 si
1065 3869 1530 3949 poenitentiam
1561 3878 1790 3951 agant:
1839 3878 1904 3935 et
1932 3872 2267 3937 conversio
2300 3870 2414 3937 Dei
2460 3871 2543 3935 ad
2574 3872 2749 3953 ipsos
2780 3890 2896 3953 per
2927 3871 3220 3952 gratiam,

600 3972 657 4034 si
675 3972 797 4053 ipsi
816 3973 898 4036 ad
922 3972 1124 4039 Deum
1144 3992 1261 4056 per
1279 3984 1739 4057 congruentem
1758 3977 2243 4059 dispositionem
2264 3985 2773 4043 convertantur.‘
2816 3976 2904 4042 Cf.
2927 3975 3023 4040 Sc
3037 3976 3080 4039 h
3097 3995 3136 4041 e
3151 3996 3221 4042 e-

602 4078 756 4144 ben
787 4079 1130 4161 Mysterien
1162 4084 1197 4167 ἕ
1233 4088 1350 4158 89;
1383 4083 1629 4147 Handb.
1651 4084 1765 4150 der
1785 4085 1841 4147 k.
1863 4083 2084 4166 Dogm.
2120 4087 2153 4168 ἓ
2195 4090 2350 4162 1723
2383 4086 2463 4150 de
2495 4085 2912 4166 dispositione
2951 4101 3220 4164 genera-

602 4185 715 4248 tim
749 4184 914 4251 bene
948 4189 1079 4267 agit
1109 4189 1246 4270 ejus
1277 4191 1687 4255 continuator
1717 4191 1918 4256 Atzb
1938 4210 2176 4272 erger
2208 4194 2242 4276 ξ
2277 4198 2404 4262 306
2440 4212 2486 4255 s.

791 4298 930 4363 153.
982 4295 1239 4364 Thesls
1291 4297 1678 4368 CXCVIII.
1723 4320 1959 4374 Solam
1989 4321 2621 4388 fidemjustificare
2646 4317 3222 4389 nequc“evincunt

602 4404 664 4455 1.
701 4417 785 4457 ea
819 4404 1229 4469 Scriptum-ae
1266 4406 1504 4472 effata,
1529 4422 1712 4476 quac
1724 4408 2314 4475 justificationem
2341 4415 2406 4464 et
2429 4412 2729 4465 salutem
2746 4411 2920 4475 fidei
2946 4411 3218 4465 adscri-

601 4494 811 4559 ment,-
845 4507 1067 4561 neque
1103 4497 1169 4549 2.
1209 4498 1424 4550 Pauli
1460 4499 1861 4552 testimonia
1898 4500 2226 4565 docentis,
2262 4502 2616 4556 hominem
2656 4501 2762 4555 vel
2795 4502 2949 4554 ame
2988 4501 3221 4566 operi-

602 4582 731 4634 bus
767 4582 961 4649 leals,
997 4586 1104 4638 vel
1142 4588 1536 4651 acncraum
1571 4588 1725 4640 sinc
1750 4588 2100 4654 operibus,
2135 4588 2243 4641 vel
2277 4591 2503 4654 aratis
2527 4589 2966 4657 ,iustificat-i,-
3002 4602 3222 4655 neque

603 4670 671 4723 03.
704 4676 1001 4736 patrum
1039 4676 1487 4739 quorundam
1527 4676 1733 4741 dicta,
1785 4677 2035 4742 quibus
2074 4678 2331 4730 diserte
2368 4678 2499 4732 soli
2528 4679 2712 4743 fidei
2746 4680 3054 4732 salutem
3093 4679 3222 4732 ad-

602 4762 939 4815 scribunt.
