3538 5364
498 280 633 345 590
993 273 1174 326 Tract.
1203 271 1296 326 IX.
1324 271 1392 324 de
1421 269 1804 325 matrimonio.
1833 270 1977 326 Eccl.
2005 272 2068 325 in
2094 272 2339 326 matrim.
2367 275 2634 342 potestas.

499 464 644 525 sunt
674 459 965 528 Ecclesiae
998 459 1060 517 in
1081 458 1351 516 'docendo
1383 457 1799 526 infallibilitas,
1847 459 1994 531 iura,
2041 458 2406 517 matrimonii
2438 458 2850 534 proprietateS,
2883 459 3115 533 objecta

501 550 624 608 scil.
657 548 973 617 doctrinae,
1022 565 1142 605 non
1174 547 1521 623 disciplinae
1553 547 1895 618 mutabilis;
1950 561 2014 611 c.
2065 567 2132 605 ex
2183 566 2358 622 scopo
2407 547 2657 618 concilii,
2709 547 2868 624 quod
2917 547 3115 605 voluit

500 638 658 697 hisce
689 636 1192 696 anathematismis
1237 654 1345 694 seu
1389 636 1716 694 canonibus
1747 640 2097 695 novatorum
2146 637 2411 695 haereses
2457 641 2520 694 et
2564 655 2789 695 errores
2832 637 3110 695 extermi-

500 747 675 796 nare;
722 723 791 789 d.
839 745 907 784 ex
954 725 1223 802 analogia
1254 742 1387 783 cum
1419 725 1552 782 aliis
1587 724 1976 791 sessionibus,
2024 745 2279 800 quarum
2313 744 2565 784 canones
2599 728 2742 784 sunt
2773 725 3114 802 dogmatici,

501 835 623 875 non
654 834 813 875 mere
845 814 1288 890 disciplinares:
1335 832 1486 888 quae
1533 832 1668 872 vero
1715 814 1792 872 ad
1837 813 2215 889 disciplinam
2248 819 2537 890 spectant,
2590 814 2888 873 habentur
2917 815 2983 872 in
3017 814 3117 872 de-

500 906 675 964 cretis
707 905 779 962 de
811 904 1256 972 reformatione3
1311 917 1369 966 c.
1421 922 1489 961 ex
1540 921 1833 961 consensu
1864 903 2296 980 theologorum,
2347 904 2453 978 qui
2495 908 2632 980 post
2662 904 2978 962 concilium
3009 902 3117 961 hos

501 1012 754 1053 canones
805 1012 911 1069 pro
961 991 1313 1069 dogmaticis
1361 992 1634 1053 habuere.
1700 993 1909 1051 Merito
1958 1011 2098 1069 ergo
2150 992 2333 1051 Pius
2363 993 2460 1050 IX.
2494 993 2801 1051 damnavit
2833 1011 2998 1068 prop.
3035 1002 3115 1055 70

502 1083 744 1160 syllabi:
781 1081 1157 1151 ,Tridentini
1186 1099 1455 1151 canoneS,
1489 1082 1595 1156 qui
1626 1082 2021 1140 anathematis
2051 1101 2360 1141 censuram
2397 1082 2517 1140 illis
2549 1082 2833 1151 inferunt,
2883 1081 2987 1156 qui
3030 1081 3118 1139 fa-

500 1174 786 1232 cultatem
816 1171 1245 1246 impedimenta
1276 1170 1621 1228 dirimentia
1650 1166 1971 1229 inducendi
1993 1171 2283 1230 Ecclesiae
2314 1190 2528 1247 negare
2561 1171 2836 1239 audeant,
2872 1171 2965 1228 vel
2998 1189 3120 1228 non

504 1266 647 1321 sunt
678 1260 1014 1338 dogmatici,
1062 1259 1155 1318 vel
1203 1259 1274 1317 de
1305 1259 1412 1318 hac
1442 1262 1718 1318 mutuata
1749 1263 2042 1335 potestate
2075 1260 2451 1337 intelligendi
2485 1263 2686 1319 sunt.‘
2755 1259 2946 1318 Multo
2982 1278 3121 1318 vero

501 1352 692 1427 magis
725 1350 977 1408 Launo
987 1348 1050 1425 ji
1091 1348 1442 1425 figmentum
1477 1352 1570 1407 est
1600 1349 2019 1424 spernendum,
2066 1350 2224 1408 hisce
2256 1350 2319 1407 in
2352 1349 2681 1407 canonibus
2714 1350 2950 1407 nomine
2983 1348 3119 1405 Ec-

504 1440 795 1499 clesiae
827 1456 954 1497 esse
986 1437 1408 1515 intelligendos
1440 1438 1841 1513 principes
1870 1438 2083 1496 laicos:
2117 1439 2275 1512 quod
2300 1438 2442 1497 adeo
2473 1442 2566 1496 est
2596 1438 2885 1513 ineptum,
2919 1441 2990 1496 ut
3022 1456 3120 1495 re-

502 1529 858 1586 futationem
902 1546 976 1585 ne
1020 1530 1244 1585 mereat
1286 1527 1545 1602 quidem,
1593 1527 1931 1603 mirumque
1961 1527 2150 1585 videri
2183 1527 2408 1596 debeat,
2452 1527 2649 1587 virum
2682 1527 2948 1602 alioquin
2981 1545 3119 1584 eru-

504 1616 715 1688 ditum,
750 1617 858 1675 hoc
890 1615 1044 1675 serio
1077 1615 1367 1674 affirmare
1400 1616 1687 1691 potuisse.
1749 1616 1831 1675 cf.
1863 1616 2232 1675 Palmieri
2263 1617 2347 1679 th.
2385 1627 2486 1681 28.

685 1770 829 1823 633.
862 1752 1210 1823 Scholion
1242 1755 1343 1821 Π.
1405 1758 1572 1816 Sicut
1601 1759 1864 1817 Ecclesia
1893 1764 1956 1818 et
1985 1759 2117 1835 ipsa
2148 1759 2312 1817 sola
2342 1761 2603 1818 statuere
2635 1762 2833 1834 potest
2863 1757 3120 1833 impedi-

507 1852 704 1907 menta
734 1848 1090 1916 dirimentis,
1141 1848 1225 1905 ita
1273 1848 1403 1923 ipsa
1450 1849 1615 1905 sola
1660 1851 1863 1923 potest
1907 1847 2127 1918 eadem,
2180 1867 2330 1923 quae
2353 1848 2510 1924 juris
2543 1851 2688 1905 sunt
2718 1847 3122 1916 ecclesiastici,

503 1938 788 2014 abrogare
832 1940 894 1995 et
936 1937 1002 1995 in
1046 1936 1268 1995 eisdem
1315 1936 1677 2012 dispensare.
1738 1935 1887 1995 Jure
1917 1955 2059 2014 ergo
2091 1938 2271 1995 Pius
2303 1937 2401 1995 VI.
2442 1956 2610 2013 prop.
2647 1948 2725 2000 60
2761 1936 2972 2013 synodi
3004 1936 3125 2011 pi·

508 2027 964 2096 storiensiS,
1013 2031 1352 2100 ,quatenus
1400 2026 1559 2083 civili
1604 2026 1890 2101 potestati
1926 2027 2029 2101 jus
2075 2026 2357 2085 attribuit
2386 2026 2511 2084 sive
2542 2025 2817 2085 abolendi
2861 2026 2986 2084 sive
3029 2044 3124 2083 re-

505 2115 840 2192 stringendi
871 2114 1295 2190 impedimenta
1324 2115 1618 2173 Ecclesiae
1647 2115 2003 2173 auctoritate
2034 2115 2364 2174 constituta
2394 2116 2489 2174 vel
2519 2115 2925 2189 comprobata:
2978 2113 3124 2172 item

511 2225 628 2280 qua
660 2208 823 2281 parte
857 2204 1157 2280 supponit,
1207 2204 1526 2262 Ecclesiam
1570 2222 1677 2279 per
1713 2207 2073 2279 potestatem
2106 2204 2340 2262 civilem
2373 2205 2617 2279 spoliari
2649 2221 2823 2279 posse
2848 2204 2984 2279 jure
3017 2222 3125 2261 suo

509 2294 893 2369 dispensandi
925 2311 1104 2368 super
1135 2292 1575 2368 impedimentis
1607 2292 1682 2351 ab
1714 2294 1845 2368 ipsa
1875 2293 2221 2352 constitutis
2255 2293 2348 2352 vel
2378 2292 2795 2369 comprobatis,
2814 2301 2840 2330 ‘
2883 2292 3125 2351 damna-

511 2383 600 2440 vit
630 2388 931 2457 tamquam
969 2381 1306 2450 ,libertatis
1338 2399 1404 2439 ac
1437 2383 1753 2457 potestatis
1772 2382 2064 2441 Ecclesiae
2085 2383 2512 2452 subversivam,
2545 2382 2875 2440 tridentino
2894 2384 3129 2441 contra·

508 2472 674 2542 riam,
717 2491 783 2530 ex
818 2470 1158 2529 haereticali
1191 2489 1370 2545 supra
1400 2470 1676 2529 damnato
1709 2471 1999 2547 principio
2032 2472 2413 2547 profectam.‘
2478 2471 2729 2530 Nomine
2761 2475 2960 2529 autem
2993 2471 3125 2528 Ec-

509 2561 799 2619 clesiae
844 2560 1104 2635 intelligi
1150 2564 1457 2634 nequeunt
1496 2560 1621 2618 sive
1652 2561 1911 2636 episcopi
1945 2561 2189 2619 seorsim
2221 2560 2467 2636 sumpti,
2522 2560 2646 2620 sive
2696 2561 2759 2618 in
2806 2559 3127 2618 concilium

508 2650 867 2726 particulare
899 2649 1267 2726 congregati:
1311 2652 1513 2708 carent
1541 2648 1699 2708 enim
1733 2650 1998 2726 episcopi
2023 2652 2163 2726 J'ure
2192 2650 2433 2726 proprio
2466 2649 2540 2709 ad
2572 2648 3034 2725 dispensandum
3067 2649 3130 2708 in

511 2741 640 2816 lege
673 2739 1013 2801 universali.
1079 2738 1158 2797 cf.
1192 2738 1559 2797 Palmieri
1594 2739 1679 2798 th.
1717 2750 1816 2803 35.

693 2873 834 2927 634.
882 2856 1221 2927 Scholion
1254 2861 1687 2944 practicam.
1764 2865 1910 2923 Cum
1954 2865 2208 2923 maxima
2252 2864 2558 2924 hominum
2605 2864 2946 2922 adultorum
2992 2881 3130 2938 pars

512 2953 957 3011 matrimonium
1003 2955 1181 3022 ineat,
1230 2973 1264 3010 a
1309 2953 1684 3011 matrimonio
1720 2961 1920 3011 autem
1951 2954 2207 3028 pendeat
2238 2954 2458 3012 bonum
2492 2953 2754 3028 ipsorum
2789 2953 3130 3029 conjugum,

511 3042 786 3112 familiae,
824 3042 1122 3100 societatis
1156 3041 1349 3100 civilis
1382 3045 1444 3099 et
1473 3042 1786 3113 Ecclesiae,
1837 3048 1898 3101 et
1942 3062 2077 3100 cum
2109 3043 2262 3101 circa
2291 3043 2443 3101 illud
2477 3042 2542 3100 in
2574 3042 2782 3115 primis
2813 3044 3133 3100 versentur

514 3131 817 3189 hominum
839 3132 1144 3206 passiones
1164 3131 1573 3189 vehementes:
1607 3150 1844 3190 necesse
1874 3133 2050 3206 plane
2080 3135 2189 3202 est,
2223 3135 2294 3189 ut
2314 3131 2515 3190 fideles
2536 3131 2669 3190 idea
2689 3137 2979 3206 quantum
3003 3130 3131 3187 fieri

514 3224 710 3295 potest
758 3220 946 3277 nobili
997 3238 1251 3294 vereque
1301 3220 1624 3278 christiana
1673 3221 1828 3279 circa
1877 3220 2028 3278 illud
2080 3221 2445 3291 imbuantur,
2496 3240 2571 3279 ne
2621 3220 3132 3295 concupiscentiae

511 3312 684 3366 aestu
714 3308 946 3384 abrepti
978 3309 1175 3385 ipsum
1206 3308 1535 3384 profanent,
1570 3308 1673 3367 sed
1707 3313 1778 3368 ut
1807 3309 2012 3384 potius
2047 3314 2245 3368 sancte
2277 3308 2431 3367 illud
2463 3310 2680 3378 ineant,
2717 3312 2954 3367 servent
2984 3308 3130 3366 fide.-

514 3398 769 3471 literque
801 3398 863 3454 in
895 3416 961 3455 eo
994 3401 1387 3473 perseverent.
1456 3398 1822 3457 Ostendatur
1852 3417 1991 3476 ergo

696 3523 756 3587 1.
790 3523 968 3599 hujus
999 3524 1404 3584 institutionis
1438 3525 1940 3600 praestantia
1968 3529 2030 3583 et
2061 3525 2302 3600 quidem
2320 3527 2452 3582 tum
2474 3544 2540 3583 ex
2562 3527 2732 3599 parte
2763 3522 3131 3593 auctoris,

516 3612 621 3688 qui
655 3617 745 3671 est
780 3628 845 3675 a.
880 3613 1008 3689 ipse
1041 3614 1199 3672 Deus
1233 3634 1431 3673 rerum
1464 3615 1733 3673 omnium
1767 3618 1995 3673 creator
2027 3619 2088 3673 et
2119 3614 2407 3690 provisor,
2457 3614 2562 3688 qui
2609 3612 2986 3671 matrimonio
3018 3612 3131 3669 hu*-

514 3703 672 3760 mani
704 3702 938 3779 generis
970 3704 1383 3780 propagationi
1430 3707 1491 3761 et
1538 3704 1927 3779 perpetuitati
1960 3703 2279 3774 consuluit,
2328 3703 2578 3778 ideoque
2625 3703 2823 3778 ipsum
2870 3698 2939 3766 b.
2983 3701 3137 3759 mira

512 3791 848 3867 efficacique
880 3792 1055 3868 plane
1088 3792 1497 3851 benedictione
1530 3793 1727 3865 auxit3
1779 3793 2045 3852 Christus
2091 3810 2226 3850 vero
2272 3807 2337 3855 c.
2371 3792 2632 3850 benefica
2664 3810 2772 3849 sua
2800 3790 3137 3866 praesentia

515 3881 854 3938 honestavit
888 3877 972 3962 (n.
1011 3876 1181 3962 593),
1229 3882 1348 3939 imo
1396 3877 1464 3946 d.
1512 3882 1868 3940 sacramenti
1914 3881 2205 3958 dignitate
2237 3881 2611 3951 nobilitavit;
2660 3884 2793 3938 tum
2842 3898 2913 3937 ex
2967 3884 3137 3954 parte

516 3969 797 4044 prolis,
845 3988 996 4045 quae
1042 3974 1132 4028 est
1164 3970 1268 4027 Dei
1300 3970 1493 4047 imago
1525 3971 1825 4029 destinata
1854 3970 1927 4028 ad
1959 3970 2303 4028 filiationem
2339 3970 2447 4028 Dei
2478 3970 2818 4045 adoptivam
2852 3971 2911 4026 et
2941 3967 3135 4026 beati-

516 4058 782 4116 tudinem
815 4059 1142 4121 coelestem.

695 4179 758 4246 2.
809 4181 1149 4242 Inculcetur
1198 4183 1472 4242 fidelibus
1534 4184 1898 4242 matrimonii
1959 4183 1992 4242 d
2013 4183 2313 4261 ignitas
2363 4183 2593 4241 ratione
2654 4181 2876 4240 finis:
2940 4200 3137 4256 neque

517 4271 678 4328 enim
711 4272 1074 4330 matrimonii
1104 4273 1241 4331 finis
1272 4273 1486 4332 unicus
1517 4274 1614 4331 vel
1643 4273 1961 4347 primarius
1992 4277 2086 4332 est
2115 4272 2383 4331 libidinis
2402 4271 2688 4347 impletio,
2724 4270 2994 4345 quamvis
3028 4271 3140 4329 hac

520 4359 581 4416 in
617 4378 678 4417 re
711 4359 867 4418 Deus
899 4361 1209 4438 indulgeat
1248 4375 1298 4425 1.
1331 4362 1455 4422 Cor.
1493 4373 1547 4432 7,
1585 4372 1617 4423 2
1656 4380 1752 4431 ss„
1801 4362 1902 4421 sed
1949 4377 2011 4427 a.
2043 4365 2255 4420 mutua
2285 4362 2606 4437 conjugum
2638 4359 3025 4436 perfectio
3074 4365 3138 4418 et

520 4449 1017 4523 complementum
1050 4445 1132 4530 (n.
1171 4446 1353 4530 587)z
1401 4449 1470 4515 b.
1521 4452 1757 4528 generis
1792 4451 2291 4528 propagatim
2338 4465 2398 4514 c.
2433 4448 2976 4526 Suppeditatio
3010 4468 3136 4506 ma-

520 4536 705 4595 teriae
723 4537 1015 4597 Ecclesiae
1036 4540 1430 4598 aedificandae
1465 4537 1547 4622 (n.
1572 4535 1747 4619 592),
1781 4540 1916 4598 hinc
1948 4536 2017 4604 d.
2050 4539 2625 4615 multiplicatio
2659 4555 2982 4607 servorum,
3017 4538 3138 4595 imo

523 4625 778 4683 filiorum
811 4627 916 4685 Dei
949 4628 1279 4705 horumque
1330 4644 1389 4692 c.
1434 4628 1859 4688 institutio
1890 4648 2011 4687 non
2043 4629 2235 4687 solum
2269 4629 2332 4686 in
2365 4628 2570 4687 ordine
2602 4627 2879 4697 naturali,
2927 4625 3029 4685 sed
3076 4631 3138 4684 et

522 4715 584 4771 in
617 4715 822 4774 ordine
855 4716 1064 4776 salutis
1100 4713 1182 4798 (n.
1222 4716 1390 4799 593).
1457 4718 1546 4776 Ob
1579 4719 1781 4777 oculos
1815 4722 2072 4793 ponatur
