3538 5364
575 272 662 334 42
1060 270 1068 279 ·
1121 263 1304 317 Traet.
1332 263 1481 316 v111.
1508 263 1578 316 <10
1602 261 1810 333 gratia.
1840 262 2039 316 'rhesis
2067 232 2355 317 chxxL
2382 262 2464 317 De
2492 263 2636 334 legis

575 449 834 508 ethice
867 449 1129 512 honesta.
1176 447 1386 524 Neque
1416 449 1648 526 agimus
1679 446 1745 514 2.
1782 449 1855 507 de
1888 449 2301 508 observatione
2328 449 2512 508 unius
2536 449 2860 508 alteriusve
2880 450 3206 525 praecepti,

573 557 767 613 neque
814 538 886 597 de
929 538 1180 597 victoria
1223 539 1406 597 unius
1437 537 1763 597 alteriusve
1794 538 2167 609 tentationis,
2215 537 2320 597 sed
2366 537 2438 596 de
2482 538 2895 597 observatione
2943 539 3206 598 totius

574 628 725 704 legis
756 627 949 702 deque
979 626 1226 686 victoria
1257 627 1587 685 omnium
1617 627 2041 696 tentationum,
2089 627 2226 685 hinc
2270 627 2342 685 de
2372 626 2666 685 vitatione
2700 645 2807 685 om
2825 627 3041 685 nium
3073 645 3207 704 pec-

575 719 842 776 catorum
873 715 1163 792 gravium.
1210 715 1547 774 Necessitas
1576 735 1718 774 vero
1751 712 1818 778 3.
1852 716 2055 775 auxilii
2090 735 2211 774 non
2243 716 2439 774 oritur
2469 735 2537 774 ex
2570 715 2928 791 impotentia
2959 716 3211 792 physica

573 811 823 865 naturae
856 806 1072 881 lapsae,
1105 804 1204 864 sed
1237 808 1477 864 tantum
1509 824 1579 863 ex
1611 804 1964 864 difficultate
1995 808 2242 881 propter
2273 805 2829 880 concupiscentiam.
2878 804 3030 863 Cum
3063 805 3210 864 dici-

577 913 710 953 mus
743 890 811 957 4.
847 894 1146 954 hominem
1177 893 1445 971 indigere
1478 894 1719 964 auxili0‚
1764 912 1887 952 non
1930 894 2311 964 affirmamus,
2360 893 2514 952 illud
2559 912 2666 970 per
2710 912 2772 952 se
2818 912 3208 969 superna-

575 984 835 1042 turale
866 1002 996 1043 esse
1028 982 1260 1042 debere.
1306 983 1400 1042 Ad
1432 1001 1584 1058 opus
1617 982 1778 1041 enim
1812 983 2003 1042 ethice
2035 984 2259 1042 bonum
2290 982 2514 1042 sufficit
2543 1002 2648 1058 per
2679 1001 2742 1041 se
2771 982 3070 1041 auxilium
3104 983 3210 1042 Dei

576 1072 801 1131 ordinis
833 1071 1145 1134 naturalis.
1210 1072 1281 1130 In
1314 1072 1616 1149 praesenti
1647 1074 1851 1131 tamen
1881 1071 2233 1131 elevationis
2267 1072 2474 1131 ordine
2508 1072 2677 1144 illud,
2713 1072 2765 1131 si
2794 1090 2916 1130 non
2950 1090 3208 1148 semper,

576 1180 747 1237 saepe
778 1165 981 1220 tamen
1011 1164 1106 1220 est
1148 1162 1617 1236 supernaturale,
1665 1163 1735 1219 ut
1780 1161 2114 1220 observatio
2160 1162 2310 1239 legis
2352 1161 2643 1220 naturalis
2690 1163 2751 1219 et
2794 1161 3208 1220 tentationum

574 1250 821 1309 victoria
852 1250 1242 1309 salutaris
1274 1268 1401 1309 esse
1433 1250 1642 1326 possit.
1690 1249 1846 1319 Quid
1867 1250 2190 1308 tenendum
2225 1250 2305 1309 sit
2336 1250 2409 1309 de
2442 1252 2607 1310 statu
2637 1255 2886 1309 naturae
2917 1270 3108 1327 purae
3137 1251 3211 1315 cf,

575 1358 754 1414 supra
783 1344 826 1401 t.
856 1339 917 1397 Π
946 1339 1032 1402 th.
1076 1348 1213 1402 133.
1273 1339 1442 1409 Quod
1476 1336 1540 1402 5.
1575 1339 1761 1397 thesis
1794 1338 2213 1397 certitudinem
2246 1340 2480 1410 attinet,
2516 1339 2879 1398 assentimus
2915 1340 3205 1399 Suarez

577 1428 860 1488 scribenti
891 1429 938 1499 I,
978 1438 1055 1490 26
1090 1447 1149 1489 n.
1192 1438 1300 1490 12:
1349 1428 1542 1497 ,Mihi
1576 1427 1816 1487 videtur
1844 1447 1962 1488 non
1995 1446 2125 1487 esse
2159 1427 2515 1504 simpliciter
2545 1428 2618 1487 de
2650 1428 2680 1485 f
2688 1427 2842 1501 ide,
2891 1430 3040 1503 quia
3084 1447 3207 1488 non

576 1518 813 1577 invenio
846 1535 1183 1593 expressam
1213 1520 1276 1576 et
1307 1517 1634 1593 specificam
1654 1517 1950 1576 Ecclesiae
1983 1517 2387 1576 definitionem
2419 1517 2600 1593 hujus
2631 1516 2930 1593 dogmatis
2965 1518 3080 1576 sub
3114 1518 3205 1577 his

574 1607 849 1666 terminis
881 1606 1176 1682 propositi
1209 1653 1222 1668 .
1255 1654 1268 1667 .
1300 1653 1314 1671 .
1362 1606 1621 1681 Ideoque
1668 1606 1814 1664 satis
1860 1610 1952 1664 est
1996 1606 2188 1665 dicere
2233 1606 2568 1665 doctrinam
2614 1606 2766 1665 hanc
2796 1625 2929 1665 esse
2962 1607 3208 1666 conclu-

575 1696 802 1754 sionem
825 1694 1220 1771 theologicam
1240 1695 1383 1754 adeo
1404 1699 1641 1764 certam,
1674 1698 1746 1753 ut
1777 1694 2076 1754 contraria
2104 1714 2222 1754 non
2243 1696 2436 1754 solum
2461 1696 2587 1769 jam
2617 1695 2938 1754 temeraria
2970 1696 3072 1766 sit,
3107 1695 3205 1755 sed

576 1785 758 1843 etiam
777 1778 961 1844 er'rori
981 1784 1265 1859 proxima.
1280 1793 1307 1822 ‘¹
1345 1782 1535 1853 Quare
1556 1803 1676 1842 non
1695 1784 2015 1860 probamus
2048 1785 2185 1861 Rip
2201 1785 2269 1843 al
2286 1785 2323 1843 d
2340 1804 2375 1842 a
2389 1804 2421 1843 e
2455 1785 2812 1843 sententiam
2832 1784 2986 1861 disp.
3012 1798 3033 1849 1
3061 1794 3134 1848 14
3160 1803 3208 1844 s,

584 1886 657 1936 19
692 1892 751 1933 n.
796 1883 934 1944 179,
972 1874 1301 1933 doctrinam
1333 1873 1688 1932 contrariam
1719 1872 1889 1931 nulla
1919 1873 2253 1950 theologica
2283 1873 2524 1949 dignam
2557 1891 2688 1932 esse
2720 1892 2989 1933 censura.

752 1998 857 2062 48.
888 1993 1460 2063 Demonstratm.
1512 1991 1820 2073 Quamvis
1851 2011 1983 2057 non
2016 1995 2234 2057 omnia
2265 1993 2652 2069 testimonia,
2686 2012 2853 2077 quae
2883 2012 3007 2075 pro
3039 1995 3207 2058 thesi

576 2098 788 2163 afferri
818 2099 1042 2175 solent,
1077 2099 1160 2163 ad
1190 2118 1329 2164 rem
1361 2099 1504 2177 sint,
1536 2117 1684 2163 cum
1716 2099 1978 2180 intelligi
2009 2100 2258 2181 possint
2289 2100 2372 2166 de
2404 2100 2856 2166 observatione
2887 2100 3050 2181 legis
3082 2119 3200 2164 na-

580 2205 805 2269 turalis
838 2206 1394 2288 tentationumque
1423 2206 1694 2270 victoria
1726 2226 1757 2268 s
1778 2206 2122 2270 alutari:
2172 2207 2280 2269 illa
2311 2213 2531 2273 tamen
2562 2208 2842 2289 probant
2872 2208 2942 2270 in
2975 2207 3207 2290 quibus

578 2311 793 2374 auxilii
823 2312 1176 2377 necessitas
1209 2312 1293 2376 ad
1324 2312 1646 2376 servanda
1676 2318 2024 2394 praecepta
2068 2313 2378 2393 repetitur
2410 2331 2486 2377 ex
2519 2312 2887 2378 infirmitate
2924 2314 3204 2377 hominis

575 2423 838 2500 propter
869 2419 1469 2500 concupiscentiam.
1534 2418 1671 2481 Huc
1701 2419 2025 2500 pertinent

756 2542 819 2612 l.
855 2541 1053 2607 verba
1084 2540 1264 2608 Pauli
1311 2543 1492 2606 Rom.
1531 2548 1586 2618 7,
1628 2547 1706 2611 18
1740 2561 1854 2604 ss:
1917 2541 2080 2606 Velle
2131 2543 2381 2626 adjacet
2430 2544 2603 2624 mihi,
2649 2544 2950 2628 perficere
2997 2552 3204 2610 autem

576 2650 799 2713 bonum
831 2669 957 2711 non
985 2651 1245 2713 invenio.
1309 2649 1454 2713 Non
1485 2651 1648 2712 enim
1680 2649 1844 2733 quod
1876 2647 2008 2712 volo
2040 2649 2287 2734 bonum,
2320 2650 2430 2713 hoc
2459 2649 2662 2733 facio:
2707 2652 2814 2715 sed
2861 2652 3032 2737 quod
3064 2652 3203 2714 nolo

573 2758 830 2834 malum,
867 2756 977 2820 hoc
1008 2776 1125 2839 ayo
1157 2807 1169 2817 .
1203 2806 1217 2819 .
1252 2806 1264 2818 .
1327 2755 1517 2820 Video
1550 2763 1756 2819 autem
1792 2756 1987 2820 aliam
2020 2757 2209 2838 leyem
2239 2764 2304 2820 in
2339 2758 2626 2820 membris
2657 2759 2810 2820 meis
2839 2779 3200 2841 repugnan-

573 2869 690 2927 tem
722 2864 842 2945 leqi
872 2863 1094 2926 mentis
1125 2883 1295 2925 meae
1326 2868 1382 2925 et
1414 2864 1827 2945 captivantem
1860 2883 1955 2925 me
1987 2864 2054 2925 in
2085 2863 2212 2946 leqe
2237 2867 2496 2947 peccati,
2535 2885 2695 2947 quae
2713 2870 2801 2927 est
2820 2865 2891 2926 in
2904 2864 3201 2928 membris

572 2972 739 3037 meis,
774 2968 1009 3051 Infeliae
1040 2989 1145 3053 eqo
1176 2969 1377 3054 homo,
1422 2972 1561 3053 quis
1589 2989 1685 3032 me
1714 2969 2004 3034 liberabit
2035 2971 2111 3033 de
2140 2990 2398 3055 corpore
2428 2977 2647 3036 mortis
2678 2972 2917 3054 hujus?
2969 2973 3204 3037 Gratia

575 3074 696 3138 Dei
716 3097 838 3161 per
869 3074 933 3142 J.
970 3074 1285 3138 Christum
1318 3075 1399 3140 D.
1434 3076 1511 3143 N.
1574 3075 1668 3139 Ex
1718 3076 1950 3159 quibus
1999 3077 2199 3159 liquet
2247 3097 2314 3145 a.
2367 3067 2689 3142 summam
2732 3078 3016 3142 hominis
3063 3097 3204 3144 esse

573 3181 1006 3245 infirmitatem
1039 3180 1122 3243 ad
1153 3181 1397 3246 bonum
1427 3183 1792 3259 honestum,
1839 3201 1968 3266 qua
1998 3184 2126 3249 late
2157 3190 2353 3265 patet,
2404 3203 2678 3268 eamque
2709 3186 2779 3255 b.
2811 3183 3200 3266 Apostolum

576 3305 705 3351 non
738 3295 870 3351 tam
901 3295 1192 3369 repetere
1238 3308 1320 3354 ex
1365 3291 1973 3371 super-naturalitate
2022 3297 2221 3367 actuS,
2269 3309 2464 3374 quam
2512 3311 2589 3357 ex
2636 3292 3198 3374 concupiscentiae

572 3394 1012 3474 repugnantia,
1044 3400 1423 3478 tantamque
1456 3415 1517 3466 c.
1552 3395 1889 3474 affirmare,
1923 3403 1994 3461 ut
2024 3398 2162 3462 sine
2195 3397 2309 3463 Dei
2340 3399 2546 3478 gratia
2576 3399 2824 3480 peccati
2856 3399 3197 3480 captivitas

576 3501 660 3564 sit
689 3500 1090 3578 inevitabiliS,
1123 3502 1353 3567 saltem
1384 3503 1713 3567 moraliter
1742 3503 2083 3586 loquendo.
2117 3502 2312 3586 Atqui
2332 3523 2411 3569 ex
2431 3511 2614 3586 parte
2635 3506 3196 3587 concupiscentiae

575 3606 802 3672 eadem
836 3613 933 3671 est
965 3607 1300 3672 difficultas
1333 3608 1415 3672 ad
1449 3616 1665 3673 actum
1696 3615 1833 3674 tam
1866 3610 2073 3675 ethice
2104 3609 2347 3673 bonum
2383 3629 2578 3693 quam
2608 3612 2975 3677 salutarem.
3027 3611 3190 3692 Ergo

573 3712 626 3776 si
658 3721 919 3795 propter
948 3715 1117 3779 hanc
1150 3714 1585 3781 difficultatem
1636 3717 2074 3782 necessarium
2106 3724 2206 3783 est
2239 3716 2352 3781 Dei
2383 3717 2690 3782 auxilium
2721 3716 2804 3781 ad
2838 3724 3056 3782 actum
3091 3736 3196 3781 sa-

572 3819 863 3898 lutarem,
897 3839 1103 3904 aeque
1149 3823 1585 3887 necessarium
1617 3824 1737 3887 erit
1767 3823 1851 3886 ad
1883 3829 2102 3887 actum
2135 3824 2343 3889 ethice
2374 3824 2636 3902 bonum.
2698 3824 2860 3888 Hinc
2892 3826 2964 3893 d.
3000 3842 3195 3906 apos-

572 3927 741 3991 tolus
774 3927 979 4008 legem
1011 3927 1165 3992 dicit
1195 3947 1337 3993 esse
1369 3928 1619 3993 literam
1651 3931 2043 4010 occidentem,
2081 3933 2335 4016 operari
2369 3933 2555 4015 iram,
2577 3938 2853 3997 mortem
2873 3939 2989 3998 etc.
3012 3932 3194 3995 Rom.

576 4039 631 4110 7,
669 4040 704 4101 7
738 4054 852 4109 ss.;
885 4040 947 4111 4,
985 4038 1066 4103 15
1100 4040 1238 4111 etc,
1272 4035 1445 4118 quod
1477 4054 1610 4099 non
1643 4042 1815 4100 esset
1845 4056 2088 4112 verum,
2118 4038 2175 4100 si
2192 4038 2388 4101 homo
2412 4037 2534 4101 sibi
2565 4037 2883 4103 sufficeret
2911 4037 2994 4101 ad
3021 4037 3196 4100 illam

574 4141 867 4223 quamvis
899 4159 1033 4204 non
1064 4141 1447 4218 salutariter,
1485 4146 1705 4206 tamen
1724 4143 1816 4205 ita
1834 4143 2239 4220 servandam,
2260 4150 2332 4208 ut
2351 4151 2610 4210 caveret
2629 4163 2820 4210 omne
2838 4150 3193 4227 peccatum.

572 4246 793 4331 Neque
828 4248 997 4313 enim
1030 4247 1175 4312 ideo
1210 4254 1515 4329 operatur
1546 4254 1839 4325 mortem,
1889 4250 2062 4331 quod
2093 4270 2208 4331 per
2239 4270 2310 4316 se
2343 4251 2723 4332 praescribit
2751 4257 2936 4316 actus
2967 4268 3190 4332 super-

570 4354 916 4431 naturaleS,
937 4354 1051 4420 sed
1074 4355 1248 4437 quod
1269 4355 1567 4436 prohibet
1586 4373 1683 4433 ea,
1704 4355 1789 4419 ad
1809 4374 1976 4438 quae
1998 4357 2519 4438 concupiscentia
2538 4357 2761 4421 incitat
2787 4362 2970 4422 tanto
2998 4372 3192 4435 saepe

571 4567 789 4616 certum
816 4564 1102 4632 quendam
1129 4565 1379 4630 modum,
1410 4564 1677 4620 videlicet
1715 4566 2028 4621 secundum
2063 4584 2235 4634 quem
2261 4568 2494 4622 valeant
2533 4570 2863 4638 operantem
2891 4564 3195 4635 perducere

571 4643 929 4776 gingigpum
974 4647 1271 4699 aeternum
1311 4646 1387 4716 (h.
1441 4662 1488 4699 e.
1514 4646 1587 4697 ad
1628 4647 1862 4701 modum
1907 4645 2302 4719 meritorium),
2347 4649 2740 4703 commentitia
2783 4651 2868 4703 est
2911 4650 2969 4701 et
3011 4643 3194 4714 explo-
