3538 5364
587 327 723 392 558
1070 319 1256 373 Tract.
1285 320 1375 372 IX.
1403 319 1471 372 de
1500 319 1884 374 matrimonio.
1913 319 2110 373 Thesis
2138 319 2364 374 CCLXI.
2393 320 2732 374 Contractus

586 506 786 564 wald
817 526 874 581 p.
909 515 944 568 8
981 503 1013 571 ἓ
1051 514 1117 574 2;
1164 506 1402 564 Pesch
1435 505 1545 564 VII
1591 524 1755 582 prop.
1794 514 1894 571 53.
1942 526 2122 581 quem
2166 506 2238 564 cf.
2284 505 2356 564 de
2389 506 2743 582 quibusdam
2777 507 3009 565 scholae
3043 490 3228 565 theo-⁶

592 595 746 672 logis
780 592 1090 674 (Magistro
1124 596 1556 653 sententiarum
1588 601 1650 652 et
1684 594 1988 673 Durando)
2032 601 2094 654 et
2133 596 2458 653 canonistis
2490 596 2763 655 nonnihil
2794 595 2859 654 in
2891 596 3002 653 hoc
3034 615 3214 672 argu-

588 688 795 742 mento
826 683 1276 759 cespitantibus.

773 808 923 872 594·
967 804 1222 871 ThflSiS
1260 803 1566 872 CCLXI·
1610 827 2154 881 Matrimonium.
2199 828 2668 881 christianum
2707 829 2813 881 ita
2838 831 2942 881 est
2965 840 3217 879 verum

589 918 1108 982 propriumque
1146 929 1367 969 novae
1408 916 1616 980 Levis
1640 921 2194 982 sacramentum,
2232 921 2311 969 ut
2335 917 2519 970 nihil
2541 919 2820 971 intersit
2840 919 3031 971 inter
3055 929 3220 968 con-

586 1010 903 1059 tractum
924 1006 1375 1058 matrimonii
1391 1006 1764 1059 christiani
1781 1011 1846 1060 et
1865 1008 2154 1060 matrim
2165 1008 2313 1060 onii
2331 1011 2882 1072 sacramentum,
2898 1006 3222 1059 nullum-

587 1112 724 1164 que
763 1099 949 1149 inter
986 1096 1410 1148 christianos
1443 1108 1691 1148 verum.
1729 1095 2117 1148 celebretur
2142 1097 2711 1160 matrimonium,
2736 1096 2924 1162 quod
2956 1107 3103 1148 non
3123 1095 3221 1146 sit

584 1189 873 1253 pariter
910 1185 1256 1238 Ecclesiae
1293 1189 1845 1238 sacramentum.

773 1290 1209 1357 Declaratio.
1240 1293 1476 1351 Realem
1507 1293 1801 1351 unitatem
1832 1295 2170 1350 contractus
2202 1296 2264 1350 et
2295 1291 2647 1350 sacramenti
2667 1290 3030 1349 matrimonii
3051 1290 3217 1365 apud

589 1383 965 1457 christianOS‚
1000 1401 1151 1458 quae
1171 1383 1394 1440 veritas
1414 1380 1883 1440 fundamentalis
1905 1386 1998 1439 est
2016 1381 2081 1439 in
2100 1380 2207 1439 hac
2234 1380 2502 1452 materia,
2532 1380 2901 1439 vindicamus
2921 1379 3216 1438 adversus

594 1475 795 1548 plures
834 1472 992 1547 juris
1042 1472 1258 1546 peritos
1303 1477 1364 1530 et
1409 1471 1746 1529 canonistas
1781 1470 1967 1529 seculi
1998 1469 2190 1529 XVIII
2222 1474 2283 1528 et
2314 1470 2465 1541 XIX,
2517 1471 2622 1545 qui
2671 1468 2828 1528 reale
2876 1468 3217 1539 discrimen,

592 1563 713 1621 imo
744 1566 804 1620 et
836 1560 1340 1637 sepsi-abilitatem
1370 1559 1689 1635 utriusque
1719 1559 1794 1617 ab
1834 1560 2088 1617 invicem
2119 1561 2388 1631 tuentur,
2437 1577 2555 1634 quo
2588 1559 2824 1617 facilius
2856 1558 3221 1616 subtrahant

592 1651 1040 1709 matrimonium
1071 1650 1353 1725 potestati
1383 1649 1812 1708 ecclesiasticae
1842 1650 2023 1723 atque
2054 1648 2376 1723 subjiciant
2408 1647 2692 1722 potestati
2723 1646 2905 1705 civili.
2947 1645 3220 1715 Quorum

590 1758 806 1817 agmen
838 1739 1067 1798 ducunt
1097 1739 1271 1796 Marc.
1293 1741 1431 1796 Ant.
1465 1738 1536 1796 de
1569 1739 1616 1795 D
1635 1737 1916 1795 ominis
1946 1732 2012 1818 ¹),
2048 1736 2459 1812 L'aunoyus
2482 1734 2554 1817 ²),
2588 1754 2738 1811 quos
2771 1736 2912 1794 dein
2945 1754 3217 1811 sequun-

589 1832 697 1886 tur
728 1830 867 1887 Ant.
901 1829 1179 1886 Petzek
1203 1823 1272 1909 3),
1307 1827 1667 1893 Lasaulx‚
1702 1830 1769 1884 A.
1810 1815 2165 1894 Theiner,
2199 1826 2453 1902 Nuytz
2484 1830 2592 1884 etc.
2660 1825 2816 1883 Olim
2847 1825 2989 1883 haec
3021 1843 3218 1883 asser-

595 1918 682 1977 tio
713 1936 834 1977 non
865 1918 1007 1976 adeo
1028 1921 1156 1976 erat
1187 1919 1373 1975 certa:
1407 1917 1544 1974 hinc
1575 1934 1695 1975 non
1726 1915 2047 1974 defuerunt
2075 1916 2264 1989 aliqui
2294 1933 2362 1973 ex
2395 1915 2690 1991 theologis
2724 1913 2996 1989 alioquin
3027 1913 3218 1990 probe

663 2007 898 2065 tholicis
944 2009 1015 2065 ut
1056 2025 1144 2064 ex.
1190 2025 1276 2082 gr.
1309 2005 1482 2083 Greg.
1514 2005 1765 2062 Thomas
1801 2004 2134 2081 Ziegler,
2185 2004 2709 2103 Vasquezktc„
2761 2004 2867 2079 qui
2918 2004 3218 2078 putarint,

356 2005 421 2055 k

120 2025 769 2171 Ostoeuf‘gzsse
799 2115 927 2154 esse
957 2114 1161 2155 verum
1194 2096 1351 2152 inter
1381 2094 1735 2153 christianos
1768 2093 2230 2163 matrimonium,
2277 2093 2437 2168 quod
2469 2112 2590 2152 non
2635 2094 2714 2150 sit
2758 2098 3220 2161 sacramentum,

594 2188 667 2243 ut
698 2185 1145 2243 matrimonium
1178 2184 1611 2242 clandestinum
1653 2183 1747 2241 vel
1796 2183 1846 2240 si
1893 2183 2177 2259 conjuges
2208 2181 2356 2240 illud
2387 2184 2741 2240 contrahant
2771 2199 2906 2239 cum
2938 2181 3226 2240 absoluta

570 2273 930 2333 'intentione
962 2273 1346 2332 contrahendi
1380 2273 1638 2347 quidem,
1672 2274 1735 2329 at
1767 2271 2207 2347 susceptionem
2228 2271 2578 2330 sacramenti
2597 2270 2964 2331 excludendi.
3008 2270 3224 2328 'I'hesis

592 2364 866 2421 continet
896 2362 1226 2422 doctrinam
1259 2362 1604 2421 catholicam
1635 2360 1810 2419 modo
1843 2361 1986 2419 adeo
2018 2364 2255 2430 certam,
2304 2365 2374 2418 ut
2419 2360 2690 2436 opposita.
2733 2359 2811 2417 sit
2858 2359 2997 2435 plus
3036 2379 3226 2434 quam

590 2452 926 2512 temeraria.
987 2451 1069 2512 Cf.
1101 2451 1337 2510 Pesch
1368 2451 1480 2510 V11
1509 2468 1675 2526 prop.
1710 2459 1810 2512 54.

774 2576 953 2641 5942.
990 2572 1567 2639 Demonstratio.
1627 2571 1688 2641 1.
1722 2568 2042 2633 Probatur
2073 2570 2457 2634 auctoritate
2488 2569 2826 2650 Eugenii
2857 2568 2977 2643 IV„
3012 2569 3221 2651 quiin

591 2677 855 2743 decreto
902 2697 1018 2760 pro
1067 2678 1347 2742 armenis
1396 2677 1620 2742 docet:
1691 2675 1943 2751 „Causa
1973 2676 2254 2742 efficiens
2286 2677 2676 2743 matrimonii
2706 2676 3093 2757 regulariter
3121 2682 3215 2740 est

601 2792 864 2849 mutuus
897 2803 1252 2850 consensus
1284 2803 1398 2866 per
1429 2784 1630 2849 verba
1648 2784 1727 2848 de
1748 2786 2073 2865 praesenti
2092 2796 2488 2865 expressus}
2528 2784 2722 2865 Atqui
2740 2802 3034 2847 summus
3054 2802 3219 2865 pon-

595 2890 748 2956 tifex
793 2891 1129 2956 manifeste
1174 2892 1455 2973 loquitur
1501 2891 1580 2954 de
1626 2892 2055 2968 matrimonio,
2102 2898 2423 2974 quatenus
2456 2898 2556 2956 est
2585 2898 3226 2955 sacramentum.

597 2998 761 3062 Nam
793 2999 872 3062 de
905 2998 1314 3062 matrimonio
1347 2998 1641 3080 loquitur,
1675 3005 1993 3080 quatenus
2024 3004 2398 3063 numeratur
2429 2999 2593 3061 inter
2622 3005 2870 3079 septem
2890 2998 3224 3062 Ecclesiae

598 3110 1042 3169 sacramenta:
1075 3106 1378 3187 quocirca
1408 3105 1490 3169 de
1524 3105 1785 3185 singulis
1817 3106 2137 3171 disserens
2169 3105 2590 3170 sacramentis
2611 3123 2692 3169 ea
2712 3105 3015 3185 assignat,
3047 3122 3226 3185 quae

596 3212 749 3293 ipsis
771 3218 841 3274 ut
862 3212 1284 3276 sacramentis
1306 3219 1456 3275 sunt
1477 3213 1737 3293 propria
1757 3219 1823 3276 et
1842 3211 2075 3293 quibus
2096 3212 2548 3287 conficiuntur3
2583 3212 2975 3276 matrimonii
2996 3218 3223 3276 autem

598 3319 839 3382 nullam
884 3318 1076 3382 aliam
1126 3320 1431 3401 proponit
1478 3321 1820 3385 materiam
1874 3318 2291 3402 formamque,
2338 3320 2571 3402 quibus
2602 3317 2981 3383 conficiatur
3011 3318 3080 3380 in
3111 3335 3223 3381 ra-

599 3425 776 3488 tione
816 3427 1223 3490 sacramenti.
1288 3426 1595 3508 Loquitur
1627 3445 1779 3507 ergo
1814 3427 1916 3490 hic
1950 3426 2286 3491 manifesto
2321 3427 2400 3492 de
2430 3426 2860 3501 matrimonio,
2895 3432 3222 3506 quatenus

599 3537 701 3594 est
731 3539 1225 3596 sacramentum.
1260 3531 1595 3597 Consensu
1627 3540 1846 3598 autem
1878 3540 2100 3597 mutuo
2123 3534 2455 3597 conficitur
2474 3538 2861 3597 contractus,
2895 3530 3059 3610 Ergo
3081 3531 3222 3612 ipse

591 3643 967 3701 contractus
1001 3645 1098 3703 est
1130 3646 1622 3704 sacramentum.

775 3764 844 3830 2.
893 3762 1068 3826 Idem
1101 3763 1416 3844 colligitur
1449 3783 1525 3828 ex
1563 3764 1756 3829 modo
1789 3765 2094 3846 loquendi
2124 3764 2374 3827 concilii
2406 3763 2735 3827 trident.
2768 3782 2922 3828 sess.
2957 3767 3062 3837 24,
3113 3763 3221 3845 qui

593 3870 793 3933 etiarn
840 3869 924 3932 ab
959 3868 1256 3933 omnibus
1288 3869 1629 3934 adhibetur
1658 3872 1989 3953 theologis,
2054 3870 2291 3935 Statuit
2322 3872 2494 3936 enim
2525 3889 2774 3935 canone
2812 3874 2846 3938 1
2881 3869 3219 3933 matrimo-

600 3977 776 4040 nium
809 3994 951 4040 esse
983 3983 1478 4054 sacramentum,
1511 3985 1576 4043 et
1606 3979 1673 4041 in
1705 3979 1968 4043 decreto
2002 3980 2209 4054 docet,
2254 3979 2404 4043 illud
2437 3980 2501 4042 in
2533 3979 2670 4059 lege
2703 3977 3074 4057 evangelica
3105 3994 3218 4040 ve-

598 4083 841 4146 teribus
875 4083 1211 4146 connubiis
1244 4102 1358 4164 per
1379 4082 1701 4150 Christum
1724 4086 1932 4166 gratia
1952 4092 2298 4168 praestare.
2331 4085 2523 4168 Atqui
2544 4084 2936 4147 matrimonii
2955 4083 3220 4147 nomine

823 4316 856 4379 ¹)
887 4309 964 4362 De
993 4327 1110 4379 rep,
1136 4312 1252 4365 chr.
1279 4313 1314 4366 l.
1343 4320 1376 4369 3
1402 4317 1459 4367 et
1487 4323 1516 4369 5
1544 4331 1588 4366 c.
1617 4320 1668 4368 2.
1886 4321 1929 4384 ⁴³)
1957 4314 2038 4367 De
2064 4331 2181 4384 reg.
2207 4314 2270 4367 in
2297 4321 2461 4370 matr.
2488 4316 2690 4383 potest.

816 4395 855 4458 ³)
885 4389 965 4444 De
993 4397 1108 4460 pot.
1140 4392 1286 4447 Eccl.
1313 4393 1375 4446 in
1401 4394 1721 4447 statuendis
1749 4395 1959 4464 imped.
1988 4394 2178 4447 dirim.
2206 4393 2474 4464 Friburgi
2501 4398 2637 4450 1783
2664 4396 2722 4447 et
2741 4394 2802 4448 in
2828 4393 3097 4447 vindiciis
3119 4394 3221 4446 hu·

586 4471 689 4537 jus
717 4469 849 4522 diss.
876 4487 925 4523 a.
956 4477 1109 4528 1787.
1163 4473 1422 4527 Ceterum
1451 4474 1806 4528 adversarios
1846 4474 2287 4545 diligentissime
2328 4477 2385 4528 et
2424 4475 2646 4528 erudite
2672 4477 2925 4528 recenset
2952 4473 2998 4526 R
3017 4491 3049 4528 o
3068 4474 3150 4527 sk
3167 4491 3221 4526 o·

603 4552 789 4617 vany
830 4550 897 4604 de
934 4552 1297 4608 matrimonio
1339 4553 1400 4607 in
1430 4553 1679 4609 Ecclesia
1720 4555 2002 4609 catholica.
2023 4559 2063 4608 t.
2095 4564 2115 4611 1
2149 4573 2198 4608 a.
2226 4562 2432 4615 4-15;
2471 4553 2795 4610 Pei-rone
2824 4556 2859 4608 l.
2888 4573 2932 4609 c.
2962 4571 3008 4608 c.
3038 4560 3088 4619 6,
3117 4553 3219 4622 qui

598 4648 644 4684 e.
680 4636 700 4683 1
732 4647 781 4684 a.
814 4638 837 4684 l
868 4631 1080 4684 refellit
1103 4631 1334 4688 illorum
1360 4635 1721 4699 sententiam,
1766 4636 1870 4702 qui
1912 4635 2283 4700 contendunt,
2326 4634 2372 4688 G
2390 4654 2426 4689 u
2444 4633 2464 4688 i
2481 4635 2501 4688 1
2517 4635 2538 4687 i
2554 4637 2688 4690 elm
2707 4652 2743 4687 u
2761 4653 2818 4687 m
2845 4632 3216 4703 parisiensem

596 4709 775 4763 fuisse
802 4711 1070 4781 primum,
1099 4713 1200 4780 qui
1227 4715 1715 4785 separabilitatem
1742 4715 1893 4768 inter
1919 4715 2272 4769 matrimonii
2314 4715 2612 4769 christiani
2638 4717 2994 4771 contractum
3023 4719 3081 4769 et
3106 4732 3219 4768 ma-

602 4790 859 4844 trimonii
887 4797 1302 4848 sacramentum
1329 4795 1624 4848 invexerit.
