3538 5364
799 256 1115 312 secundum
1143 272 1306 308 usum
1335 254 1612 323 loquendi
1642 253 1916 307 biblicum
1946 256 2003 307 et
2028 253 2493 309 ecclesiasticum.
2927 265 2961 327 7

345 442 547 508 stolus,
581 460 705 517 qua
734 441 918 500 creati
950 458 1176 510 sumus,
1224 445 1295 499 nt
1323 440 1591 499 homines
1621 458 1907 510 essemuS,
1955 440 2057 499 sed
2103 459 2222 514 qua
2258 440 2593 514 justificati,
2640 458 2774 499 cum
2825 442 2963 500 mali

348 531 608 589 homines
640 548 930 590 essemus,
965 530 1087 588 Ista
1117 533 1209 587 est
1240 530 1400 589 enim
1429 528 1624 604 gratia
1654 548 1759 605 per
1790 528 1847 586 J.
1867 528 2168 587 Christum
2205 529 2266 589 D.
2299 529 2371 592 N.
2421 528 2655 587 Etenim
2688 528 2960 590 Christus

346 639 461 679 non
494 637 600 695 pro
631 620 837 689 nullia,
872 621 944 677 nt
973 618 1241 677 homines
1271 618 1683 688 conderentur,
1724 617 1827 677 sed
1861 636 1967 692 pro
1997 617 2201 693 impiis
2226 621 2506 677 mortuus
2540 621 2648 687 est,
2684 621 2754 677 ut
2776 619 2962 693 justi-

346 709 721 767 ficarentur.‘
772 708 849 765 Et
878 708 1144 782 quinque
1176 707 1268 765 illi
1299 707 1561 783 episcopi
1593 708 1630 770 l.
1664 725 1712 770 c.
1745 727 1803 765 n.
1829 716 1897 768 ὃς
1934 707 2141 775 ,Hanc
2173 708 2498 782 apostolica
2530 706 2798 766 doctrina
2830 728 2964 785 gra·

345 798 488 856 tiam
521 797 641 856 isto
690 796 931 856 nomine
979 797 1259 872 appellat,
1306 814 1425 871 qna
1473 796 1773 855 salvamur
1818 798 1881 854 et
1918 796 2321 871 justificamur
2353 815 2421 854 ex
2455 796 2567 855 fide
2599 796 2817 855 Christi
2854 843 2866 856 .
2902 843 2914 855 .
2950 842 2963 855 .

343 886 514 944 Illam
549 905 688 945 vero
726 886 998 963 gratiam,
1045 904 1163 961 qua
1204 884 1384 943 creati
1417 903 1627 944 sumus
1660 885 1945 955 homines,
1993 886 2224 943 etiamsi
2273 884 2358 942 ita
2402 885 2812 961 appellandam
2844 904 2965 945 non

346 976 645 1034 immerito
675 974 1085 1051 intelligimuS,
1130 975 1349 1033 mirum
1380 977 1473 1032 est
1504 979 1723 1044 tamen,
1774 974 1825 1032 si
1869 974 1954 1032 ita
2001 973 2354 1049 appellatam
2389 974 2453 1032 in
2485 975 2628 1033 ullis
2661 974 2962 1051 legitimis,

345 1063 726 1141 propheticis,
760 1063 1112 1140 evangelicis
1145 1063 1604 1139 apostolicisque
1637 1063 1829 1122 literis
1862 1063 2179 1140 legimus.‘
2231 1062 2477 1122 Gemina
2507 1064 2685 1122 habet
2716 1065 2964 1138 Augu-

347 1153 501 1211 stin
522 1172 608 1211 us
638 1152 711 1212 de
742 1152 936 1229 gratia
966 1156 1026 1210 et
1059 1152 1161 1216 lib.
1180 1152 1304 1211 arb.
1337 1170 1384 1210 c.
1416 1162 1489 1216 13
1522 1171 1579 1210 n.
1606 1162 1721 1216 25:
1757 1152 2108 1228 ,Numquid
2142 1156 2358 1211 natura
2388 1152 2508 1210 erit
2538 1152 2773 1229 gratia?
2813 1154 2964 1212 Nam

345 1246 403 1302 et
431 1243 546 1301 hoc
577 1242 708 1301 ansi
738 1244 882 1300 sunt
914 1242 1320 1318 pelagiani
1353 1241 1560 1311 dicere,
1595 1242 1848 1319 gratiam
1879 1260 2009 1300 esse
2040 1245 2329 1310 naturam,
2380 1242 2439 1298 in
2487 1261 2605 1318 qua
2651 1242 2736 1299 sic
2781 1242 2965 1300 creati

346 1348 572 1402 sumna,
619 1333 691 1389 ut
735 1330 1054 1389 habeamus
1085 1334 1343 1389 mentem
1375 1330 1721 1390 rationalem
1754 1375 1768 1390 .
1804 1373 1818 1387 .
1852 1376 1865 1389 .
1913 1331 2024 1389 Sed
2069 1350 2191 1389 non
2238 1331 2376 1389 haec
2408 1334 2499 1389 est
2529 1332 2737 1407 gratia,
2787 1349 2965 1405 quam

346 1420 719 1479 commendat
762 1419 1087 1496 Apostolus
1133 1438 1240 1495 per
1287 1418 1462 1478 fidem
1507 1420 1562 1478 J.
1609 1419 1849 1483 Christi.
1914 1419 2079 1479 Hanc
2122 1419 2280 1478 enim
2313 1424 2586 1478 naturam
2621 1421 2796 1478 etiam
2831 1438 2964 1479 cum

345 1509 550 1583 impiis
582 1512 644 1567 et
675 1508 1016 1567 infidelibus
1050 1512 1276 1567 certum
1311 1511 1402 1567 est
1432 1509 1606 1568 nobis
1639 1528 1766 1568 esse
1800 1527 2203 1568 communem:
2250 1509 2447 1585 gratia
2478 1528 2617 1568 vero
2649 1528 2757 1584 per
2787 1508 2963 1568 fidem

345 1599 398 1662 J.
429 1598 647 1656 Christi
666 1615 871 1656 eorum
888 1596 1302 1656 tantummodo
1332 1600 1440 1667 est,
1478 1617 1730 1673 quorum
1762 1601 1855 1656 est
1888 1598 2016 1674 ipsa
2046 1598 2191 1657 fides
2226 1642 2239 1655 .
2273 1643 2286 1656 .
2319 1648 2333 1661 .
2367 1598 2636 1674 Denique
2670 1598 2827 1656 sicut
2858 1598 2965 1669 eia,

344 1687 447 1762 qui
480 1687 750 1745 volentes
781 1687 846 1745 in
877 1686 1006 1762 lege
1030 1687 1366 1762 justificari,
1401 1706 1435 1744 a
1466 1686 1659 1764 gratia
1689 1686 2053 1755 exciderunt,
2091 1687 2395 1746 verissime
2428 1687 2600 1746 dicit:
2655 1688 2721 1746 Si
2751 1706 2821 1746 ox
2851 1688 2965 1764 leqo

345 1777 593 1850 hastilia,
625 1795 756 1851 erqo
792 1776 1057 1833 Christus
1085 1777 1272 1851 gyratis
1302 1783 1568 1834 mortuus
1600 1783 1681 1834 est
1712 1772 1865 1857 (Gal.
1901 1784 1957 1844 2,
1998 1778 2138 1858 21);
2187 1777 2272 1834 sic
2303 1780 2364 1834 et
2395 1777 2505 1847 his,
2555 1778 2659 1853 qni
2691 1776 2961 1853 gratiam,

348 1884 528 1939 quam
558 1865 928 1924 commendat
958 1867 1019 1923 et
1049 1864 1305 1940 percipit
1334 1864 1477 1924 fides
1512 1865 1750 1943 Christi,
1795 1868 2014 1940 putant
2043 1884 2172 1925 esse
2204 1870 2496 1935 naturam,
2533 1865 2840 1924 verissime
2872 1865 2965 1923 di-

347 1954 533 2012 citur:
570 1954 630 2011 Si
664 1973 733 2012 ex
763 1960 979 2012 natura
1002 1954 1261 2028 justitia,
1295 1972 1435 2030 ergo
1470 1954 1742 2013 Christus
1775 1954 1961 2030 gratis
1994 1959 2264 2017 mortuus
2295 1958 2446 2013 est‘

524 2073 589 2141 4.
623 2072 803 2139 Adeo
853 2073 1112 2154 vulgata
1157 2080 1298 2138 erat
1346 2073 1510 2138 haec
1560 2074 1807 2154 gratiae
1839 2073 2039 2150 noti0,
2092 2081 2164 2138 ut
2213 2090 2359 2137 cum
2392 2071 2688 2155 Pelagius
2720 2074 2965 2155 gratiae

346 2178 754 2260 profiteretur
783 2181 1250 2254 necessitatem,
1283 2180 1471 2261 hujus
1490 2198 1643 2245 vero
1666 2181 1926 2246 nomine
1945 2179 2380 2245 fraudulenter
2398 2181 2776 2261 intelligeret
2793 2180 2968 2244 bona

348 2286 690 2364 naturalia,
723 2287 1006 2369 episcopi
1035 2287 1288 2351 concilii
1321 2287 1452 2351 dio
1470 2306 1558 2368 sp
1576 2288 1881 2353 olitani
1912 2307 1993 2353 ne
2026 2288 2331 2369 suspicati
2362 2288 2620 2371 quidem
2644 2286 2774 2351 sint
2793 2286 2967 2351 frau-

346 2393 515 2468 dem,
548 2411 822 2475 eumque
853 2393 1338 2476 pronunciarint
1368 2394 1775 2459 catholicum.

530 2563 558 2592 ,
574 2523 679 2581 His
709 2524 865 2582 enim
898 2524 1120 2583 auditis
1142 2524 1339 2583 verbis
1362 2522 1689 2607 (hominem
1709 2525 1979 2601 adjuvari
2003 2525 2110 2583 Dei
2129 2520 2365 2603 gratia),
2399 2525 2688 2600 inquiunt
2707 2526 2970 2602 episcopi

349 2630 533 2689 supra
563 2612 793 2671 laudati
824 2631 882 2672 n.
906 2622 962 2681 2,
997 2614 1271 2673 catholici
1302 2614 1605 2673 antistites
1639 2610 1901 2696 (concilii
1936 2609 2496 2696 diospolitani)
2532 2615 2757 2672 nullam
2791 2612 2966 2673 aliam

347 2702 454 2761 Dei
486 2702 746 2778 gratiam
776 2703 1112 2780 intelligere
1144 2706 1491 2778 potuerunt,
1539 2705 1656 2762 nisi
1705 2723 1886 2780 quam
1930 2703 1995 2763 in
2039 2703 2210 2762 libris
2241 2704 2349 2762 Dei
2389 2705 2582 2781 legere
2628 2707 2688 2762 et
2731 2705 2968 2781 populis

348 2790 455 2849 Dei
475 2791 814 2868 praedicare
833 2796 1301 2852 consueverunt:
1335 2811 1462 2851 eam
1496 2793 1723 2869 utique,
1758 2793 1831 2851 de
1861 2811 1981 2868 qua
2012 2793 2156 2851 dicit
2177 2793 2532 2867 Apostolus:
2566 2792 2698 2851 Non
2729 2796 2968 2851 irritam

346 2881 501 2954 facio
530 2882 791 2957 qratiam
822 2880 936 2939 Dei
949 2904 971 2939 .·
1016 2901 1154 2940 nam
1186 2884 1240 2940 si
1260 2902 1374 2957 per
1404 2884 1571 2959 leqem
1601 2882 1852 2956 justitia,
1898 2900 2029 2958 erqo
2063 2881 2328 2941 Christus
2375 2884 2566 2959 gyratis
2596 2889 2858 2941 mortuus
2887 2889 2969 2941 est

347 2968 494 3046 (Gal.
522 2978 579 3039 2,
619 2965 760 3050 21):
795 2970 922 3028 sine
955 2971 1137 3029 dubio
1171 2971 1441 3047 gratiam,
1475 2990 1595 3046 qua
1617 2971 2022 3046 justificamur
2053 2970 2128 3029 ab
2160 2971 2497 3046 iniquitate,
2533 2975 2594 3029 et
2625 2990 2743 3047 qua
2776 2972 2968 3030 salva-

345 3077 484 3116 mur
514 3058 591 3116 ab
623 3058 982 3129 infirmitate,
1017 3078 1135 3118 non
1167 3078 1286 3136 qua
1317 3060 1503 3118 creati
1533 3078 1741 3118 sumus
1776 3079 1911 3118 cum
1943 3060 2180 3136 propria
2213 3060 2539 3122 voluntate.
2607 3061 2760 3118 Nam
2792 3061 2843 3119 si
2873 3061 2969 3118 in-

344 3146 725 3205 tellexissent
769 3148 859 3205 illi
904 3149 1166 3224 episcopi
1213 3168 1340 3207 eam
1385 3149 1561 3207 illum
1607 3148 1802 3207 dicere
1847 3148 2116 3225 gratiam,
2164 3169 2344 3225 quam
2391 3149 2568 3208 etiam
2601 3168 2733 3208 cum
2768 3149 2969 3225 impiis

345 3234 657 3306 habemus,
690 3255 826 3295 cum
858 3237 1075 3311 quibus
1108 3238 1375 3296 homines
1410 3256 1651 3296 sumus:
1685 3256 1901 3314 negare
1933 3256 2070 3296 vero
2102 3257 2247 3305 eam,
2280 3257 2399 3312 qua
2429 3238 2738 3298 christiani
2771 3242 2831 3297 et
2861 3239 2972 3298 filii

344 3324 454 3383 Dei
488 3343 730 3383 sumus:
765 3327 902 3400 quis
934 3345 1069 3385 eum
1100 3327 1395 3401 patienter
1426 3327 1854 3385 catholicorum
1875 3326 2245 3385 sacerdotum
2278 3346 2398 3385 non
2430 3327 2685 3386 dicimus
2720 3329 2971 3400 audiret,

344 3413 447 3472 sed
480 3417 623 3472 ante
654 3414 854 3472 oculos
888 3433 1026 3474 suos
1057 3416 1276 3473 ferret?
1311 3414 1682 3492 Quapropter
1699 3434 1821 3474 non
1843 3415 2122 3491 culpandi
2158 3420 2303 3474 sunt
2325 3416 2576 3490 judices,
2611 3417 2752 3492 quia
2783 3418 2970 3476 eccle-

344 3502 594 3561 siastica
623 3503 1051 3562 consuetudine
1082 3522 1297 3562 nomen
1331 3504 1556 3581 gratiae
1582 3505 1921 3575 audierunt,
1956 3505 2287 3563 nescientes
2319 3505 2468 3580 quid
2498 3505 2842 3582 hujusmodi
2874 3506 2972 3565 vel

343 3592 407 3650 in
442 3611 591 3650 suae
623 3591 925 3650 doctrinae
957 3592 1130 3651 libris
1164 3594 1260 3651 vel
1292 3593 1355 3650 in
1388 3612 1632 3652 suorum
1666 3593 1859 3651 solent
1890 3593 2137 3652 auribus
2171 3602 2509 3671 spargere.‘

531 3713 599 3779 5.
633 3691 1000 3792 δεύρω-ἦέ
1033 3717 1097 3776 et
1127 3718 1342 3793 patres
1374 3712 1477 3776 vel
1508 3712 1991 3794 aequivalenter
2041 3712 2143 3777 vel
2172 3712 2410 3778 diserte
2456 3714 2806 3794 gratiam
2852 3732 2969 3795 op-

341 3821 601 3898 ponunt
648 3837 693 3880 n
713 3822 851 3881 atu
871 3835 1040 3882 rae:
1089 3819 1392 3900 quocirca
1438 3818 1676 3896 dicunt,
1710 3818 2054 3895 hominem,
2107 3819 2279 3901 quod
2312 3827 2546 3883 natura
2577 3837 2709 3884 non
2741 3827 2841 3884 est
2871 3820 2971 3884 vel

341 3942 476 3988 non
508 3929 744 4004 potest,
775 3924 981 4004 gratia
1013 3942 1153 3988 esse
1186 3925 1286 3988 vel
1316 3943 1538 4006 posse3
1592 3931 1896 3989 naturam
1947 3925 2152 4005 gratia
2191 3926 2423 4006 juvari,
2469 3927 2703 4004 sanari,
2736 3926 2971 3990 salvari

343 4037 465 4095 etc.
500 4026 886 4112 Supponunt
918 4049 1068 4112 ergo
1101 4032 1391 4113 gratiam,
1424 4032 1503 4097 de
1535 4050 1663 4115 qua
1692 4033 2057 4115 loquuntur,
2089 4031 2337 4096 ambitu
2359 4032 2675 4096 donorum
2698 4039 2966 4097 natura-

341 4135 505 4199 lium
537 4155 668 4200 non
699 4138 1027 4215 contineri,
1059 4139 1172 4203 sed
1205 4146 1404 4215 extra,
1436 4146 1692 4220 praeter
1725 4145 1789 4204 et
1819 4157 2015 4220 supra
2047 4146 2347 4203 naturam
2379 4157 2538 4203 esse.

529 4266 625 4324 Ita
653 4266 1153 4344 Augustinus
1191 4287 1280 4343 ep.
1315 4276 1439 4330 217
1475 4286 1533 4342 n.
1574 4279 1683 4330 ll:
1733 4267 1902 4336 ,Hoc
1948 4263 2046 4348 (ut
2090 4268 2332 4326 credant
2364 4261 2659 4349 homines)
2695 4285 2845 4342 opus
2878 4270 2971 4326 est

342 4354 596 4430 gratiae,
631 4373 752 4414 non
783 4360 1049 4418 naturae.
1098 4356 1261 4432 Opus
1295 4359 1401 4428 est,
1436 4357 1699 4432 inquam,
1735 4357 1978 4433 gratiae,
2014 4375 2193 4431 quam
2225 4357 2397 4415 nobis
2430 4357 2640 4415 attulit
2673 4356 2969 4415 secundus

343 4444 559 4514 Adam,
606 4462 724 4502 non
770 4448 1035 4516 naturae,
1083 4464 1234 4520 quae
1277 4447 1466 4503 totam
1495 4445 1758 4520 perdidit
1790 4446 1851 4503 in
1886 4445 2079 4522 seipso
2113 4446 2361 4509 Adam.‘
2428 4446 2506 4504 Et
2552 4447 2882 4521 Prosper
2924 4464 2971 4505 c.

345 4532 557 4591 Collat.
589 4551 647 4595 n.
680 4541 753 4596 41
782 4555 794 4594 :
833 4533 1103 4606 ,Omnia,
1137 4554 1288 4610 quae
1320 4535 1392 4591 ad
1424 4535 1607 4592 vitam
1641 4537 1702 4592 et
1731 4535 2015 4610 pietatem
2048 4535 2371 4611 pertinent,
2405 4553 2524 4593 non
2557 4553 2664 4609 per
2697 4537 2972 4593 naturam

345 4641 504 4697 quae
540 4621 751 4680 vitiata
781 4626 890 4692 est,
925 4623 1242 4682 habemus:
1278 4623 1379 4682 sed
1412 4642 1521 4698 per
1539 4624 1809 4700 gratiam,
1843 4642 1963 4699 qua
1980 4630 2196 4683 natura
2215 4629 2544 4699 reparatur,
2577 4623 2969 4698 accepimuS.‘

346 4710 424 4767 Et
447 4711 578 4785 jam
609 4709 1165 4771 Tertullianus
1207 4712 1278 4771 de
1310 4713 1506 4771 anima
1537 4731 1583 4772 c.
1634 4724 1652 4773 1
1695 4712 2010 4782 disserens,
2058 4732 2178 4789 quo
2211 4715 2383 4787 pacto
2416 4712 2644 4786 lapides
2675 4711 2802 4770 fieri
2835 4730 2968 4786 pos-
