3538 5364
570 278 699 342 408
810 269 994 323 Tract.
1022 270 1115 323 IX.
1142 269 1211 323 de
1239 269 1514 325 sacrificio
1542 270 1765 324 missae.
1795 270 1900 324 Th.
1919 269 2314 325 CCXXXVIII.
2336 269 2405 323 de
2427 268 2629 325 missae
2645 268 2948 324 fructibus.

750 451 816 518 3.
852 449 1172 517 Probatur
1232 468 1313 515 ex
1364 450 1876 515 ordinationibus
1926 451 2362 515 ministrorum
2411 450 2767 527 Ecclesiae3
2817 450 2972 514 nulli
3022 451 3186 515 enim

572 556 1009 621 ministrorum
1039 556 1484 621 sacerdotibus
1518 556 1800 622 inferiori
1819 557 2119 621 tribuitur
2149 557 2314 622 haec
2345 555 2651 639 polestaS,
2681 557 2796 622 sed
2827 556 3039 621 solum
3070 557 3186 619 mi-

570 664 882 727 nistrandi
913 683 1146 729 munus
1178 664 1245 728 in
1276 663 1676 729 confectione
1708 666 1872 730 tanti
1902 666 2206 747 mysterii.
2271 663 2359 729 Cf.
2393 663 2713 729 Schanz
2746 666 2780 748 ἓ
2814 668 2916 733 33.

1542 861 2058 929 Articulus
2104 861 2247 931 111.

1149 982 1255 1048 De
1300 982 1712 1048 sacrificii
1760 985 2065 1049 missae
2114 983 2607 1050 efficientia.

744 1109 896 1174 424.
928 1108 1182 1175 Thesis
1216 1107 1749 1178 CCXXXVIH.
1805 1131 2248 1195 Sam-‘ficium
2284 1132 2543 1184 missae
2579 1142 2726 1182 non
2761 1132 3041 1181 tantum
3079 1129 3186 1181 la-

566 1219 944 1272 treuticum
980 1222 1083 1271 est
1117 1222 1185 1272 et
1220 1219 1790 1285 eucharisticum,
1825 1234 2070 1274 verum
2108 1220 2324 1273 etiam
2342 1218 2930 1284 propitiatorium
2958 1221 3023 1271 et
3049 1218 3184 1270 im-

564 1309 1067 1374 paratorium.

747 1410 1273 1478 Demonstratlo
1307 1430 1422 1495 pp.
1461 1409 1516 1476 1.
1553 1411 1632 1477 11
1664 1412 1738 1477 et
1767 1410 1914 1477 111.
1994 1408 2395 1474 Sacrificium
2436 1410 2672 1475 missae
2704 1428 2848 1474 esse
2879 1410 3184 1475 latreu-

569 1517 819 1582 ticum
871 1523 1049 1598 patet
1079 1535 1158 1581 ex
1190 1515 1483 1579 sacrificii
1514 1516 1777 1581 notione
1810 1516 1895 1602 (n.
1928 1520 2092 1593 4003
2127 1524 2166 1581 t
2199 1516 2250 1580 11
2281 1536 2340 1580 n.
2374 1517 2568 1603 631);
2620 1534 2765 1580 esse
2814 1515 3185 1582 euchari-

571 1643 602 1687 s
622 1624 730 1687 tic
748 1642 789 1687 u
804 1642 869 1686 m
903 1642 982 1687 ex
1013 1624 1153 1704 ipso
1185 1623 1446 1686 nomine
1478 1628 1545 1687 et
1560 1622 1735 1686 haud
1755 1641 1946 1704 aegre
1967 1623 2325 1689 concedent
2343 1629 2796 1705 protestantes,
2828 1620 3187 1703 Praecipua

571 1730 1016 1795 controversia
1047 1732 1216 1797 inter
1248 1750 1362 1796 eos
1395 1737 1461 1796 et
1490 1731 1844 1796 catholicos
1875 1739 1990 1808 est,
2022 1733 2188 1798 sitne
2234 1733 2430 1797 etiam
2472 1730 3183 1814 propitiatorium.

569 1836 778 1916 Quam
809 1837 1064 1903 diremit
1093 1838 1433 1902 concilium
1468 1837 1646 1902 trid.
1679 1858 1835 1904 sess.
1870 1842 1956 1908 22
1987 1856 2127 1903 can.
2161 1846 2235 1909 3:
2306 1837 2411 1914 ,Si
2458 1838 2604 1921 quis
2649 1837 2902 1914 dixerit,
2945 1835 3185 1901 missae

567 1943 949 2008 sacrificium
981 1950 1231 2008 tantum
1265 1962 1406 2009 esse
1437 1944 1644 2008 laudis
1676 1951 1742 2009 et
1769 1945 2123 2025 gratiarum
2155 1946 2446 2022 actioniS,
2480 1953 2594 2010 aut
2622 1944 2865 2008 nudam
2897 1960 3183 2008 comme-

567 2051 996 2115 morationem
1027 2050 1321 2114 sacrificii
1352 2052 1417 2115 in
1448 2069 1638 2116 cruce
1670 2052 1932 2133 peracti,
1962 2072 2095 2117 non
2128 2059 2345 2117 autem
2377 2051 2910 2134 propitiatorium,
2943 2050 3046 2116 vel
3065 2048 3184 2114 soli

567 2156 877 2238 prodesse
909 2158 1218 2233 sumenti;
1250 2177 1458 2240 neque
1490 2176 1607 2239 pro
1640 2159 1802 2221 vivis
1836 2166 1901 2223 et
1921 2158 2253 2236 defunctiS,
2273 2178 2389 2241 pro
2412 2158 2711 2240 peccatiS,
2728 2158 2971 2239 poeniS,
2991 2158 3182 2221 satis-

565 2262 953 2328 factionibus
985 2271 1050 2329 et
1082 2263 1222 2327 aliis
1254 2264 1744 2328 necessitatibus
1779 2264 1993 2330 offerri
2026 2265 2282 2342 debere,
2315 2265 2388 2329 A.
2429 2264 2529 2329 S.‹
2569 2264 2681 2329 Est
2711 2273 2931 2330 autem
2959 2264 3180 2346 propi-

564 2371 909 2448 tiatorium,
942 2377 1259 2453 quatenus
1303 2389 1418 2452 per
1462 2370 1670 2452 ipsum
1715 2368 2071 2455 satisfactio
2118 2371 2410 2434 sacrificii
2459 2371 2665 2434 crucis
2697 2370 2774 2433 iis
2808 2369 3180 2450 applicatur,

562 2496 681 2557 pro
715 2477 947 2559 quibus
979 2476 1132 2541 illud
1152 2477 1440 2553 offertur,
1461 2477 1543 2540 ad
1565 2476 1982 2541 obtinendam
2016 2482 2432 2557 peccatorum
2453 2494 2935 2559 poenarumque
2955 2476 3183 2540 remis-

560 2584 841 2649 sionem:
875 2602 990 2648 seu
1024 2589 1343 2665 quatenus
1374 2602 1489 2665 per
1520 2583 1730 2663 ipsum
1762 2581 1848 2658 fit,
1882 2581 2155 2647 docente
2189 2583 2418 2647 eodem
2450 2581 2720 2646 concilio
2754 2600 2891 2664 cap.
2914 2586 2973 2657 2,
3002 2587 3110 2657 ,ut
3128 2580 3182 2643 si

559 2708 709 2755 cum
741 2709 896 2756 vero
929 2690 1123 2754 corde
1157 2696 1221 2755 et
1251 2697 1429 2755 recta
1461 2689 1601 2764 fide,
1649 2706 1797 2752 cum
1830 2695 2005 2754 metu
2037 2696 2101 2755 et
2131 2691 2510 2766 reverentia,
2557 2689 2815 2755 contriti
2847 2705 2926 2753 ac
2957 2688 3180 2770 poeni-

559 2805 768 2864 tentes
801 2797 884 2862 ad
918 2797 1122 2863 Deum
1153 2796 1557 2873 accedamuS,
1590 2795 2096 2862 misericordiam
2129 2815 2604 2879 consequamur
2623 2804 2687 2861 et
2708 2797 2980 2877 gratiam
3000 2794 3179 2860 inve-

559 2906 813 2969 niamus
844 2905 910 2967 in
943 2901 1178 2966 auxilio
1213 2909 1594 2984 opportuno.
1656 2902 1858 2984 Hujus
1906 2905 2138 2985 quippe
2191 2903 2517 2969 oblatione
2549 2891 2839 2985 placatus
2868 2902 3181 2967 ‘Dominus

560 3012 832 3091 gratiam
867 3017 933 3074 et
962 3001 1203 3073 donum
1233 3009 1667 3090 poenitentiae
1698 3010 2080 3086 concedenS,
2128 3011 2398 3074 crimina
2444 3018 2508 3075 et
2550 3016 2823 3091 peccata
2855 3009 3050 3073 etiam
3082 3009 3180 3071 in·

559 3118 775 3198 gentia
806 3115 1116 3179 dimittit‘
1186 3115 1347 3178 Hinc
1393 3116 1515 3180 etsi
1561 3135 1693 3180 non
1738 3115 2005 3181 remittit
2034 3116 2404 3183 immediate
2436 3122 2723 3198 peccata,
2757 3134 2873 3198 pro
2907 3133 3180 3198 quorum

557 3224 937 3288 remissione
969 3222 1262 3286 instituta
1292 3228 1442 3285 sunt
1473 3231 1883 3288 sacramenta
1913 3222 2216 3304 baptismi
2250 3230 2315 3288 et
2333 3223 2789 3304 poenitentiae,
2811 3229 3030 3287 tamen
3049 3239 3180 3285 non

560 3329 772 3392 solum
802 3329 1103 3409 impetrat
1134 3329 1423 3409 spiritum
1454 3329 1906 3410 poenitentiae,
1938 3334 2009 3393 ut
2040 3328 2160 3393 rite
2193 3328 2480 3410 dispositi
2509 3347 2624 3410 per
2644 3327 2752 3392 illa
2771 3333 3179 3392 sacramenta

564 3435 819 3498 veniam
838 3451 1329 3517 consequamur,
1358 3436 1471 3499 sed
1493 3442 1557 3499 et
1575 3436 1791 3517 placat
1807 3435 2009 3501 Deum
2029 3434 2659 3518 indignitationisque
2681 3434 2889 3500 aufert
2910 3434 3177 3509 obicem,

564 3561 645 3607 ne
679 3541 1017 3607 subtrahat
1047 3542 1284 3606 auxilia
1315 3548 1679 3623 opportuna
1696 3542 1758 3627 1).

781 3765 816 3833 ¹)
845 3761 1139 3827 Quomodo
1166 3766 1359 3816 autem
1385 3762 1533 3816 ratio
1562 3760 2012 3832 propitiationis,
2055 3778 2229 3829 quam
2272 3761 2411 3815 huic
2449 3759 2725 3815 sacrificio
2750 3759 3031 3815 adscribit
3052 3777 3181 3815 con-

557 3842 760 3896 cilium
776 3841 815 3896 l.
831 3859 894 3896 c..
911 3841 1141 3895 differat
1151 3844 1224 3896 ab
1233 3842 1640 3912 impetratione
1656 3841 1842 3894 eidem
1855 3839 2108 3911 propria,
2132 3841 2289 3895 hunc
2305 3840 2367 3894 in
2383 3840 2617 3894 modum
2628 3842 2918 3911 praeclare
2930 3840 3182 3911 explicat

559 3922 694 3975 Fra
711 3940 792 3974 nz
809 3921 968 3976 elin
994 3922 1075 3974 th.
1106 3928 1201 3978 13:
1255 3921 1524 3983 „Peccata
1564 3919 1686 3974 scil.
1714 3960 1727 3973 .
1757 3960 1769 3973 .
1798 3960 1811 3973 .
1838 3936 2010 3974 causa
2048 3923 2201 3984 sunt,
2241 3937 2343 3974 cur
2374 3918 2608 3990 justitia
2648 3919 2850 3974 divina
2890 3918 3180 3975 uberiores

556 4001 774 4072 gratias
800 4002 1120 4066 subtrahat,
1165 4018 1325 4069 quas,
1369 4000 1483 4054 nisi
1525 4002 1759 4071 peccata
1804 4001 2113 4065 obstarent,
2158 3999 2359 4054 divina
2408 3998 2631 4054 bonitas
2656 4001 2962 4055 concedere
2988 4000 3179 4055 vellet-

556 4081 686 4136 Jam
712 4098 814 4151 per
841 4080 1199 4145 sacrificium,
1227 4098 1342 4149 quo
1370 4080 1684 4135 satisfactio
1709 4080 1773 4134 in
1801 4096 1965 4134 cruce
2005 4083 2396 4136 consummata.
2437 4097 2539 4150 pro
2567 4080 2963 4136 determinatis
2990 4097 3181 4151 pecca-

557 4162 782 4216 toribus
809 4161 1006 4218 divino
1034 4161 1368 4232 conspectui
1393 4158 1711 4225 exhibetur,
1740 4162 1799 4214 et
1824 4159 1906 4214 ita
1931 4160 2013 4214 eis
2039 4160 2362 4231 specialiter
2387 4159 2735 4230 applicatur,
2761 4161 2901 4216 haec
2913 4161 3074 4231 justa
3094 4159 3180 4213 ira

559 4240 665 4295 Dei
692 4243 969 4311 placatur,
998 4257 1067 4294 ne
1095 4256 1335 4312 poenam
1361 4240 1576 4295 inferat
1599 4240 2009 4297 subtractionis
2047 4241 2384 4312 gratiarum,
2425 4258 2598 4309 quam
2638 4240 2881 4310 proinde
2908 4238 3178 4310 placatio·

556 4336 688 4373 nem
714 4319 1085 4387 consequitur
1109 4319 1309 4374 divina
1333 4319 1725 4375 misericordia
1752 4322 1812 4374 et
1835 4319 2147 4376 liberalitas
2173 4320 2237 4374 in
2265 4319 2642 4376 concedendis
2662 4319 2867 4390 gratiis
2886 4319 3178 4374 abundan-

558 4399 823 4464 tioribus,
850 4402 909 4453 et
932 4416 1035 4470 per
1060 4400 1162 4454 has
1181 4400 1443 4465 ulterius,
1468 4400 1773 4454 accedente
1791 4401 2045 4455 hominis
2066 4401 2485 4471 cooperatione,
2506 4399 2802 4470 perficitur
2820 4398 3180 4469 poenitentis

557 4483 619 4534 et
636 4479 993 4550 justificatio.
1047 4479 1387 4550 Propitiatio
1414 4480 1599 4551 igitur
1622 4480 1860 4549 respicit
1882 4479 2094 4536 directe
2121 4481 2462 4552 placandam
2481 4474 2747 4535 ¹divinam
2767 4480 3080 4550 justitiam,
3106 4496 3177 4534 ne

558 4575 802 4629 poenam
827 4559 1068 4615 inferat:
1095 4560 1424 4632 impetratio
1450 4560 1707 4615 divinam
1740 4561 2050 4616 bonitatem
2077 4578 2143 4615 ac
2164 4561 2631 4625 misericordiam,
2657 4563 2725 4614 ut
2750 4561 3025 4616 beneficia
3050 4577 3178 4616 con-

559 4639 742 4694 cedat.
790 4639 940 4694 Hinc
965 4641 1037 4694 ad
1063 4658 1182 4696 rem
1209 4641 1588 4695 catechismus
1614 4640 1963 4696 tridentinus
2002 4658 2106 4696 nos
2150 4643 2317 4697 docet
2340 4644 2417 4713 Q).
2445 4649 2477 4696 2
2504 4658 2548 4695 c.
2576 4649 2610 4695 4
2636 4658 2691 4709 q.
2719 4649 2786 4698 55
2812 4659 2867 4698 n.
2899 4646 2950 4714 1)
2969 4663 3004 4696 :⁷
3037 4639 3177 4702 ..Eu-

558 4718 831 4774 charistia
871 4719 1140 4773 instituta
1184 4723 1285 4785 est,
1327 4723 1394 4773 ut
1431 4719 1685 4774 Ecclesia
1730 4723 2075 4791 perpetuum
2118 4720 2458 4775 sacrificium
2502 4721 2756 4786 haberet,
2804 4738 2918 4789 quo
2944 4725 3176 4791 peccata
