3538 5364
1383 385 1471 438 est
1494 384 1967 456 supernaturalis.
2856 388 2997 455 635

369 571 429 644 6,
467 571 566 636 16.
599 564 743 630 Non
776 566 945 630 enim
979 565 1208 629 dicitur
1238 586 1308 635 a.
1338 565 1668 631 invisibilis
1697 584 1854 648 prae
1907 565 2109 631 oculis
2141 566 2449 647 corporiS,
2481 580 2629 627 cum
2660 564 2826 629 haec
2854 582 2992 628 non

368 673 535 738 adeo
567 690 807 754 magna
834 674 917 738 sit
946 673 1416 756 praerogativa,
1448 691 1659 755 neque
1691 672 1828 738 Deo
1859 672 2155 755 propria;
2196 689 2409 755 neque
2440 672 2514 739 b.
2552 672 2804 738 ratione
2834 688 2987 754 cog-

366 779 627 844 nitionis
658 778 760 860 cuj
771 796 1122 862 uscunque,
1155 796 1304 844 cum
1335 776 1482 861 Sap.
1511 784 1613 856 13,
1641 784 1673 848 1
1708 779 1863 843 vani
1891 779 2396 862 pronuncientur
2414 779 2727 856 homines,
2759 780 2825 844 in
2844 780 2989 863 qui-

365 886 489 950 bus
519 904 652 950 non
684 885 909 950 subest
938 884 1207 952 scientia
1237 885 1353 951 Dei
1386 884 1489 973 (ct.
1522 891 1565 950 t.
1597 885 1646 949 11
1679 905 1738 950 n.
1775 890 1817 955 5
1847 886 1993 974 ss.);
2039 903 2250 968 neque
2282 904 2346 954 c.
2379 884 2712 950 invisibilis
2757 886 2995 951 dicitur

366 992 554 1070 DeuS,
588 992 740 1075 quia
770 990 1428 1075 incomprehensibilis
1460 998 1597 1069 est;
1629 1010 1784 1057 nam
1803 993 1976 1057 clare
1997 990 2150 1055 alibi
2166 991 2563 1073 promittitur
2579 993 2740 1057 visio
2759 992 2993 1071 beatis,

367 1100 477 1182 qui
505 1105 727 1164 tamen
759 1098 1351 1181 comprehensionis
1384 1116 1515 1163 non
1546 1104 1698 1163 sunt
1727 1116 2035 1181 capaces;
2081 1117 2291 1181 neque
2337 1101 2405 1169 d.
2451 1098 2783 1179 invisibilis
2815 1097 2992 1164 affir-

367 1211 584 1270 matur
609 1223 727 1287 pro
759 1204 1083 1287 praesenti
1113 1210 1367 1269 tantum
1397 1205 1548 1281 vita,
1580 1222 1733 1268 nam
1763 1204 1966 1269 verba
1996 1210 2147 1269 sunt
2176 1204 2509 1282 illimitata,
2555 1206 2721 1270 ratio
2771 1205 2993 1271 refun-

367 1312 538 1377 ditur
567 1313 633 1376 in
663 1311 872 1376 lucem
904 1312 1323 1390 inaccessam,
1356 1317 1423 1376 et
1451 1312 1618 1376 haec
1649 1311 1880 1377 intima
1901 1311 2110 1377 Patris
2140 1311 2421 1392 cognitio
2443 1318 2809 1377 reservatur
2826 1311 2985 1378 Filio

365 1418 547 1484 Joan.
588 1424 641 1496 1,
682 1424 793 1495 183
840 1424 900 1497 6,
930 1423 1050 1495 46;
1096 1417 1315 1483 Matth.
1351 1423 1455 1496 11,
1489 1421 1609 1488 27:
1656 1418 1853 1483 Nemo
1897 1417 2061 1483 novit
2091 1417 2332 1482 Filium
2377 1420 2503 1483 nisi
2535 1418 2749 1504 Pater,
2793 1440 2986 1505 neque

364 1525 621 1592 Patrem
653 1527 794 1611 quis
825 1529 1013 1603 novit,
1046 1527 1173 1590 nisi
1205 1524 1414 1590 Filius
1444 1531 1501 1588 et
1533 1527 1634 1589 cui
1662 1526 1925 1589 voluer-it
1959 1523 2165 1590 Filius
2193 1527 2484 1594 revelare.
2517 1525 2681 1590 Hinc
2712 1526 2984 1607 legimus

363 1633 439 1697 Is.
471 1636 578 1710 45,
617 1637 726 1702 15:
777 1632 925 1698 Vere
954 1639 1025 1697 tu
1055 1654 1118 1697 es
1149 1631 1322 1698 Deus
1354 1633 1773 1698 absconditus.
1809 1630 1997 1712 Quod
2026 1632 2083 1697 si
2111 1633 2277 1697 visio
2297 1632 2414 1697 Dei
2443 1631 2742 1697 intuitiva
2769 1632 2988 1698 debita

365 1746 540 1806 esset
569 1746 905 1805 creaturae
933 1739 1252 1816 rationali,
1284 1740 1619 1822 supposita
1651 1738 2001 1817 creatione,
2034 1758 2167 1803 non
2185 1740 2345 1804 satis
2365 1758 2646 1821 congrue
2666 1741 2989 1806 diceretur

365 1865 508 1914 esse
538 1848 605 1912 in
635 1847 774 1912 Filii
803 1852 1144 1929 potestate,
1176 1864 1249 1911 se
1280 1852 1345 1911 et
1377 1845 1632 1911 Patrem
1662 1846 1973 1924 revelare,
2019 1864 2167 1911 cum
2215 1865 2294 1912 ea
2342 1852 2573 1928 sponte
2604 1865 2725 1911 sua
2754 1864 2985 1927 conse-

364 1960 671 2037 queretur
701 1955 1096 2020 creationem
1146 1959 1212 2018 et
1259 1953 1492 2019 merita
1540 1960 1816 2018 naturae
1866 1959 2140 2018 creatae.
2204 1953 2545 2036 Reliquum
2577 1972 2729 2035 ergo
2763 1961 2878 2032 est,
2910 1961 2984 2019 ut

364 2061 615 2129 dicatur
644 2060 977 2127 invisibilis
1008 2078 1166 2142 prae
1196 2060 1438 2125 viribus
1472 2067 1765 2138 naturae,
1819 2060 1983 2124 adeo
2016 2066 2089 2124 ut
2120 2060 2256 2142 ejus
2289 2060 2450 2125 visio
2482 2067 2753 2126 naturae
2784 2062 2985 2125 ratio-

362 2168 494 2233 nali
524 2169 607 2233 sit
636 2168 827 2250 plane
858 2167 1161 2246 indebita,
1196 2168 1332 2250 ejus
1365 2168 1751 2249 exigentiam
1786 2175 1852 2234 et
1880 2169 2182 2233 virtutem
2215 2172 2496 2250 superet

543 2317 667 2376 Hac
697 2317 1088 2393 explicatione
1118 2316 1458 2376 testimonia
1488 2317 1728 2393 patrum
1761 2316 1823 2374 in
1862 2316 2115 2391 speciem
2150 2315 2485 2392 pugnantia
2513 2315 2586 2374 ad
2619 2315 2986 2375 harmoniam

361 2409 729 2470 revocantur.
793 2406 888 2465 Ita
930 2407 1303 2465 Irenaeus
1334 2404 1431 2475 IV,
1483 2414 1562 2468 20
1606 2425 1664 2468 n.
1701 2415 1769 2468 5:
1821 2404 2202 2475 ,Secundum
2236 2404 2709 2481 magnitudinem
2741 2405 2987 2481 quidem

362 2499 426 2557 et
453 2495 787 2555 mirabilem
818 2495 1065 2573 gloriam
1097 2513 1268 2554 nemo
1301 2494 1524 2553 videbit
1556 2494 1742 2553 Deum
1789 2497 1851 2554 et
1889 2494 2054 2554 vivet
2087 2489 2293 2577 (Exod.
2331 2503 2433 2565 33,
2472 2489 2582 2576 20)
2615 2538 2630 2553 .
2662 2540 2675 2552 .
2709 2539 2723 2553 .
2770 2512 2983 2555 secun·

360 2585 505 2645 dum
540 2586 741 2644 autem
772 2584 1151 2644 dilectionem
1182 2586 1244 2643 et
1275 2581 1707 2643 humanitatem
1739 2586 1803 2642 et
1831 2582 1991 2659 quod
2025 2583 2225 2642 omnia
2254 2583 2458 2659 possit,
2491 2583 2671 2642 etiam
2706 2584 2816 2643 hoc
2845 2602 2986 2643 con-

360 2674 517 2735 cedit
545 2674 651 2746 eis,
685 2674 790 2750 qui
821 2692 884 2734 se
914 2672 1183 2752 diligunt
1213 2672 1253 2732 i.
1284 2691 1333 2730 e.
1368 2671 1565 2732 videre
1597 2673 1786 2732 Deum
1820 2719 1833 2732 .
1855 2716 1870 2732 .
1890 2718 1903 2731 .
1942 2671 2233 2742 Quoniam
2265 2692 2409 2750 quae
2439 2673 2820 2749 impossibilia
2849 2680 2986 2733 sunt

362 2765 524 2841 apud
552 2764 825 2839 homines,
846 2763 1154 2840 possibilia
1185 2762 1345 2838 apud
1365 2762 1549 2821 Deum
1582 2757 1747 2845 (Luc.
1780 2772 1873 2834 18,
1912 2758 2040 2834 27).
2072 2761 2263 2820 Homo
2294 2761 2472 2820 etiam
2506 2782 2542 2821 a
2573 2781 2634 2822 se
2665 2781 2787 2822 non
2818 2762 2986 2822 videt

363 2854 570 2914 Deum.
633 2853 743 2912 Ille
775 2855 975 2912 autem
1005 2852 1209 2912 volens
1239 2850 1479 2910 videtur
1508 2851 1867 2922 hominibuS,
1914 2851 2137 2926 quibus
2181 2851 2316 2910 vult
2360 2853 2422 2910 et
2464 2851 2703 2927 quando
2746 2851 2880 2911 vult
2924 2853 2988 2910 et

361 2941 859 3018 quemadmodum
892 2941 1052 3000 vult:
1085 2943 1296 3018 potens
1327 2939 1485 2998 enim
1516 2943 1607 2999 est
1638 2940 1701 2999 in
1735 2940 2013 3001 omnibus
2033 2940 2222 3007 Deus;
2255 2940 2423 3000 visus
2443 2940 2684 3016 quidem
2713 2945 2860 2999 tunc
2892 2936 2984 3021 (in

363 3030 430 3092 V.
461 3026 556 3113 T.)
588 3049 694 3107 per
724 3029 1006 3107 spiritum
1037 3028 1402 3106 prophetiae,
1443 3028 1608 3088 visus
1638 3031 1841 3089 autem
1872 3032 1934 3088 et
1962 3049 2068 3106 per
2099 3030 2316 3088 Filium
2350 3029 2646 3106 adoptive,
2680 3029 2986 3089 videbitur

361 3122 564 3180 autem
594 3122 657 3178 et
686 3121 749 3178 in
780 3138 961 3197 regno
994 3119 1292 3179 coelorum
1312 3117 1718 3194 paternaliter,
1753 3119 1984 3195 Spiritu
2005 3118 2246 3194 quidem
2268 3122 2654 3194 praeparante
2687 3118 2984 3178 hominem

362 3209 429 3268 in
473 3208 662 3267 filium
696 3208 821 3278 Dei,
867 3207 1019 3267 Filio
1048 3209 1250 3266 autem
1281 3205 1610 3266 adducente
1657 3206 1731 3265 ad
1778 3207 2031 3278 Patrem,
2079 3208 2255 3266 Patre
2286 3209 2488 3266 autem
2520 3207 2986 3284 incorruptelam

363 3298 622 3357 donante
652 3297 715 3356 in
746 3297 933 3356 vitam
962 3299 1282 3366 aeternam,
1314 3313 1467 3370 quae
1497 3296 1699 3355 evenit
1729 3296 2055 3372 unicuique
2086 3315 2154 3355 ex
2187 3314 2272 3367 ec,
2307 3296 2468 3371 quod
2498 3296 2701 3356 videat
2732 3297 2984 3361 Deum.‘

365 3386 533 3456 Quod
564 3386 770 3462 paucis
815 3386 901 3446 ita
932 3386 1226 3462 expressit
1255 3385 1401 3443 Bed
1419 3404 1453 3443 a
1483 3385 1548 3443 in
1579 3385 1671 3448 Ps.
1714 3394 1854 3456 118,
1892 3393 2006 3449 33:
2056 3386 2258 3454 ,Deus
2305 3385 2539 3445 habitat
2582 3387 2780 3445 lucem
2822 3386 2984 3445 inac-

362 3475 715 3547 cessibilem,
749 3476 810 3533 et
829 3474 1108 3535 audimus
1126 3476 1358 3533 tamen:
1390 3475 1656 3533 Accedite
1675 3475 1755 3532 ad
1772 3492 1902 3532 eum
1921 3481 1973 3533 et
1987 3475 2412 3534 illuminamini
2431 3469 2551 3557 (Ps.
2576 3484 2678 3546 33,
2703 3472 2786 3556 6).
2824 3474 2987 3544 Quae

363 3565 577 3641 utique
596 3564 855 3624 solvitur
872 3563 1159 3640 quaestio,
1191 3564 1262 3622 ut
1292 3561 1713 3623 inaccessibilis
1746 3563 1827 3621 sit
1856 3563 2090 3622 viribus
2121 3565 2404 3623 naturae:
2439 3563 2753 3622 accedatur
2784 3567 2987 3622 autem

364 3653 439 3712 ad
469 3672 607 3713 eum
626 3653 976 3713 muneribus
996 3653 1183 3714 suis.¹
1232 3652 1312 3713 cf.
1332 3652 1488 3712 card.
1517 3652 1933 3712 Franzelin
1964 3651 2038 3711 de
2058 3651 2319 3711 Deouno
2350 3651 2438 3710 th.
2471 3651 2994 3722 143Pa1mieri.

364 3741 438 3802 de
468 3742 588 3802 Deo
619 3744 855 3801 creante
885 3741 970 3806 th.
1007 3737 2115 3813 37380heeben31623Bautz,
2149 3740 2254 3799 der
2285 3739 2564 3799 Himmel.

545 3862 608 3931 4.
641 3861 982 3927 Beatitudo
1014 3860 1313 3927 coelestis
1346 3859 1688 3926 exhibetur
1720 3865 1856 3924 tam
1888 3857 2204 3927 excedens
2224 3864 2495 3923 naturae
2509 3859 2615 3941 jus
2640 3863 2703 3922 et
2724 3857 2990 3939 exigen-

365 3968 539 4045 tiam,
573 3974 644 4032 ut
674 3966 941 4031 rationis
987 3964 1186 4046 fugiat
1229 3972 1521 4047 captum3
1568 3983 1721 4029 nam
1767 3965 1848 4030 de
1893 3965 2035 4047 ipsa
2078 3963 2145 4028 in
2190 3963 2411 4046 primis
2455 3963 2718 4045 intelligi
2749 3962 2994 4029 debent

363 4074 565 4140 verba
602 4080 655 4143 1.
689 4072 830 4139 Cor.
865 4077 925 4151 2,
958 4078 1030 4141 9:
1072 4072 1302 4137 Oculus
1334 4093 1457 4135 non
1487 4073 1665 4157 vidit,
1699 4093 1808 4136 nec
1839 4074 2020 4137 auris
2051 4073 2310 4147 audivit,
2343 4091 2452 4136 nec
2481 4072 2553 4134 in
2585 4090 2691 4134 cor
2720 4070 2988 4134 hominis

365 4182 663 4262 ascendit,
697 4201 856 4265 quae
881 4180 1297 4267 praeparavit
1328 4178 1502 4243 Deus
1533 4181 1633 4262 iia,
1664 4181 1774 4264 qui
1804 4178 2075 4265 dilayunt
2105 4178 2300 4247 illum.

544 4308 610 4372 ὅ.
645 4302 952 4386 Splendet
979 4305 1143 4369 haec
1171 4303 1412 4368 veritas
1444 4322 1524 4368 ex
1558 4309 1695 4368 toto
1747 4304 2209 4368 incarnationis
2264 4309 2597 4385 apparatu,
2630 4301 2810 4383 cujus
2842 4298 2992 4366 finis

365 4417 505 4488 erat
534 4411 863 4477 restitutio
896 4410 1313 4476 beatitudinis
1345 4410 1642 4475 amissae.
1676 4410 1790 4474 Hic
1822 4409 1995 4476 enim
2026 4409 2290 4473 omnino
2324 4408 2534 4488 exigit,
2563 4413 2634 4473 ut
2669 4406 2989 4489 ejusmodi

366 4517 700 4584 beatitudo
732 4517 942 4600 majus
973 4517 1056 4582 sit
1086 4516 1349 4595 bonum,
1382 4534 1577 4600 quam
1609 4516 1782 4599 quod
1813 4516 2115 4599 operibus
2147 4522 2401 4581 tantum
2432 4514 2639 4580 ethice
2657 4512 2848 4579 bonis
2867 4530 2987 4578 na-

365 4631 552 4693 turae
581 4624 945 4690 innocentis
970 4625 1109 4707 jam
1138 4625 1222 4689 sit
1252 4624 1556 4689 debitum.
1619 4624 1695 4687 Et
1741 4641 1972 4689 revera
2001 4623 2137 4688 Deo
2168 4623 2497 4705 indignum
2531 4620 2717 4699 foret,
2763 4620 2818 4685 si
2865 4638 2991 4684 sua

367 4731 572 4813 gratia
601 4748 734 4795 non
764 4737 987 4813 posset
1017 4731 1101 4795 ad
1133 4730 1427 4798 altiorem
1478 4730 1674 4796 finem
1726 4737 1794 4796 et
1841 4729 2305 4796 beatitudinem
2355 4729 2682 4794 hominem
2716 4727 2992 4804 elevare,
