3538 5364
605 283 736 348 322
1082 275 1265 329 Tract.
1295 275 1388 330 IX.
1415 275 1484 328 de
1512 274 1882 330 eucharistia.
1911 274 2113 328 Thesis
2140 273 2429 329 CCXXIV.
2456 275 2651 329 Patres

602 463 747 539 plici
794 461 930 536 pani
977 464 1039 519 et
1082 461 1222 518 vino
1269 460 1572 530 attendas;
1622 478 1837 535 corpus
1883 460 2041 519 enim
2091 465 2153 519 et
2202 462 2445 538 sanguis
2493 462 2715 521 Christi
2761 466 2854 520 est
2899 463 3224 522 secundum

605 551 841 611 Domini
869 549 1385 612 asseverationem.
1452 549 1602 607 Nam
1647 549 1761 608 etsi
1810 550 1919 607 tibi
1954 549 2108 608 illud
2141 568 2352 609 sensus
2383 550 2678 621 exhibeat,
2724 554 2926 610 tamen
2972 551 3119 611 fides
3164 556 3225 610 te

604 643 831 699 certum
863 639 1086 701 reddat.
1148 638 1238 696 Ne
1263 637 1495 713 judices
1527 657 1653 696 rem
1683 657 1752 697 ex
1783 640 1986 715 gustu,
2021 638 2123 697 sed
2157 658 2226 697 ex
2259 639 2372 698 fide
2406 639 2820 699 indubitanter
2849 645 3047 700 certus
3077 645 3223 711 esto,

603 734 662 788 te
693 747 933 804 corpore
978 731 1041 785 et
1084 727 1376 804 sanguine
1406 726 1624 786 Christi
1657 727 1972 804 dignatum
2002 727 2207 787 fuisse.
2225 737 2253 768 ‘
2319 729 2563 805 Integra
2594 729 2917 788 catechesis
2950 733 3107 789 esset
3137 731 3223 789 le-

603 819 812 896 genda,
847 818 1006 876 sicut
1035 820 1098 874 et
1128 816 1522 874 Ambrosii
1552 816 1625 874 de
1658 816 1962 892 mysteriis
1994 833 2041 875 c.
2076 826 2112 880 8
2151 836 2197 877 s.
2232 813 2457 899 (opusc.
2476 822 2521 876 t.
2542 814 2711 901 V11);
2743 818 3039 877 Isidori
3071 820 3226 893 hisp.

605 906 727 989 (vel
757 907 1006 965 altanus
1036 900 1326 985 auctoris)
1359 904 1512 967 hom.
1549 916 1582 968 5
1633 905 1705 964 de
1744 906 2026 982 paschate
2058 909 2122 964 et
2152 907 2459 965 Paschasii
2488 907 2772 967 Radberti
2805 908 2843 966 1.
2875 907 2948 967 de
2981 927 3228 984 corpore

603 1003 663 1055 et
696 1015 862 1073 sang.
898 995 1135 1053 Domini
1165 1012 1212 1054 c.
1255 1004 1306 1064 l,
1351 996 1423 1053 ut
1465 999 1745 1071 appareat
1786 994 2070 1070 palmaris
2102 995 2416 1055 diversitas
2447 996 2609 1055 inter
2640 996 2816 1056 fidem
2847 997 3228 1074 antiquitatis

603 1093 665 1145 et
695 1088 1050 1144 novatorum
1080 1083 1378 1160 figmenta.
1446 1083 1527 1142 Cf.
1572 1082 1873 1158 praeclara
1917 1083 2380 1144 Guitmundi
2428 1085 2758 1161 disputatio
2791 1086 2830 1144 l.
2869 1098 2893 1148 1
2937 1106 2995 1144 n.
3031 1096 3112 1148 24
3146 1105 3225 1148 ss.

603 1194 802 1251 opusc.
835 1172 1147 1235 XXXVIII.
1212 1173 1289 1229 Et
1321 1175 1520 1230 tamen
1550 1178 1750 1247 patres
1783 1172 2098 1231 admodum
2133 1172 2374 1232 solliciti
2408 1176 2596 1243 erant,
2639 1194 2713 1233 ne
2746 1175 2851 1233 illa
2882 1174 3227 1250 Scripturae

603 1265 794 1334 effata,
840 1262 1063 1338 quibus
1093 1263 1215 1320 Deo
1255 1260 1682 1320 adscribuntur
1713 1262 1979 1319 membra
2009 1263 2374 1338 humanique
2407 1263 2673 1333 affectuS,
2719 1265 2955 1340 proprie
3000 1264 3223 1323 intelli-

602 1355 903 1431 gerentur,
940 1351 1077 1409 hinc
1106 1353 1351 1408 monent
1380 1368 1449 1408 ea
1479 1368 1609 1409 esse
1639 1350 1911 1427 figurata.
1959 1351 2103 1409 Cum
2135 1371 2274 1429 ergo
2306 1352 2416 1411 hoc
2450 1351 2605 1411 circa
2621 1353 3026 1412 institutionis
3045 1354 3228 1412 verba

604 1462 722 1502 non
756 1441 1075 1511 inculcent,
1108 1438 1337 1498 nullam
1370 1439 1434 1497 in
1467 1439 1589 1497 illis
1621 1439 1904 1498 viderunt
1934 1439 2203 1516 figuram.

781 1561 844 1629 3.
877 1556 1245 1623 Secundum
1264 1559 1812 1622 sacramentarios
1833 1559 2034 1625 verba
2055 1557 2291 1623 Christi
2310 1559 2589 1625 difficilia
2621 1568 2801 1637 sunt3
2835 1570 3227 1644 quapropter

603 1667 1077 1747 ZwingliuS,
1138 1665 1258 1728 etsi
1296 1664 1432 1746 J‘am
1465 1664 1709 1747 aliquot
1742 1664 1825 1729 ab
1860 1667 2046 1730 annis
2078 1665 2268 1731 fidem
2298 1668 2363 1730 in
2394 1668 2636 1733 realem
2667 1669 2960 1751 corporis
2993 1668 3226 1732 Christi

602 1772 1038 1856 praesentiam
1085 1776 1477 1847 excusserat,
1524 1771 1766 1834 nullam
1820 1772 1928 1836 diu
1962 1773 2281 1838 rationem
2313 1775 2565 1856 reperit,
2600 1792 2728 1857 qua
2759 1774 2962 1843 verba
2993 1773 3228 1839 Christi

604 1899 761 1945 suae
795 1878 1322 1944 accommodaret
1352 1878 1710 1959 negationi:
1743 1879 1893 1943 inde
1927 1880 2124 1945 etiam
2158 1879 2328 1961 apud
2362 1899 2475 1945 eos
2508 1889 2692 1945 tanta
2722 1882 3094 1963 opinionum
3127 1881 3227 1944 di-

603 1990 888 2053 versitas.
937 1986 1067 2051 Res
1086 2003 1242 2050 vero
1274 1985 1452 2048 hisce
1472 1984 1685 2049 verbis
1718 1985 2076 2065 significata
2100 1986 2289 2067 juxta
2320 1987 2835 2075 adversariorum
2856 1988 3227 2069 explicatio-

603 2112 752 2161 nem
785 2101 883 2158 est
914 2092 1130 2157 facilis.
1179 2090 1344 2171 Quid
1378 2094 1641 2173 patres?
1702 2089 1961 2156 Nullam
1993 2092 2057 2155 in
2089 2093 2303 2157 verbis
2336 2092 2570 2157 Christi
2602 2095 2929 2176 reperiunt
2958 2094 3226 2159 difficul-

606 2210 825 2278 tatem,
873 2199 1175 2283 quocirca
1219 2199 1448 2264 eadem
1494 2206 1813 2280 repetunt,
1864 2206 2107 2280 urgent,
2141 2199 2496 2277 inculcant3
2541 2219 2763 2266 verum
2796 2202 2860 2264 in
2892 2221 2979 2277 re,
3029 2220 3226 2284 quam

605 2309 979 2390 significant,
1001 2305 1356 2370 maximum
1388 2313 1665 2370 cernunt
1681 2307 2066 2387 mysterium
2099 2308 2368 2370 rationis
2399 2314 2661 2390 captum
2693 2309 3043 2375 excedens:
3077 2309 3227 2372 hinc

604 2419 863 2499 exigunt
892 2417 1103 2491 fidem,
1136 2416 1600 2478 scrutationem
1634 2414 1967 2489 damnant,
2014 2413 2098 2478 ad
2132 2414 2246 2479 Dei
2279 2416 2812 2497 omnipotentiam
2848 2423 3225 2496 provocant,

606 2525 926 2588 miraculis
959 2522 1111 2587 illud
1146 2522 1447 2587 credibile
1477 2522 1747 2587 reddere
1781 2524 2073 2587 nituntur
2109 2523 2222 2610 (th.
2260 2526 2434 2609 226).

785 2656 878 2714 Ita
919 2654 1379 2714 Ambrosius
1425 2653 1462 2717 l.
1497 2672 1542 2712 c.
1590 2656 1652 2713 et
1696 2653 1803 2729 qui
1836 2653 2011 2713 illum
2041 2672 2242 2731 presse
2275 2653 2553 2730 sequitur
2598 2657 2874 2713 auctor
2904 2672 2998 2731 op.
3030 2654 3102 2714 de
3135 2673 3226 2714 sa-

606 2745 923 2804 cramentis
972 2744 1071 2815 IV,
1129 2755 1197 2814 53
1246 2744 1333 2802 ita
1381 2743 1733 2819 Cyrillus
1784 2743 1999 2802 hieros.
2055 2744 2092 2806 l.
2138 2762 2218 2814 c.;
2266 2749 2327 2803 et
2377 2743 2865 2803 Gaudentius
2915 2743 3225 2803 brixianus

605 2830 668 2916 (†
688 2853 733 2898 c.
756 2854 806 2896 a.
831 2829 984 2916 410)
1016 2839 1091 2896 tr.
1117 2843 1149 2894 2
1175 2834 1237 2891 in
1269 2833 1482 2892 Exod.:
1519 2832 1698 2907 ,Ipse
1730 2837 2083 2891 naturarum
2114 2836 2344 2892 creator
2374 2837 2436 2891 et
2466 2833 2774 2902 Dominus,
2809 2833 2915 2908 qui
2952 2833 3226 2909 producit

607 2926 679 2982 de
710 2927 870 2981 terra
900 2941 1129 2997 panem,
1175 2923 1248 2980 de
1294 2940 1445 2997 pane
1476 2939 1705 2990 rursus,
1752 2922 1895 2997 quia
1939 2926 2000 2980 et
2044 2924 2241 2997 potest
2271 2926 2333 2981 et
2363 2921 2655 2998 promisit,
2703 2921 2885 2981 efficit
2918 2921 3223 2998 proprium

607 3029 837 3087 corpuS,
882 3016 945 3070 et
990 3012 1094 3087 qui
1137 3012 1208 3069 de
1239 3030 1393 3086 aqua
1425 3010 1628 3068 vinum
1662 3011 1821 3079 fecit,
1870 3010 2011 3069 facit
2041 3016 2102 3069 et
2134 3012 2205 3070 de
2237 3012 2378 3071 vino
2412 3011 2765 3088 sanguinem
2799 3030 2972 3069 suum
3005 3052 3020 3068 .
3052 3055 3065 3067 .
3098 3054 3112 3067 .
3161 3010 3225 3068 Si

606 3100 1179 3179 qua-mysteriorum
1213 3099 1630 3175 superaverint
1674 3100 1737 3157 in
1784 3119 1957 3158 mane
2002 3099 2168 3158 illius
2211 3101 2449 3159 futurae
2495 3099 2949 3158 resurrectionis
2979 3097 3221 3156 manife-

607 3189 835 3260 standa,
886 3208 1038 3264 quae
1086 3206 1292 3264 capere
1343 3188 1516 3246 modo
1561 3207 1681 3247 non
1727 3207 2048 3263 possumus
2094 3191 2283 3263 (modo
2329 3191 2475 3248 enim
2519 3192 2636 3248 scio
2680 3208 2751 3248 ex
2786 3196 2980 3264 parte,
3026 3187 3226 3263 inquit

605 3278 935 3354 Apostolus
976 3288 1026 3340 1.
1060 3278 1184 3337 Cor.
1225 3288 1322 3349 13,
1365 3274 1469 3358 12)
1505 3322 1518 3334 .
1555 3321 1567 3332 .
1601 3321 1614 3334 .
1648 3277 1791 3335 haec
1823 3278 1960 3355 igne
1994 3278 2308 3336 cremanda
2340 3281 2500 3348 sunt,
2551 3279 2590 3340 i.
2624 3296 2675 3339 e.
2706 3277 2911 3336 divino
2943 3276 3229 3336 tradenda

608 3366 877 3443 Spiritui,
929 3368 1001 3425 ut
1049 3387 1132 3438 ea,
1181 3385 1435 3443 quorum
1481 3366 1768 3425 rationem
1818 3366 1990 3424 modo
2036 3385 2157 3425 non
2204 3367 2482 3444 capimus,
2529 3366 2794 3425 ardentis
2839 3366 2977 3424 fidei
3009 3366 3231 3441 spiritu

605 3459 1048 3520 consumantur
1064 3464 1090 3494 ⁴¹
1126 3489 1212 3499 —
1247 3456 1301 3515 S.
1348 3455 1687 3514 Jacobus
1734 3456 2074 3532 sarugensis
2120 3473 2293 3515 serm.
2329 3466 2407 3519 66
2456 3455 2529 3514 de
2574 3473 2724 3532 pass.
2770 3454 3042 3513 Domini·
3094 3455 3230 3524 ,Ab

607 3546 712 3605 illo
744 3546 1028 3621 temporis
1060 3549 1299 3621 puncto,
1349 3563 1466 3621 quo
1500 3538 1731 3626 (Jesus)
1764 3544 1993 3619 accepit
2037 3564 2246 3619 panem
2294 3549 2355 3604 et
2399 3544 2554 3603 dixit
2597 3544 2748 3603 illud
2781 3562 2995 3618 corpus
3027 3562 3229 3615 suum,

604 3654 726 3694 non
756 3640 884 3694 erat
912 3636 1098 3710 panis,
1147 3634 1248 3693 sed
1296 3653 1511 3735 corpus
1544 3635 1694 3708 ejus,
1739 3639 1802 3692 et
1845 3633 1952 3692 hoc
1979 3633 2232 3693 edebant
2263 3634 2644 3694 admirantes.
2708 3632 2978 3691 Edebant
3007 3650 3226 3708 corpus

606 3727 754 3801 ejus,
802 3724 908 3800 qui
954 3743 1091 3782 cum
1136 3724 1283 3800 ipsis
1329 3723 1389 3782 in
1437 3740 1642 3781 mensa
1674 3722 2015 3794 accubabat,
2062 3725 2124 3782 et
2167 3723 2456 3783 bibebant
2488 3722 2840 3801 sanguinem
2872 3722 3020 3796 ejus,
3054 3723 3231 3798 cujus

606 3815 789 3873 simul
820 3813 1144 3872 audiebant
1175 3831 1373 3871 vocem
1407 3811 1756 3871 doctrinae.
1839 3811 2108 3888 ‚Corpus
2130 3832 2308 3872 suum
2331 3813 2618 3872 Dominus
2640 3813 2842 3870 noster
2873 3811 3002 3870 suis
3035 3810 3223 3869 mani-

605 3904 718 3961 bus
751 3902 1105 3961 distribuit
1090 3921 1155 3959 ιιι
1185 3919 1407 3961 mensa.
1471 3902 1547 3958 Et
1579 3900 1712 3976 quis
1741 3900 1983 3959 rebellis
2014 3901 2113 3973 sit,
2146 3906 2218 3961 ut
2249 3902 2409 3961 dicat
2437 3919 2617 3971 nunc,
2651 3918 2773 3958 non
2805 3918 2936 3959 esse
2970 3902 3224 3976 corpus?

607 3992 736 4068 Ipse
771 3988 1094 4073 (Christus)
1127 3990 1310 4048 dixit:
1359 3989 1482 4048 Hoc
1512 3992 1606 4047 est
1648 4007 1861 4064 corpus
1891 4009 2106 4063 meum,
2152 3995 2215 4051 et
2260 3991 2394 4067 quis
2440 4009 2650 4049 verum
2681 4008 2801 4048 non
2833 3989 3099 4049 fatetur?
3163 3987 3228 4046 Si

606 4082 742 4155 quis
787 4081 895 4140 hoc
940 4098 1058 4139 non
1103 4080 1303 4138 credat
1346 4098 1570 4148 verum,
1622 4097 1742 4137 non
1792 4082 1882 4138 est
1929 4080 2262 4157 discipulus
2309 4081 2695 4155 apostolatus.
2760 4078 3034 4154 Apostoli
3068 4077 3229 4135 enim

606 4170 985 4228 crediderunt
1013 4173 1076 4229 et
1107 4169 1404 4227 viventem
1435 4186 1502 4226 ac
1531 4185 1733 4227 secum
1764 4170 2207 4229 accumbentem
2241 4167 2341 4250 (ad
2374 4165 2663 4251 mensam)
2697 4166 3081 4227 comederunt
3113 4211 3127 4224 .
3163 4211 3176 4223 .
3217 4211 3230 4225 .

609 4258 795 4317 Electi
825 4258 1098 4333 apostoli,
1132 4262 1204 4317 ut
1234 4257 1381 4316 Filio
1412 4256 1587 4315 fidem
1619 4257 1988 4331 adhiberent,
2023 4258 2389 4336 satagebant,
2435 4275 2558 4316 non
2587 4263 2659 4316 nt
2689 4259 3101 4316 scrutarentur
3133 4255 3228 4314 vel

607 4347 984 4422 quaestiones
1016 4351 1325 4406 moverent
1346 4346 1501 4405 sicut
1519 4346 1790 4404 rebelleS.
1823 4348 2059 4419 Panem,
2093 4366 2273 4423 quem
2292 4347 2473 4424 fregit
2503 4350 2566 4405 et
2595 4346 2748 4406 dixit
2778 4363 2995 4421 corpus
3028 4362 3229 4415 suum,

609 4454 822 4510 corpus
869 4437 1285 4512 agnoscebant,
1337 4439 1397 4494 et
1446 4435 1529 4493 ita
1575 4434 1726 4493 illud
1774 4437 2148 4511 reputabant,
2198 4453 2264 4495 ac
2309 4436 2360 4494 si
2404 4437 2468 4494 in
2511 4436 2759 4495 veritate
2806 4434 3051 4511 sanguis
3100 4434 3228 4508 ejus

609 4525 921 4584 stillaret.‘

787 4632 934 4696 352.
984 4627 1047 4695 4.
1099 4623 1464 4690 Secundum
1510 4633 1727 4708 patres
1775 4627 2132 4691 cavendum
2178 4626 2401 4692 sedulo
2436 4631 2551 4701 est,
2583 4645 2665 4690 ne
2696 4626 3072 4707 mysterium
3106 4624 3233 4687 hoc
3292 4713 3295 4718 .

609 4733 1024 4814 dijudicemus
1050 4734 1236 4814 juxta
1267 4752 1572 4798 sensuum
1603 4735 2001 4812 relationem,
2023 4735 2306 4818 alioquin
2339 4733 2628 4810 fallimur,
2660 4750 2807 4798 cum
2839 4734 3028 4814 longe
3059 4731 3231 4796 aliud
