3538 5364
1475 294 1555 348 De
1583 293 1855 350 diaconis.
2841 295 2967 361 527

537 485 685 550 553.
717 479 1163 565 Propositio.
1228 477 1290 544 I.
1340 475 1516 539 Inter
1561 476 1883 541 Ecclesiae
1930 475 2251 537 ministros
2298 472 2541 537 Christo
2587 478 2839 536 auctore
2878 491 2973 533 re-

355 588 521 670 ferri
553 586 767 649 debent
799 586 1064 653 diaconi.
1097 583 1527 647 Diaconorum
1564 581 2051 657 institutionem,
2088 579 2381 663 quamvis
2414 579 2690 644 Actuum
2726 584 2784 656 6,
2819 583 2854 647 1
2891 596 2973 641 se.

360 693 703 757 occasione
735 692 1075 756 murmuris
1108 708 1486 771 graecorum
1532 688 1702 753 sacta
1747 697 2044 754 narretur
2058 690 2123 774 ¹),
2171 687 2332 769 juris
2365 705 2510 751 esse
2542 686 2753 760 divini,
2786 684 2976 749 docet

357 799 705 874 concilium
737 798 915 862 trid.
949 816 1103 862 sess.
1137 803 1221 867 23
1255 814 1395 860 can.
1430 803 1503 865 6:
1544 794 1647 870 ,Si
1682 797 1823 879 quis
1844 795 2091 869 dixerit,
2114 793 2483 858 inEcclesia
2503 792 2822 857 catholica
2839 809 2972 854 non

362 926 506 972 esse
537 906 965 971 hierarchiam
984 903 1200 968 divina
1222 902 1626 968 ordinatione
1647 903 2024 979 institutam,
2060 919 2226 983 quae
2259 907 2518 966 constat
2538 919 2618 965 ex
2640 898 2974 980 episcopie,

362 1013 595 1095 presby
606 1013 753 1077 teris
785 1019 850 1078 et
879 1011 1202 1087 ministris,
1224 1011 1294 1074 A.
1317 1008 1416 1074 S.‹
1457 1009 1895 1073 Ministrorum
1915 1015 2134 1072 autem
2151 1007 2584 1090 appellatione
2602 1007 2808 1088 primo
2829 1005 2974 1068 loco

362 1120 797 1200 intelliguntur
828 1119 1180 1194 diaconi,
1212 1124 1283 1181 ut
1313 1121 1491 1198 patet
1527 1117 1625 1182 vel
1656 1134 1734 1180 ex
1767 1115 2044 1180 nomine.
2108 1113 2429 1178 Probatur

543 1247 605 1313 1.
638 1262 717 1308 ex
750 1242 887 1307 Act.
921 1249 980 1317 6,
1019 1246 1050 1309 1
1087 1261 1169 1305 ss,
1220 1241 1468 1305 collatis
1516 1247 1571 1317 8,
1621 1246 1662 1308 ἴ)
1694 1260 1760 1315 s,
1814 1245 1866 1308 1.
1900 1239 2055 1303 Tim.
2089 1244 2149 1314 3,
2193 1239 2237 1306 8
2268 1257 2352 1301 ss.
2400 1244 2465 1301 et
2510 1236 2593 1301 ad
2638 1236 2794 1301 Phil.
2834 1241 2886 1311 1,
2926 1243 2976 1304 1.

365 1351 575 1414 Tanta
606 1351 776 1423 enim
808 1349 1134 1430 diligentia
1163 1349 1228 1411 in
1260 1348 1338 1411 iis
1371 1346 1695 1428 eligendiS,
1743 1353 1929 1410 tanta
1978 1345 2337 1410 sollicitudo
2370 1345 2435 1408 in
2467 1343 2979 1426 praescribendis

365 1456 624 1520 dotibus
656 1454 992 1537 requisitis,
1026 1460 1208 1517 tanta
1239 1453 1638 1534 praestantia
1671 1453 1912 1527 dotum,
1946 1470 2113 1534 quae
2150 1453 2506 1532 exiguntur,
2543 1458 2757 1515 tantus
2777 1467 2978 1533 appa·

365 1571 546 1627 ratus
579 1562 644 1625 in
675 1562 752 1624 iis
783 1560 1269 1635 constituendiS,
1302 1567 1486 1624 tanta
1517 1558 1885 1649 conjunctio
1919 1576 2065 1622 cum
2098 1559 2432 1652 episcopi-s,
2466 1558 2701 1642 quibus
2734 1557 2979 1622 subnu-

366 1675 719 1743 merantur,
753 1674 936 1731 tanta
966 1667 1243 1750 denique
1274 1666 1637 1730 benedictio
1657 1666 1889 1743 divina,
1911 1683 2077 1748 quae
2098 1683 2320 1730 eorum
2342 1670 2693 1730 consecuta
2711 1670 2810 1728 est
2822 1681 2980 1727 con-

368 1775 787 1850 stitutionem,
819 1775 977 1838 satis
1008 1772 1373 1850 ostendunt,
1420 1772 1752 1854 apostolos
1798 1773 1863 1835 in
1909 1771 1985 1835 iis
2032 1772 2432 1837 instituendis
2477 1790 2609 1836 non
2654 1771 2982 1853 proprium

368 1888 628 1946 secutos
661 1899 806 1946 esse
839 1881 1194 1954 consilium,
1224 1879 1339 1944 sed
1370 1885 1530 1943 nutu
1561 1880 1769 1942 sancti
1804 1877 2075 1960 Spiritus
2108 1880 2404 1960 implesse
2425 1879 2655 1943 Christi
2687 1877 2982 1942 volunta-

369 1997 518 2065 tem,
552 2007 671 2053 nec
703 1988 778 2051 iis
812 1986 1110 2051 tribuisse
1155 1986 1364 2050 solum
1411 1985 1830 2050 ministerium
1889 2004 2276 2060 mensarum,
2321 1985 2435 2049 sed
2469 1993 2535 2050 et
2563 1984 2985 2049 ministerium

367 2114 520 2159 vere
552 2094 1075 2160 ecclesiasticum.

547 2221 614 2289 2.
650 2225 805 2283 Haec
835 2224 1028 2282 illatio
1062 2221 1442 2282 confirmatur
1473 2223 1826 2281 auctoritate
1860 2226 2115 2298 patrum,
2163 2222 2286 2281 sive
2334 2240 2468 2281 cum
2513 2222 2839 2300 generatim
2873 2221 2983 2278 mi-

370 2316 687 2373 nisterium
718 2312 1188 2373 ecclesiasticum
1218 2311 1508 2371 divinitus
1541 2312 1892 2370 institutum
1938 2311 2235 2371 affirmant
2279 2312 2601 2370 coalescere
2645 2329 2714 2369 ex
2759 2309 2984 2386 episco-

367 2405 482 2480 pis,
526 2403 892 2479 presbyteris
937 2404 997 2461 et
1040 2400 1318 2470 diaconis,
1367 2401 1489 2459 sive
1534 2419 1669 2460 cum
1701 2401 2052 2459 nominatim
2098 2400 2171 2458 de
2217 2400 2477 2460 diaconis
2508 2400 2828 2459 disserunt.
2892 2399 2985 2456 Ita

371 2493 719 2551 Clemens
751 2508 1028 2550 romanus
1061 2488 1144 2572 (n.
1181 2485 1349 2573 545),
1395 2509 1439 2550 s.
1485 2491 1848 2566 Ignatius
1892 2509 1981 2566 ep.
2022 2487 2098 2547 ad
2130 2489 2304 2550 Trall.
2336 2508 2393 2552 n.
2431 2501 2497 2551 2:
2548 2489 2838 2565 ,Oportet
2881 2507 2981 2546 au-

370 2586 492 2639 tem
523 2587 584 2641 et
614 2580 906 2650 diaconoS,
939 2580 1046 2655 qui
1079 2584 1224 2638 sunt
1254 2579 1515 2638 ministri
1545 2579 1967 2655 mysteriorum
1999 2578 2148 2638 Jesu
2181 2578 2416 2649 Christi,
2464 2579 2625 2637 omni
2655 2577 2830 2635 modo
2862 2595 2985 2636 om-

373 2671 548 2730 nibus
578 2669 825 2746 placere.
891 2669 1026 2728 Non
1057 2668 1215 2729 enim
1248 2669 1517 2727 ciborum
1549 2671 1610 2727 et
1642 2671 1893 2745 potuum
1926 2666 2186 2728 ministri
2219 2669 2376 2739 sunt,
2424 2666 2525 2727 sed
2556 2667 2851 2727 Ecclesiae
2881 2666 2989 2725 Dei

371 2760 663 2819 ministri.
689 2804 735 2818 ..
767 2759 974 2818 Cuncti
1006 2762 1388 2817 revereantur
1420 2757 1693 2817 diaconos
1725 2762 1798 2816 ut
1826 2758 2175 2816 mandatum
2192 2756 2340 2816 Jesu
2360 2758 2639 2818 Christi.‘
2663 2790 2749 2801 —
2772 2759 2816 2814 P
2834 2757 2985 2832 oly-

375 2868 655 2926 carpus
699 2868 756 2906 n.
807 2860 862 2909 5.
907 2852 1081 2907 vocat
1124 2848 1397 2907 diaconos
1441 2848 1751 2906 ministros
1786 2846 1893 2905 Dei
1933 2851 1994 2905 et
2024 2847 2255 2917 Christi,
2302 2864 2422 2906 non
2466 2847 2795 2906 hominum.
2858 2845 2990 2904 Huc

597 3078 631 3145 ¹)
661 3072 1051 3144 Supponimus
1078 3089 1142 3125 ex
1169 3070 1454 3126 communi
1482 3074 1715 3141 patrum
1743 3073 1802 3124 et
1825 3070 2204 3141 interpretum
2232 3088 2508 3127 consensu
2543 3074 2670 3128 Act.
2691 3078 2739 3135 6,
2764 3079 2788 3126 l
2815 3089 2883 3124 ss.
2912 3086 2990 3122 re·

376 3170 509 3207 vera
547 3152 746 3206 referri
785 3152 909 3205 dia
925 3169 954 3204 c
971 3168 1002 3205 o
1021 3152 1107 3225 u{o
1126 3168 1206 3204 ru
1224 3169 1279 3204 m
1320 3148 1763 3214 institutionem,
1804 3149 1913 3204 etsi
1953 3150 2161 3205 diserte
2203 3151 2263 3204 id
2290 3169 2406 3208 non
2432 3152 2766 3206 affirmetur.
2818 3151 2990 3205 Porro

376 3234 412 3286 d
432 3233 500 3287 ia
516 3250 544 3286 c
562 3250 594 3286 o
611 3231 686 3285 ni
713 3249 919 3285 nomen
946 3231 1229 3302 accipitur
1256 3248 1423 3284 sensu
1450 3249 1474 3282 s
1492 3250 1528 3300 p
1545 3247 1573 3284 e
1591 3246 1620 3283 c
1636 3230 1657 3283 i
1675 3229 1731 3283 fi
1747 3247 1777 3284 c
1794 3247 1845 3294 o,
1885 3232 2060 3299 atque
2088 3230 2170 3284 ita
2197 3232 2464 3303 designat
2487 3249 2635 3297 eum,
2664 3232 2765 3301 qui
2793 3231 2991 3287 ordine

376 3312 756 3384 distinguitur
780 3329 814 3365 a
840 3313 1170 3382 presbytero
1195 3314 1256 3364 et
1279 3311 1577 3381 episcopo:
1623 3314 1683 3365 et
1706 3310 1817 3364 hoc
1842 3326 2010 3363 sensu
2036 3310 2353 3382 accipimus
2379 3314 2476 3369 hic
2502 3330 2705 3369 nomen
2732 3312 2992 3368 diaconi:

377 3398 437 3449 et
461 3411 625 3448 sensu
654 3410 736 3464 ge
752 3412 790 3446 n
806 3409 835 3445 e
851 3410 879 3445 r
895 3392 915 3445 i
931 3410 961 3445 c
978 3410 1028 3456 o,
1070 3408 1186 3459 quo
1215 3407 1382 3444 sensu
1409 3408 1599 3445 omnes
1626 3390 1911 3445 Ecclesiae
1938 3390 2190 3445 ministri
2215 3392 2332 3447 dici
2359 3397 2602 3464 possunt
2625 3393 2852 3448 diaconi
2883 3392 2919 3446 i.
2947 3411 2993 3447 e.

377 3472 623 3529 ministri
641 3473 869 3539 Christi,
896 3476 954 3527 et
980 3473 1238 3527 Christus
1254 3471 1376 3542 ipse
1392 3471 1607 3526 dicitur
1623 3471 1784 3525 Rom.
1806 3480 1887 3536 15,
1902 3478 1936 3525 8
1961 3472 2186 3538 διάκονος
2204 3486 2490 3551 περιτομῆς.
2522 3475 2603 3530 cf.
2622 3475 2841 3529 dissert.
2860 3474 2912 3527 N
2916 3477 2992 3530 at.

376 3555 828 3619 Alexander,
871 3570 1015 3623 quae
1058 3555 1303 3609 habetur
1341 3553 1403 3607 iu
1448 3555 1590 3608 thes.
1618 3554 1793 3607 theol.
1836 3553 2190 3609 Zacoaria
2229 3556 2348 3619 XII,
2377 3561 2476 3612 621
2509 3573 2608 3616 ss.;
2650 3555 2897 3625 Lupus
2931 3555 2989 3609 in

376 3637 594 3692 scholio
621 3636 694 3690 ad
721 3635 1065 3689 Tertulliani
1091 3635 1128 3690 l.
1156 3636 1226 3688 de
1253 3634 1586 3704 praescript.
1613 3651 1659 3689 c.
1688 3640 1721 3690 3
1748 3651 1839 3704 op.
1870 3634 1961 3698 IX,
1995 3642 2220 3700 18·-28,
2247 3636 2289 3689 P
2306 3637 2344 3690 h
2363 3635 2548 3705 illip
2567 3654 2609 3701 s,
2636 3637 2740 3705 qui
2766 3635 2993 3707 egregie

377 3716 610 3771 disserit
632 3717 702 3770 de
729 3715 983 3770 diaconis
1012 3715 1048 3768 1.
1076 3731 1120 3768 c.
1149 3718 1190 3768 t.
1222 3725 1245 3770 l
1275 3723 1302 3780 ᾖ
1328 3717 1399 3771 37
1416 3735 1428 3774 ι
1455 3716 1490 3768 S
1508 3714 1663 3768 eidl
1689 3715 1792 3768 der
1807 3714 2097 3770 Diakonat
2122 3715 2182 3769 in
2208 3716 2307 3769 der
2334 3716 2492 3771 kath.
2510 3716 2735 3782 Kirche,
2754 3717 2995 3786 Regens·

380 3800 529 3868 burg
561 3801 724 3853 1884:
753 3795 865 3849 KL.
895 3797 1016 3859 111⁹,
1049 3800 1200 3852 1660.
1227 3827 1294 3835 -
1327 3794 1403 3847 Ut
1426 3793 1651 3863 aliquid
1677 3795 1957 3849 addamus
2003 3795 2073 3849 de
2112 3795 2327 3850 diaco
2345 3796 2537 3851 nissi
2557 3815 2598 3861 s,
2639 3813 2786 3866 quae
2824 3796 2993 3850 etiam

377 3877 801 3931 matriculariae
822 3875 1176 3940 dicebantur,
1198 3875 1358 3937 scias,
1385 3892 1451 3929 eo
1468 3876 1697 3929 nomine
1714 3893 1831 3929 non
1847 3876 2137 3945 designari
2153 3893 2352 3932 uxores
2369 3877 2755 3941 diaconorum,
2777 3877 2873 3931 sed
2895 3894 2996 3947 pn-

379 3958 537 4011 dicas
563 3957 944 4024 honestasque
973 3956 1237 4009 mulieres
1263 3956 1336 4008 ad
1362 3954 1742 4010 ministerium
1772 3954 2057 4010 Ecclesiae
2084 3956 2406 4026 deputatas,
2434 3974 2581 4026 quae
2613 3958 2677 4010 in
2703 3956 2904 4026 primis
2932 3973 2995 4010 ex

383 4036 706 4107 virginibus
732 4038 792 4089 et
815 4036 988 4089 etiam
1016 4052 1083 4089 cx
1110 4034 1302 4089 viduis
1329 4034 1710 4105 eligebantur.
1753 4034 1962 4088 Earum
1991 4034 2282 4091 institutio
2310 4040 2395 4091 est
2418 4036 2838 4106 antiquissima,
2866 4052 2997 4089 cum

383 4133 576 4169 earum
603 4115 818 4171 mentio
843 4116 946 4169 fiat
970 4116 1115 4169 forte
1133 4116 1256 4185 ,iam
1283 4115 1444 4169 Rom.
1468 4121 1546 4178 16,
1572 4123 1596 4170 l
1621 4116 1680 4168 et
1705 4123 1748 4171 1.
1771 4114 1913 4168 Tim.
1938 4124 1985 4179 ὃ,
2007 4122 2070 4176 9ς
2098 4132 2200 4168 nec
2220 4117 2479 4185 sejuncta
2498 4116 2614 4170 fuit
2632 4132 2837 4171 asacro
2860 4134 2997 4184 quo-

383 4195 514 4249 dam
540 4194 889 4250 initiationis
915 4195 1050 4259 ritu,
1078 4196 1147 4249 de
1175 4213 1290 4263 quo
1317 4196 1388 4251 cf.
1415 4194 1643 4250 constit.
1659 4194 1901 4264 apostol.
1919 4194 2068 4260 VIII,
2090 4202 2154 4251 19
2169 4212 2211 4247 s.
2240 4196 2501 4265 Ipsarum
2523 4196 2639 4250 fuit
2651 4196 2996 4252 intervenire

385 4274 447 4327 in
472 4273 776 4329 mulierum
804 4274 1107 4344 baptismo,
1134 4279 1202 4328 ut
1226 4274 1516 4329 honestati
1536 4275 1943 4338 consuleretur,
1968 4274 2247 4330 instruere
2274 4277 2593 4330 rusticanas
2620 4279 2677 4331 et
2700 4276 2997 4347 imperitas

386 4355 650 4410 mulieres
675 4355 736 4408 in
763 4355 890 4420 fide,
917 4355 1314 4426 episcoporum
1339 4355 1609 4410 mandata
1629 4355 1847 4409 deferre
1867 4356 1940 4408 ad
1960 4355 2243 4419 mulieres,
2270 4374 2463 4411 curam
2484 4374 2653 4428 agere
2674 4358 2997 4422 viduarum,

386 4435 670 4490 custodire
694 4438 936 4507 portam,
963 4452 1067 4506 per
1092 4452 1265 4504 quam
1285 4434 1761 4505 ingrediebantur
1780 4434 2043 4490 mulieres
2064 4435 2125 4489 in
2145 4434 2455 4489 Ecclesiam
2476 4439 2582 4492 etc.
2608 4436 2818 4491 Earum
2838 4438 2997 4491 insti-

387 4518 577 4569 tutum
605 4515 839 4569 duravit
862 4531 965 4585 per
984 4515 1153 4586 plura
1173 4531 1297 4579 sec.,
1324 4514 1422 4569 sed
1449 4531 1553 4569 sec.
1583 4514 1730 4573 Vm,
1755 4515 1996 4569 cessavit
2014 4516 2076 4567 in
2096 4516 2330 4570 ecclesia
2352 4515 2709 4583 occidentali,
2734 4521 2798 4574 in
2819 4519 3000 4573 orien-

2234 4578 2457 4593 ..,—....---—-
2468 4576 2680 4591 *na-nun*-

387 4594 494 4649 tali
519 4594 740 4650 diutius
767 4596 1018 4650 duravit.
1069 4596 1151 4651 cf.
1179 4595 1312 4649 Pin
1330 4580 2267 4653 ΓιἬιἙἯέΤιΞέΓωῖεἶῖἮ-ἷᾶὓ.
2293 4598 2381 4651 SS.
2410 4599 2619 4651 mensis
2634 4600 2819 4670 Sept.:
2846 4601 2888 4653 P
2905 4618 2934 4655 e
2952 4621 2997 4655 r-

388 4693 442 4728 m
460 4690 494 4727 a
510 4692 548 4728 n
565 4691 595 4728 e
611 4674 647 4728 d
664 4692 693 4729 e
708 4692 738 4729 r
761 4674 875 4731 KL.
904 4676 998 4740 111,
1033 4680 1165 4733 1675
1184 4697 1197 4735 z
1237 4675 1286 4728 R
1300 4694 1334 4728 a
1349 4677 1376 4728 t
1390 4694 1417 4728 z
1435 4675 1455 4728 i
1471 4694 1509 4729 n
1525 4695 1563 4745 g
1579 4692 1608 4730 e
1625 4694 1653 4729 r
1676 4676 2081 4747 Forschungen
2123 4696 2224 4731 zur
2252 4677 2617 4746 bayerischcn
2646 4680 2997 4747 Geschichte,

386 4755 670 4825 Kempten
702 4762 836 4812 1898
863 4773 992 4827 pag.
1022 4762 1125 4813 588
1151 4775 1220 4810 ss.
