3538 5364
1328 276 1518 330 reddit
1543 293 1645 330 nos
1671 275 1789 330 Deo
1815 276 2044 331 amicos.
2869 285 2986 350 151

367 469 457 523 ter
486 480 697 523 omnes
729 463 959 522 eminet
997 463 1217 539 gratias
1263 478 1326 528 a.
1374 461 1836 522 stabilitate
1881 481 2019 533 sua;
2068 460 2140 527 b.
2187 463 2617 539 dignitate,
2671 482 2803 523 cum
2854 465 2992 524 reli·

366 572 621 627 quarum
657 553 928 611 omnium
961 554 1042 610 sit
1072 556 1362 622 centrum,
1395 552 1547 622 finis,
1579 556 1762 622 meta3
1819 566 1882 615 c.
1919 553 2380 633 praestanti
2386 572 2448 624 a,
2491 554 2718 613 ratione
2751 572 2991 639 suorum

363 643 720 719 effectuum3
744 637 828 705 d.
862 641 1370 711 necessitate,
1407 641 1549 716 quia
1568 641 1693 699 sine
1715 642 1846 717 ipsa
1864 641 2131 716 reliquae
2151 660 2271 700 non
2292 626 2543 716 prosunt
2574 642 2647 700 ad
2681 643 2863 701 vitam
2897 662 2991 707 ae·

362 736 615 791 ternam.
683 730 841 788 Hinc
873 749 1004 788 cum
1037 730 1262 806 gratiae
1296 730 1392 799 sit,
1428 748 1534 789 nos
1570 731 1688 789 Deo
1720 730 1963 789 reddere
1995 734 2211 805 gratos,
2253 730 2313 788 in
2348 730 2558 807 primis
2593 731 2732 799 huic
2763 708 2993 807 gratiae

362 821 609 879 effectus
644 819 764 877 iste
796 819 911 878 erit
942 819 1337 878 tribuendus.
1370 818 1562 887 Quare
1594 836 1640 881 s,
1671 819 2040 879 Thomas
2024 838 2086 877 in
2123 828 2178 882 3.
2212 818 2353 883 dist.
2378 830 2456 882 26
2493 840 2548 895 q.
2591 831 2612 882 l
2654 840 2703 877 a.
2742 829 2775 881 2
2811 820 2883 878 ad
2923 831 2991 884 1·

363 901 580 979 ,Sicut
609 900 822 967 albedo
855 908 996 967 facit
1026 908 1228 967 album
1263 908 1568 984 parietem,
1616 908 1702 968 sic
1746 909 1940 987 gratia
1983 909 2046 967 in
2094 908 2351 967 animam
2393 904 2523 985 agit
2554 909 2993 968 mundificando

360 1000 553 1075 ipsam
590 997 1089 1074 οῒ.’ςι-ειῒ.ἰίίοαιιὰο.
1104 1006 1131 1035 ‘
1183 997 1408 1067 Deinde
1430 993 1508 1068 3,.
1540 998 1696 1058 sicut
1724 1001 2226 1075 peccatoressunt
2244 998 2484 1070 inimici,
2518 998 2604 1057 ita
2626 999 2780 1074 justi
2803 998 2992 1061 amici.

359 1089 517 1164 Ergo
549 1088 711 1146 sicut
740 1106 824 1155 e0‚
841 1103 975 1162 quo
1008 1088 1463 1146 constituuntur
1492 1090 1844 1169 peccatoreS‚
1886 1090 2030 1147 sunt
2060 1086 2315 1149 inimici:
2360 1088 2447 1145 ita
2490 1105 2574 1158 e0‚
2622 1106 2741 1163 quo
2764 1087 2991 1162 justifi-

359 1180 594 1279 cantur,
626 1176 964 1265 redduntur
978 1176 1181 1235 amici.

548 1313 574 1363 1
594 1310 711 1364 77.
734 1260 1118 1371 Scholion.
1181 1300 1499 1359 Occasione
1546 1301 1727 1377 hujus
1760 1301 2006 1361 effectus
2037 1301 2303 1361 formalis
2335 1300 2598 1377 theologi
2631 1300 2778 1361 alias
2813 1319 2990 1375 quae-

360 1389 592 1447 stiones
640 1389 986 1447 subtiliores
1032 1388 1379 1459 instituunt,
1446 1408 1516 1447 ex
1568 1410 1656 1466 gr
1707 1391 1970 1466 possitne
2015 1391 2176 1449 Deus
2223 1390 2488 1464 aliquem
2533 1389 2689 1448 homi
2697 1408 2834 1448 nem
2878 1389 2993 1448 sibi

357 1477 553 1537 facere
587 1483 829 1555 gratum
861 1482 922 1536 et
965 1477 1248 1536 dilectum
1282 1478 1410 1537 sine
1442 1477 1740 1538 infusione
1774 1480 2025 1555 alicujus
2056 1479 2283 1557 gratiae
2315 1478 2668 1547 habitualis3
2719 1479 2811 1537 vel
2854 1497 2991 1554 pos-

358 1567 517 1625 sitne
552 1567 730 1625 homo
761 1566 953 1644 gratia
983 1556 1388 1626 sanctificante
1430 1567 1737 1670 praeditus
1769 1569 1893 1627 Deo
1938 1588 2065 1628 esse
2109 1588 2230 1628 non
2275 1574 2501 1645 gratus,
2549 1568 2622 1625 de
2666 1567 2887 1643 quibus
2931 1571 2994 1626 et

359 1656 669 1714 similibus
701 1655 775 1712 cf.
807 1659 1085 1716 Suarez
1118 1655 1246 1725 VII,
1298 1666 1354 1719 3.
1388 1667 1446 1725 4,
1495 1657 1600 1732 qui
1633 1658 1792 1716 inter
1822 1657 1940 1716 alia
1970 1659 2216 1717 statuit·
2268 1652 2329 1720 1.
2379 1656 2799 1732 ,Impossibile
2843 1674 2989 1727 esse,

358 1744 612 1804 formam
648 1745 875 1821 gratiae
906 1745 1211 1804 inhaerere
1242 1745 1472 1804 animae
1518 1749 1579 1804 et
1623 1765 1742 1805 non
1787 1746 2148 1805 constituere
2180 1747 2345 1805 illam
2377 1745 2728 1822 participem
2757 1746 2993 1805 divinae

360 1837 615 1892 naturae
647 1836 726 1903 et,
761 1838 1051 1909 quantum
1085 1837 1177 1892 est
1204 1852 1274 1893 ex
1305 1853 1384 1905 se,
1417 1834 1660 1911 dignam
1690 1835 2064 1895 beatitudine
2095 1841 2157 1895 et
2186 1836 2501 1895 dilectione
2531 1834 2750 1905 divina,
2783 1835 2900 1894 imo
2931 1838 2994 1893 et

358 1922 630 1981 amie³tia
661 1926 815 1984 etc.‘
870 1919 948 1987 2.
997 1922 1298 1990 ,Gr-stiam
1331 1942 1505 1999 posse
1536 1924 1840 1984 inhaerere
1872 1926 2099 1984 animae
2145 1930 2207 1983 et
2249 1944 2369 1985 non
2413 1923 2660 1983 reddere
2693 1925 2989 1985 hominem

360 2016 677 2088 acceptum
706 2012 782 2070 ad
811 2011 1242 2071 beatitudinem
1286 2016 1348 2071 et
1391 2012 1466 2071 ad
1495 2014 1814 2090 perfectam
1847 2014 2166 2073 amicitiam
2198 2063 2212 2077 .
2247 2062 2261 2077 .
2294 2059 2308 2077 .
2353 2013 2522 2072 Ratio
2553 2013 2850 2088 generalis
2881 2019 2990 2086 est¹

362 2101 507 2175 quia
538 2101 814 2176 operatio
845 2104 938 2159 est
967 2119 1062 2159 res
1094 2101 1376 2161 distincta
1421 2102 1493 2160 ab
1532 2104 1669 2178 ipsa
1712 2108 1927 2162 natura
1967 2123 2074 2163 seu
2105 2103 2298 2180 gratia
2341 2108 2402 2161 et
2444 2104 2739 2178 posterior
2781 2103 2887 2161 illa
2931 2108 2993 2163 et

361 2190 631 2263 pendens
663 2190 738 2248 ab
770 2189 1003 2248 influxu
1034 2189 1221 2248 libero
1255 2191 1359 2249 Dei
1401 2209 1558 2250 novo
1603 2195 1668 2250 et
1712 2192 2012 2263 distincte,
2061 2211 2238 2269 quem
2285 2193 2444 2250 Deus
2487 2198 2688 2267 potest
2731 2211 2838 2267 pro
2884 2211 2992 2253 sua

361 2279 647 2337 libertate
679 2282 743 2337 et
772 2296 1048 2354 supremo
1068 2278 1330 2338 dominio
1353 2281 1733 2354 suspendere.
1748 2290 1776 2321 ⁸
1827 2282 1912 2340 De
1942 2282 2049 2341 hac
2068 2285 2269 2341 tamen
2289 2280 2694 2356 propositione
2712 2281 2988 2343 dubitare

364 2368 520 2436 licet,
571 2368 624 2425 si
671 2368 1065 2445 gratia'plene
1096 2371 1158 2426 et
1187 2371 1259 2425 ut
1289 2367 1456 2427 decet
1486 2370 1913 2429 consideretur.
1979 2368 2041 2436 3.
2089 2372 2275 2441 ,Esse
2320 2376 2559 2446 gratum
2592 2373 2653 2428 et
2683 2374 2991 2447 acceptum

362 2457 483 2515 Deo
524 2457 622 2514 vel
670 2457 744 2514 ab
790 2475 858 2515 eo
903 2456 1208 2526 dilectum,
1258 2462 1328 2515 ut
1372 2458 1638 2531 praecise
1668 2459 1972 2535 significat
2003 2461 2303 2535 objectum
2336 2460 2854 2534 proportionatum
2885 2462 2992 2521 tali

362 2546 549 2603 amori
583 2545 679 2603 vel
709 2545 1117 2621 acceptationi‚
1151 2564 1272 2604 non
1302 2564 1475 2621 posse
1508 2547 1731 2606 homini
1763 2548 2075 2609 convenire
2107 2550 2236 2607 sine
2254 2549 2581 2607 intrinseca
2598 2550 2805 2624 gratia,
2839 2566 2991 2622 quae

359 2635 629 2694 conferat
662 2634 887 2694 homini
907 2635 1421 2711 participationem
1442 2635 1676 2695 divinae
1697 2640 1961 2702 naturae.
1997 2638 2228 2697 ratione
2261 2638 2432 2713 cujus
2465 2637 2724 2697 deificari
2757 2637 2992 2699 dicatur

360 2729 422 2781 et
452 2724 624 2783 reddi
659 2729 835 2800 aptus
866 2728 927 2783 et
957 2725 1439 2800 proportionatus
1473 2726 1580 2784 tali
1613 2726 1916 2785 dilectioni
1941 2728 2103 2786 Det«
2154 2728 2436 2787 Concedit
2465 2730 2665 2787 tamen
2696 2723 2765 2791 4.
2798 2727 2988 2788 homi-

357 2833 497 2871 nem
528 2832 705 2888 posse
736 2832 866 2872 esse
898 2819 963 2872 et
1003 2813 1118 2872 dici
1152 2814 1271 2872 Deo
1302 2818 1542 2891 gratum
1574 2815 1995 2891 imperfectiori
2030 2817 2287 2891 quodam
2319 2815 2511 2894 gradu
2541 2817 2764 2890 absque
2796 2819 2991 2892 gratia

359 2901 729 2973 inhaerente,
777 2903 881 2961 sed
926 2903 1125 2962 addit:
1174 2902 1626 2973 ,Nihilominus
1658 2909 1860 2962 tamen
1891 2904 2162 2974 dicimus,
2215 2905 2384 2965 illum
2419 2906 2660 2966 modum
2691 2908 2988 2984 gratifica·

358 2991 548 3049 tionis
581 2991 817 3050 seclusa
845 2991 1188 3051 inhaerente
1218 3010 1285 3050 ac
1315 2996 1700 3067 permanente
1732 2993 1926 3067 gratia
1956 2995 2366 3072 imperfectum
2400 3013 2526 3055 esse
2572 3000 2634 3054 et
2663 2997 2737 3055 ad
2768 3015 2986 3056 conna-

358 3080 619 3138 turalem
655 3099 854 3140 rerum
906 3081 1176 3140 ordinem
1220 3085 1283 3140 et
1324 3082 1767 3157 proportionem
1816 3083 2335 3149 insufficientem.‘
2405 3084 2556 3144 Nam
2603 3089 2676 3143 ut
2722 3090 2894 3145 notat
2943 3105 2987 3147 s,

359 3168 594 3227 Thom
617 3187 697 3227 as
733 3179 768 3230 2
804 3169 941 3232 dist.
977 3179 1056 3233 26
1091 3190 1146 3245 q.
1186 3180 1212 3232 1
1255 3191 1304 3228 a.
1345 3181 1369 3233 1
1411 3170 1483 3229 ad
1520 3179 1576 3240 2,
1611 3171 1684 3230 de
1715 3172 1945 3231 ratione
1976 3173 2272 3232 amicitiae
2303 3192 2448 3242 esse,
2480 3176 2555 3232 ut
2584 3176 2810 3235 amicus
2842 3176 2986 3234 ami-

357 3276 497 3316 cum
529 3258 732 3316 trahat
762 3258 829 3316 in
859 3259 1201 3318 societatem
1223 3277 1364 3318 suae
1387 3259 1711 3331 fruitionis,
1745 3263 1818 3318 ut
1849 3262 1912 3319 in
1942 3262 2051 3320 hoc
2084 3263 2164 3320 sit
2194 3263 2323 3338 ejus
2344 3262 2538 3340 gloria
2569 3269 2631 3323 et
2660 3265 2986 3335 beatitudO,

357 3366 479 3422 qua
509 3346 638 3422 ipse
669 3347 881 3406 beatus
911 3351 1020 3406 est.
1085 3348 1212 3406 Hoc
1243 3353 1442 3408 autem
1473 3349 1669 3424 quoad
1702 3351 1887 3408 Deum
1935 3351 2060 3409 sine
2109 3351 2305 3427 gratia
2348 3353 2750 3412 sanctificante
2782 3354 2986 3412 haberi

357 3436 593 3512 nequit.
660 3435 737 3494 cf.
774 3437 1150 3496 Schiffini
1185 3437 1337 3513 disp.
1375 3446 1410 3500 3
1448 3441 1585 3501 sect.
1623 3449 1677 3501 8.

547 3560 689 3624 178.
724 3543 1143 3624 Declaratio
1174 3576 1243 3641 p.
1279 3556 1423 3626 111.
1487 3555 1571 3619 Ut
1618 3557 1898 3621 clariora
1941 3557 2312 3635 reddantur,
2360 3579 2527 3643 quae
2560 3562 2640 3627 de
2672 3562 2860 3625 tertio
2897 3561 2987 3627 es-

358 3661 531 3726 fectu
565 3660 818 3725 formali
849 3679 928 3725 ac
958 3663 1311 3743 generatim
1344 3663 1424 3728 de
1451 3662 1907 3746 justificatione
1940 3665 2326 3742 disserimuS‚
2358 3667 2595 3749 juverit
2627 3669 2987 3731 accuratius

355 3767 658 3832 notiones
683 3769 1099 3849 justitiae,
1123 3769 1628 3851 justificare,
1656 3771 2325 3853 Justificationis
2371 3773 2705 3855 explicare.
2757 3773 2850 3839 De
2881 3793 2986 3837 ra·

357 3873 533 3937 tione
560 3873 967 3955 justitiae
1001 3876 1351 3955 generatim
1375 3882 1472 3940 est
1491 3875 1721 3958 duplex
1744 3877 2162 3942 elementum:
2196 3878 2483 3944 debitum
2514 3887 2579 3944 et
2599 3879 2986 3963 aequalitas:

358 3986 459 4044 est
491 3981 674 4072 enim‘
700 3981 809 4044 illa
839 3980 1055 4058 virtue,
1088 4000 1218 4064 qua
1249 3981 1478 4046 satisfit
1521 3983 1649 4068 juri
1684 3981 1947 4048 alterius
1979 4004 2095 4049 seu
2125 3984 2343 4050 debito
2388 3981 2742 4053 secundum
2775 3988 2985 4055 deter-

358 4086 677 4150 minatam
710 4105 1021 4151 normam.
1086 4087 1210 4152 Pro
1262 4091 1575 4155 varietate
1625 4090 1820 4154 debiti
1871 4092 1973 4156 vel
2023 4111 2309 4168 normae,
2360 4095 2478 4157 cui
2507 4095 2793 4159 actiones
2838 4103 2988 4161 sunt

356 4193 848 4274 adaequandae,
898 4195 1119 4259 variae
1165 4195 1458 4260 oriuntur
1498 4197 1785 4278 justitiae
1817 4199 2212 4279 partitiones.
2275 4200 2547 4278 „Iustitia
2579 4201 2642 4263 vi
2675 4202 2855 4283 cujus
2888 4202 2985 4265 in-

356 4299 616 4374 ducitur
648 4299 1008 4388 aequalitas
1058 4321 1172 4368 seu
1225 4301 1641 4392 conformitas
1692 4304 1858 4368 inter
1908 4295 2349 4385 cogitationes,
2384 4307 2666 4385 consilia,
2698 4308 2984 4386 affectus

355 4406 579 4483 verba,
614 4423 833 4488 opera,
865 4421 980 4473 seu
1013 4416 1217 4473 totam
1251 4411 1455 4473 vitam·
1481 4418 1545 4476 et
1575 4412 1798 4490 legem,
1833 4431 1962 4494 qua
1994 4414 2098 4476 illa
2118 4415 2249 4494 regi
2270 4415 2478 4490 debet,
2501 4415 2728 4478 dicitur
2740 4415 2986 4496 justitia

357 4515 881 4604 universalis
926 4516 1027 4580 vel
1061 4517 1390 4597 generalis.
1456 4518 1628 4582 Haec
1676 4537 1832 4582 vero
1866 4520 2274 4601 distinguitur
2309 4521 2366 4590 l.
2399 4522 2648 4585 ratione
2699 4521 2984 4602 principii

357 4613 812 4700 et'originis
845 4622 910 4684 in
942 4621 1237 4686 hu'man
1259 4642 1378 4686 am
1412 4630 1474 4688 et
1506 4624 1891 4704 divinam,
1941 4625 2321 4711 acquisitam
2354 4634 2418 4691 et
2449 4627 2740 4702 infusam,
2772 4628 2983 4708 prouti

357 4727 492 4789 scil.
525 4725 771 4790 viribus
804 4726 1209 4792 naturalibus·
1234 4737 1621 4812 actuumque
1673 4733 1975 4796 exercitio
2010 4733 2357 4814 acquiritur
2387 4733 2489 4796 vel
2518 4751 2559 4796 a
2591 4733 2724 4798 Deo
2758 4734 2982 4799 imme-‘-
