3538 5364
984 283 1139 338 Num
1164 283 1387 355 possint
1412 284 1607 338 omnia
1632 284 1868 355 peccata
1894 283 2094 353 gravia
2117 282 2307 338 vitari.
2867 295 2952 357 41

334 470 524 528 etrum
556 473 845 545 putemus
875 487 1024 541 esse,
1059 469 1216 546 quod
1249 470 1379 545 ejus
1411 473 1530 540 est3
1568 469 1677 545 qui
1707 487 1874 527 error
1903 469 2165 528 multum
2196 472 2290 528 est
2318 470 2597 547 religioni
2628 470 2957 547 pietatique

335 558 729 619 contrarius!
799 558 880 617 Cf.
913 577 961 617 c.
993 558 1118 621 Jul.
1151 559 1250 631 IV,
1287 568 1324 622 3
1359 578 1415 619 n.
1453 566 1561 628 283
1600 557 1934 634 Ripalda
1963 558 2178 622 d.11'··
2216 577 2262 621 s.
2298 568 2352 621 2.

517 694 619 746 46.
666 679 1022 750 Scholion
1056 681 1157 751 II.
1235 685 1396 743 Num
1429 691 1759 761 peccatores
1780 686 2010 759 possint
2040 686 2223 742 vitare
2252 685 2449 742 omm’a
2479 691 2708 760 peecata
2733 685 2958 760 qravia.

334 809 423 818 —
453 772 613 842 Quid
645 774 973 833 tenendum
1004 778 1097 833 est
1127 774 1199 834 de
1232 773 1789 851 peccatoribus
1820 773 1973 832 circa
2004 777 2376 848 peccatorum
2397 772 2764 844 vitationem,
2800 773 2852 831 si
2882 791 2957 830 ne

324 862 484 939 justi
516 862 762 937 quidem
793 864 995 922 omnia
1026 867 1267 940 peccata
1297 862 1553 923 venialia
1572 861 1797 938 absque
1817 861 2135 938 privilegio
2156 862 2346 920 vitare
2365 864 2661 937 possunt?
2693 862 2958 937 Respon-

333 953 439 1011 det
468 971 513 1011 s.
548 952 870 1012 Thomas
910 964 962 1015 1.
1000 961 1034 1015 2
1070 972 1125 1028 q.
1156 962 1274 1016 109
1308 972 1358 1010 a.
1396 962 1464 1015 8:
1500 953 1881 1027 ,Antequam
1903 951 2157 1009 hominis
2186 952 2356 1022 ratio,
2391 950 2454 1009 in
2486 970 2604 1027 qua
2634 956 2727 1009 est
2754 967 2957 1027 pecca-

332 1045 465 1101 tum
497 1042 765 1112 mortale,
810 1046 1118 1117 reparetur
1161 1060 1269 1117 per
1311 1041 1565 1120 gratiam
1604 1039 2052 1116 justificantem,
2106 1042 2307 1116 potest
2357 1040 2677 1117 singula
2723 1045 2964 1116 peccata

331 1131 617 1189 mortalia
649 1131 851 1200 vitare,
886 1135 947 1188 et
978 1130 1303 1189 secundum
1321 1130 1562 1206 aliquod
1595 1133 1854 1205 tempus,
1887 1128 2028 1204 quia
2058 1147 2178 1187 non
2210 1137 2303 1186 est
2333 1146 2590 1202 necesse,
2624 1129 2783 1204 quod
2815 1147 2957 1186 con-

334 1221 507 1279 tinuo
539 1224 748 1295 peccet
779 1219 842 1278 in
872 1223 1027 1280 actu.
1093 1219 1206 1278 Sed
1240 1218 1398 1295 quod
1432 1218 1539 1277 diu
1576 1221 1814 1276 maneat
1842 1218 2067 1292 absque
2100 1221 2339 1294 peccato
2371 1218 2625 1289 mortali,
2673 1236 2800 1277 esse
2842 1236 2962 1276 non

335 1313 615 1384 potestz‘
650 1310 822 1384 cujus
854 1309 1241 1385 impotentiae
1274 1309 1337 1367 in
1371 1306 1766 1382 sequentibus
1798 1307 2017 1366 bonam
2048 1307 2246 1365 reddit
2275 1306 2586 1366 rationem.
2636 1307 2820 1365 Breve
2852 1306 2961 1364 hoc

338 1416 698 1473 responsum
730 1400 876 1468 fuse,
910 1397 1011 1457 sed
1047 1397 1473 1475 magistr-aliter
1501 1396 1763 1456 elucidat
1793 1396 2072 1455 Suarez
2102 1397 2149 1467 Ι,
2188 1405 2263 1458 27
2302 1416 2360 1455 n.
2388 1404 2464 1457 13
2499 1414 2577 1456 ss.
2609 1395 2805 1454 tribus
2839 1398 2957 1454 sta-

341 1488 493 1546 tutis
526 1487 828 1546 thesibus:
881 1488 1065 1557 ,Dico
1097 1505 1238 1564 ergo
1273 1486 1494 1562 primo:
1541 1486 1589 1545 si
1636 1504 1729 1545 res
1778 1487 1918 1545 haec
1950 1504 2018 1543 ex
2051 1491 2265 1544 natura
2296 1486 2382 1543 rei
2416 1488 2477 1544 et
2507 1484 2765 1561 internis
2796 1484 2961 1561 prin-

342 1577 510 1653 cipiis
541 1576 968 1645 consideretur,
1014 1595 1124 1635 nec
1153 1576 1345 1653 gratia
1377 1575 1715 1645 habitualis,
1763 1594 1870 1633 uec
1917 1574 2077 1647 fides,
2124 1593 2231 1633 nec
2275 1574 2458 1634 motio
2492 1573 2962 1649 supernaturalis

343 1667 404 1724 in
449 1665 794 1724 substantia
842 1669 934 1724 est
981 1665 1308 1724 necessaria
1357 1664 1431 1723 ad
1481 1665 1639 1723 huuc
1686 1664 1975 1735 effectum,
2027 1663 2128 1722 sed
2179 1664 2399 1723 sufficit
2441 1664 2637 1740 gratia
2680 1662 2963 1721 motionis

340 1754 597 1825 divinae,
646 1774 799 1830 quae
828 1755 972 1812 licet
1001 1754 1082 1813 sit
1126 1753 1353 1812 ordinis
1384 1753 1693 1824 naturaliS‚
1729 1753 2263 1828 supernaturaliter
2294 1751 2614 1812 confertur.
2680 1752 2824 1811 Dico
2870 1769 2962 1810 se-

337 1845 565 1902 cundo:
600 1843 874 1919 quamvis
907 1862 1027 1902 non
1058 1845 1353 1920 repugnat
1384 1843 1533 1901 hanc
1553 1842 1807 1920 gratiam
1827 1841 2217 1900 sufficientem
2249 1841 2319 1900 ad
2356 1841 2597 1900 vitanda
2627 1840 2735 1898 diu
2765 1842 2965 1899 omnia

336 1937 582 2009 peccata
613 1937 819 1991 contra
850 1933 1040 2009 legem
1069 1936 1320 1991 naturae
1351 1931 1478 1990 dari
1509 1930 1870 2000 infidelibus,
1910 1930 2301 1990 nihilominus
2333 1929 2503 1990 valde
2536 1929 2838 2006 probabile
2871 1933 2965 1988 est

335 2041 409 2080 ex
440 2023 577 2099 lege
614 2022 717 2080 Dei
747 2041 870 2080 non
902 2021 1031 2080 dari
1059 2022 1178 2080 nisi
1212 2022 1353 2080 solis
1385 2020 1786 2090 credentibus,
1821 2038 1928 2079 seu
1959 2019 2305 2089 fidelibu83‘
2343 2024 2407 2079 et
2438 2015 2793 2099 (secundum
2824 2014 2961 2100 nos)

338 2110 736 2186 probabiliter
766 2110 945 2169 etiam
990 2110 1332 2169 infidelibus
1378 2108 1778 2186 negativis
1824 2108 2179 2168 facientibus
2213 2109 2371 2184 quod
2403 2111 2497 2167 est
2526 2109 2591 2167 in
2623 2124 2703 2167 se.
2776 2108 2963 2177 ,Dico

338 2200 554 2259 tertio:
605 2200 974 2275 probabilius
1008 2199 1190 2258 etiam
1220 2202 1329 2271 est,
1364 2218 1433 2257 ex
1465 2199 1594 2276 lege
1629 2198 1733 2256 Dei
1767 2214 1888 2256 non
1920 2196 2047 2257 dari
2079 2198 2372 2257 auxilium
2404 2198 2513 2257 hoc
2545 2197 2806 2273 proxime
2839 2196 2965 2255 suf·

344 2289 550 2347 ficiens
597 2287 672 2346 ad
719 2288 961 2347 vitanda
1004 2290 1202 2347 omnia
1246 2292 1486 2365 peccata
1514 2289 1693 2364 longo
1726 2290 1995 2363 tempore
2042 2287 2161 2347 nisi
2214 2287 2553 2346 hominibus
2591 2285 2964 2362 justificatis:

342 2383 528 2454 atque
572 2377 685 2436 hoc
731 2377 905 2437 modo
951 2378 1201 2455 gratiam
1233 2376 1598 2446 habitualem
1631 2394 1759 2436 esse
1792 2376 2182 2435 necessariam
2214 2376 2289 2434 ad
2319 2375 2563 2435 vitanda
2594 2376 2698 2434 diu
2730 2377 2970 2451 peccata

341 2470 552 2526 contra
585 2468 777 2544 legem
806 2467 1158 2534 naturalem,
1190 2485 1310 2525 uon
1342 2469 1412 2525 ut
1442 2466 1776 2543 proximum
1797 2465 2084 2524 auxilium
2117 2465 2191 2523 ad
2222 2465 2284 2523 id
2316 2464 2735 2535 necessarium,
2768 2464 2869 2523 sed
2903 2466 2975 2523 ut

346 2556 678 2632 principale
722 2555 1177 2614 fundamentum
1227 2560 1288 2615 et
1347 2554 1502 2613 ratio
1550 2554 1862 2613 obtinendi
1907 2554 2027 2613 tale
2075 2553 2425 2614 auxilium<
2507 2553 2678 2622 Quod
2723 2557 2976 2613 tuentur

347 2645 616 2722 theologi
648 2644 1323 2722 wirceburgenses
1356 2644 1428 2704 de
1459 2645 1651 2723 gratia
1680 2662 1739 2703 n.
1775 2652 1936 2714 3183
1988 2643 2520 2703 Bellarminus
2554 2643 2625 2701 de
2656 2662 2744 2720 gr.
2776 2646 2837 2702 et
2868 2641 2971 2700 lib.

348 2736 475 2794 arb.
500 2734 570 2804 V,
612 2745 681 2805 53
717 2735 933 2794 Gotti
965 2740 1092 2805 ete„
1126 2735 1462 2812 refragante
1493 2733 1755 2793 Cercia
1787 2732 1859 2792 de
1890 2733 2084 2810 gratia
2115 2752 2160 2791 s.
2203 2745 2224 2796 1
2268 2733 2405 2796 lect.
2432 2743 2528 2797 15.
2575 2731 2656 2791 cf.
2690 2731 2972 2791 Suarez

346 2824 446 2892 IX,
484 2834 556 2895 83
590 2824 959 2883 Mazzella
990 2823 1141 2900 disp.
1177 2833 1211 2884 2
1249 2843 1298 2881 a.
1335 2829 1404 2886 5.-

467 3015 535 3078 B.
585 3014 690 3079 De
734 3013 1254 3080 necessitate
1300 3013 1661 3095 alicujus
1710 3013 1973 3077 divini
2018 3011 2431 3094 adjutorii
2476 3013 2573 3076 ad
2620 3018 2855 3076 actus

1366 3120 1642 3185 ethice
1687 3120 1967 3185 bonos.

529 3251 634 3313 47.
669 3243 1226 3311 Consideravimus
1246 3244 1702 3311 necessitatem
1721 3247 1965 3327 gratiae
1999 3246 2082 3309 ad
2111 3253 2293 3311 actus
2328 3245 2731 3311 salutares.
2765 3243 2978 3325 Quae-

353 3354 518 3416 ritur
541 3352 699 3435 jam,
731 3372 887 3416 num
907 3353 1167 3436 aliquod
1197 3352 1313 3418 Dei
1345 3352 1732 3435 adjutorium
1762 3353 2199 3418 necessarium
2250 3352 2332 3416 sit
2364 3351 2447 3415 ad
2479 3359 2661 3418 actus
2708 3352 2979 3416 ethice

354 3459 582 3522 bonos.
647 3456 763 3523 Cui
794 3460 1156 3541 quaestioni
1186 3458 1606 3542 respondebit

533 3584 792 3653 Thesis
824 3582 1220 3655 CLXXXI.
1306 3605 1420 3660 Aa
1481 3606 2037 3660 observationem
2105 3607 2318 3659 totius
2379 3605 2553 3672 leuis
2613 3606 2976 3659 naturalia

360 3695 578 3748 ethice
616 3695 872 3749 bonam
923 3697 1425 3762 victoriamque
1476 3696 1804 3759 aravium
1856 3696 2324 3748 cenationum
2363 3695 2577 3747 ethice
2614 3696 2974 3749 honestam

357 3785 630 3849 minet
665 3784 870 3838 homo
907 3784 1151 3851 lapsus
1190 3785 1322 3837 Dei
1359 3783 1740 3850 adjutorio.

533 3886 984 3959 Declaratlo.
1051 3889 1114 3957 l.
1162 3893 1491 3968 Loquimur
1521 3894 1584 3951 in
1616 3892 1775 3952 thesi
1803 3912 1924 3952 non
1956 3893 2028 3951 de
2061 3893 2475 3952 observatione
2507 3891 2655 3969 legis
2686 3889 2980 3949 naturalis

356 3983 421 4038 et
447 3982 856 4041 tentationum
889 3983 1137 4042 victoria
1168 3983 1545 4053 salutari,
1598 3983 1671 4040 ad
1716 4002 1915 4057 quam,
1969 3985 2038 4041 ut
2080 3985 2247 4060 patet
2291 4002 2360 4041 ex
2406 3982 2597 4050 dictis,
2653 3980 2982 4039 certissime

357 4071 692 4130 necessaria
720 4075 812 4130 est
841 4072 1036 4149 gratia
1065 4071 1573 4148 supernaturalis;
1621 4071 1725 4130 sed
1755 4075 1997 4130 tantum
2029 4072 2101 4130 de
2134 4071 2547 4130 observatione
2561 4065 2609 4152 ¹)
2645 4074 2706 4128 et
2736 4067 2986 4128 victoria

583 4267 617 4327 Ι]
646 4259 855 4314 Affinis
893 4261 979 4313 est
1017 4258 1131 4315 alia
1171 4260 1570 4330 theologorum
1611 4258 1929 4324 distincti0,
1973 4276 2088 4328 qua
2115 4257 2490 4329 distinguunt
2513 4257 2664 4310 inter
2690 4254 2984 4327 praecepti

363 4339 815 4396 observationem
842 4340 1032 4408 quoad
1059 4357 1084 4392 s
1100 4358 1137 4393 u
1159 4340 1194 4392 b
1210 4357 1235 4393 s
1251 4342 1276 4392 t
1291 4356 1325 4393 a
1342 4358 1377 4392 n
1397 4338 1456 4393 ti
1472 4356 1505 4392 a
1523 4359 1578 4392 m
1606 4337 1811 4409 operis,
1841 4341 1898 4392 et
1923 4338 2115 4407 quoad
2155 4358 2212 4392 m
2229 4355 2261 4392 o
2279 4339 2314 4392 d
2334 4356 2370 4392 u
2388 4357 2462 4395 m.
2513 4337 2592 4391 Ut
2616 4338 2984 4407 praeceptum

366 4419 602 4490 aliquod
629 4420 940 4489 impleatur
965 4419 1156 4488 quoad
1182 4418 1565 4474 substantiam
1592 4418 1796 4490 operis,
1842 4417 2075 4482 sufficit,
2121 4420 2189 4472 ut
2214 4419 2375 4472 actus
2400 4434 2564 4471 suam
2590 4417 2804 4471 habeat
2830 4414 2987 4470 boni-

366 4503 541 4554 tatem
566 4501 869 4555 moralem:
910 4499 1143 4570 impleri
1182 4504 1376 4554 autem
1416 4499 1632 4553 dicitur
1671 4499 2042 4570 praeceptum
2070 4497 2243 4552 etiam
2283 4498 2474 4566 quoad
2502 4497 2753 4562 modum,
2781 4497 2830 4550 si
2855 4499 2987 4550 actu

368 4579 603 4634 salutari
645 4583 705 4634 et
745 4578 1040 4635 meritorio
1086 4582 1360 4634 servatur.
1412 4578 1576 4645 Quod
1622 4578 1929 4633 discrimen
1972 4577 2246 4632 asseritur
2296 4577 2666 4633 damnatione
2710 4593 2873 4647 prop.
2920 4584 2984 4633 61

369 4656 458 4713 Ba
464 4659 562 4729 ji:
608 4660 749 4722 „Illa
774 4659 1073 4715 doctorum
1119 4658 1433 4724 distinctio,
1477 4658 1709 4714 divinae
1735 4657 1882 4729 legis
1925 4658 2197 4712 mandata
2240 4657 2508 4712 bifariam
2535 4657 2780 4727 impleri,
2807 4657 2987 4711 altero

370 4739 530 4794 modo
558 4741 843 4808 quantum
869 4740 943 4793 ad
969 4743 1406 4812 praeceptorum
1446 4755 1682 4811 operum
1710 4739 2090 4793 substantiam
2117 4741 2360 4803 tantum,
2400 4736 2581 4791 altero
2610 4739 2889 4804 quantum
2915 4737 2988 4789 ad
