3538 5364
1390 309 1744 377 argumenta.
2747 316 2875 380 207

246 496 524 572 augendi,
577 496 774 564 timor,
827 513 901 552 ne
932 513 1060 552 eam
1094 494 1455 563 amittamuS,
1490 494 1800 563 excitetur,
1851 494 1901 551 si
1946 494 2369 565 consideretur,
2418 494 2559 569 quid
2595 495 2675 552 sit
2705 494 2878 552 homo

250 586 418 643 sine
453 584 575 655 iun,
611 583 758 658 quid
791 601 953 641 cum
983 583 1104 640 illa.
1167 582 1305 641 Sine
1352 583 1454 640 illa
1487 597 1549 645 a.
1583 586 1676 640 est
1725 583 2025 658 objectum
2072 583 2663 659 displicentiae,
2711 603 2875 642 aver·

250 674 435 733 sionis
469 674 579 731 Dei
612 673 1041 744 universaeque
1074 672 1243 730 aulae
1276 672 1582 731 coelestis:
1617 692 1752 731 cum
1785 673 1892 731 hac
1924 673 2221 746 objectum
2254 673 2878 748 complacentiae

249 766 310 821 et
340 762 818 829 benevolentiam
871 762 995 820 sine
1028 761 1132 819 illa
1184 759 1253 825 b.
1307 780 1515 819 servus
1565 761 1900 829 diaboli;
1953 782 2086 819 cum
2133 762 2242 820 hac
2273 781 2480 820 servus
2531 763 2698 832 Dei3
2752 761 2878 820 sine

249 853 354 909 illa
386 867 452 914 e.
487 852 652 910 filius
685 851 847 909 irae
881 850 1116 908 divinae
1147 855 1209 908 et
1239 850 1477 925 quidem
1512 856 1817 921 aeternae;
1868 869 2003 909 cum
2053 852 2159 909 hac
2206 850 2366 909 filius
2400 852 2563 922 Dei3
2618 852 2746 909 sine
2779 850 2879 908 illu

251 937 318 1002 d.
354 959 483 998 exs
505 941 580 999 ul
614 941 678 998 in
711 944 1018 998 aeternum
1052 960 1085 997 a
1117 942 1310 1015 patria
1340 939 1597 1008 coelesti,
1633 960 1666 997 a
1701 940 1929 998 visione
1964 939 2247 1009 beatifica,
2284 959 2466 1015 regno
2499 941 2797 998 coelorum
2821 946 2881 997 et

250 1030 564 1088 beatorum
611 1029 939 1087 consortio:
993 1047 1130 1085 cum
1181 1029 1286 1086 hac
1337 1029 1556 1086 heres
1603 1029 1724 1095 Dei,
1777 1030 2015 1087 coheres
2065 1034 2263 1086 autem
2300 1030 2545 1097 christu
2600 1030 2727 1087 sine
2778 1028 2879 1086 illa

253 1136 313 1182 e.
347 1128 444 1177 est
475 1119 607 1176 limi
640 1119 831 1176 instar
862 1114 945 1198 (n.
981 1120 1065 1191 2),
1100 1117 1271 1176 homo
1304 1118 1578 1176 animalis
1622 1130 1669 1179 l.
1704 1118 1830 1175 Cor.
1869 1128 1923 1187 2,
1971 1127 2062 1185 14,
2116 1118 2234 1175 imo
2282 1126 2637 1176 mortuus
2688 1122 2877 1176 morte

251 1208 524 1283 paesima,
559 1227 680 1283 qua
712 1208 837 1264 scil.
871 1207 1145 1281 privatur
1177 1207 1301 1265 vita
1334 1207 1721 1277 nobilissima,
1744 1226 1898 1282 quae
1920 1210 2012 1264 est
2033 1207 2407 1283 participatio
2431 1208 2585 1264 vitae
2607 1206 2877 1265 divinae:

253 1316 382 1356 cum
418 1298 525 1355 hac
559 1300 651 1355 est
683 1297 856 1355 homo
890 1295 1238 1370 spiritualis,
1288 1295 1421 1354 viva
1455 1296 1557 1354 Dei
1605 1296 1817 1371 imago,
1866 1296 2088 1355 fruitur
2132 1296 2301 1354 vita
2347 1297 2562 1365 divina,
2612 1316 2764 1371 quae
2811 1315 2877 1353 ex

251 1386 485 1444 Christo
521 1386 644 1443 vite
679 1387 740 1442 in
773 1386 973 1461 ipsum
1006 1389 1310 1459 tamquam
1358 1385 1418 1442 in
1471 1385 1797 1460 palmitem,
1847 1392 1907 1443 et
1951 1404 2018 1444 ex
2052 1385 2288 1444 Christo
2336 1386 2525 1461 capite
2571 1386 2636 1443 in
2682 1384 2875 1460 ipsum

252 1476 590 1533 membrum
622 1474 933 1544 redundat,
969 1474 1087 1531 imo
1121 1493 1186 1531 ex
1223 1475 1341 1532 Deo
1376 1475 1548 1532 Patre
1581 1493 1686 1549 per
1719 1474 2018 1532 Christum
2041 1474 2353 1549 injustum
2376 1474 2706 1533 derivatur:
2742 1494 2876 1531 nam

252 1567 399 1622 sicut
433 1567 594 1621 misit
628 1582 715 1622 me
749 1566 935 1620 vivens
967 1561 1158 1637 Pater,
1209 1572 1260 1621 et
1311 1582 1407 1639 eqo
1453 1565 1570 1620 vivo
1595 1571 1842 1637 propter
1876 1565 2111 1623 Patrem
2158 1560 2255 1644 (cf.
2288 1563 2380 1621 Jo.
2419 1574 2472 1631 5.
2512 1566 2651 1642 26):
2698 1571 2748 1620 et
2782 1566 2879 1639 qui

251 1655 571 1711 manducat
602 1672 709 1726 me,
743 1660 794 1709 et
827 1655 944 1727 ipse
976 1654 1118 1709 vivet
1149 1660 1388 1727 propter
1433 1671 1519 1709 me
1564 1648 1649 1731 (n.
1695 1664 1814 1715 190
1852 1647 1950 1733 a).
2015 1654 2151 1711 Sine
2198 1653 2301 1710 illa
2347 1649 2402 1714 f.
2452 1654 2625 1710 homo
2671 1652 2877 1710 nihil

250 1762 476 1800 merere
510 1749 708 1818 potest
736 1761 842 1817 pro
873 1741 1060 1799 altera
1091 1742 1243 1799 vita:
1277 1760 1413 1799 cum
1447 1742 1551 1798 hac
1574 1742 1783 1816 justus
1818 1760 2042 1799 merere
2076 1746 2275 1818 potest
2295 1742 2639 1811 mercedem,
2662 1747 2724 1800 et
2745 1741 2877 1816 qui·

250 1831 384 1890 dem
418 1840 837 1897 aeternam,
874 1830 1053 1903 idque
1086 1830 1341 1906 singulis
1374 1830 1656 1906 operibus
1691 1830 1880 1900 bonis,
1916 1831 2009 1888 vel
2041 1831 2308 1889 minimis
2343 1828 2426 1910 (n.
2472 1824 2638 1911 195).
2687 1829 2879 1898 Quare

255 1922 384 1979 sine
419 1921 526 1977 illa
559 1921 731 1978 homo
765 1925 858 1977 est
889 1938 1022 1977 vere
1057 1921 1232 1976 miser
1275 1927 1327 1977 et
1374 1920 1717 1977 miserabilis
1749 1927 1799 1976 et
1825 1939 2054 1994 pauper
2084 1930 2132 1976 et
2165 1940 2362 1977 caecus
2392 1926 2443 1977 et
2475 1919 2667 1977 nudus
2700 1922 2878 1995 Apoc.

253 2020 307 2078 3,
352 2021 426 2071 17
454 2031 469 2079 ;
503 2010 646 2067 dum
682 2016 887 2067 contra
918 2027 1052 2066 cum
1085 2008 1188 2065 illa
1209 2010 1458 2066 veniunt
1477 2009 1676 2066 omnia
1696 2009 1854 2066 bona
1887 2009 2106 2083 pariter
2128 2009 2299 2083 justo
2330 2013 2392 2066 et
2424 2008 2877 2066 innumerabilis

249 2100 533 2156 honestas
583 2117 689 2173 per
735 2115 944 2155 manus
994 2097 1178 2154 illius.
1246 2096 1517 2170 Infinitus
1550 2100 1696 2154 enim
1729 2100 2035 2155 thesaurus
2067 2107 2143 2155 est
2177 2098 2501 2155 hominibus
2535 2098 2666 2172 Sap.
2707 2090 2760 2166 7,
2806 2109 2866 2159 ll

251 2186 333 2263 (n.
377 2183 551 2267 196).
619 2188 758 2245 Sine
791 2186 894 2243 illa
939 2201 1008 2261 g.
1044 2187 1214 2244 homo
1245 2193 1339 2244 est
1374 2188 1489 2244 fere
1521 2186 1850 2245 inermis
1882 2186 2166 2244 adversus
2201 2187 2398 2244 hostes
2431 2185 2881 2261 potentissimos

252 2271 338 2358 (n.
375 2278 518 2351 46);
554 2294 688 2334 cum
722 2276 827 2333 hac
860 2275 1311 2349 potentissimus
1331 2275 1492 2333 omni
1515 2295 1811 2333 armorum
1833 2295 2047 2351 genere
2067 2277 2368 2333 munitus:
2405 2275 2737 2333 instructus
2759 2275 2877 2333 vir-

250 2370 456 2423 tutum
491 2365 762 2423 omnium
794 2365 1160 2423 nobilissimo
1193 2365 1479 2423 comitatu
1511 2365 1621 2443 (th.
1647 2359 1819 2445 205).
1856 2365 2173 2440 multiplici
2207 2364 2405 2441 gratia
2435 2364 2652 2422 actuali
2687 2359 2771 2445 (n.
2798 2373 2875 2425 20

257 2464 335 2515 74
371 2450 466 2534 s.),
515 2454 884 2529 protectione
925 2454 1162 2529 speciali
1197 2457 1440 2528 paterna
1475 2448 1557 2535 (n.
1596 2465 1649 2514 9.
1698 2456 1860 2533 196),
1907 2454 2198 2529 singulari
2231 2455 2574 2530 angelorum
2609 2453 2880 2511 custodia

253 2542 336 2622 (n.
376 2539 548 2624 196).
618 2541 852 2610 Quanto
883 2562 1022 2619 ergo
1055 2542 1362 2611 desideriO,
1412 2542 1833 2611 sollicitudine,
1882 2543 2197 2619 diligentia
2228 2550 2319 2599 est
2351 2541 2761 2609 adnitendum,
2809 2548 2879 2599 ut

255 2638 491 2691 tantum
523 2631 874 2690 thesaurum
907 2632 1299 2708 acquiramuS,
1334 2651 1766 2702 conservemus,
1802 2651 2142 2709 augeamuS,
2176 2651 2481 2708 nunquam
2516 2631 2878 2690 amittamus

257 2722 452 2779 Habes
487 2722 586 2779 hic
617 2723 934 2797 specimen,
981 2727 1273 2797 quantum
1319 2722 1462 2780 fides
1503 2728 1563 2779 et
1594 2723 1785 2798 gratia
1816 2722 2113 2780 hominem
2145 2724 2336 2780 elevet
2367 2726 2546 2796 atque
2579 2720 2877 2786 nobilitet,

255 2817 546 2884 quantum
582 2811 968 2869 incredulitas
1014 2814 1075 2868 et
1120 2816 1426 2886 peccatum
1460 2830 1594 2868 eum
1630 2810 1927 2886 deprimat
1958 2815 2138 2886 atque
2171 2811 2426 2885 dejiciat.
2495 2810 2698 2885 Homo,
2749 2829 2879 2867 cum

257 2902 315 2957 in
345 2901 559 2958 honore
591 2908 747 2976 esset,
797 2919 912 2958 non
957 2901 1265 2958 intellexit:
1311 2909 1680 2973 comparatus
1726 2908 1804 2957 est
1836 2901 2101 2967 iumentis
2133 2900 2551 2976 insipientibm,
2588 2907 2638 2957 et
2670 2900 2878 2957 sitnilis·

249 2990 439 3061 faetus
471 2998 554 3048 est
588 2991 706 3047 illis
736 2990 832 3047 Ps.
866 2999 965 3059 48,
1012 3000 1104 3052 13.
