3538 5364
620 302 756 365 44ss
987 292 1171 346 Trac-t.
1200 293 1292 345 IX.
1319 292 1389 345 de
1416 290 1795 363 poenitentia.
1823 290 2024 346 'rhesis
2050 292 2303 349 CCXLV.
2331 290 2615 347 Contritio
2643 293 2895 362 perfecta

627 476 1082 557 praestantiae,
1115 480 1187 537 ut
1219 491 1298 538 ea
1329 474 1660 537 hominem
1690 472 1826 538 Deo
1857 471 2242 547 reconciliet,
2275 481 2627 555 antequam
2647 474 2731 537 ad
2751 474 3030 538 clavium
3059 480 3243 555 pote-

624 589 856 648 statem
891 581 1178 657 recurrit,
1210 596 1342 644 non
1377 586 1593 645 tamen
1625 581 1764 645 sine
1796 579 1985 661 hujus
2014 598 2316 644 recursus
2347 587 2531 644 voto:
2582 586 2647 644 et
2678 580 2939 662 quidem
2968 597 3104 643 non
3137 598 3242 642 so-

625 690 755 752 lum
788 686 852 752 in
885 707 1045 753 casu
1076 688 1501 763 necessitatiS,
1534 686 1648 751 sed
1670 688 1861 751 toties
1883 688 2136 768 quoties
2155 686 2464 768 contingit
2484 687 2938 752 contritionem
2969 687 3243 751 caritate

620 815 767 860 esse
799 795 1152 877 perfectam
1168 797 1231 881 ¹).
1265 794 1452 873 Quod
1485 794 1836 859 tenendum
1869 800 1968 858 est
1986 801 2213 857 contra
2244 794 2703 870 Lutherum,
2737 794 2844 857 Ba
2851 794 2876 876 j
2896 813 3020 858 um
3064 793 3242 874 cujus

622 904 971 968 damnatae
1004 908 1157 966 sunt
1186 919 1363 982 prop.
1386 905 1488 968 31.
1507 904 1610 968 32.
1629 905 1731 969 33.
1757 905 1857 968 70.
1883 906 1985 976 71,
2020 918 2188 982 quae
2220 901 2311 964 ita
2340 899 2571 964 habet:
2611 899 2772 974 ‚Per
2792 900 3241 964 contritionem

620 1010 820 1073 etiam
852 1027 998 1073 cum
1031 1009 1304 1073 caritate
1335 1006 1618 1089 perfecta
1651 1014 1717 1072 et
1746 1024 1895 1071 cum
1929 1014 2083 1071 voto
2116 1007 2504 1089 suscipiendi
2524 1009 2914 1074 sacramenti
2935 1009 3242 1089 conjunc-

628 1125 761 1179 tam
795 1134 927 1180 non
959 1115 1305 1180 remittitur
1336 1116 1581 1179 crimen
1614 1121 1800 1179 extra
1832 1133 2055 1179 casum
2087 1116 2488 1180 necessitatis
2522 1122 2636 1179 aut
2663 1115 2954 1197 martyrii
2973 1114 3116 1178 sine
3134 1132 3241 1177 ac-

620 1223 781 1287 tuali
800 1223 1209 1304 susceptione
1240 1223 1697 1297 sacramenti3‘
1740 1228 1805 1287 et
1836 1222 2030 1286 etiam
2062 1228 2290 1286 contra
2320 1222 2639 1304 quosdam
2660 1222 2998 1301 theologos
3018 1220 3242 1284 catho-

624 1330 781 1393 licos
813 1329 1198 1395 vetustiores
1229 1335 1295 1393 et
1324 1330 1731 1394 recentiores.
1764 1328 1991 1393 Thesis
2010 1347 2143 1392 non
2174 1329 2431 1411 quidem
2463 1335 2565 1392 est
2595 1328 2675 1393 de
2705 1328 2848 1405 fide,
2880 1326 3240 1391 doctrinam

628 1445 846 1501 tamen
879 1436 1324 1518 complectitur
1356 1435 1760 1499 catholicam.

803 1567 953 1631 460.
988 1561 1565 1629 Demonstratlo.
1635 1561 1697 1629 1.
1735 1560 2089 1626 Veritatem
2134 1561 2302 1624 hanc
2348 1558 2599 1625 disertis
2629 1559 2844 1624 verbis
2874 1559 3176 1641 proponit
3204 1558 3240 1621 l.

619 1686 676 1731 c.
712 1667 1052 1732 concilium
1086 1668 1255 1732 trid:
1328 1667 1566 1742 ‚Docet
1596 1674 1937 1749 praeterea
1969 1669 2042 1755 (s,
2075 1668 2404 1755 synodus),
2438 1668 2556 1733 etsi
2587 1666 3042 1731 contritionem
3074 1666 3241 1729 hanc

624 1775 971 1857 aliquando
993 1775 1262 1839 caritate
1282 1774 1629 1856 perfectam
1666 1793 1810 1840 esse
1830 1777 2162 1856 contingat
2179 1775 2634 1856 hominemque
2656 1775 2789 1838 Deo
2810 1773 3240 1847 reconciliare,

628 1883 1004 1963 priusquam
1036 1882 1161 1944 hoc
1192 1888 1671 1947 sacramentum
1707 1890 1859 1945 actu
1891 1882 2294 1963 suscipiatur,
2326 1882 2536 1963 ipsam
2567 1879 2983 1945 nihilominus
3014 1896 3239 1943 recon-

628 1989 1018 2053 ciliationem
1052 1989 1172 2071 ipsi
1201 1989 1571 2054 contritioni
1603 1989 1742 2055 sine
1775 1989 2165 2052 sacramenti
2208 1995 2382 2065 vot0,
2429 1989 2600 2070 quod
2648 1990 2714 2052 in
2745 1987 2853 2051 illa
2883 1985 3240 2062 includitur,

625 2113 757 2158 non
788 2113 932 2159 esse
965 2094 1516 2159 adscribendam.‘
1588 2094 1721 2158 Imo
1772 2101 1934 2160 teste
1979 2093 2502 2159 Pallavicino
2548 2093 2619 2156 H.
2655 2092 2720 2157 C.
2752 2093 2881 2170 XII,
2933 2099 3014 2161 10
3046 2112 3106 2156 n.
3139 2098 3240 2168 27,

620 2219 885 2275 ,canon
916 2221 1174 2285 quoque
1204 2208 1472 2284 paratus
1506 2201 1728 2278 fuerat,
1761 2202 1873 2265 ubi
1905 2200 2337 2266 damnabatur
2366 2201 2655 2283 quisquis
2685 2207 2971 2281 negaret,
3003 2200 3238 2262 contri-

628 2311 818 2386 tione,
853 2328 981 2392 qua
1011 2310 1348 2391 poenitens
1379 2308 1597 2372 divina
1626 2309 1834 2389 gratia
1864 2327 1980 2390 per
1998 2307 2321 2373 Christum
2340 2315 2732 2390 cooperante
2764 2307 2943 2372 dolet
2973 2307 3057 2371 de
3092 2322 3240 2388 pec-

626 2416 791 2481 catis
842 2425 1104 2499 propter
1154 2416 1356 2481 Deum
1412 2432 1558 2480 cum
1608 2417 1943 2497 proposito
1994 2415 2342 2481 confitendi
2391 2422 2456 2480 et
2505 2413 2958 2491 satisfaciendi,
3009 2414 3240 2478 remitti

620 2531 945 2605 peccata«

814 2651 880 2716 ⁶2..
919 2647 1244 2713 Probatur
1275 2666 1356 2712 ex
1388 2648 1806 2713 damnatione
1851 2646 2363 2729 propositionum
2393 2646 2550 2728 Baj‘i,
2595 2664 2758 2729 quas
2789 2646 3238 2720 indicavimus;

808 2777 873 2841 3.
909 2792 987 2838 ex
1021 2772 1386 2855 ScripturiS.
1419 2773 1486 2836 in
1518 2772 1749 2854 quibus
1768 2772 2160 2853 promittitur
2190 2772 2513 2837 dilectioni
2547 2779 2611 2837 et
2641 2773 3081 2854 poenitentiae
3111 2772 3236 2834 sin-

620 2900 813 2946 cerae
845 2880 1137 2946 remissio
1171 2887 1617 2962 peccatorum:
1652 2879 1836 2942 Prov.
1873 2885 1931 2956 8,
1970 2884 2081 2947 17:
2120 2880 2249 2962 qu
2280 2880 2603 2965 diliqentes
2633 2900 2727 2944 me
2758 2879 2949 2964 diliqo
2964 2901 2989 2959 ,·
3020 2879 3117 2944 Jo.
3145 2883 3236 2951 14,

628 2994 745 3056 521:
781 2989 903 3068 Qui
936 2985 1137 3067 diliyit
1172 3008 1280 3060 me,
1316 2985 1608 3068 diliqetur
1638 3008 1677 3049 a
1711 2989 1903 3050 Patre
1936 3005 2083 3069 mec,
2115 2994 2169 3050 et
2189 3007 2295 3068 eqo
2315 2985 2573 3069 diliyam
2596 3006 2732 3049 eum
2755 2995 2810 3050 et
2827 2986 3236 3070 manifestabo

624 3097 679 3156 ei
714 3096 1011 3178 meipsum
1030 3117 1054 3168 ,·
1087 3113 1140 3155 v.
1175 3097 1292 3160 23:
1349 3092 1418 3155 Si
1448 3094 1587 3178 quis
1617 3092 1824 3175 diliqit
1853 3113 1968 3173 me,
2000 3112 2339 3155 sennonem
2371 3113 2572 3156 meum
2606 3093 2910 3158 servabit:
2961 3100 3018 3157 et
3051 3093 3235 3156 Pater

626 3220 793 3263 meus
825 3201 1031 3281 diliqet
1062 3220 1224 3280 eum,
1257 3207 1312 3263 et
1345 3201 1432 3264 ad
1461 3220 1598 3262 eum
1630 3202 1938 3264 veniemus
1987 3206 2044 3264 et
2093 3202 2476 3264 mansionem
2511 3201 2684 3286 apud
2732 3219 2871 3264 eum
2901 3200 3204 3281 faciemus
3213 3222 3235 3278 ;

630 3313 682 3374 1.
718 3307 811 3370 JO.
845 3311 905 3382 4,
943 3313 998 3374 7.
1038 3312 1147 3375 16:
1182 3306 1356 3369 Deus
1386 3309 1626 3370 caritas
1656 3314 1764 3388 est,
1797 3314 1853 3369 et
1884 3308 1992 3391 qui
2023 3313 2234 3370 manet
2264 3310 2334 3369 in
2365 3309 2648 3388 caritate,
2679 3310 2746 3370 in
2780 3306 2913 3371 Deo
2944 3316 3157 3370 manet
3185 3315 3234 3369 et

638 3413 814 3476 Deus
834 3414 897 3476 in
922 3433 987 3475 eo
1006 3438 1036 3491 ‚·
1066 3411 1213 3477 Luc.
1251 3419 1308 3490 7,
1328 3419 1447 3481 47:
1483 3415 1910 3476 Remittuntur
1940 3415 1997 3476 ei
2030 3413 2307 3498 (mulieri
2335 3412 2701 3500 peccatrici)
2723 3420 2990 3501 peccata
3025 3412 3234 3495 multa,

625 3521 924 3604 quoniam
957 3520 1171 3584 dilexit
1203 3519 1508 3600 multum;
1568 3519 1669 3583 Ez.
1710 3527 1808 3596 18,
1842 3525 1959 3589 21:
1993 3526 2096 3597 33,
2134 3525 2247 3588 12:
2312 3519 2613 3604 Impietas
2644 3522 2826 3605 impii
2857 3539 2983 3583 non
3014 3522 3234 3585 nocebit

622 3628 700 3709 ei,
734 3628 795 3690 in
830 3648 1196 3712 quacunque
1227 3629 1325 3691 die
1355 3648 1678 3692 conversus
1707 3626 1904 3708 fuerit
1951 3626 2029 3691 ab
2065 3630 2380 3711 impietate
2423 3648 2545 3691 sua
2557 3651 2584 3708 ;
2629 3628 2818 3691 Zach.
2862 3635 2913 3704 l,
2950 3633 3023 3697 3:
3089 3626 3232 3690 Con-

625 3733 940 3796 vertimini
972 3735 1059 3799 ad
1090 3757 1203 3814 me,
1234 3737 1324 3798 ait
1357 3734 1668 3798 Dominus
1698 3735 2100 3818 exercituum,
2133 3741 2188 3798 et
2219 3741 2540 3799 convertar
2572 3735 2659 3799 ad
2688 3755 2794 3797 cos
2825 3742 2945 3799 etc.
2978 3733 3072 3797 Ex
3104 3733 3233 3816 qui·

627 3841 751 3903 bus
785 3841 877 3904 ita
908 3847 1465 3921 argumentamur:
1497 3841 1566 3904 In
1597 3840 1671 3904 V.
1703 3839 2117 3905 Testamento
2163 3859 2323 3905 sane
2367 3841 2621 3905 adultus
2661 3847 2920 3923 poterat
2950 3839 3234 3904 obtinere

620 3954 1034 4028 peccatorum
1065 3947 1526 4024 remissionem,
1560 3948 1842 4030 alioquin
1875 3947 2085 4012 nullus
2115 3949 2429 4029 potuisset
2458 3949 2710 4013 salvari.
2773 3948 2966 4030 Atqui
2995 3966 3130 4011 non
3162 3964 3232 4010 ex

625 4071 819 4134 opere
853 4061 1120 4135 operato
1153 4074 1268 4136 per
1301 4054 1652 4120 efficaciam
1685 4056 1953 4138 alicujus
1985 4057 2375 4122 sacramenti
2407 4058 2490 4143 (n.
2526 4062 2608 4124 27
2615 4057 2699 4143 8).
2731 4055 2896 4137 Ergo
2930 4073 3012 4119 ex
3045 4071 3232 4138 opere

630 4160 961 4242 operantis
996 4181 1113 4225 seu
1145 4162 1362 4245 aliquo
1393 4163 1593 4245 ipsius
1627 4170 1795 4227 actu.
1859 4164 2045 4243 Quod
2077 4165 2132 4228 si
2163 4171 2420 4246 poterat
2466 4165 2814 4246 impetrare
2846 4163 3062 4245 aliquo
3095 4169 3232 4226 actu

847 4370 879 4434 ¹)
911 4364 1114 4418 Merito
1142 4369 1335 4418 autem
1373 4368 1638 4419 statuunt
1682 4366 1954 4435 theologi,
2000 4369 2353 4436 peccatorem
2397 4365 2459 4418 in
2498 4364 2897 4435 suppositione
2931 4361 3232 4419 oblivionis

624 4446 983 4513 peccatorum
1013 4461 1244 4498 suorum
1264 4445 1571 4514 justificari
1597 4446 1715 4500 solo
1743 4449 1875 4499 actu
1904 4445 2056 4499 cari
2077 4448 2148 4498 ta
2166 4445 2265 4498 tis
2295 4446 2591 4516 perfectae,
2632 4462 2762 4499 cum
2803 4444 2941 4498 haec
2983 4445 3057 4500 ob
3080 4460 3228 4498 suam

625 4522 1034 4590 praestantiam
1064 4526 1122 4578 et
1147 4525 1456 4580 efficaciam
1487 4526 1563 4579 sit
1589 4526 1784 4580 totalis
1809 4526 2028 4580 aversio
2056 4543 2089 4578 a
2116 4530 2346 4596 peccato
2373 4528 2430 4579 et
2455 4524 2749 4579 conversio
2775 4524 2847 4577 ad
2877 4523 3078 4588 Deum,
3104 4522 3230 4578 hinc

624 4602 781 4654 virt
799 4619 830 4655 u
851 4618 883 4655 a
903 4602 1000 4656 lis
1026 4605 1316 4659 contritio.
1369 4606 1452 4661 Cf.
1478 4606 1513 4660 S
1530 4624 1563 4659 a
1581 4624 1605 4659 s
1622 4622 1691 4660 se
1718 4608 1759 4660 t.
1788 4608 1853 4659 Π.
1883 4607 1964 4659 th.
1991 4612 2040 4663 6.
2092 4606 2180 4658 Ad
2208 4605 2599 4659 remissionem
2626 4621 2759 4659 vero
2785 4607 3146 4674 peccatorum
3171 4602 3229 4653 in

623 4689 973 4740 sacramento
996 4687 1383 4757 poenitentiae
1402 4689 1768 4743 obtinendam
1786 4687 2103 4757 requiritur
2119 4686 2387 4741 contritio
2415 4687 2443 4739 f
2453 4704 2485 4739 o
2501 4701 2530 4739 r
2548 4705 2600 4739 m
2617 4704 2650 4740 a
2666 4688 2686 4741 l
2704 4686 2764 4740 is
2790 4689 2928 4758 (non
2949 4684 3229 4757 perfecta),

622 4766 763 4832 quia
791 4783 855 4819 ea-
885 4770 1105 4836 spectat
1129 4768 1200 4820 ad
1230 4770 1564 4824 sacramenti
1594 4769 1906 4823 materiam.
