3538 5364
555 229 687 295 596
1020 219 1207 274 Tract.
1234 220 1301 273 X.
1328 219 1397 273 de
1423 219 1541 274 Deo
1568 221 2037 275 consummatore.
2062 218 2145 272 De
2170 218 2514 273 daemonum
2540 216 2713 270 statu.

553 397 832 467 Orientis
863 406 1076 467 sectas
1110 400 1451 487 (quosdam
1501 401 1630 465 scil.
1682 419 1763 466 ex
1812 400 2220 475 nestorianiS,
2270 396 2569 474 armeniS,
2594 394 2914 479 jacobitis,
2945 396 3175 477 coptis,

552 508 801 589 graecis
832 507 1282 595 schismaticis)
1316 524 1570 574 necnon
1590 507 1917 590 ⁴quosdam
1947 512 2298 571 novatores
2318 503 2793 592 (anabaptistas
2814 503 2979 589 etc),
3011 520 3176 585 quo·

552 635 697 680 rum
727 613 947 697 plures
976 614 1223 696 fingunt
1252 614 1508 679 animae
1553 632 1855 679 somnum
1906 610 2652 700 (psychopannychiam).
2715 609 3036 675 Probatur
3066 627 3178 674 as-

555 720 754 788 sertio
790 720 1109 787 catholica
1142 739 1224 786 ex
1254 720 1570 803 parabola
1603 721 1896 803 epulonis
1927 721 2077 784 Luc.
2116 725 2218 797 16,
2250 711 2336 788 22
2369 739 2416 783 s,
2451 724 2515 785 et
2545 738 2626 784 ex
2643 717 2850 784 Judae
2881 715 3015 781 fato
3035 716 3177 781 Act.

561 836 618 907 1,
650 833 769 905 25ς
803 847 884 894 ex
914 836 1172 911 patrum
1204 827 1540 909 suffragio:
1572 829 1664 891 ita
1695 846 1747 892 e.
1783 847 1841 909 g.
1873 826 2323 909 Gregorius
2353 826 2434 890 Μ.
2465 823 2612 890 dial.
2643 824 2746 902 IV,
2778 831 2898 900 283
2957 822 3179 901 ,Sicut

554 934 796 1002 electos
826 935 1159 1001 beatitudo
1209 934 1531 1012 laetificat,
1579 937 1673 1000 ita
1719 935 1896 1001 credi
1943 952 2208 1001 necesse
2258 940 2376 1011 est,
2420 933 2594 1017 quod
2625 951 2666 997 a
2697 931 2802 996 die
2833 933 3042 997 exitus
3073 931 3187 996 sui

558 1044 721 1124 ignis
755 1042 1071 1125 reprobos
1103 1048 1388 1108 exurat<
1459 1042 1548 1108 Ct.
1579 1063 1628 1111 s,
1660 1043 2011 1107 Thomas
2056 1061 2110 1107 c.
2145 1047 2367 1122 gentes
2397 1040 2499 1117 IV,
2532 1045 2635 1118 91,
2686 1039 2796 1105 ubi
2848 1035 3189 1131 interealiav

553 1157 773 1215 notat:
842 1147 1068 1225 ,Nulla
1096 1150 1266 1214 ratio
1311 1155 1428 1227 est,
1475 1168 1677 1233 quare
1708 1150 1776 1214 in
1804 1149 2138 1232 punitione
2180 1148 2284 1215 vel
2312 1147 2780 1231 praemiatione
2811 1146 3183 1212 animarum

555 1263 929 1341 expectetur
961 1257 1316 1340 resumptio
1345 1274 1712 1338 corporum,
1742 1256 1898 1340 quin
1930 1255 2134 1338 magis
2166 1255 2557 1320 conveniens
2601 1255 2873 1332 videtur,
2918 1262 2991 1321 ut
3034 1255 3181 1319 ani-

554 1383 719 1441 mae,
751 1365 818 1428 in
849 1364 1080 1447 quibus
1111 1382 1227 1447 per
1257 1363 1436 1446 prius
1468 1362 1586 1428 fuit
1620 1362 1815 1446 culpa
1846 1371 1912 1429 et
1940 1362 2471 1445 meritum,.prius
2491 1362 2686 1427 etiam
2706 1361 3056 1443 puniantur
3074 1361 3184 1427 vel

555 1470 1047 1552 praemientur„⁴1

737 1609 882 1663 642.
932 1593 1300 1664 Scholion.
1366 1600 1455 1657 Do
1496 1600 1841 1659 daemonum
1885 1608 2062 1659 statu.
2119 1634 2197 1644 —
2248 1600 2414 1659 Circa
2444 1599 2798 1660 daemonum
2828 1605 2965 1676 post
2996 1620 3180 1661 suum

553 1690 789 1766 lapsum
820 1687 1218 1748 conditionem
1250 1707 1371 1747 non
1402 1707 1524 1747 una
1553 1693 1647 1749 est
1676 1692 1946 1759 veterum
1979 1690 2291 1748 sententia.
2356 1689 2412 1747 N
2415 1707 2495 1748 on
2525 1690 2747 1749 desunt

710 1864 713 1867 ,
738 1793 810 1872 1.,
842 1795 950 1873 qui
995 1799 1288 1866 censeant,
1335 1795 1557 1855 eisdem
1588 1814 1934 1856 concessum
1963 1797 2146 1856 fuisse
2175 1799 2414 1873 tempus
2446 1797 2707 1874 agendae
2738 1797 3182 1873 poenitentiae3

554 1887 644 1945 ita
673 1887 1019 1951 Clemens
1052 1885 1197 1948 alex.
1232 1886 1509 1947 Stromat.
1543 1885 2359 1957 I‚17;Ambrosiaster
2389 1886 2454 1944 in
2483 1885 2632 1962 Eph.
2666 1896 2722 1958 3,
2764 1897 2875 1957 103
2906 1889 3188 1947 auctor

554 1966 1095 2035 consulfiZachaei
1127 1973 1438 2034 christiani
1469 1967 1750 2057 (Migne
1786 1983 1886 2045 20,
1929 1985 2087 2039 1101
2129 1972 2234 2055 s.);
2282 1975 2776 2034 Philastrius
2822 1974 2977 2035 haer.
3019 1987 3181 2047 114;

554 2063 1269 2124 Pseudo-Basilius
1301 2063 1365 2122 in
1396 2062 1609 2134 1s.14‚
1652 2075 1726 2127 19
1761 2083 1819 2127 n.
1846 2064 2397 2156 279313idorus
2426 2065 2666 2125 thessal.
2703 2059 2845 2147 (sec.
2877 2061 3059 2146 XIV.)
3094 2084 3183 2125 or.

555 2154 622 2211 in
652 2153 928 2230 deiparae
957 2171 1212 2215 annunc.
1276 2153 1356 2212 cf.
1391 2171 1572 2229 supra
1600 2154 1675 2225 11,
1714 2153 1895 2216 416³.

732 2257 797 2323 2.
828 2259 952 2318 Alii
966 2262 1287 2336 praeeunte
1317 2259 1358 2318 J
1372 2260 1591 2319 ustin
1607 2279 1641 2319 o
1674 2261 1846 2337 Apol.
1865 2260 1911 2323 1.
1931 2278 1988 2324 n.
2013 2268 2092 2323 28
2115 2262 2348 2336 putant,
2365 2259 2667 2319 diabolum
2690 2274 2858 2319 suam
2891 2260 2953 2319 in
2984 2264 3180 2321 aeter·

553 2367 702 2409 num
732 2349 1038 2428 ignorasse
1068 2348 1507 2409 damnationem
1537 2367 1604 2407 ac
1632 2349 1897 2425 primum
1937 2368 2008 2407 ex
2040 2349 2259 2408 Christi
2291 2344 2569 2408 didicisse
2599 2349 2813 2409 verbis.
2873 2350 2968 2408 Ita
3011 2350 3137 2409 Ire
3155 2384 3181 2396 -

553 2457 791 2498 naeus
836 2438 904 2510 V,
954 2447 1035 2502 26
1084 2458 1142 2497 n.
1196 2449 1220 2500 l
1246 2458 1260 2497 t
1309 2438 1509 2507 ,Bene
1538 2438 1825 2497 Justinus
1870 2437 2035 2509 dixit,
2082 2437 2364 2514 quoniam
2407 2441 2548 2497 ante
2579 2439 2903 2498 adventum
2934 2439 3179 2498 Domini

555 2547 866 2603 nunquam
911 2545 1094 2586 ausus
1139 2529 1233 2587 est
1276 2522 1511 2587 satanas
1543 2527 1951 2603 blasphemare
1983 2528 2189 2598 Deum,
2234 2527 2457 2603 quippe
2487 2527 2751 2587 nondum
2785 2527 2980 2587 sciens
3013 2529 3181 2588 dam-

553 2617 856 2676 nationem
904 2624 1145 2688 suam3‘
1194 2635 1344 2691 quae
1389 2616 1571 2675 refert
1612 2616 1794 2675 etiam
1838 2616 2229 2676 Eusebius
2262 2617 2333 2680 H.
2366 2616 2431 2675 E.
2462 2616 2561 2688 IV,
2604 2626 2699 2681 18.
2764 2618 2858 2675 Ita
2899 2621 3184 2678 auctor

557 2707 835 2766 carminis
866 2706 1005 2766 adin
1028 2708 1201 2767 Marc.
1234 2707 1280 2777 Ι,
1319 2715 1387 2777 3;
1426 2706 1918 2782 Epiphanius
1950 2707 2108 2770 haer.
2143 2716 2223 2770 39
2257 2726 2318 2771 n.
2352 2715 2423 2778 83
2470 2706 2831 2766 Isidorus
2876 2709 3179 2784 pelusiota

555 2816 646 2873 ep.
679 2797 752 2869 H,
791 2807 904 2866 903
939 2795 1453 2854 Oecumenius
1485 2795 1549 2853 in
1581 2813 1630 2854 c.
1665 2796 1777 2857 ult.
1809 2814 1899 2872 ep.
1939 2807 1962 2859 1
2006 2814 2052 2858 a.
2084 2796 2264 2860 Petri.

736 2900 803 2966 3.
844 2902 1046 2974 [Aliam
1092 2902 1451 2961 sententiam
1495 2902 1581 2961 ita
1625 2903 1910 2962 enunciat
1953 2903 2322 2963 Patavius
2366 2903 2441 2962 de
2485 2902 2711 2980 angelis
2740 2901 2846 2968 111.
2896 2914 2933 2966 4
2982 2901 3016 2971 ἓ
3063 2915 3181 2967 19:

557 2993 759 3065 ,Haec
790 2991 1178 3065 antiquorum
1209 2991 1331 3050 fere
1362 2990 1778 3074 theologorum
1803 2991 2011 3069 opinio
2042 2992 2296 3065 exstitit,
2344 2991 2611 3052 nondum
2648 2992 2789 3069 igne
2818 2992 2926 3051 illo
2959 2995 3184 3070 sempi-

552 3085 727 3141 terno
772 3099 838 3139 ac
883 3069 1206 3139 novissimo
1237 3079 1711 3158 gravissimoque
1742 3080 2033 3157 supplicio
2064 3081 2216 3140 affici
2263 3082 2603 3140 daemones:
2655 3082 2759 3140 sed
2808 3082 2918 3154 hoc
2965 3082 3031 3141 in
3076 3101 3183 3141 ex-

554 3171 735 3229 tremi
757 3169 974 3246 judicii
1005 3171 1242 3245 tempus
1275 3170 1579 3231 reservari.
1628 3170 1794 3228 Unus
1824 3188 1985 3228 nunc
2016 3171 2218 3230 Beda
2250 3170 2338 3249 (in
2356 3169 2479 3229 Jac.
2504 3180 2560 3241 3,
2599 3166 2661 3250 6)
2694 3170 2869 3230 nobis
2900 3171 3184 3242 occurrit,

553 3259 662 3335 qui
694 3259 827 3317 illos
858 3258 1160 3335 gehennae
1191 3258 1467 3319 incendio
1497 3259 1749 3318 cremari
1781 3258 1998 3318 diserte
2030 3260 2245 3319 asserit
2275 3305 2289 3319 .
2323 3305 2337 3318 .
2370 3303 2385 3318 .
2430 3259 2542 3318 Sed
2575 3260 2909 3336 complures
2957 3278 3025 3319 ac
3056 3260 3184 3320 fere

556 3348 914 3406 vetustiores
946 3346 1123 3405 aliter
1154 3348 1443 3420 sentiunt,
1489 3352 1562 3407 ut
1604 3347 1679 3407 ad
1723 3348 1930 3411 Matth.
1965 3366 2011 3407 c.
2049 3358 2083 3413 8
2119 3349 2316 3408 Mald
2335 3351 2618 3408 cuatus
2650 3350 2889 3408 fatetur.
2952 3349 3026 3408 In
3057 3369 3187 3425 quo

555 3436 914 3513 prudentius
965 3438 1420 3511 consultiusque
1467 3437 1608 3496 facit
1655 3456 1837 3513 quam
1886 3438 2157 3514 plerique
2205 3437 2484 3515 theologi,
2536 3438 2641 3512 qui
2690 3438 2969 3516 antiquos
3017 3439 3183 3510 illos,

554 3544 706 3601 quos
738 3524 934 3597 citavi,
975 3529 1176 3601 patres
1206 3526 1428 3586 invitos
1474 3527 1547 3585 ab
1593 3545 1677 3596 ea,
1722 3546 1902 3602 quam
1932 3528 2245 3603 perspicue
2277 3531 2547 3597 tuentur,
2595 3527 2667 3585 ad
2714 3545 2882 3604 suam
2912 3546 3184 3587 commu-

557 3634 815 3690 nemque
847 3615 1206 3675 sententiam
1237 3616 1558 3674 transferre
1591 3616 1855 3687 student,
1896 3633 1963 3674 ao
1993 3619 2356 3676 tormentum
2388 3607 2541 3674 illud
2574 3619 2905 3676 extremum
2936 3605 3184 3676 daemo-

558 3724 722 3774 num,
757 3703 916 3781 quod
935 3703 1013 3763 iis
1034 3702 1160 3764 dies
1172 3705 1388 3781 judicii
1409 3704 1633 3774 afferet,
1669 3723 1839 3764 secus
1856 3705 2351 3781 interpretantur,
2374 3724 2553 3780 quam
2573 3705 2816 3764 illorum
2834 3706 3186 3765 testimonia

555 3793 821 3853 ferunt.‘
853 3794 1208 3852 Innituntur
1238 3796 1435 3869 patres
1464 3794 1812 3868 praesertim
1847 3793 2052 3856 Matth.
2077 3803 2176 3865 25,
2216 3805 2284 3856 41
2314 3815 2328 3866 ;
2360 3793 2401 3852 J
2404 3794 2553 3852 udae
2588 3805 2659 3865 ὃς
2697 3802 2731 3856 2
2767 3793 2923 3854 Petr.
2947 3803 3003 3866 2,
3030 3804 3086 3856 4.
3112 3806 3182 3866 93

557 3893 619 3952 3,
657 3891 689 3946 7
712 3905 726 3952 3
773 3884 952 3958 Apoc.
995 3891 1093 3960 12,
1130 3891 1166 3944 9
1202 3900 1278 3940 ss.
1346 3880 1629 3949 Quocirca
1663 3882 1906 3959 vulgata
1936 3882 2252 3941 admodum
2286 3884 2379 3941 est
2408 3882 2568 3959 apud
2599 3887 2828 3943 veteres
2859 3885 3182 3955 sententia,

554 3972 871 4030 daemones
904 3970 1140 4029 inferno
1171 3969 1438 4029 nondum
1470 3971 1714 4039 includi,
1771 3971 1875 4029 sed
1920 3990 2027 4046 per
2068 3978 2204 4030 aera
2247 3972 2466 4048 vagari.
2527 3973 2620 4030 Ita
2663 3971 2880 4048 passim
2912 3974 3181 4050 Augu-

555 4060 853 4129 stinus,
890 4077 957 4117 ex
990 4078 1076 4136 gr.
1109 4059 1182 4117 de
1213 4059 1372 4119 civit.
1406 4059 1512 4117 Dei
1542 4059 1639 4130 XI,
1679 4069 1793 4124 33:
1843 4060 2162 4131 ,Peccasse
2194 4063 2395 4119 autem
2428 4062 2715 4135 quosdam
2749 4060 2989 4139 angelos
3018 4066 3082 4120 et
3113 4063 3185 4121 in

554 4147 736 4223 hujus
781 4148 991 4207 mundi
1037 4147 1158 4206 ima
1201 4144 1385 4230 (infra
1422 4147 1571 4207 dicit
1600 4149 1830 4207 aerium
1860 4143 2116 4232 coelum)
2152 4149 2443 4220 detruSOS,
2490 4150 2592 4228 qui
2640 4150 2727 4208 eis
2770 4151 2939 4209 velut
2982 4168 3187 4211 carcer

552 4239 665 4308 est,
713 4253 903 4312 usque
948 4236 1337 4296 adfuturam
1372 4238 1437 4296 in
1480 4237 1576 4295 die
1613 4237 1832 4313 judicii
1861 4238 2135 4297 ultimam
2170 4239 2610 4298 damnationem
2641 4258 2733 4316 ap.
2764 4239 2978 4298 Petrus
3008 4259 3184 4315 aper-

557 4326 792 4384 tissime
838 4325 1103 4385 ostendit
1146 4326 1368 4396 dicenS,
1414 4325 1580 4402 'quod
1612 4326 1769 4385 Deus
1814 4327 2040 4403 angelis
2086 4328 2468 4404 peccantibus
2511 4346 2631 4387 non
2674 4329 3020 4405 pepercerit,
3074 4331 3184 4389 sed

556 4414 895 4473 carceribus
928 4407 1198 4496 caliginis
1231 4413 1410 4496 inferi
1441 4415 1757 4474 retrudens
1795 4415 2109 4475 tradiderit
2152 4416 2215 4475 in
2253 4415 2480 4492 judicio
2525 4417 2858 4496 puniendos
2902 4412 2990 4499 (2.
3021 4417 3182 4481 Petr.

563 4512 622 4573 2,
657 4498 783 4584 ,4).(
848 4505 940 4562 Ita
984 4507 1047 4562 et
1077 4522 1123 4561 e.
1154 4505 1706 4564 Bonaventura
1736 4507 1801 4563 in
1837 4513 1870 4566 2
1906 4505 1963 4567 d.
1998 4516 2033 4568 6
2067 4525 2116 4564 a.
2150 4493 2187 4568 2
2223 4526 2279 4582 q.
2320 4517 2385 4569 1:
2435 4506 2650 4576 ,Sicut
2692 4507 2858 4581 patet
2902 4524 2972 4564 ex
3018 4506 3176 4566 Scri·

558 4594 756 4668 pturis
789 4593 952 4651 locus
985 4592 1338 4657 daemonum
1368 4595 1505 4670 post
1535 4594 1773 4669 lapsum
1803 4611 1996 4669 usque
2032 4593 2106 4652 ad
2139 4594 2294 4655 diem
2319 4595 2533 4670 judicii
2563 4612 2685 4663 non
2714 4597 2808 4655 est
2837 4595 3004 4654 locus
3035 4595 3183 4655 sub·

553 4684 880 4752 terramus,
922 4700 1099 4757 quem
1129 4700 1406 4741 vocamus
1447 4682 1765 4754 infernum,
1816 4683 1918 4742 sed
1968 4690 2067 4742 aer
2113 4684 2490 4761 caliginosus,
2542 4685 2607 4743 in
2656 4702 2774 4760 quo
2822 4683 3183 4743 daemonum
