3538 5364
579 286 708 353 673
873 280 1056 334 Tract.
1085 280 1150 334 X.
1177 280 1246 333 de
1273 278 1391 334 Deo
1417 280 1893 334 consummatore.
1923 279 2120 333 'rhesis
2148 278 2479 335 CCLXXXI.
2510 278 2713 333 Cultus
2740 279 2917 335 notio.

759 467 922 526 Unde
953 469 1121 542 patet
1150 482 1213 532 a.
1246 466 1476 526 cultum
1508 465 1687 524 inniti
1730 466 2101 537 veritate,
2148 466 2287 524 hinc
2330 463 2401 529 b.
2451 483 2581 525 esse
2625 464 3015 536 debitum,
3064 483 3205 524 cum

577 556 797 615 veritas
843 574 1053 614 norma
1097 574 1227 615 esse
1272 555 1498 625 debeat,
1545 555 1870 614 secundum
1902 574 2081 630 quam
2115 573 2379 632 agamus.
2446 554 2731 623 Quocirca
2778 570 2841 619 c.
2890 555 3060 614 nulla
3109 560 3207 613 est

578 645 826 704 societas
872 645 1080 704 saltem
1128 645 1305 716 culta,
1356 645 1422 703 in
1470 663 1589 719 qua
1635 663 1754 723 non
1803 643 2026 720 aliquis
2070 644 2271 722 vigeat
2302 664 2443 722 erga
2472 645 2904 720 praestantiora
2934 643 3210 703 membra

578 735 777 794 cultus
810 735 1078 810 ejusdem
1109 734 1297 794 indoli
1329 732 1708 809 respondens.
1773 733 1967 802 Quare
2013 729 2083 797 d.
2130 734 2493 810 praejudicio
2525 733 2882 811 colligimus,
2920 733 3100 792 etiam
3135 733 3203 792 in

577 824 852 895 Ecclesia,
900 842 1051 899 quae
1082 842 1336 900 regnum
1367 825 1457 881 est
1502 822 1791 891 veritatis,
1838 841 1965 881 esse
2009 823 2258 894 cultum,
2306 822 2415 899 qui
2459 821 2659 881 debita
2688 822 3074 898 proportione
3105 842 3198 881 re-

577 912 863 987 spondeat
893 911 1155 983 dotibus,
1202 931 1352 988 quae
1398 912 1464 970 in
1508 911 1904 971 nobilioribus
1936 911 2195 988 ejusdem
2231 911 2514 971 membris
2545 912 2866 989 refulgent.
2931 912 2982 970 A
3030 912 3206 970 cultu

578 1000 881 1079 distingue
927 1001 1322 1073 honorem,
1374 1020 1551 1076 quem
1597 1019 1644 1064 s,
1687 1001 2005 1067 Thomas
2061 1013 2110 1064 1.
2160 1010 2193 1062 2
2244 1021 2299 1077 q.
2337 1011 2371 1063 2
2407 1021 2458 1063 a.
2493 1008 2527 1062 2
2564 1000 2773 1060 definit
2820 1000 3102 1078 ,signum
3137 1005 3200 1059 et

575 1091 984 1150 testimonium
1016 1091 1313 1166 quoddam
1345 1090 1513 1149 illius
1545 1090 1943 1160 excellentiae,
1991 1109 2143 1165 quae
2188 1092 2278 1149 est
2317 1091 2381 1148 in
2414 1091 2763 1149 honorata<
2833 1090 2991 1148 Deus
3037 1090 3200 1148 enim

576 1180 841 1250 honorat,
877 1179 980 1239 sed
1012 1198 1133 1239 non
1164 1180 1309 1238 colit
1341 1182 1594 1238 sanctos,
1660 1179 1871 1239 Cultus
1917 1183 2008 1237 est
2054 1179 2242 1238 honor
2287 1198 2421 1238 cum
2468 1178 3032 1247 submissione,
3080 1198 3200 1254 qua

575 1270 825 1328 alterius
861 1269 1342 1345 superioritatem
1374 1268 1583 1327 saltem
1614 1268 1678 1326 in
1712 1269 1915 1343 aliqua
1944 1268 2376 1345 praerogativa,
2410 1271 2794 1343 nostramque
2825 1287 2967 1344 erga
2997 1268 3199 1344 ipsum

576 1358 1035 1417 submissionem
1071 1359 1184 1416 sub
1216 1361 1489 1433 respectu
1523 1358 1702 1434 hujus
1735 1358 2118 1416 excellentiae
2148 1357 2512 1433 profitemur.

753 1478 817 1547 2.
849 1475 1240 1542 Excellentia
1272 1483 1492 1540 autem
1523 1483 1786 1558 propter
1829 1495 2024 1558 quam
2071 1477 2212 1558 quis
2244 1476 2490 1551 colitur,
2539 1482 2638 1541 est
2677 1476 2778 1541 vel
2809 1477 3102 1541 increata
3135 1483 3205 1541 et

576 1582 876 1648 absoluta
906 1583 1227 1665 perfectiO,
1261 1602 1427 1665 quae
1460 1590 1558 1647 est
1587 1584 1787 1647 solius
1819 1582 1953 1660 Dei,
1986 1581 2088 1648 vel
2120 1584 2438 1666 quaedam
2472 1583 2758 1665 ejusdem
2789 1581 3203 1665 participatio

576 1696 799 1754 creata
831 1690 1070 1754 ordinis
1101 1691 1235 1756 sive
1267 1690 1576 1754 naturalis
1609 1690 1744 1754 sive
1779 1690 2304 1772 supernaturalia,
2338 1707 2504 1773 quae
2529 1691 2762 1755 iterum
2796 1689 3102 1754 dividitur
3132 1689 3201 1753 in

575 1798 857 1862 rationes
890 1797 1237 1862 admodum
1270 1798 1574 1862 diversas
1637 1796 1841 1861 Porro
1891 1797 2269 1862 excellentia
2315 1796 2605 1862 increata
2654 1803 2717 1862 et
2746 1795 3053 1878 perfectio
3088 1816 3202 1859 su-

573 1906 998 1987 pernaturalis
1030 1912 1095 1970 et
1125 1905 1437 1971 naturalis
1483 1910 1622 1968 toto
1671 1903 1972 1969 differunt
2002 1922 2257 1985 genere,
2306 1922 2427 1970 nec
2460 1902 2851 1969 conveniunt
2880 1902 3004 1965 nisi
3035 1920 3203 1966 ana·

573 2011 794 2092 logice.
858 2011 1072 2091 Quare
1115 2012 1345 2076 merito
1392 2012 1601 2075 cultus
1647 2029 1765 2093 pro
1813 2010 2184 2076 diversitate
2216 2009 2654 2087 excellentiae,
2704 2016 2969 2091 propter
3001 2027 3199 2091 quam

575 2117 927 2196 exhibetur,
960 2119 1122 2182 alius
1155 2124 1349 2201 atque
1383 2119 1543 2182 alius
1577 2123 1690 2183 est.
1755 2116 1995 2194 Cultus,
2030 2119 2138 2201 qui
2172 2118 2291 2182 soli
2323 2118 2457 2182 Deo
2489 2123 2753 2199 propter
2783 2115 3101 2179 infinitam
3133 2123 3203 2181 et

573 2226 927 2291 increatam
961 2224 1407 2291 excellentiam
1439 2232 1537 2290 est
1568 2224 1966 2302 deferendus,
2010 2245 2129 2289 usu
2163 2224 2600 2289 ecclesiastico
2632 2241 2762 2287 non
2796 2223 2933 2287 sine
2966 2224 3197 2286 funda-

576 2339 793 2398 mento
826 2332 1060 2398 biblico
1092 2332 1272 2399 Deut.
1307 2337 1366 2409 6,
1402 2337 1485 2401 13
1537 2332 1896 2414 appellatur
1928 2332 2206 2420 λατρεία,
2242 2339 2305 2397 et
2336 2350 2507 2395 nunc
2540 2349 2778 2395 nomen
2810 2330 3205 2394 adoratio

577 2439 660 2503 ad
692 2457 840 2503 eum
873 2439 1337 2520 designandum
1369 2440 1788 2521 restringitur,
1819 2440 1937 2504 etsi
1957 2439 2110 2504 illud
2130 2440 2296 2504 sicut
2312 2446 2376 2504 et
2394 2457 2517 2504 vox
2538 2455 2773 2518 graeca
2789 2437 3205 2525 προσκύνησις

573 2564 689 2627 per
719 2565 790 2611 se
822 2553 886 2610 et
918 2546 1088 2627 apud
1123 2546 1337 2628 plures
1357 2545 1700 2628 scriptores
1716 2551 1973 2610 veteres
1994 2546 2194 2609 multo
2216 2545 2407 2609 latius
2439 2549 2620 2627 patet
2636 2545 2701 2631 ¹).
2736 2540 2989 2607 Omisso
3025 2544 3199 2607 cultu

573 2652 741 2718 civili
773 2653 856 2718 ob
891 2653 1333 2719 excellentiam
1365 2653 1747 2729 naturalem,
1782 2660 1845 2718 et
1876 2652 2080 2718 altero
2114 2670 2319 2729 sacro,
2353 2652 2535 2734 cujus
2568 2651 2896 2734 objectum
2930 2649 3199 2715 formale

574 2780 689 2827 seu
719 2762 1030 2825 motivum
1065 2767 1162 2825 est
1206 2761 1480 2842 dignitas
1526 2761 1808 2825 muneris
1842 2767 1907 2825 et
1937 2760 2329 2824 characteris
2380 2757 2921 2842 supernaturalis:
2968 2759 3200 2834 cultus,

574 2868 684 2950 qui
714 2868 1024 2933 creaturis
1055 2866 1339 2933 defertur
1371 2867 1453 2931 ob
1488 2867 1927 2932 excellentiam
1973 2867 2526 2949 supernaturalem
2558 2867 2625 2930 in
2656 2866 2880 2930 ordine
2912 2865 3195 2929 sanctifi-

574 2975 846 3039 cationis
878 2980 943 3039 et
973 2975 1443 3056 conjunctionis
1462 2991 1609 3038 cum
1629 2974 1762 3052 Deo
1785 2975 1868 3038 ad
1889 2973 2367 3039 distinctionem
2398 2992 2439 3038 a
2471 2979 2717 3060 λατρεία
2748 2991 2872 3036 usu
2893 2970 3195 3055 loquendi

565 3080 1006 3147 ecclesiastico
1040 3081 1270 3145 dicitur
1313 3086 1560 3157 ὀυλεὶα,
1607 3082 1759 3164 quia
1808 3083 2016 3146 sancti
2063 3089 2214 3146 sunt
2245 3086 2456 3149 δοῦλοι
2488 3082 2618 3145 Dei.
2680 3079 2847 3159 Quia
2890 3097 3047 3143 vero
3079 3077 3198 3143 Dei

573 3189 763 3251 matri
795 3194 931 3252 tum
963 3188 1045 3252 ob
1080 3188 1520 3253 sublimiorem
1542 3191 1956 3255 sanctitatem
1978 3195 2042 3254 et
2062 3179 2331 3270 gloriam
2351 3207 2513 3271 prae
2534 3187 2839 3252 omnibus
2860 3187 3198 3263 creaturiS,

574 3301 711 3357 tum
743 3293 825 3357 ob
860 3295 997 3375 ejus
1018 3295 1407 3376 singularem
1426 3313 1574 3360 cum
1593 3296 1810 3360 Verbo
1833 3297 2171 3361 incarnato
2194 3296 2716 3378 conjunctionem
2749 3293 2958 3357 cultus
2996 3292 3197 3356 debe-

574 3409 677 3465 tur
708 3401 772 3464 in
804 3401 1003 3482 gradu
1036 3403 1486 3482 excellentiori,
1518 3404 1663 3468 ideo
1697 3404 1751 3467 is
1784 3404 2016 3468 dicitur
2050 3422 2091 3467 a
2124 3404 2443 3485 theologis
2476 3401 2890 3491 ὁπερδουλεία.

750 3531 959 3590 Merito
992 3551 1132 3610 ergo
1165 3534 1620 3593 Leibnitius
1653 3534 1716 3592 in
1750 3537 2072 3609 systemate
2102 3535 2282 3594 theol.
2316 3533 2430 3613 (ed.
2464 3533 2805 3611 Moguntiae
2836 3527 3031 3613 1825)
3064 3551 3197 3608 pag.

579 3628 700 3684 184
737 3619 989 3697 ,Itaque
1019 3626 1261 3682 censent
1292 3623 1406 3682 viri
1438 3623 1523 3698 pii
1555 3626 1616 3681 et
1659 3624 1999 3699 prudentes,
2046 3622 2301 3683 dandam
2333 3642 2464 3683 esse
2495 3642 2750 3701 operam,
2799 3624 2869 3680 ut
2914 3620 3196 3680 omnibus

571 3710 762 3767 modis
795 3710 1111 3770 discrimen
1144 3711 1446 3770 infinitum
1484 3715 1664 3787 atque
1696 3712 2060 3771 immensum
2091 3713 2249 3772 inter
2289 3713 2590 3779 honorem,
2639 3710 2744 3786 qui
2787 3712 2909 3769 Deo
2944 3710 3196 3768 debetur

573 3803 635 3857 et
680 3801 899 3858 sanctis
945 3801 1274 3868 exhibetur,
1328 3819 1585 3875 quorum
1629 3801 1805 3859 illum
1852 3801 2108 3872 latriam,
2161 3803 2319 3861 hunc
2350 3802 2573 3861 duliam
2606 3803 2745 3876 post
2781 3799 3190 3876 Augustinum

570 3887 833 3965 theologi
865 3892 1095 3960 vocant,
1128 3908 1248 3949 non
1279 3892 1517 3949 tantum
1551 3890 1888 3949 inculcetur
1918 3890 2291 3950 audientium
2324 3909 2391 3949 ac
2423 3889 2782 3949 discentium
2816 3888 3046 3958 animis,
3092 3887 3194 3946 sed
3254 3950 3259 3954 ,

572 3976 753 4035 etiam
785 3979 1043 4036 externis
1077 3979 1284 4056 signis,
1318 3979 1510 4054 quoad
1544 3979 1700 4049 licet,
1735 3980 2147 4039 ostendatur.‘
2196 3980 2364 4040 Unde
2382 3982 2565 4056 patet,
2598 3979 2863 4054 ineptam
2893 3995 3024 4036 esse
3056 3996 3193 4053 pro-

571 4067 930 4125 testantium
948 4067 1306 4126 illationem:
1341 4068 1666 4126 secundum
1688 4068 2022 4145 Scripturas
2054 4088 2081 4128 s
2099 4071 2206 4129 oli
2237 4072 2358 4129 Deo
2390 4070 2579 4128 honor
2608 4070 2670 4128 et
2699 4067 2894 4145 gloria
2923 4071 2984 4125 et
3016 4065 3199 4124 latria

572 4158 680 4215 etc.
713 4158 808 4214 est
839 4156 1169 4219 deferenda.
1237 4156 1442 4225 Quivis
1477 4176 1617 4235 ergo
1653 4161 1992 4216 sanctorum
2027 4160 2225 4218 cultus
2257 4157 2625 4234 prohibetur.
2672 4157 2779 4215 Est
2809 4154 2967 4214 enim
3000 4155 3198 4213 illatio

573 4264 608 4301 a
640 4244 832 4319 specie
863 4246 935 4303 ad
968 4264 1176 4321 genus,
1225 4246 1330 4305 Vel
1361 4246 1518 4304 enim
1551 4247 1731 4306 verba
1761 4247 1867 4304 illa
1900 4266 2077 4322 quam
2097 4247 2384 4307 latissime
2416 4250 2478 4306 et
2507 4245 2776 4324 generice
2796 4244 3196 4320 accipiuntur,

572 4336 632 4391 et
661 4341 806 4392 tunc
837 4352 911 4393 ne
943 4334 1081 4393 filiis
1113 4335 1355 4411 quidem
1385 4335 1525 4394 licet
1556 4337 1840 4395 honorare
1873 4340 1934 4394 et
1965 4336 2153 4396 colere
2174 4340 2469 4413 parenteS,
2503 4334 2773 4412 quamvis
2791 4333 3083 4408 scriptum
3115 4333 3201 4390 sit

571 4421 673 4479 Ex.
709 4431 808 4493 20,
853 4433 960 4485 12:
998 4424 1241 4484 Honora
1264 4432 1500 4498 patrem
1531 4432 1692 4483 tuum
1727 4432 1777 4483 et
1810 4433 2056 4484 matrem
2088 4433 2248 4485 tuam
2262 4448 2291 4498 ,·
2337 4426 2499 4502 quod
2545 4425 2599 4484 si
2644 4425 2754 4483 hoc
2798 4440 3057 4481 asserere
3089 4422 3196 4479 ab·

572 4509 840 4569 surdum·
868 4515 973 4582 est,
1020 4517 1184 4589 patet
1216 4514 1398 4574 verba
1429 4533 1558 4573 esse
1591 4514 1984 4593 intelligenda
2029 4515 2102 4574 de
2150 4516 2410 4593 specie
2443 4513 2698 4590 quadam
2732 4512 2931 4571 cultus
2964 4511 3090 4570 scil.
3122 4509 3197 4568 de

794 4676 828 4744 ¹)
858 4673 940 4727 Cf.
968 4674 1036 4727 de
1062 4675 1217 4729 hisce
1247 4676 1482 4731 vocibus
1510 4675 1645 4731 Tro
1667 4687 1717 4730 111
1741 4675 1929 4730 belli
1957 4676 2025 4729 de
2053 4676 2213 4729 cultu
2236 4675 2328 4729 SS.
2352 4676 2485 4729 diss.
2510 4683 2533 4730 1
2560 4692 2605 4728 c.
2628 4679 2689 4735 33
2718 4670 3050 4726 Petavius
3075 4670 3192 4734 XV,

580 4759 595 4805 1
632 4770 704 4813 s.;
733 4753 1271 4808 Thomassinus
1298 4755 1391 4819 X1,
1421 4765 1467 4810 1.
