3538 5364
564 305 696 367 660
851 295 1034 347 Tract.
1062 295 1128 346 X.
1155 294 1224 345 de
1256 292 1366 346 Deo
1395 308 1716 347 consumma
1729 297 1867 347 tore.
1886 292 2093 351 ,Thesis
2122 290 2507 346 CCLXXVIIL
2537 290 2880 346 Chiliasmus

743 476 1186 544 Declaratio.
1251 472 1686 537 Chiliasmi
1735 474 1999 537 nomine
2034 473 2141 537 illa
2173 472 2541 553 intelligitur
2573 472 2808 554 opini0,
2841 490 3006 554 quae
3039 489 3215 551 reg-

562 602 717 646 num
751 581 983 646 Christi
1017 580 1339 667 (Messiae)
1392 579 1726 644 visibiliter
1775 579 2102 644 redeuntis
2156 579 2511 659 gloriosum
2561 595 2709 642 cum
2761 579 3003 642 sanctis
3050 579 3215 641 suis

564 688 918 755 secundum
952 707 1186 769 corpus
1211 687 1348 768 jam
1368 687 1763 751 resuscitatis
1798 686 1864 750 in
1897 686 2055 751 urbe
2075 686 2434 752 Jerusalem
2455 685 2791 765 magnifice
2822 692 3213 750 restaurata

563 798 663 862 vel
695 797 925 861 saltem
958 795 1191 858 alicubi
1221 795 1288 858 in
1318 794 1441 857 hac
1488 801 1661 860 terra
1707 793 1894 875 quasi
1924 793 2378 859 intermedium
2413 793 2505 880 (et
2535 791 2721 875 quasi
2765 799 3213 874 praeparato-

563 903 754 989 rium)
787 903 957 967 inter
986 908 1397 983 praesentem
1429 901 1650 964 mundi
1684 918 1800 965 seu
1833 900 2157 965 Ecclesiae
2202 899 2534 963 militantis
2585 906 2827 963 statum
2873 905 2937 963 et
2979 898 3211 980 ipsam

563 1008 831 1090 gloriam
864 1016 1197 1073 aeternam
1229 1027 1343 1090 per
1376 1008 1544 1072 mille
1577 1007 1831 1071 circiter
1861 1025 2069 1071 annos
2102 1007 2481 1071 duraturum
2513 1006 2805 1071 admittit.
2870 1005 2993 1070 Pro
3026 1024 3223 1087 gau—

564 1117 816 1180 diorum
865 1116 1196 1191 varietate,
1248 1115 1480 1198 quibus
1518 1114 1676 1196 Justi
1723 1133 1804 1179 ex
1866 1114 2312 1177 chiliastarum
2362 1114 2684 1179 sententia
2736 1112 2847 1177 illo
2898 1114 2965 1176 in
3013 1120 3212 1176 statu

563 1224 869 1299 fruentur,
886 1221 1242 1286 carnalium
1272 1220 1404 1284 scil.
1437 1219 1537 1284 vel
1558 1220 2000 1302 spiritualium,
2033 1221 2405 1285 chiliasmus
2437 1220 2842 1301 distinguitur
2872 1220 2938 1283 in
2971 1237 3115 1284 cra
3134 1239 3212 1282 s-

563 1349 732 1393 sum
766 1337 831 1394 et
864 1327 1252 1392 subtilem
1283 1346 1398 1392 seu
1431 1327 1846 1409 spiritualem.
1881 1327 2041 1392 Huic
2075 1328 2296 1404 errori,
2334 1327 2400 1391 in
2431 1347 2559 1411 quo
2592 1328 2791 1392 veluti
2823 1326 3224 1391 substantia

563 1436 877 1499 chiliasmi
909 1434 1221 1510 consistit,
1255 1434 1362 1498 alii
1395 1433 1523 1498 alia
1554 1434 1817 1510 addunt,
1864 1434 2179 1516 duplicem
2213 1436 2596 1517 praesertim
2628 1436 3206 1510 resurrectionem,

563 1544 847 1624 priorem
872 1543 1211 1623 justorum,
1245 1541 1590 1622 impiorum
1609 1538 2057 1622 posteriorem,
2092 1559 2288 1623 quam
2319 1541 2681 1606 universale
2714 1541 2992 1622 excipiat
3015 1541 3215 1622 judi-f

563 1652 749 1713 cium.
812 1649 912 1713 Ad
945 1649 1347 1712 chiliasmum
1396 1646 1539 1730 plus
1572 1649 1866 1714 minusve
1898 1648 2150 1712 accedit
2180 1648 2396 1730 opinio
2430 1667 2672 1725 eorum,
2706 1649 2817 1730 qui
2847 1655 2998 1713 ante
3028 1666 3205 1711 con-

564 1756 1059 1820 summationem
1108 1755 1304 1819 seculi
1355 1754 1789 1819 felicissimam
1839 1755 2166 1837 quandam
2216 1754 2537 1821 Ecclesiae
2587 1755 3020 1820 conditionem
3072 1755 3214 1818 ad-

562 1862 828 1927 modum
860 1861 1121 1942 longam
1153 1869 1417 1943 sperant
1449 1862 1749 1926 futuram.

744 1985 888 2037 707.
920 1974 1303 2032 Chiliasmum
1335 1992 1596 2033 crassum
1615 1976 2076 2050 propugnarunt
2108 1974 2201 2033 vel
2234 1974 2295 2033 in
2327 1994 2463 2032 eum
2497 1976 2707 2034 saltem
2738 1974 3203 2051 propendemnt

552 2064 824 2140 judaei
856 2064 932 2122 ob
965 2082 1133 2123 suam
1165 2063 1410 2122 Messiae
1442 2063 1688 2140 gloriosi
1720 2081 1916 2139 spem;
1949 2082 2020 2122 ex
2052 2063 2365 2122 haereticis
2397 2064 2853 2136 Corinthus,
2886 2063 3197 2123 ebioni-

559 2155 709 2223 tae,
743 2152 1241 2228 Apollinaris
1274 2155 1424 2211 teste
1457 2153 1818 2228 Hieronymo
1852 2152 1923 2210 de
1956 2152 2102 2211 viris
2136 2152 2362 2216 illustr.
2396 2171 2442 2213 c.
2482 2163 2558 2216 16
2594 2157 2727 2224 etc.‚
2770 2154 2972 2228 plures
3005 2153 3197 2213 etiam

560 2242 933 2316 recentiores,
981 2246 1053 2300 ut
1096 2261 1151 2299 m
1171 2259 1521 2300 ormones
1539 2286 1552 2311 ,
1600 2241 2042 2317 irvingiani
2085 2245 2194 2304 ete.
2258 2242 2648 2302 chiliasmum
2698 2232 2979 2302 subtilem
3028 2242 3195 2301 haud

558 2331 732 2407 pauci
778 2350 846 2389 ex
891 2331 1164 2406 patribus
1209 2333 1270 2389 et
1307 2330 1696 2406 scriptoribus
1729 2330 1995 2405 antiquis
2029 2330 2168 2405 plus
2199 2331 2401 2390 minus
2433 2335 2701 2403 tuentur,
2749 2335 2821 2390 ut
2863 2337 3205 2408 praeeunte

559 2420 791 2496 Papia
819 2417 866 2501 ¹)
918 2417 1379 2501 Irenaeus2),
1431 2420 1603 2495 cujus
1635 2422 1837 2477 tamen
1869 2418 2140 2477 doctrina
2187 2420 2251 2478 in
2301 2421 2611 2480 nonnullis
2658 2441 2693 2480 a
2737 2421 2974 2496 proprie
3006 2420 3197 2478 dictis

559 2509 847 2568 chiliastis
879 2508 1158 2578 dissidet3
1209 2508 1248 2567 J
1263 2508 1617 2578 ustinus,
1654 2508 1758 2582 qui
1790 2505 2132 2588 testatur³),
2165 2509 2396 2568 multos
2431 2510 2580 2568 alios
2612 2510 2699 2569 ita
2729 2510 2971 2581 sentire,
3009 2510 3193 2576 „aliis

559 2598 675 2674 piis
696 2604 895 2656 tamen
913 2597 1350 2674 refragantibus
1367 2619 1381 2668 ;
1399 2607 1426 2635 *¹
1460 2597 1504 2655 Τ
1519 2615 1551 2655 e
1566 2616 1596 2654 r
1611 2600 1639 2654 t
1654 2597 1768 2655 ull
1786 2597 1858 2655 ia
1873 2616 1972 2656 nu
1988 2614 2014 2654 s
2036 2591 2112 2678 4),
2145 2596 2202 2654 N
2219 2616 2251 2655 e
2269 2618 2306 2673 p
2323 2617 2356 2657 o
2372 2617 2426 2668 s,
2461 2603 2667 2658 contra
2686 2618 2863 2674 quem
2884 2594 3200 2678 scripsit⁵)

562 2688 986 2763 Dionysius
1018 2688 1182 2757 alex„
1216 2682 1749 2768 Methodiusss),
1784 2686 2150 2745 Hilarion
2176 2684 2243 2768 7).
2278 2688 2873 2748 Commodianus
2894 2684 2967 2771 ⁸),
3001 2688 3186 2747 Lac·

560 2778 865 2836 tentius
888 2777 971 2855 9),
1016 2776 1477 2835 Victorinus
1526 2776 1720 2852 petab.
1752 2778 1863 2842 etc,
1928 2775 2012 2833 De
2058 2775 2167 2834 hac
2200 2777 2482 2852 opinione
2517 2779 3043 2854 Hieronymus
3072 2774 3191 2858 ²⁰):

564 2865 766 2935 ,Quae
801 2866 941 2924 licet
985 2884 1104 2924 non
1150 2884 1486 2941 sequamur,
1533 2869 1732 2922 tamen
1766 2865 2045 2923 damnare
2076 2883 2197 2924 non
2230 2884 2567 2940 possumne,
2616 2867 2760 2944 quia
2789 2867 2969 2925 multi
3000 2867 3189 2925 eccle-

562 2955 938 3013 siasticorum
969 2954 1232 3013 virorum
1265 2958 1325 3012 et
1355 2958 1646 3030 martyres
1678 2953 1765 3011 ita
1802 2953 2100 3024 dixerunt,
2153 2958 2223 3012 ut
2275 2956 2694 3033 unusquisque
2740 2957 2804 3014 in
2850 2974 2956 3015 suo
3005 2973 3193 3014 sensu

561 3044 826 3103 abundet
858 3046 918 3102 et
949 3043 1184 3101 Domini
1217 3047 1430 3101 cuncta
1452 3043 1681 3118 judicio
1714 3045 2154 3103 reserventur.‘
2223 3045 2297 3102 Et
2344 3063 2388 3107 s,
2436 3046 2940 3122 Augustinus
2971 3045 3038 3102 de
3071 3044 3185 3102 civ.

565 3134 669 3192 Dei
702 3132 820 3200 XX,
859 3143 889 3194 7
914 3153 927 3190 ε
979 3130 1180 3200 „Quae
1213 3133 1410 3207 opinio
1443 3137 1596 3190 esset
1627 3135 1937 3207 utcunque
1969 3132 2317 3203 tolerabilis,
2367 3134 2418 3192 si
2465 3133 2701 3209 aliquae
2735 3134 2978 3193 deliciae
3008 3132 3191 3207 spiri-

561 3222 756 3280 tuales
802 3222 863 3278 in
909 3221 1015 3279 illo
1063 3220 1308 3279 sabbato
1348 3220 1662 3279 adfuturae
1696 3221 1919 3279 sanctis
1953 3239 2058 3295 per
2092 3222 2326 3280 Domini
2358 3223 2755 3299 praesentiam
2789 3223 3190 3285 crederentur.

563 3310 713 3368 Nam
733 3310 913 3368 etiam
944 3329 1050 3368 nos
1080 3309 1221 3368 haec
1240 3309 1467 3386 opinati
1489 3310 1714 3368 fuimus
1734 3308 2071 3384 aliquandO.
2089 3318 2115 3347 ¹
2164 3311 2364 3370 Etiam
2396 3330 2464 3369 ex
2497 3312 2575 3370 ln
2593 3312 2672 3369 th
2689 3331 2721 3371 e
2740 3312 2951 3370 ranis
2984 3311 3200 3387 plures

563 3399 654 3457 illi
686 3402 757 3456 ut
787 3399 879 3460 J0.
899 3400 969 3458 A.
1002 3399 1309 3475 Bengel,
1344 3398 1735 3475 Oetinger‚
1786 3397 2124 3468 CrusiuS,
2157 3398 2488 3458 Lavater
2518 3405 2628 3460 etc.
2660 3401 2879 3470 favent,
2912 3401 3055 3458 licet
3102 3419 3199 3458 re·

563 3487 810 3546 centiori
844 3491 1036 3545 aetate
1067 3487 1223 3545 haud
1257 3487 1428 3563 pauci
1461 3488 1706 3546 alteram
1739 3488 1940 3562 potius
1974 3487 2281 3559 theoriam,
2328 3489 2402 3547 de
2447 3489 2788 3548 felicissima
2827 3489 2951 3550 scil.
2985 3490 3199 3548 Eccle--

563 3577 684 3636 siae
716 3576 1052 3635 conditione
1086 3577 1305 3646 futura,
1354 3576 1806 3652 amplectantur,
1855 3594 2006 3653 quae
2052 3579 2226 3635 nacta
2272 3580 2362 3636 est
2410 3578 2567 3636 inter
2615 3579 2934 3638 catholicos
2966 3581 3094 3636 tam
3128 3578 3189 3635 in

563 3666 768 3737 Gallia,
802 3685 979 3741 quam
1012 3665 1074 3724 in
1108 3665 1419 3724 Germania
1451 3669 1730 3741 patronos
1751 3662 1850 3746 ¹1).
1917 3665 1998 3727 cf.
2030 3666 2078 3723 A
2100 3667 2464 3743 tzberger
2494 3666 2534 3728 1.
2567 3685 2613 3725 c.
2645 3667 2673 3724 Ι
2705 3687 2761 3726 n.
2798 3677 2877 3732 86
2916 3686 2995 3726 ss,

784 3805 819 3871 ¹)
850 3801 931 3854 Cf.
962 3800 1004 3853 Ε
1023 3819 1060 3852 ιι
1079 3800 1293 3854 sebiu
1313 3818 1336 3852 s
1365 3799 1434 3854 H.
1462 3800 1520 3855 Ε.
1552 3801 1647 3864 ΙΙΙ,
1675 3806 1761 3856 39.
1891 3804 1929 3871 ²)
1959 3801 2017 3853 L.
2049 3811 2078 3856 5
2106 3818 2150 3854 c.
2179 3807 2266 3856 32.
2393 3806 2436 3873 ³)
2463 3801 2609 3855 Dial.
2637 3819 2786 3858 cum.
2813 3802 3027 3872 Tryph.
3057 3820 3114 3853 n.
3142 3809 3203 3857 8-

774 3885 818 3951 ⁴)
847 3881 1057 3933 Contra
1086 3879 1256 3933 Marc.
1285 3882 1379 3943 ΠΙ,
1411 3885 1477 3936 27
1505 3883 1562 3934 et
1588 3880 1647 3933 in
1677 3897 1767 3951 op.
1797 3881 2095 3950 deperdito
2124 3882 2192 3934 de
2223 3898 2320 3951 spe
2350 3882 2624 3937 fidelium.

779 3965 820 4019 δ’)
851 3960 932 4014 Cf.
963 3960 1150 4014 Ense
1173 3961 1239 4014 bi
1260 3979 1295 4014 u
1315 3979 1338 4012 s
1369 3960 1434 4015 H.
1465 3960 1526 4013 E.
1555 3960 1678 4026 VH,
1706 3969 1791 4017 24.
2012 3965 2053 4032 ει)
2085 3963 2148 4014 [n
2175 3979 2336 4016 conv.
2367 3963 2510 4032 virg.
2539 3981 2619 4017 or.
2648 3970 2680 4019 9
2707 3981 2764 4015 n.
2792 3971 2839 4018 5.

781 4047 820 4112 7)
851 4041 929 4095 De
958 4041 1146 4094 durat.
1175 4041 1395 4094 mundi.

782 4129 820 4191 ⁵⁴)
849 4122 914 4173 In
942 4119 1204 4176 instruct.
1232 4122 1361 4174 adv.
1389 4125 1543 4192 gent.
1570 4123 1703 4176 deos
1732 4132 1802 4177 44
1829 4126 1886 4175 et
1912 4130 1996 4178 80.

781 4207 823 4272 ⁰)
856 4201 1035 4254 [nstit.
1064 4202 1179 4255 div.
1210 4202 1332 4265 Vll,
1367 4212 1445 4258 14.
1473 4208 1569 4258 24:
1601 4203 1863 4273 Epitome
1887 4220 1932 4255 c.
1960 4207 2046 4259 72.

787 4287 847 4342 ¹⁰]
877 4282 935 4337 L.
963 4291 996 4337 4
1021 4283 1084 4335 in
1109 4282 1222 4336 Jer.
1254 4291 1334 4346 19,
1371 4290 1448 4338 10.
1478 4286 1542 4336 In
1571 4282 1662 4335 Ez.
1689 4288 1758 4339 36
1794 4285 2054 4336 accenset
2073 4282 2409 4336 millenariis
2431 4282 2604 4336 etiam
2625 4282 2781 4352 Sulp.
2810 4281 2846 4336 S
2864 4298 2891 4334 e
2909 4300 2944 4334 v
2961 4298 2990 4336 e
3008 4300 3089 4334 ru
3110 4301 3193 4335 m:

565 4363 660 4416 sed
688 4363 748 4414 in
776 4362 911 4414 dial.
941 4380 1070 4415 cum
1100 4363 1264 4418 Gallo
1291 4366 1350 4416 et
1376 4362 1765 4417 postumiano.
1793 4363 1865 4415 ad
1895 4379 2064 4430 quem
2092 4362 2326 4432 respicit
2353 4381 2392 4418 s.
2422 4363 2636 4426 doctor,
2676 4362 2829 4415 nihil
2855 4360 3190 4429 hujusmodi

565 4444 872 4510 comparet.
900 4442 1083 4506 Quare
1111 4443 1265 4500 Hier.
1294 4443 1328 4495 d
1348 4459 1376 4495 e
1406 4442 1446 4495 P
1465 4460 1538 4495 ra
1557 4447 1628 4496 to
1657 4460 1892 4514 operum
1923 4441 2115 4496 Severi
2143 4443 2326 4497 editor
2354 4444 2544 4497 censet
2570 4445 2610 4494 t.
2642 4452 2665 4498 1
2691 4442 2823 4497 diss.
2853 4451 2901 4505 5,
2931 4459 2972 4493 s.
3000 4441 3195 4494 docto·

565 4538 680 4575 rem
707 4525 810 4574 aut
835 4521 1130 4588 dialogum
1159 4523 1342 4576 solum
1385 4540 1450 4576 ex
1493 4524 1738 4577 aliorum
1779 4523 2059 4576 relatione
2103 4523 2323 4576 novisse
2354 4526 2456 4576 aut
2499 4522 2771 4578 memoria
2799 4538 2916 4576 esse
2943 4521 3189 4591 lapsum.

566 4602 649 4654 Cf.
679 4618 870 4669 opusc.
899 4602 1142 4664 XLVIII,
1171 4613 1205 4657 4
1230 4620 1303 4665 s.;
1330 4603 1398 4655 de
1427 4604 1687 4673 patribus
1713 4602 2012 4656 chiliasmo
2043 4603 2370 4656 faventibus
2397 4602 2439 4655 Ρ
2457 4619 2572 4656 esc
2591 4604 2628 4655 h
2657 4603 2750 4655 IX.
2777 4620 2832 4655 n.
2858 4606 2965 4658 700
2992 4619 3062 4655 ss.

766 4685 850 4751 ⁵¹¹)
879 4681 922 4733 Ε
967 4682 1253 4750 germanis
1299 4683 1360 4734 in
1405 4683 1607 4751 primis
1653 4683 2072 4736 Schneider
2116 4683 2177 4735 in
2223 4701 2314 4752 op.
2356 4683 2450 4737 die
2490 4682 2877 4736 chiliastische
2916 4681 3188 4736 Doctrin:

569 4761 847 4814 Waller
887 4761 948 4812 in
977 4779 1068 4829 op.
1095 4761 1186 4815 die
1214 4763 1342 4831 geh.
1371 4762 1588 4819 Offenb.
1629 4764 1726 4816 des
1755 4764 1810 4818 h.
1839 4762 1970 4818 Joh.
1996 4763 2049 4815 ei
2075 4763 2247 4826 favet,
2289 4766 2485 4817 contra
2526 4779 2696 4830 quem
2738 4763 2806 4816 cf.
2850 4761 2943 4815 Ba
2962 4763 3084 4815 utz
3125 4762 3193 4814 in
