3538 5364
730 313 932 369 Thesis
959 314 1191 370 CXCIII.
1219 312 1647 367 Thomistarum
1675 309 1963 367 sententia
1989 309 2059 364 de
2085 309 2305 380 gratiae
2331 309 2602 366 efficacia.
2885 320 2971 386 99

528 495 978 565 Declaratio.
1010 496 1153 561 Jam
1194 496 1323 560 alia
1366 494 1808 561 controversia
1852 493 2053 557 oritur
2097 492 2284 573 longe
2327 492 2638 569 subtilior,
2678 512 2843 576 quae
2874 494 2973 558 in-

349 602 595 666 columi
625 609 935 668 manente
967 603 1266 684 dogmate
1297 603 1617 668 catholico
1652 602 1838 667 aliter
1869 606 2062 682 atque
2096 600 2279 664 aliter
2299 618 2339 663 a
2357 599 2672 681 theologis
2701 601 2973 665 catholi-

345 709 441 772 cis
472 709 779 773 solvitur:
810 716 1026 775 utrum
1057 711 1186 774 scil.
1221 710 1517 774 voluntas
1550 710 1756 791 gratia
1782 714 2137 790 praeventa
2169 714 2233 772 et
2263 706 2346 771 ad
2380 712 2595 771 actum
2626 707 2973 773 salutarem
3001 772 3006 777 .

355 824 751 900 praeparata
780 817 872 882 ita
902 817 985 881 ad
1016 816 1335 899 agendum
1367 823 1720 893 moveatur,
1752 814 2121 897 applicetur,
2154 814 2508 891 inducatur,
2539 821 2610 880 ut
2628 833 2708 879 ex
2726 814 2979 879 interna

346 924 597 1003 gratiae
627 924 863 989 virtute
912 942 1077 1005 opus
1126 924 1371 987 bonum
1419 922 1831 987 infallibiliter
1880 927 2203 1003 sequatur,
2253 920 2516 1003 fierique
2560 928 2857 1004 nequeat,
2907 927 2982 985 ut

351 1036 660 1095 manente
691 1030 921 1096 eadem
952 1031 1160 1112 gratia
1190 1036 1257 1095 et
1276 1030 1358 1094 ad
1380 1030 1622 1094 bonum
1644 1029 1941 1110 impulsu,
1963 1028 2114 1092 illud
2133 1046 2264 1092 non
2294 1035 2630 1110 sequatur:
2664 1047 2748 1092 an
2768 1028 2980 1110 potius

350 1137 728 1218 contingere
758 1138 979 1219 possit,
1011 1144 1082 1202 ut
1115 1155 1263 1201 cum
1294 1137 1526 1203 eadem
1555 1137 1745 1218 plane
1783 1136 1988 1217 gratia
2031 1155 2197 1199 unus
2243 1134 2408 1199 bene
2456 1141 2773 1216 operetur,
2819 1133 2981 1199 alter

353 1261 508 1308 vero
541 1261 707 1325 opus
739 1244 1027 1308 omittat:
1080 1243 1243 1307 adeo
1296 1249 1367 1307 ut
1416 1262 1619 1309 nexus
1670 1243 1836 1307 inter
1887 1242 2159 1324 gratiam
2206 1242 2360 1306 boni
2406 1242 2617 1323 operis
2664 1247 2728 1306 et
2771 1242 2980 1322 ipsum

353 1368 520 1442 opus
554 1369 688 1414 non
718 1350 802 1414 sit
833 1369 913 1415 ex
943 1370 1013 1415 se
1048 1349 1411 1428 infallibilis,
1446 1369 1576 1414 non
1609 1350 1891 1433 pendeat
1923 1368 2003 1415 ex
2035 1348 2176 1431 ipsa
2196 1349 2450 1414 interna
2469 1349 2710 1429 gratiae
2729 1348 2981 1427 virtute,

352 1456 471 1520 sed
503 1475 547 1519 a
575 1474 899 1520 consensu
928 1456 1168 1521 liberae
1199 1456 1577 1521 voluntatis:
1623 1475 1739 1520 seu
1784 1456 1925 1520 aliis
1952 1455 2186 1531 verbiS,
2232 1462 2444 1521 utrum
2491 1456 2696 1535 gratia
2727 1475 2808 1521 ex
2839 1474 2982 1521 sese

356 1564 737 1645 internaque
768 1580 891 1626 sua
922 1563 1155 1628 virtute
1186 1563 1271 1627 sit
1302 1562 1528 1628 efficax
1560 1564 1761 1644 ipsius
1794 1562 2210 1644 bonioperis:
2243 1581 2328 1626 an
2352 1562 2438 1628 sit
2457 1563 2715 1645 quidem
2735 1583 2813 1629 ex
2838 1582 2984 1630 sese

356 1669 586 1733 efficax
605 1668 893 1734 efficacia
924 1669 1191 1746 virtutiS,
1226 1688 1357 1733 non
1391 1688 1544 1735 vero
1578 1668 1804 1735 efficax
1838 1689 1916 1735 ex
1949 1688 2019 1734 se
2052 1668 2338 1735 efficacia
2368 1669 2522 1733 boni
2559 1670 2788 1751 operiS,
2813 1671 2986 1753 quod

358 1776 549 1858 hujus
581 1795 732 1840 cum
762 1775 869 1839 illa
901 1794 1103 1841 nexus
1135 1775 1417 1858 pendeat
1448 1794 1489 1840 a
1518 1772 1722 1842 libera
1754 1776 2104 1854 voluntate,
2140 1795 2306 1859 quae
2326 1778 2526 1859 possit
2547 1784 2852 1842 manente
2874 1795 2984 1843 ea-

355 1884 508 1947 dem
541 1884 749 1964 gratia
782 1883 987 1948 eidem
1020 1901 1152 1947 non
1197 1884 1533 1965 cooperari
1578 1883 1951 1966 bonumque
1998 1902 2160 1966 opus
2206 1884 2517 1949 omittere.
2581 1882 2872 1948 Gratiam
2904 1902 2985 1949 ex

359 2009 504 2055 sese
539 2007 683 2055 esse
717 1988 1041 2055 efficacem
1074 1989 1397 2053 affirmant
1429 1990 1746 2056 innumeri
1779 1990 2263 2072 gravissimique
2294 1990 2592 2072 theologi,
2645 1991 2759 2055 sed
2794 1992 2988 2056 etiam

357 2115 557 2181 quam
589 2096 844 2178 plurimi
880 2114 1009 2161 non
1046 2096 1310 2160 minoris
1342 2096 1743 2161 auctoritatis
1776 2103 2029 2177 negant.

552 2217 694 2271 112.
728 2207 842 2276 Qui
875 2208 1127 2285 gratiam
1158 2227 1228 2267 ex
1274 2226 1337 2267 se
1375 2208 1664 2267 efficacem
1698 2212 1966 2277 tuentur,
2014 2227 2118 2285 pro
2162 2209 2449 2267 varietate
2482 2208 2844 2285 systematis,
2893 2209 2989 2267 cui

362 2298 698 2364 inhaerent,
731 2297 907 2356 aliter
938 2300 1118 2371 atque
1149 2296 1323 2357 aliter
1354 2298 1503 2358 hanc
1532 2297 1844 2356 efficaciam
1866 2298 2176 2373 explicant.
2212 2296 2254 2356 1
2272 2297 2607 2356 homista
2625 2316 2806 2367 rum,
2840 2298 2990 2357 duce

360 2386 711 2462 praesertim
747 2388 845 2445 Ba
864 2385 1027 2457 nez,
1075 2387 1373 2446 sententia
1402 2386 1478 2444 ad
1510 2386 1651 2445 haec
1681 2389 1948 2445 revocari
1980 2391 2178 2462 potest
2208 2386 2532 2462 principia:
2585 2381 2646 2451 l.
2697 2388 2855 2446 Deus
2903 2393 2994 2445 est

363 2475 635 2534 omnium
669 2476 863 2551 prima
893 2493 1087 2546 causa,
1120 2476 1350 2550 primus
1383 2476 1649 2534 omnium
1683 2480 1895 2549 motor,
1928 2476 2001 2534 ad
2035 2494 2209 2551 quem
2244 2494 2447 2535 omnes
2481 2479 2835 2535 revocantur
2865 2495 2991 2535 mo-

362 2569 482 2635 tus,
527 2565 785 2639 ideoque
823 2564 1003 2623 etiam
1037 2583 1240 2624 omnes
1272 2565 1586 2624 volitiones
1619 2564 2001 2639 actionesque
2034 2565 2343 2623 humanae.
2409 2564 2618 2639 Neque
2667 2566 2861 2623 solum
2906 2565 2994 2623 id-

360 2656 515 2714 circo
562 2651 629 2719 2.
679 2653 753 2712 ad
798 2672 936 2713 eum
981 2654 1239 2715 revocari
1279 2653 1502 2713 debent
1532 2673 1736 2714 omnes
1767 2654 2046 2726 actioneS,
2080 2654 2241 2732 quod
2272 2658 2546 2714 creatura
2575 2653 2885 2713 rationalis
2919 2654 2993 2714 ab

362 2744 493 2820 ipso
524 2743 745 2802 habeat
791 2743 1227 2819 potentiam
1275 2743 1513 2802 volendi
1544 2743 1894 2820 agendique,
1938 2745 2040 2803 sed
2089 2745 2230 2820 quia
2277 2743 2457 2802 habet
2504 2744 2705 2819 ipsum
2754 2758 3012 2820 quoque

365 2839 545 2891 actu
564 2852 640 2893 m.
708 2833 878 2891 Sicut
907 2834 1306 2892 instrumento
1336 2834 1409 2890 ad
1442 2833 1736 2909 agendum
1772 2851 1892 2892 non
1923 2834 2143 2892 sufficit
2176 2833 2467 2910 aptitudo,
2517 2832 2621 2891 sed
2665 2833 2994 2907 requiritur

360 2924 493 2998 ejus
544 2921 900 2999 applicatio:
948 2922 1033 2980 ita
1078 2921 1401 2992 voluntati,
1449 2940 1601 2997 quae
1648 2941 1718 2980 ex
1766 2941 1893 2981 sese
1940 2927 2035 2981 est
2079 2922 2441 2993 indifferens,
2491 2941 2611 2981 non
2659 2922 2883 2981 sufficit
2926 2925 2992 2985 τὸ

359 3030 537 3087 posse
571 3011 761 3093 (quod
794 3010 868 3070 ad
913 3017 1114 3069 actum
1144 3012 1659 3087 supernaturalem
1691 3010 1996 3070 confertur
2039 3031 2074 3070 a
2117 3012 2310 3088 gratia
2355 3009 2721 3090 sufficienti),
2769 3010 2873 3068 sed
2919 3010 2993 3069 ad

361 3119 512 3177 opus
545 3101 775 3159 moveri
805 3102 868 3159 et
896 3100 1180 3175 applicari
1209 3119 1244 3158 a
1274 3100 1394 3159 Deo
1430 3100 1621 3162 debet.
1686 3099 1846 3158 Haec
1892 3119 2029 3159 vero
2069 3095 2132 3165 3.
2163 3100 2485 3176 applicatio
2518 3099 2743 3159 dicitur
2772 3094 2990 3182 praef-

360 3190 551 3248 moti
571 3208 605 3247 o
638 3189 901 3265 physica,
934 3193 1146 3264 estque
1176 3190 1332 3249 actio
1365 3189 1583 3258 divina,
1617 3207 1736 3264 qua
1767 3190 2038 3265 potentia
2069 3190 2247 3248 rebus
2276 3190 2491 3248 creatis
2515 3189 2870 3247 naturaliter
2901 3189 2993 3248 vel

360 3278 908 3354 supernaturaliter
941 3277 1131 3336 indita
1159 3278 1332 3337 modo
1365 3282 1612 3337 naturae
1644 3279 1879 3354 agentis
1913 3283 2310 3339 consentaneo
2350 3278 2426 3336 ad
2471 3279 2768 3354 agendum
2802 3277 2990 3353 appli'·

357 3371 552 3438 catur,
586 3385 694 3425 seu
724 3372 797 3424 ut
827 3386 958 3425 eam
990 3367 1198 3426 definit
1230 3368 1504 3438 Gonet‚
1553 3371 1646 3425 est
1679 3368 1874 3435 ,actio
1911 3368 2030 3440 Dei,
2064 3387 2216 3443 quae
2248 3368 2619 3426 voluntatem
2653 3366 2990 3438 humanam,

361 3457 713 3532 priusquam
748 3474 811 3514 se
843 3455 971 3531 ipsa
1000 3456 1372 3527 determinet,
1405 3457 1490 3514 ita
1519 3455 1593 3514 ad
1624 3460 1823 3515 actum
1854 3461 2056 3515 movet
2088 3457 2478 3532 insuperabili
2512 3455 2752 3525 virtute,
2788 3459 2857 3512 ut
2890 3474 2988 3513 vo-

363 3546 568 3604 luntas
588 3547 852 3619 nequeat
869 3545 1246 3604 omissionem
1277 3545 1372 3603 sui
1405 3549 1572 3604 actus
1598 3562 1732 3603 cum
1754 3545 1859 3603 illa
1877 3545 2280 3622 praemotione
2302 3546 2678 3622 conjungere.
2695 3553 2722 3580 ‘¹
2759 3544 2992 3602 Dicitur

358 3639 565 3693 autem
597 3634 866 3703 motio,
900 3635 1044 3710 quia
1073 3633 1362 3692 fundatur
1392 3634 1456 3693 in
1487 3635 1897 3710 praerogativa
1930 3635 2054 3707 Dei,
2090 3654 2209 3710 qua
2239 3639 2333 3693 est
2363 3635 2593 3710 primus
2627 3637 2849 3703 motor;
2900 3633 2991 3691 di·

361 3724 522 3782 citur
552 3723 1003 3799 praemotio,
1036 3722 1177 3798 quia
1204 3723 1507 3798 praecedit
1535 3727 1737 3782 actum
1758 3724 2098 3790 voluntatis,
2133 3742 2251 3782 non
2285 3724 2529 3796 quidem
2561 3727 2847 3798 tempore,
2885 3721 2988 3780 sed

362 3813 677 3888 prioritate
697 3815 947 3870 naturae
967 3830 1075 3870 seu
1096 3812 1464 3870 causalitatis
1488 3816 1551 3871 et
1569 3811 2017 3887 dependentiae.
2051 3813 2283 3871 Dicitur
2303 3811 2629 3889 praemotio
2662 3811 2748 3888 ph
2761 3832 2801 3887 y
2815 3811 2988 3886 sica,

363 3921 528 3971 ,non
562 3901 726 3976 quod
757 3900 948 3959 forma
977 3901 1268 3959 naturalis
1315 3901 1413 3970 sit,
1461 3901 1664 3976 inquit
1709 3902 1958 3960 Gonet
1991 3901 2193 3978 Clypei
2231 3902 2409 3960 theol.
2441 3901 2595 3976 disp.
2631 3911 2664 3960 9
2700 3920 2749 3958 a.
2787 3910 2821 3964 5
2858 3898 2890 3968 ὃ
2939 3911 2988 3970 1,

361 4008 473 4049 seu
500 4010 611 4066 per
640 3989 881 4048 modum
915 3993 1162 4048 naturae
1194 3989 1269 4049 ad
1300 4008 1488 4049 unum
1522 3989 1923 4049 determinans
1956 3986 2187 4072 (absit),
2221 3991 2322 4049 sed
2353 3990 2496 4067 quia
2527 4008 2597 4048 ex
2629 3989 2867 4066 propria
2897 4007 2989 4048 es-

363 4079 560 4138 sentia
592 4083 655 4138 et
687 4079 762 4137 ab
794 4078 1117 4138 intrinseco
1138 4081 1232 4137 est
1250 4078 1471 4149 efficax,
1505 4079 1977 4155 independenter
2008 4101 2042 4138 a
2072 4096 2428 4155 quocunque
2449 4083 2645 4137 creato
2669 4096 2989 4137 consensu:

361 4167 523 4243 quod
558 4171 650 4226 est
682 4186 809 4226 esse
839 4167 1150 4244 physicum
1179 4168 1527 4244 theologice,
1562 4188 1681 4226 non
1714 4170 2191 4244 philosophice;‘
2227 4188 2331 4227 seu
2366 4172 2436 4227 ut
2466 4167 2992 4244 condistinguatur

364 4259 577 4315 contra
608 4256 793 4327 illam,
842 4275 991 4331 quae
1029 4261 1119 4316 est
1147 4260 1385 4316 tantum
1416 4257 1654 4316 moralis
1685 4263 1745 4317 et
1778 4258 2085 4335 objectiva.
2153 4258 2282 4327 Qua
2324 4253 2388 4320 4.
2435 4257 2835 4333 praemotione
2884 4275 2990 4332 po-

365 4347 484 4404 sit-a
514 4349 682 4404 certo
714 4350 776 4403 et
806 4345 1206 4406 infallibiliter
1250 4346 1311 4405 vi
1353 4347 1543 4423 ipsius
1577 4348 1854 4421 sequitur
1898 4351 2082 4417 actus,
2131 4346 2235 4404 sed
2280 4349 2505 4421 absque
2536 4347 2665 4405 ulla
2696 4345 2990 4404 libertatis

365 4435 628 4493 laesione
662 4435 724 4493 in
756 4438 972 4493 natura
1003 4436 1312 4494 rationali:
1358 4454 1492 4494 nam
1526 4455 1593 4494 ea
1624 4437 1826 4511 potius
1860 4436 2192 4496 libertatem
2229 4436 2473 4513 perficit.
2541 4437 2700 4494 Deus
2730 4436 2891 4494 enim
2923 4431 2988 4496 5.

368 4524 805 4599 praemovendo
849 4527 911 4582 et
954 4524 1543 4600 praedeterminando
1590 4543 1799 4584 causas
1848 4525 2139 4584 secundas
2185 4526 2308 4583 illis
2356 4544 2418 4585 se
2455 4524 2855 4584 accommodat
2885 4542 2991 4599 pro

369 4632 575 4671 earum
606 4613 809 4671 indole
840 4617 904 4671 et
933 4617 1164 4682 natura,
1198 4614 1341 4673 adeo
1373 4622 1444 4673 ut
1475 4615 1837 4673 necessariae
1868 4614 2208 4684 necessario,
2255 4614 2476 4673 liberae
2508 4614 2620 4672 lib
2639 4633 2763 4672 ere
2795 4615 2989 4689 agant.

366 4702 704 4761 Consensus
723 4705 925 4761 tamen
944 4703 1097 4761 liber
1118 4722 1350 4778 semper
1367 4706 1462 4762 est
1485 4722 1517 4760 e
1533 4703 1562 4760 f
1575 4703 1638 4760 fe
1655 4722 1686 4761 c
1702 4706 1730 4761 t
1745 4723 1788 4761 ιι
1803 4723 1830 4762 s
1858 4703 2150 4762 efficaciae
2168 4708 2230 4762 et
2249 4722 2555 4777 nunquam
2579 4721 2610 4761 c
2624 4724 2657 4761 a
2673 4723 2714 4761 ιι
2730 4722 2756 4762 s
2773 4722 2824 4772 a,
2845 4702 2991 4759 adeo

367 4797 439 4849 ut
474 4809 752 4867 ,semper
783 4792 865 4850 sit
894 4811 1094 4852 verum
1127 4790 1320 4851 dicere
1350 4792 1653 4869 arguendo
1686 4812 1721 4851 a
1750 4793 1955 4868 priori,
1988 4792 2120 4852 ideo
2152 4794 2448 4852 hominem
2470 4792 2817 4862 consentire,
2851 4789 2992 4865 quia

2616 4892 2673 4948 ⁷·
