3538 5364
1135 278 1197 331 in
1226 277 1498 333 sumenda
1526 277 1873 331 eucharistia
1900 276 2238 331 exhibenda.
2868 288 2998 352 319

552 463 619 529 ⁶2.
653 460 794 540 Quo
829 461 1112 524 sanctius
1145 461 1269 524 hoc
1301 460 1693 543 mysterium,
1727 478 1806 524 eo
1828 460 2140 541 maiorem
2176 460 2435 541 exigunt
2452 466 2668 543 patres
2688 461 2998 525 sanctita-

379 576 509 634 tem
541 568 813 641 animae,
848 567 975 631 imo
1009 575 1072 633 et
1103 569 1390 650 corporis
1425 568 1506 632 ab
1539 567 1633 643 iis,
1666 568 1775 650 qui
1807 586 1886 632 eo
1920 566 2228 632 fruuntur.

557 699 727 768 ,Qua
772 718 912 777 ergo
957 700 1238 775 puritate,
1287 699 1486 775 inquit
1532 699 1672 757 Chr
1685 699 2135 774 ysostomus
2181 699 2334 760 hom.
2372 706 2450 761 82
2498 698 2561 758 in
2606 698 2814 758 Matth.
2847 718 2903 759 n.
2943 710 2997 769 5,

376 808 500 848 non
532 792 801 865 oporteat
835 807 969 847 eum
1003 808 1146 859 esse,
1183 790 1285 865 qui
1318 790 1426 847 hoc
1456 788 1680 847 fruitur
1714 786 2040 846 sacrificio?
2074 788 2296 862 quibus
2328 787 2514 846 radiis
2547 788 2845 847 solaribus
2876 805 3000 846 non

376 878 677 953 puriorem
709 897 967 948 manum,
1001 897 1152 953 quae
1173 879 1322 937 hanc
1343 896 1575 936 carnem
1597 880 1773 947 secat,
1809 894 1875 935 os
1908 877 2202 953 repletum
2223 877 2360 954 igue
2381 877 2697 952 spirituali,
2733 876 3000 954 linguam

375 968 624 1026 tinctam
669 968 974 1026 tremendo
1022 968 1353 1044 sanguine?
1386 1012 1399 1025 .
1433 1012 1446 1025 .
1482 1012 1495 1026 .
1548 965 1692 1034 Quis
1737 969 1946 1042 pastor
1993 966 2254 1041 propriis
2306 965 2430 1024 suis
2477 966 2760 1025 membris
2805 967 3000 1026 nutrit

375 1060 557 1115 oves?
621 1057 698 1115 Et
741 1056 883 1132 quid
933 1057 1124 1116 dicam
1168 1060 1411 1132 pastor?
1478 1057 1695 1114 Matres
1727 1074 1899 1131 saepe
1941 1058 2099 1126 sunt,
2147 1073 2299 1130 quae
2347 1058 2483 1131 post
2526 1057 2734 1130 partus
2766 1055 2998 1115 dolores

375 1146 625 1205 tradunt
655 1146 912 1205 infantes
944 1146 1078 1205 aliis
1109 1147 1467 1205 nutricibus,
1518 1147 1652 1220 Ipse
1685 1147 1885 1203 autem
1919 1146 2027 1203 hoc
2056 1162 2179 1203 non
2211 1149 2301 1203 est
2330 1163 2563 1220 passus,
2597 1144 2697 1203 sed
2730 1145 2859 1220 ipse
2890 1163 3000 1203 nos

375 1234 570 1293 nutrit
601 1235 839 1310 proprio
873 1235 1162 1313 sanguiue
1194 1239 1256 1295 et
1286 1254 1393 1311 per
1424 1235 1623 1293 omnia
1655 1253 1760 1292 nos
1795 1234 1910 1293 sibi
1943 1234 2061 1309 ipsi
2094 1234 2465 1310 conjungit!
2502 1266 2586 1277 —
2620 1234 2713 1291 Ad
2745 1234 3001 1310 corporis

379 1324 772 1394 sanctitatem,
805 1325 844 1386 i.
877 1343 925 1382 e.
951 1325 1364 1401 jejunium,
1401 1327 1673 1400 spectant
1707 1324 1848 1382 haec
1879 1323 2315 1400 Augustini
2348 1341 2437 1399 ep.
2466 1333 2545 1386 54
2580 1343 2636 1381 n.
2661 1333 2730 1387 8:
2768 1324 2997 1392 ,Num-

376 1412 523 1488 quid
554 1416 753 1472 tamen
786 1420 1101 1490 propterea
1130 1413 1609 1472 calumniandum
1655 1415 1748 1472 est
1791 1413 2101 1473 universae
2133 1412 2446 1483 Ecclesiae,
2493 1413 2654 1488 quod
2702 1432 2736 1470 a
2773 1413 2999 1488 jejunis

377 1520 606 1578 semper
625 1502 953 1578 accipiatur
974 1498 1420 1585 (eucharistia)?
1455 1503 1530 1561 Et
1561 1502 1670 1560 hoc
1701 1502 1860 1561 enim
1893 1502 2118 1577 placuit
2138 1501 2391 1577 Spiritui
2423 1521 2486 1572 S.,
2520 1505 2591 1560 ut
2623 1502 2682 1559 in
2719 1502 2999 1561 honorem

376 1592 534 1650 tanti
554 1593 905 1650 sacramenti
940 1593 1003 1650 in
1035 1610 1100 1651 os
1133 1592 1446 1651 christiani
1481 1592 1647 1666 prius
1680 1591 2047 1650 dominicum
2068 1608 2284 1667 corpus
2303 1591 2571 1661 intraret,
2606 1610 2786 1666 quam
2819 1592 3001 1650 ceteri

378 1680 527 1739 cibi:
561 1700 697 1740 nam
730 1681 862 1740 ideo
894 1701 1002 1756 per
1033 1682 1379 1740 universum
1413 1682 1615 1740 orbem
1647 1696 1774 1740 mos
1808 1681 1919 1740 iste
1952 1683 2297 1749 servatur3‘
2332 1699 2481 1755 quae
2503 1680 2723 1755 repetit
2754 1679 2997 1738 Isido-

373 1788 507 1828 rus
540 1770 692 1846 hisp.
723 1767 1026 1829 inculcans
1060 1771 1133 1829 de
1165 1770 1282 1829 div.
1316 1771 1462 1832 offic.
1494 1770 1540 1841 1,
1579 1780 1688 1833 18:
1731 1770 1951 1839 ,Panis
1984 1769 2158 1837 enim,
2193 1789 2369 1845 quem
2400 1770 2749 1847 frangimuS,
2784 1788 2998 1845 corpus

377 1858 596 1917 Christi
628 1864 723 1918 est
754 1905 768 1918 .
801 1905 815 1918 .
849 1904 862 1917 .
894 1860 1115 1918 Vinum
1148 1863 1346 1918 autem
1380 1860 1624 1935 sanguis
1656 1859 1785 1934 ejus
1816 1862 1967 1917 est.‘
2016 1859 2093 1916 Et
2124 1859 2547 1935 Dionysius
2580 1859 2724 1919 alex.
2758 1856 2819 1937 (†
2844 1854 2996 1940 265)

375 1948 444 2006 in
494 1967 584 2024 ep.
633 1949 911 2008 canonica
953 1968 1011 2010 n.
1064 1960 1096 2011 2
1145 1949 1442 2008 disserens
1489 1948 1561 2005 de
1609 1948 1961 2006 mulieribus
2005 1948 2299 2024 profluvio
2345 1951 2652 2006 menstruo
2695 1947 2997 2007 obnoxiis:

381 2037 631 2112 ‚Neque
662 2057 759 2097 eas
793 2039 1083 2108 existimo,
1119 2039 1335 2114 inquit,
1371 2038 1423 2096 si
1456 2038 1580 2095 sint
1611 2037 1743 2112 piae
1776 2040 1837 2095 et
1868 2036 2089 2107 fideleS,
2132 2037 2218 2095 sic
2250 2036 2488 2096 affectas
2519 2056 2766 2096 ausuras
2801 2037 2894 2097 vel
2927 2037 3000 2095 ad

379 2145 427 2187 s,
459 2144 721 2185 mensam
753 2127 1025 2187 accedere
1070 2129 1164 2188 vel
1210 2146 1422 2203 corpus
1465 2131 1528 2185 et
1572 2126 1921 2203 sanguinem
1953 2126 2189 2184 Domini
2222 2126 2536 2203 attingere.
2600 2126 2808 2201 Neque
2840 2124 2999 2184 enim

379 2235 531 2290 quae
562 2215 872 2276 duodecim
912 2236 1202 2276 annorum
1252 2217 1473 2275 fluxum
1523 2215 1795 2285 habebat,
1847 2216 2045 2291 ipsum
2095 2215 2169 2273 ad
2219 2214 2573 2275 medicinam
2623 2216 2844 2292 tetigit,
2896 2215 2997 2274 sed

379 2305 574 2363 solum
606 2307 737 2381 ejus
769 2306 1061 2365 fimbriam
1096 2306 1327 2387 (Matth.
1363 2316 1419 2378 9,
1457 2301 1565 2387 20)
1602 2352 1615 2367 .
1650 2354 1663 2367 .
1696 2354 1709 2369 .
1761 2305 1853 2362 Ad
1886 2308 2087 2363 sancta
2119 2307 2320 2363 autem
2353 2309 2713 2375 sanctorum,
2743 2305 2848 2380 qui
2879 2323 2999 2364 non

381 2395 623 2452 omnino
656 2395 851 2454 anima
881 2395 1105 2472 pariter
1135 2401 1197 2455 et
1228 2414 1466 2471 corpore
1499 2413 1686 2471 purus
1720 2398 1830 2465 est,
1865 2393 2135 2452 accedere
2166 2393 2577 2468 prohibetur.‘

558 2514 620 2583 3.
652 2514 934 2580 Inferunt
966 2522 1186 2598 patres
1220 2514 1604 2597 gravitatem
1636 2515 1918 2578 criminis
1964 2514 2433 2578 communionis
2464 2513 2843 2599 indignae1).
2906 2513 2999 2577 lta

378 2620 958 2688 Tertullianus
1008 2623 1399 2704 redarguens
1449 2623 1833 2687 christianos
1879 2621 2194 2687 idolorum
2242 2620 2517 2687 artifices
2549 2621 2629 2686 de
2663 2620 2806 2685 idol.
2838 2637 2890 2682 c.
2928 2626 2962 2689 7
2983 2641 2997 2682 :

383 2750 542 2757 P*
559 2751 802 2758 —-.—-—-

382 2807 648 2861 habuisse
673 2825 873 2863 censeo
904 2811 949 2861 A
969 2827 1006 2877 p
1025 2827 1056 2863 o
1073 2811 1093 2864 l
1109 2811 1126 2864 l
1144 2809 1164 2861 i
1181 2828 1217 2861 n
1240 2827 1269 2861 a
1289 2827 1315 2861 r
1331 2827 1360 2862 e
1379 2828 1431 2862 m
1461 2827 1559 2862 seu
1589 2807 1854 2876 quisquis
1873 2811 1960 2862 est
1977 2810 2178 2862 auctor
2198 2806 2527 2876 tragoediae
2549 2804 2759 2860 Christi
2781 2806 2998 2876 patieu-

381 2887 455 2940 tis
492 2888 648 2957 apud
691 2887 744 2941 N
761 2904 794 2941 a
811 2889 927 2948 zia
945 2907 980 2941 n
998 2908 1027 2942 z
1044 2906 1073 2943 e
1092 2908 1128 2942 n
1145 2907 1184 2942 u
1201 2908 1257 2942 m
1299 2889 1366 2950 Π,
1395 2891 1495 2945 272
1524 2890 1699 2958 ajens,
1742 2888 2155 2952 centurionem,
2201 2887 2303 2955 qui
2330 2887 2483 2940 latus
2508 2885 2721 2940 Christi
2747 2885 3000 2956 perfodit

386 2971 444 3020 et
469 2967 767 3022 clamavit:
812 2972 978 3023 Filius
1005 2973 1111 3024 Dei
1144 2979 1260 3024 erat
1298 2974 1406 3032 iste,
1443 2969 1783 3038 sanguinem
1811 2985 1840 3022 e
1869 2968 2079 3022 Christi
2122 2968 2298 3021 latere
2327 2965 2704 3036 profluentem
2735 2965 2997 3019 manibus

383 3048 678 3118 collegisse
705 3052 764 3104 et
788 3050 969 3104 oculis
994 3049 1371 3121 applicuisse:

1023 3140 1263 3211 Ἀρύεταί
1289 3160 1341 3192 τε
1366 3143 1504 3210 {apsi
1523 3148 1747 3209 κρουνοῦ,
1774 3141 1859 3191 καὶ
1878 3141 2036 3209 κόρας

1009 3221 1264 3292 *Expectem
1292 3221 1363 3283 ὡς
1387 3220 1557 3273 ἔοικεν·
1585 3220 1654 3282 ὡς
1681 3218 1964 3290 ἂςνισμῗχῃ

1019 3298 1063 3351 Ε
1093 3299 1248 3352 fonte
1277 3298 1543 3351 manibus
1568 3296 1765 3350 haurit
1791 3301 1849 3351 et
1875 3297 2108 3351 inunxit
2134 3314 2335 3368 pupas,

1029 3381 1113 3433 Ita
1141 3382 1209 3433 ut
1234 3380 1485 3441 decebat,
1513 3375 1879 3430 sanctitatem
1907 3376 2042 3430 inde
2070 3380 2355 3447 expetens.

385 3468 548 3523 Nihil
575 3468 841 3523 Rivetum
869 3487 1074 3532 moror,
1104 3469 1202 3537 qui
1232 3473 1298 3522 ut
1323 3467 1785 3538 superstitiosum
1831 3472 1889 3518 et
1932 3469 2155 3534 praeter
2184 3465 2505 3536 Scripturas
2535 3466 2759 3520 traduci
2785 3459 2940 3519 huuc
2965 3483 2998 3518 a

379 3547 612 3615 cyrillo,
638 3549 707 3602 de
735 3566 849 3618 quo
876 3549 1119 3621 agimus,
1148 3549 1607 3603 commendatum
1647 3563 1878 3599 morem.
1931 3545 2143 3600 Eodem
2176 3547 2307 3616 jure
2336 3564 2531 3600 omnes
2574 3550 2708 3600 ante
2737 3547 2997 3599 laudatos

381 3630 641 3683 auctores
666 3636 913 3685 accuset.
965 3633 1209 3684 Accuset
1235 3630 1583 3699 Gorgoniam
1611 3626 1871 3698 Gregorii
1899 3644 2021 3680 naz.
2050 3644 2312 3693 sororem,
2339 3645 2486 3696 quae
2514 3627 2766 3695 corporis
2791 3628 2852 3679 et
2875 3643 2998 3679 san-

378 3707 573 3776 guinis
600 3709 814 3763 Christi
840 3711 1168 3781 particulae,
1197 3710 1445 3781 propriis
1472 3709 1737 3777 lacrymis
1779 3707 2003 3771 mixtae,
2049 3706 2367 3761 medicinae
2392 3707 2456 3761 in
2483 3707 2713 3762 modum
2739 3706 2997 3759 laboran-

389 3785 543 3841 tibus
567 3791 805 3844 artubus
831 3791 1149 3861 applicuit:
1176 3793 1404 3845 accuset
1428 3793 1487 3843 et
1511 3787 1853 3860 Gregorium
1879 3789 2129 3852 fratrem,
2157 3788 2261 3856 qui
2286 3789 2395 3844 hoc
2422 3788 2483 3841 in
2512 3804 2699 3842 sorore
2728 3786 2817 3840 uti
2842 3802 2998 3856 prae·

382 3865 616 3936 cipuum
643 3869 777 3923 fidei
803 3874 861 3923 et
886 3870 1126 3926 fiduciae
1155 3870 1215 3924 in
1243 3870 1424 3924 Deum
1452 3870 1756 3940 specimen,
1785 3885 1818 3922 a
1846 3867 1961 3922 Deo
2002 3868 2127 3939 ipso
2156 3886 2257 3938 per
2283 3868 2706 3922 restitutionem
2734 3865 2997 3920 sanitatis

382 3952 823 4014 remuneratum,
849 3950 1025 4005 refert
1050 3954 1106 4004 et
1131 3950 1333 4004 laudat
1358 3967 1437 4004 or.
1467 3957 1484 4004 l
1507 3960 1576 4007 Ι.“

598 4032 632 4101 ¹)
660 4029 740 4084 De
763 4036 1026 4100 9›·avitate
1041 4036 1246 4100 peccata·
1267 4034 1520 4100 indiynae
1559 4034 1939 4086 communionis
1978 4047 2106 4084 cum
2149 4029 2403 4084 utilitate
2444 4030 2615 4098 leges,
2661 4044 2807 4096 quac
2835 4028 2904 4081 de
2931 4045 2995 4081 ea

377 4108 550 4162 habet
574 4127 617 4162 s.
644 4109 689 4163 Τ
705 4111 743 4164 h
762 4128 793 4164 o
811 4129 865 4163 m
884 4127 916 4162 a
934 4129 957 4162 s
984 4116 1034 4166 3.
1058 4131 1110 4181 p.
1133 4128 1186 4178 q.
1207 4117 1276 4167 80
1297 4128 1348 4163 a.
1370 4120 1419 4174 5,
1449 4111 1760 4164 secundum
1791 4126 1961 4179 quem
1989 4110 2232 4181 indigna
2258 4109 2583 4164 communio
2612 4124 2796 4176 neque
2824 4123 2925 4176 per
2940 4125 2996 4160 se

376 4205 474 4241 seu
500 4189 721 4244 ratione
750 4191 974 4260 objecti,
1003 4207 1185 4259 neque
1213 4208 1314 4262 per
1339 4191 1603 4246 accidens
1629 4207 1726 4244 seu
1754 4189 1976 4245 ratione
1998 4190 2081 4244 cir
2116 4189 2557 4244 umstantiarum
2580 4205 2851 4259 personae
2873 4204 2997 4256 pec-

375 4268 556 4322 cantis
573 4272 658 4324 est
668 4275 965 4340 peccatum
983 4272 1240 4324 omnium
1257 4271 1676 4341 gravissimum.
1705 4271 1837 4325 Non
1857 4271 2077 4325 ratione
2100 4289 2131 4326 o
2150 4274 2186 4326 b
2194 4272 2219 4341 j
2238 4289 2267 4325 e
2284 4289 2313 4325 c
2330 4275 2354 4324 t
2369 4271 2407 4336 i,
2429 4269 2566 4338 quia
2583 4271 2745 4322 tanto
2761 4268 2998 4339 gravius

375 4351 463 4402 est
486 4354 784 4421 peccatum
809 4352 1031 4406 ratione
1059 4353 1286 4422 objecti,
1315 4369 1428 4420 quo
1457 4352 1534 4416 id,
1562 4355 1758 4407 contra
1786 4351 1940 4419 quod
1968 4354 2253 4419 peccatur,
2282 4355 2368 4406 est
2386 4351 2588 4420 majus.
2620 4349 2726 4412 „Et
2751 4348 2889 4417 quia
2916 4349 2997 4402 di-

378 4429 589 4484 vinitas
617 4431 845 4504 Christij
871 4436 955 4486 est
994 4434 1174 4502 major
1201 4433 1562 4488 humanitate
1592 4433 1789 4504 ipsius,
1817 4437 1875 4485 et
1898 4433 2025 4502 ipsa
2044 4431 2371 4487 humanitas
2401 4435 2486 4485 est
2514 4431 2703 4501 potior
2719 4447 2893 4499 quam
2916 4447 2997 4481 sa-

372 4514 662 4564 cramenta
678 4512 1089 4567 humanitatis:
1116 4513 1246 4569 inde
1265 4519 1365 4578 est,
1394 4515 1548 4583 quod
1575 4513 1914 4585 gravissima
1927 4514 2175 4582 peccata,
2199 4515 2350 4575 sunt,
2380 4528 2526 4579 quae
2557 4509 2998 4564 committuntur

374 4589 435 4642 in
462 4588 645 4659 ipsam
667 4593 1033 4648 divinitatem
1052 4635 1064 4648 .
1089 4636 1100 4648 .
1126 4636 1137 4647 .
1165 4596 1501 4650 secundario
1522 4597 1716 4649 autem
1746 4597 1882 4647 sunt
1905 4592 2108 4664 gravia
2134 4595 2366 4661 peccata
2388 4608 2535 4660 quae
2557 4589 2997 4646 committuntur

374 4671 437 4723 in
462 4672 885 4729 humanitatem
914 4676 1165 4730 Christi.
1198 4717 1209 4728 .
1239 4717 1250 4728 .
1294 4677 1463 4730 tertio
1504 4678 1697 4729 autem
1739 4675 1861 4728 loco
1890 4677 2026 4726 sunt
2070 4675 2318 4741 peccata,
2364 4689 2511 4739 quae
2556 4671 2997 4726 committuntur

369 4754 568 4804 contra
595 4757 966 4820 sacramenta,
994 4773 1140 4824 quae
1167 4755 1461 4825 pertinent
1486 4756 1557 4808 ad
1599 4754 2019 4809 humanitatem
2063 4752 2291 4817 Christi,
2320 4756 2378 4806 et
2402 4755 2532 4823 post
2556 4753 2694 4805 haec
2723 4755 2859 4804 sunt
2882 4749 2995 4803 alia
