3538 5364
1350 244 1424 298 ad
1450 248 1613 300 actus
1638 247 1930 302 salutares.
2867 254 2953 320 25

333 436 485 493 tans.
546 432 707 493 Hinc
738 433 961 507 passim
1000 450 1192 491 sermo
1237 436 1329 491 est
1372 432 1444 492 de
1488 434 1889 499 renovatione,
1937 433 2384 501 restauratione,
2431 433 2809 503 recreatione,
2858 452 2950 492 re—

333 521 733 598 generatione,
781 522 1229 590 resurrectione,
1276 541 1395 598 qua
1440 523 1707 581 homines
1738 526 2184 599 praeparentur,
2233 522 2623 595 vivificentur,
2671 525 2955 600 aptentur

332 610 396 668 in
427 611 588 669 omni
619 610 778 669 bono
809 610 1010 689 (Hebr.
1053 621 1147 677 13.
1183 607 1292 692 21)
1338 618 1398 670 et
1443 615 1719 671 creentur
1762 612 1827 670 in
1872 612 2106 671 Christo
2149 611 2300 670 Jesu
2345 611 2408 670 in
2459 612 2627 671 bonis
2673 612 2951 688 operibus

336 694 510 780 (Eph.
547 708 604 767 2,
658 711 734 762 10
783 700 890 760 col.
926 710 983 771 4,
1027 710 1097 762 15
1135 699 1222 777 8.).
1288 700 1533 758 Accedit
1578 698 1645 766 b.
1690 700 2033 760 authentica
2078 700 2324 759 traditio
2370 701 2668 778 exegetica
2714 706 2953 777 patrum

336 806 447 846 sec.
480 787 550 850 V.
581 792 643 846 et
677 787 775 849 VI.
839 789 930 846 Ita
961 788 1168 847 scribit
1197 789 1700 866 Augustinus
1736 792 1808 848 tr.
1846 798 1918 852 81
1962 790 2025 848 in
2056 789 2224 849 Joan.
2258 807 2314 851 n.
2354 800 2422 851 3:
2464 789 2595 858 ,Ne
2629 791 2950 866 quisquam

336 879 592 951 putaret,
641 879 851 936 saltem
898 896 1146 952 parvum
1193 879 1450 953 aliquem
1481 878 1740 937 fructum
1775 897 1944 955 posse
1989 898 2025 936 a
2068 879 2383 954 semetipso
2429 879 2734 954 palmitem
2780 878 2950 948 ferre,

335 984 470 1024 cum
502 965 784 1025 dixisset:
831 968 924 1025 hie
955 968 1073 1040 fert
1099 967 1361 1041 fructum
1388 968 1649 1043 multum,
1697 986 1820 1027 non
1852 968 1952 1039 ait,
2000 968 2141 1042 quia
2172 968 2300 1027 sine
2331 987 2424 1026 me
2447 987 2670 1043 parum
2700 967 2953 1043 potestis

334 1054 544 1129 facere,
578 1057 682 1115 sed
712 1056 859 1115 nihil
887 1056 1138 1132 potestis
1169 1056 1373 1119 facere.
1439 1058 1574 1115 Sive
1605 1076 1745 1134 ergo
1779 1076 2006 1135 parum,
2052 1057 2176 1115 sive
2208 1057 2471 1116 multum
2503 1058 2633 1116 sine
2685 1057 2793 1115 illo
2824 1057 2953 1115 fieri

336 1162 453 1203 non
485 1147 702 1220 potest,
736 1145 864 1203 sine
895 1164 1013 1221 quo
1044 1145 1195 1204 nihil
1225 1145 1354 1204 fieri
1383 1149 1598 1221 potest.
1665 1144 1815 1214 Quia
1846 1145 1958 1205 etsi
1992 1165 2200 1221 parum
2232 1147 2506 1205 attulerit
2535 1148 2779 1223 palmes,
2812 1165 2951 1204 eum

335 1238 553 1309 purgat
582 1234 857 1310 agricola,
903 1238 973 1292 ut
1016 1235 1153 1311 plus
1186 1236 1419 1304 afferat3
1464 1239 1666 1294 tamen
1698 1235 1815 1294 nisi
1848 1235 1913 1294 in
1944 1236 2066 1293 vite
2098 1236 2390 1294 manserit
2420 1238 2482 1295 et
2512 1236 2725 1295 vixerit
2755 1235 2828 1293 de
2859 1254 2951 1294 ra·

336 1321 478 1392 dice,
512 1323 955 1397 quantumlibet
973 1323 1233 1382 fructum
1265 1345 1299 1381 a
1330 1325 1646 1400 semetipso
1682 1343 1797 1382 non
1831 1327 2028 1400 potest
2047 1324 2214 1382 ferre.
2264 1323 2544 1393 Quamvis
2564 1329 2764 1383 autem
2785 1323 2950 1382 Chri-

342 1415 469 1469 stus
516 1412 660 1470 vitis
705 1430 826 1470 non
869 1417 1045 1481 esset,
1095 1412 1213 1470 nisi
1258 1413 1431 1471 homo
1477 1417 1661 1473 esset:
1712 1416 1912 1471 tamen
1959 1413 2137 1471 istam
2170 1414 2417 1491 gratiam
2450 1413 2800 1490 palmitibus
2834 1431 2952 1472 non

341 1501 665 1574 praeberet,
697 1500 818 1559 nisi
846 1500 1024 1559 etiam
1057 1502 1218 1560 Deus
1249 1505 1463 1561 esset«
1509 1536 1598 1549 —-
1644 1503 1735 1560 Ita
1771 1505 2044 1561 auctor
2074 1521 2162 1577 ep.
2194 1502 2268 1561 ad
2300 1502 2731 1561 Demetriadem
2765 1521 2811 1561 c.
2855 1512 2949 1567 13.

339 1593 650 1664 postquam
682 1588 851 1659 dixit,
885 1608 1015 1649 esse
1049 1590 1553 1658 ,innumerabilia
1582 1591 1944 1659 testimonia,
1977 1610 2129 1668 quae
2160 1610 2228 1651 ex
2260 1592 2495 1669 paginis
2528 1594 2591 1650 et
2623 1592 2694 1650 N.
2713 1595 2776 1651 et
2800 1590 2868 1655 V.
2888 1593 2950 1652 Τ.

342 1680 592 1752 quadam
611 1679 1070 1738 conclamatione
1091 1679 1458 1750 confirment,
1491 1680 1642 1739 hanc
1674 1699 1804 1740 esse
1826 1699 1994 1739 verae
2015 1680 2374 1739 humilitatis
2396 1681 2949 1741 excellentissimam

338 1764 707 1843 dignitatem,
755 1771 826 1825 ut
869 1769 1087 1837 omnia,
1134 1788 1283 1844 quae
1317 1769 1615 1828 bominem
1647 1769 1872 1828 faciunt
1902 1768 2308 1839 christianum,
2355 1769 2426 1827 ad
2461 1769 2697 1829 divinae
2729 1771 2951 1848 gratiae

337 1855 555 1914 donum
603 1856 1012 1915 referanturz‘
1065 1858 1285 1926 subdit,
1341 1876 1471 1916 esse
1523 1858 1857 1932 „quaedam
1908 1857 2264 1917 brevissima
2308 1860 2509 1917 tantae
2553 1859 2948 1935 plenitudinis

336 1950 653 2020 tantaeque
684 1946 949 2015 virtutis,
998 1950 1068 2005 ut
1113 1947 1280 2005 nullo
1325 1947 1693 2006 adversantis
1725 1946 1963 2023 ingenio
1995 1947 2229 2022 possint
2259 1947 2321 2005 in
2355 1966 2595 2006 sensum
2628 1949 2812 2007 alium
2846 1948 2948 2007 de-

335 2034 620 2108 torqueri.
668 2034 820 2092 Nam
853 2053 1004 2109 quae
1035 2035 1423 2094 contradictio
1452 2036 1690 2095 admitti
1721 2041 1922 2112 potest
1950 2037 2013 2095 in
2046 2055 2132 2107 eo,
2168 2036 2328 2112 quod
2358 2036 2492 2113 ipsa
2510 2037 2741 2097 Veritas
2773 2038 2949 2097 disci-

339 2124 495 2198 pulis
530 2142 637 2198 per
667 2123 1064 2200 Evangelium
1094 2124 1343 2184 Joannis
1373 2125 1589 2185 dixisse
1621 2128 1931 2184 narratur:
1966 2125 2129 2186 Sicut
2153 2128 2376 2202 palmes
2406 2129 2558 2185 etc.‘

511 2247 578 2311 2.
614 2241 800 2321 Quod
833 2239 1163 2326 Scriptura
1192 2245 1485 2325 negando
1537 2245 1744 2321 docet,
1794 2243 2294 2310 affirmando
2346 2264 2603 2328 quoque
2655 2244 2948 2322 inculcat,

345 2349 694 2428 generatim
726 2348 998 2413 salutem
1031 2350 1274 2430 gratiae
1307 2350 1681 2415 adscribens
1715 2351 1990 2416 exclusis
2024 2350 2326 2432 operibus
2359 2352 2775 2416 naturalibus.
2814 2351 2955 2423 Non

344 2461 552 2535 potest
582 2463 803 2520 autem
834 2456 1008 2520 salus
1039 2457 1408 2539 simpliciter
1439 2457 1717 2521 adscribi
1749 2457 2010 2539 gratiae,
2063 2457 2117 2520 si
2164 2457 2462 2522 homines
2509 2465 2692 2522 actus
2724 2459 2955 2540 plureS,

344 2560 569 2643 quibus
599 2562 876 2628 salutem
908 2571 1403 2646 consequuntur,
1435 2565 1708 2646 propriis
1740 2564 2043 2630 elicerent
2062 2564 2318 2628 viribus.
2351 2564 2444 2627 Ita
2463 2564 2687 2646 Ephes.
2712 2570 2770 2641 2,
2798 2571 2831 2633 1
2854 2585 2954 2641 se„

345 2667 445 2731 ubi
474 2688 533 2731 v.
568 2673 608 2738 8
642 2690 725 2733 55.
758 2669 1057 2751 legimus:
1125 2671 1359 2735 Gratia
1408 2672 1571 2735 enim
1621 2658 1765 2736 estis
1813 2672 2043 2736 salvati
2081 2693 2201 2756 per
2243 2671 2451 2754 fidem,
2498 2678 2554 2734 et
2584 2671 2695 2736 hoc
2727 2692 2849 2736 non
2882 2696 2956 2736 ex

340 2774 539 2838 vobis:
587 2779 722 2842 Dei
751 2780 914 2840 enim
944 2778 1172 2841 donum
1208 2785 1311 2845 est.
1374 2778 1519 2841 Non
1549 2799 1624 2840 ex
1654 2780 1963 2865 operibus,
1995 2786 2063 2842 ut
2094 2800 2171 2842 ne
2200 2781 2337 2863 quis
2362 2777 2682 2862 qlorietur.
2747 2777 2956 2862 Ipsius

340 2882 503 2944 enim
534 2903 750 2947 sumus
777 2885 1062 2965 factura,
1094 2886 1291 2950 creati
1319 2888 1389 2948 in
1410 2885 1656 2949 Christo
1677 2886 1833 2949 desa
1865 2886 2092 2972 (causa
2123 2886 2451 2951 meritoria
2484 2893 2548 2951 et
2578 2885 2953 2973 exemplari)

340 2989 406 3049 in
437 2989 558 3075 (ἐπί
588 2989 905 3070 significat
935 2992 1373 3068 intentionem,
1406 3011 1693 3074 scopum,
1725 2992 1809 3056 ad
1831 2993 2047 3080 quem)
2069 2993 2355 3076 operibus
2375 2993 2568 3075 bonis,
2589 3014 2748 3077 quae
2765 3013 2954 3075 prae-

330 3099 591 3178 paravit
622 3096 818 3182 DeuS,
850 3104 918 3160 ut
946 3101 1017 3161 in
1048 3098 1172 3162 illis
1205 3099 1606 3163 ambulemus.
1672 3098 1846 3178 Quot
1875 3100 2094 3176 incisa,
2142 3105 2241 3163 tot
2274 3106 2656 3180 argumenta
2688 3099 2769 3162 ad
2802 3117 2954 3182 pro-

343 3200 641 3278 bandum,
675 3204 741 3268 in
773 3204 995 3269 ordine
1026 3205 1251 3270 salutis
1283 3212 1553 3270 naturae
1598 3207 1766 3270 vires
1798 3224 1929 3270 non
1962 3205 2269 3283 sufficere,
2317 3207 2431 3271 sed
2466 3207 2706 3289 primas
2739 3212 2954 3287 partes

344 3306 471 3372 Deo
504 3327 621 3390 per
651 3312 925 3392 gratiam
956 3331 1076 3376 nos
1107 3315 1423 3378 recreanti
1456 3331 1600 3379 esse
1621 3313 1886 3377 dandas
1909 3312 2131 3395 Philip.
2159 3319 2214 3389 1,
2234 3319 2308 3382 6:
2341 3313 2465 3392 Qui
2485 3315 2681 3398 coepit
2701 3315 2767 3377 in
2789 3315 2956 3377 vobis

344 3434 493 3499 opus
526 3415 776 3498 bonum,
799 3419 1075 3502 perficiet
1108 3440 1297 3506 usque
1327 3422 1397 3482 in
1428 3421 1587 3484 diem
1611 3420 1841 3484 Christi
1861 3421 1967 3498 J.,·
1987 3424 2045 3496 2,
2073 3425 2170 3489 12.
2199 3426 2311 3490 13:
2347 3419 2502 3484 Cum
2541 3427 2703 3485 metu
2731 3428 2788 3483 et
2824 3427 2955 3484 tre-

344 3541 506 3586 more
536 3531 805 3588 vestram
836 3526 1099 3589 salutem
1130 3529 1490 3611 operamini.
1552 3525 1727 3590 Deus
1769 3534 1858 3590 est
1889 3529 2074 3608 enim,
2118 3529 2224 3610 qui
2271 3533 2570 3612 operatur
2601 3528 2669 3589 in
2699 3526 2868 3590 vobis
2899 3534 2955 3589 et

348 3631 484 3692 velle
514 3636 573 3692 et
594 3631 910 3714 perficere.
974 3632 1061 3698 Cf.
1096 3633 1178 3697 ad
1210 3633 1328 3697 Tit
1363 3639 1422 3709 3,
1457 3637 1530 3710 ὃς
1566 3639 1623 3700 2.
1657 3633 1814 3697 Tim.
1852 3639 1908 3710 1,
1941 3639 2015 3710 93
2048 3635 2232 3698 Rom.
2266 3639 2326 3711 3,
2360 3640 2445 3702 20
2478 3641 2595 3698 etc.

513 3739 580 3806 3.
612 3735 941 3820 Scriptura
987 3740 1484 3820 singillatim
1530 3758 1729 3822 opera
1774 3740 2081 3804 salutaria
2123 3741 2364 3821 gratiae
2398 3740 2719 3816 adscribit,
2753 3748 2824 3804 ut
2856 3741 2954 3803 in·

343 3841 642 3908 ductione
673 3843 811 3909 fuse
843 3846 1123 3911 ostendit
1155 3853 1382 3910 auctor
1412 3846 1492 3911 de
1526 3853 1730 3910 vocat
1766 3846 2054 3910 omnium
2086 3847 2369 3928 gentium
2400 3846 2442 3922 1,
2476 3853 2562 3916 23
2594 3867 2642 3910 s.
2705 3847 2799 3910 Ita
2833 3847 2950 3909 ad-

341 3949 560 4014 scribit
588 3950 826 4017 diserte
859 3951 960 4016 vel
982 3953 1460 4035 aequivalenter
1492 3953 1737 4034 gratiae
1769 3952 2085 4017 salutares
2119 3953 2527 4033 cogitatio
2546 3971 2686 4017 nes
2721 3957 2779 4020 2.
2812 3952 2951 4016 Cor.

340 4060 398 4132 3,
417 4059 491 4124 5:
524 4056 669 4121 Non
689 4060 856 4142 quod
873 4058 1252 4143 sufficientes
1269 4061 1465 4122 simiw
1484 4061 1756 4143 coqitare
1778 4059 2018 4144 aliquid
2037 4081 2079 4124 a
2099 4060 2215 4123 noh
2224 4061 2295 4143 is,
2315 4065 2497 4144 quasi
2515 4080 2589 4122 ex
2607 4059 2782 4123 nobis
2795 4080 2816 4120 .·
2848 4061 2954 4122 sed

341 4163 723 4245 sufficientia
752 4171 969 4229 nostra
1002 4187 1077 4229 ex
1109 4164 1242 4229 Deo
1275 4172 1405 4245 est;
1458 4170 1512 4233 1.
1546 4166 1688 4230 Cor.
1722 4174 1782 4242 2,
1824 4172 1934 4233 14:
1985 4168 2299 4229 Animalis
2330 4166 2503 4229 homo
2534 4185 2662 4229 non
2686 4167 2954 4251 percipit

339 4289 433 4352 ea,
464 4291 625 4354 quae
655 4279 801 4335 sunt
834 4273 1114 4356 Spiritus
1144 4271 1281 4336 Dei.
1338 4272 1617 4338 Stultitia
1651 4275 1815 4336 enim
1847 4280 1934 4336 est
1964 4273 2079 4352 illi,
2111 4282 2167 4337 et
2196 4293 2318 4337 non
2344 4280 2546 4358 potest
2579 4272 2954 4356 intelliyere:

347 4379 491 4459 quia
520 4378 946 4462 spiritualiter
989 4382 1404 4444 examinatur.
1468 4379 1839 4464 Spiritualis
1882 4385 2086 4443 autem
2125 4379 2369 4459 judicat
2413 4381 2626 4444 omnia
2639 4401 2668 4458 ,·
2727 4376 2953 4442 Salva-

343 4483 496 4547 toris
526 4485 923 4564 agnitionem
967 4493 1035 4549 et
1076 4486 1704 4550 invocationem
1741 4491 1795 4553 1.
1830 4484 1971 4549 Cor.
2007 4490 2108 4563 12,
2143 4491 2215 4555 3:
2279 4489 2471 4552 Nemo
2505 4492 2709 4571 potest
2754 4485 2955 4548 dicere

352 4587 659 4654 Dominus
688 4589 897 4676 Jesus,
928 4594 1054 4656 nisi
1086 4595 1153 4656 in
1183 4594 1429 4678 Spiritu
1458 4601 1711 4673 saneto,·
1742 4611 1963 4656 veram
1995 4593 2022 4656 f
2032 4594 2050 4655 i
2068 4593 2242 4658 dem
2272 4592 2493 4674 Philip.
2530 4599 2586 4667 1,
2609 4598 2730 4661 29:
2771 4592 2955 4655 Vobis

346 4694 645 4761 donatmn
675 4704 764 4761 est
786 4718 910 4782 pro
934 4697 1177 4762 Christo
1208 4720 1333 4764 non
1364 4702 1582 4784 sotum,
1613 4708 1683 4763 ut
1716 4702 1787 4762 in
1818 4720 1955 4764 eum
1976 4701 2266 4783 credatis,
2285 4700 2393 4763 sed
2411 4701 2602 4762 etiam
2621 4706 2690 4761 ut
2698 4721 2827 4784 pro
2845 4698 2952 4760 ilco
