3538 5364
576 241 662 307 56
1043 233 1228 287 Tract.
1256 234 1403 287 vm.
1431 232 1500 287 de
1527 231 1733 304 gratia.
1760 233 1960 291 Thesis
1986 233 2325 288 CLXXXVI.
2354 233 2423 288 de
2450 234 2721 304 operibus

544 478 551 485 ,
577 420 766 491 valet3
796 420 885 485 ,ad
909 419 1212 496 justitiam
1244 440 1382 479 vero
1411 419 1526 479 nisi
1557 420 1852 480 divinitus
1884 421 2208 480 liberatum
2240 421 2633 497 adjutumque
2665 440 2786 480 non
2818 420 3064 488 valet;‘
3119 439 3211 495 ep.

585 519 796 595 ¹57.-¹²·
834 519 901 571 5:
952 508 1165 577 ,Valet
1194 509 1453 568 liberum
1485 509 1802 569 arbitrium
1846 511 1919 569 ad
1966 529 2145 587 opera
2186 512 2357 580 bona,
2404 512 2460 571 si
2504 510 2797 572 divinitus
2843 509 3213 585 adjuvetur:

574 598 880 657 desertum
911 616 1050 658 vero
1083 598 1283 657 divino
1316 598 1611 675 adjutorio
1643 599 1915 676 qualibet
1945 601 2195 659 scientia
2224 601 2376 677 legis
2407 601 2645 675 polleat,
2678 601 2849 659 nullo
2886 598 3070 658 modo
3105 598 3210 661 ha-¹

572 686 741 746 bebit
762 686 1043 764 justitiae
1076 688 1456 757 soliditatem,
1506 688 1610 747 sed
1656 689 2022 748 inflationem
2060 690 2276 765 impiae
2309 689 2620 766 superbiae
2652 694 2714 748 et
2743 688 3074 749 exitiosum
3105 690 3211 745 tu·

573 793 815 839 morem.
831 784 858 814 ‘

751 901 972 960 Verum
1000 903 1142 961 haec
1173 907 1234 960 et
1263 902 1502 978 gemina
1516 902 1862 962 testimonia
1881 901 2218 978 accipienda
2238 905 2382 961 sunt
2412 903 2507 962 vel
2537 917 2603 966 a.
2639 921 2707 962 eo
2739 921 2944 973 sensu,
2980 905 3056 961 ut
3085 920 3212 961 non

577 991 699 1047 tam
725 991 846 1065 jue,
879 1009 1059 1066 quam
1091 992 1292 1067 potius
1325 991 1632 1063 factum,
1667 1010 1790 1050 non
1820 992 2061 1066 quidem
2092 992 2544 1051 universalitate
2576 991 2869 1061 absoluta,
2907 991 3016 1050 sed
3051 1008 3166 1049 mo
3188 1024 3213 1037 -

572 1078 724 1136 rali
767 1070 1119 1152 enuncient;
1164 1081 1261 1139 vel
1307 1077 1379 1143 b.
1426 1080 1606 1139 verba
1652 1079 1802 1151 ,sine
1847 1081 2060 1157 gratia‘
2105 1081 2291 1156 accipi
2336 1080 2558 1140 debent
2589 1099 2770 1140 sensu
2800 1099 2929 1140 non
2964 1083 3211 1139 tantum

572 1171 844 1244 negante,
898 1169 1000 1226 sed
1049 1170 1484 1239 contrario,
1537 1173 1609 1227 ut
1658 1168 2033 1246 significetur
2077 1170 2388 1241 voluntas,
2439 1189 2589 1244 quae
2634 1171 2892 1248 gratiam
2940 1170 3210 1246 negligit

570 1256 919 1332 spernitque
950 1266 1021 1316 ut
1051 1256 1309 1317 diximus
1354 1258 1427 1317 de
1474 1276 1599 1317 can.
1632 1259 1976 1317 arausicano
2019 1278 2078 1317 n.
2115 1257 2250 1322 625.
2315 1259 2393 1318 Et
2438 1277 2578 1318 sane
2623 1259 3010 1336 Augustinus
3061 1277 3205 1334 prae

575 1345 763 1404 oculis
810 1346 989 1405 habet
1034 1344 1392 1424 pelagianos,
1444 1348 1549 1424 qui
1598 1347 1855 1406 nimium
1901 1348 1972 1405 de
2015 1350 2266 1406 naturae
2298 1348 2531 1407 viribus
2564 1348 2813 1408 fidentes
2845 1347 3208 1426 gratiaeque

570 1435 984 1494 necessitatem
1016 1441 1317 1513 neganteS,
1353 1456 1419 1496 eo
1450 1436 1580 1513 ipso
1611 1436 1866 1514 gratiam
1900 1456 2019 1495 non
2050 1437 2354 1506 curabant,
2389 1438 2950 1513 non'requirebant.
3014 1436 3208 1511 Atqui

573 1523 832 1582 liberum
863 1525 1177 1585 arbitrium
1211 1526 1471 1603 gratiam
1501 1525 1618 1585 sibi
1655 1526 1915 1585 oblatam
1947 1544 2069 1585 non
2115 1544 2347 1597 curanS,
2395 1545 2514 1585 non
2560 1526 2898 1602 requiram,
2950 1523 3212 1601 ideoque

570 1615 952 1672 contemnens
1001 1614 1063 1672 in
1110 1633 1359 1690 poenam
1398 1614 1492 1673 sui
1525 1615 1778 1673 tumoris
1812 1615 1886 1673 ad
1917 1634 2039 1674 non
2069 1615 2431 1690 peccandum
2463 1635 2585 1674 non
2615 1615 2858 1676 valebit.
2927 1616 3214 1674 Ceterum

572 1715 637 1764 (3.
687 1720 732 1759 s.
779 1702 984 1761 doctor
1027 1703 1285 1781 denegat
1328 1704 1627 1763 voluntati
1673 1705 1899 1780 absque
1929 1705 2123 1781 gratia
2154 1705 2442 1763 virtutem
2487 1704 3040 1763 habitualiter
3086 1723 3207 1762 non

569 1791 851 1865 peccandi
883 1792 920 1854 i.
953 1811 1001 1851 e.
1032 1792 1155 1851 vim
1187 1793 1432 1852 cavendi
1464 1812 1677 1853 omne
1707 1796 2043 1869 peccatum:
2083 1793 2294 1853 exinde
2324 1813 2463 1854 vero
2494 1812 2616 1853 non
2648 1794 2946 1868 sequitur,
2984 1794 3204 1852 volun·

568 1880 755 1938 tatem
786 1880 1010 1957 absque
1042 1882 1236 1959 gratia
1266 1901 1417 1941 nnn
1436 1901 1655 1957 quam
1686 1900 1863 1958 posse
1894 1883 1990 1942 vel
2021 1902 2252 1941 unum
2284 1883 2472 1942 vitare
2503 1886 2828 1959 peecatum.

751 2036 850 2088 64.
884 2025 1053 2095 Quod
1088 2025 1139 2084 si
1186 2025 1687 2102 Augustinus
1721 2025 1975 2084 subinde
2021 2025 2394 2100 peccandi
2426 2024 2843 2084 necessitatem
2875 2023 3202 2082 admittere

570 2113 826 2186 videtur,
859 2115 1132 2191 loquitur
1163 2133 1284 2174 non
1315 2116 1386 2174 de
1417 2116 1773 2174 necessitate
1806 2115 2049 2190 proprie
2081 2114 2255 2183 dicta,
2290 2114 2392 2172 sed
2425 2114 2521 2172 vel
2553 2113 2626 2172 de
2658 2113 3018 2172 necessitate
3051 2131 3203 2171 mo-

570 2203 751 2274 rali,
785 2223 921 2280 qua,
954 2205 1183 2262 seclusa
1214 2204 1422 2281 gratia,
1466 2203 1869 2262 infallibiliter
1898 2203 2128 2262 ratione
2161 2203 2366 2261 habita
2393 2203 2687 2262 humanae
2720 2202 3074 2281 fragilitatis
3111 2221 3201 2260 se·

570 2295 792 2367 quetur
821 2292 1140 2367 aliquando
1175 2296 1514 2369 peccatum;
1562 2312 1667 2352 seu
1711 2292 1870 2368 quod
1916 2293 2036 2351 fere
2082 2293 2237 2350 idem
2289 2295 2382 2351 est
2428 2293 2499 2349 de
2544 2292 2901 2350 necessitate
2936 2290 3202 2367 quadam

567 2380 1189 2441 indeterminata
1221 2387 1282 2440 et
1311 2402 1476 2459 vaga,
1513 2400 1664 2458 quae
1696 2400 1819 2440 non
1851 2381 2046 2440 aufert
2065 2380 2402 2439 libertatem
2423 2381 2663 2439 cavendi
2697 2381 3025 2457 singula
3059 2398 3198 2455 pec-

566 2472 728 2541 cata;
760 2471 856 2530 vel
886 2491 925 2547 p
943 2490 974 2529 e
990 2489 1021 2530 c
1036 2472 1192 2530 cati
1224 2490 1441 2530 nomen
1460 2470 1672 2547 accipit
1692 2488 1873 2529 sensu
1900 2471 1970 2528 la
1986 2470 2107 2528 xio
2122 2470 2206 2539 ri,
2237 2470 2381 2528 adeo
2403 2473 2472 2527 ut
2492 2472 2789 2545 competat
2809 2469 2996 2528 etiam
3019 2469 3197 2527 moti-

567 2559 683 2618 bus
715 2559 1121 2619 indeliberatis
1154 2560 1683 2637 concupiscentiae,
1730 2559 1838 2634 qui
1884 2561 2093 2634 utpote
2124 2557 2352 2617 dissoni
2386 2578 2421 2617 a
2450 2559 2582 2636 lege
2615 2559 2833 2618 mentis
2866 2576 2979 2617 seu
3008 2558 3197 2634 justi-

566 2648 687 2707 tiae
717 2649 1010 2725 perfectae
1040 2650 1337 2726 quandam
1368 2649 1593 2726 peccati
1627 2647 1950 2708 materialis
1983 2648 2272 2707 rationem
2304 2667 2441 2725 prae
2475 2666 2537 2707 se
2569 2647 2791 2708 ferunt.
2850 2646 3200 2724 Distinguit

569 2738 694 2800 scil.
729 2752 793 2803 a.
830 2758 875 2799 s.
909 2740 1113 2798 doctor
1145 2740 1431 2815 duplex
1463 2743 1874 2815 praeceptum:
1907 2740 2291 2813 praeceptum
2323 2757 2442 2797 non
2472 2737 3037 2797 consentiendi
3070 2754 3201 2795 mo-

568 2828 733 2887 tibus
766 2828 1290 2904 concupiscentiae,
1329 2829 1391 2886 et
1420 2831 1801 2903 praeceptum
1831 2827 1969 2885 illos
2000 2845 2075 2885 ne
2109 2827 2515 2886 sentiendi
2547 2826 2819 2903 quidem3
2867 2845 2976 2885 seu
3028 2844 3201 2901 prae-

568 2920 803 2992 ceptum
837 2916 1245 2976 faciendae
1268 2916 1543 2992 justitiae
1575 2934 1924 2993 expressum
1955 2916 2185 2975 verbis:
2230 2917 2366 2976 Post
2395 2918 2879 2991 concupiscentias
2911 2922 3050 2974 tuas
3082 2933 3200 2973 non

569 3022 667 3064 eos
699 3006 871 3064 Eccli.
916 3015 1009 3075 18,
1048 3014 1148 3075 30,
1182 3008 1273 3063 et:
1323 3005 1453 3063 Non
1500 3023 1632 3081 erqo
1663 3013 1855 3082 requei
1887 3013 2179 3069 peccatum
2225 3007 2288 3064 in
2332 3012 2516 3064 vestro
2550 3006 2782 3063 mortali
2813 3023 3075 3080 corpore,
3137 3010 3202 3061 ut

567 3095 845 3153 obediatis
863 3096 1336 3170 concupiscentiis
1366 3095 1490 3168 ejus
1522 3096 1682 3154 Rom.
1708 3105 1763 3165 6,
1797 3104 1903 3163 12;
1937 3097 1998 3153 et
2016 3097 2395 3171 praeceptum
2427 3113 2512 3171 pe
2529 3094 2601 3152 rf
2611 3093 2630 3152 i
2649 3094 2819 3153 cien
2837 3093 2875 3151 d
2894 3113 2975 3152 ae
3000 3093 3191 3170 justi·

566 3183 686 3242 tiae
717 3201 1059 3259 expressum
1090 3183 1313 3242 verbis:
1351 3183 1485 3241 Non
1515 3186 1873 3259 concupisces
1903 3184 2067 3242 Rom.
2093 3193 2147 3254 7,
2187 3195 2239 3246 7.
2290 3184 2443 3243 Hinc
2475 3184 2548 3242 de
2579 3186 2700 3241 nat.
2734 3185 2796 3241 et
2826 3201 2913 3259 gr.
2951 3181 3198 3241 scribit:

571 3271 891 3339 ,Facere
936 3275 1029 3329 est
1075 3291 1217 3348 ergo
1248 3272 1569 3348 justitiam,
1617 3273 1682 3330 in
1725 3291 1864 3331 vero
1898 3273 2006 3330 Dei
2037 3273 2206 3332 cultu
2236 3291 2369 3332 cum
2402 3273 2639 3331 interno
2670 3270 3192 3347 concupiscentiae

566 3360 719 3418 malo
752 3360 988 3419 interna
1017 3361 1452 3421 conflictatione
1485 3380 1868 3439 pugnare:
1902 3362 2293 3438 perficere
2323 3366 2540 3432 autem,
2575 3361 2882 3420 omnino
2916 3360 3199 3419 adver-

568 3449 859 3507 sarium
890 3468 1036 3507 non
1068 3452 1411 3511 habere.‘
1475 3451 1663 3526 Atqui
1694 3451 1805 3509 hoc
1836 3450 2138 3526 posterius
2171 3452 2550 3527 praeceptum
2583 3447 2656 3512 b.
2692 3450 2823 3525 ipso
2856 3453 3014 3508 teste
3046 3467 3197 3508 non-

567 3538 688 3596 nisi
720 3538 784 3596 in
829 3538 1017 3597 altera
1049 3540 1173 3598 vita
1203 3539 1462 3616 perfecte
1495 3539 1972 3615 adimplebimuS,
2020 3558 2155 3598 cum
2189 3541 2377 3598 Deum
2409 3559 2547 3598 vere
2592 3559 2662 3597 ex
2707 3541 2834 3597 toto
2880 3539 3075 3607 corde,
3127 3555 3197 3596 ex

567 3627 841 3687 omnibus
887 3628 1115 3687 viribus
1159 3627 1498 3706 diligemus.
1562 3628 1754 3697 Quare
1785 3628 2084 3704 praecepti
2115 3628 2329 3705 prioris
2376 3628 2713 3687 observatio
2762 3630 2854 3686 est
2903 3625 3194 3703 perfectio

567 3734 845 3775 cursus
880 3735 986 3775 seu
1004 3717 1149 3786 viae,
1183 3717 1433 3777 alterius
1454 3718 1799 3794 adimpletio
1821 3717 2101 3793 perfectio
2123 3717 2301 3777 stadii
2335 3717 2674 3786 termini,
2707 3717 2973 3793 praemii,
3010 3715 3196 3791 pacis.

567 3804 970 3864 Nihilominus
1006 3823 1140 3864 vero
1188 3820 1249 3869 (3.
1287 3811 1669 3883 praeceptum
1702 3807 2091 3883 perficiendae
2116 3806 2389 3881 ‚iustitiae
2413 3807 2540 3882 jam
2571 3805 2744 3864 modo
2775 3804 2948 3865 nobis
2982 3806 3193 3863 datum

566 3897 782 3964 censet,
831 3897 902 3953 ut
941 3895 1212 3965 sciamus,
1246 3914 1365 3972 quo
1396 3895 1642 3954 tendere
1675 3896 2013 3967 debeamus,
2063 3896 2207 3972 quid
2238 3895 2410 3954 nobis
2445 3896 2637 3954 adhuc
2668 3894 2842 3965 desit,
2874 3899 2936 3953 et
2969 3898 3040 3953 ut
3071 3893 3189 3952 sal·

564 3985 686 4040 tem
735 3983 807 4040 ad
856 3985 1085 4042 tantam
1134 3984 1555 4059 perfectionem
1604 3984 1954 4060 aspiremuS,
2006 4004 2113 4044 nec
2164 4004 2428 4061 unquam
2478 3983 2837 4043 deficiamus·
2915 3983 3086 4052 Quod
3140 3981 3191 4039 si

564 4068 633 4136 d.
666 4072 863 4147 ipsum
895 4074 1160 4131 nondum
1179 4073 1435 4148 perfecte
1454 4072 1775 4148 adimplere
1795 4091 2131 4149 possumne,
2165 4077 2375 4149 utpote
2408 4074 2646 4133 obnoxii
2678 4072 3024 4131 necessitati
3056 4089 3187 4130 sen·

564 4160 756 4219 tiendi
788 4161 1298 4237 concupiscentiae
1328 4165 1526 4222 motus
1558 4165 1738 4237 atque
1771 4163 1857 4220 ita
1897 4163 2054 4222 illud
2097 4165 2172 4221 tr
2190 4181 2322 4221 ans
2339 4161 2608 4240 gredie
2626 4182 2666 4221 n
2685 4161 2796 4221 di:
2845 4179 2966 4221 non
3013 4159 3194 4219 habet

568 4250 863 4326 ejusmodi
895 4269 1014 4308 non
1047 4251 1380 4310 observatio
1412 4252 1706 4310 rationem
1736 4252 1959 4328 peccati
1995 4251 2508 4327 imputabilis
2540 4252 2886 4327 culpaeque,
2922 4251 3025 4310 sed
3057 4252 3188 4306 tan-

567 4340 698 4396 tum
732 4357 912 4398 sensu
943 4339 1199 4414 quodam
1230 4340 1439 4398 laxiori
1471 4340 1586 4398 dici
1617 4341 1843 4416 poterit
1871 4343 2201 4416 peccatum.
2265 4340 2454 4409 Quare
2486 4340 2558 4399 de
2590 4340 2832 4416 perfect.
2855 4341 3003 4416 just.
3035 4356 3081 4400 c.
3108 4346 3178 4399 21

567 4446 625 4485 n.
664 4437 745 4489 44
780 4428 1014 4486 scribit:
1065 4429 1242 4496 ,Non
1275 4428 1540 4500 offendit,
1578 4428 1698 4487 nisi
1729 4429 1825 4488 cui
1856 4430 2012 4488 mala
2042 4429 2524 4504 concupiscentia
2552 4432 2757 4488 contra
2780 4429 3058 4505 justitiae
3089 4444 3183 4483 ra-

566 4516 790 4575 tionem
809 4517 1141 4592 appetendo
1174 4536 1281 4576 seu
1299 4518 1542 4577 vitando
1563 4517 1896 4576 faciendum
1930 4518 2025 4576 vel
2056 4518 2374 4577 dicendum
2404 4518 2498 4577 vel
2530 4519 2912 4595 cogitandum
2933 4513 3179 4592 aliquid,

567 4605 728 4680 quod
760 4624 881 4664 non
913 4605 1143 4678 debuit,
1191 4606 1314 4665 sive
1345 4607 1555 4664 fallens
1587 4606 1711 4665 sive
1742 4608 2086 4682 praevalens
2116 4607 2509 4682 persuadet3‘
2560 4609 2622 4665 et
2655 4625 2826 4665 serm.
2867 4617 2978 4669 151
3022 4624 3078 4663 n.
3116 4613 3146 4663 7
3170 4622 3182 4658 :

572 4692 918 4762 ,Quomodo
951 4714 1060 4772 ago
1092 4696 1319 4754 bonum
1350 4698 1413 4753 et
1441 4714 1562 4772 non
1592 4694 1832 4771 perficio
1865 4696 2129 4754 bonum?
2192 4698 2323 4772 Ago
2368 4695 2611 4768 bonum,
2659 4714 2794 4755 cum
2831 4696 3016 4753 malae
3048 4710 3183 4752 con-
