3538 5364
929 256 1407 326 inspirationibus
1432 262 1492 313 et
1515 257 2050 314 subministratione
2077 256 2327 312 virtutis.
2855 263 2936 330 87

302 443 713 512 nobilissima3
762 445 861 502 vel
909 460 971 508 (3.
1015 446 1158 522 quia
1189 446 1390 522 quivis
1422 444 1750 504 voluntatis
1783 448 1953 504 actus
1987 444 2179 503 oritur
2209 462 2278 501 ex
2310 443 2512 518 aliquo
2546 460 2745 502 amore
2776 458 2938 500 amo-

302 551 550 607 remque
580 532 884 593 latissima
915 535 1348 610 significatione
1378 537 1685 610 acceptum
1719 534 2066 593 imbibitum
2111 532 2325 591 habet:
2375 532 2754 608 Augustinus
2799 547 2941 589 vero

306 622 576 680 caritatis
628 622 991 682 vocabulum
1037 625 1167 683 laxa
1211 643 1384 700 saepe
1430 623 1862 700 significatione
1907 622 2126 699 accipit
2170 619 2252 701 (n.
2305 620 2468 699 51²).
2536 620 2750 678 Merito
2799 637 2941 697 ergo

307 710 624 769 damnatae
658 715 806 770 sunt
839 712 1143 781 Quesnelli
1176 733 1342 789 prop.
1378 723 1491 777 54:
1530 713 1708 781 ‚Sola
1738 713 1956 771 caritas
1988 718 2098 780 est,
2132 729 2284 787 quae
2318 710 2437 769 Deo
2470 709 2772 786 loquitur;
2814 727 2940 767 eam

310 800 495 859 solam
530 800 692 859 Deus
723 801 929 872 audit3
980 813 1092 865 55:
1140 803 1297 862 Deus
1345 820 1467 861 non
1497 804 1740 861 coronat
1771 801 1891 860 nisi
1922 801 2258 860 caritatem:
2310 798 2414 874 qui
2466 798 2657 857 currit
2706 816 2777 857 ex
2825 798 2943 857 alio

309 888 578 964 impulsu
609 894 672 947 et
701 908 771 947 ex
804 890 923 950 alio
956 894 1197 962 motiv0,
1232 892 1298 950 in
1328 910 1546 950 vanum
1580 891 1844 961 currit3‘
1883 900 1984 954 56.
2022 899 2120 952 57.
2158 899 2256 950 60.
2293 897 2393 950 62.

496 1040 601 1093 95.
635 1031 841 1091 Altera
870 1052 1034 1109 prop.
1067 1053 1202 1109 pars
1233 1036 1645 1110 inspirationes
1687 1028 1816 1109 has,
1866 1033 2086 1107 quibus
2133 1032 2410 1090 voluntas
2444 1029 2519 1089 ad
2549 1032 2748 1088 actum
2781 1028 2940 1087 salu-

312 1124 499 1179 tarem
530 1119 833 1180 edendum
863 1127 1265 1198 praeparatur,
1311 1125 1589 1183 contineri
1632 1124 1854 1181 actibus
1884 1122 2273 1180 indeliberatis
2316 1119 2495 1179 nimis
2540 1118 2784 1179 evidens
2831 1121 2938 1188 est,

315 1229 495 1285 quam
528 1214 603 1267 ut
632 1212 937 1286 probetur.
972 1212 1268 1271 Dicuntur
1286 1212 1441 1272 enim
1476 1227 1540 1277 a.
1571 1212 1815 1271 excitari
1848 1212 1911 1269 in
1943 1210 2116 1270 nobis
2151 1209 2316 1268 sine
2347 1208 2553 1267 nobis:
2587 1206 2753 1282 atqui
2776 1211 2944 1265 actus

314 1298 681 1357 deliberatus
713 1319 1021 1376 nunquam
1052 1301 1278 1360 dicitur
1307 1320 1432 1361 esse
1463 1302 1529 1360 in
1560 1301 1735 1360 nobis
1769 1301 1942 1359 sine
1974 1299 2165 1368 nobie,
2200 1316 2334 1358 cum
2370 1297 2450 1356 sit
2480 1296 2552 1356 de
2585 1297 2714 1373 ejus
2745 1314 2942 1355 essen-

315 1386 404 1446 tia
443 1388 581 1447 elici
627 1408 662 1445 a
705 1390 1017 1448 voluntate
1048 1390 1236 1450 libere
1269 1395 1548 1466 operante
1580 1391 1676 1449 vel
1708 1392 2074 1466 cooperante,
2122 1409 2156 1447 a
2200 1387 2372 1446 nobis
2404 1389 2699 1462 quatenus
2734 1402 2945 1443 sumus

316 1476 611 1536 domini
659 1482 999 1538 nostrorum
1032 1483 1292 1538 actuum.
1357 1479 1521 1548 Quod
1570 1480 1623 1538 si
1668 1475 1736 1544 l).
1785 1478 2206 1555 inspirationes
2239 1477 2462 1553 gratiae
2494 1475 2947 1535 continerentur

316 1566 551 1624 actibus
584 1566 929 1626 deliberatis
951 1568 1298 1637 voluntatis,
1324 1570 1452 1645 jam
1482 1569 1650 1627 nulla
1680 1572 1840 1627 esset
1870 1567 2064 1643 gratia
2095 1565 2504 1642 inspirationis
2534 1563 2941 1641 praeveniens,

317 1655 417 1714 sed
449 1658 688 1714 tantum
715 1675 1047 1732 cooperanS,
1081 1676 1216 1717 cum
1237 1662 1405 1717 actus
1426 1657 1793 1716 deliberatus
1815 1656 2092 1716 salutaris
2126 1656 2207 1714 sit
2238 1655 2468 1713 fructus
2489 1654 2716 1731 gratiae
2736 1670 2943 1727 coope-

316 1746 508 1803 rantis
545 1750 606 1803 et
637 1746 1066 1805 consentientis
1098 1746 1460 1815 voluntatis;
1509 1752 1569 1805 et
1606 1746 1798 1805 omnis
1831 1746 2142 1823 inspiratio
2182 1744 2506 1804 voluntatis
2537 1746 2697 1801 esset
2726 1741 2944 1812 efficax,

317 1835 477 1909 quod
509 1838 838 1910 utrumque
870 1839 964 1893 est
993 1836 1347 1895 absurdum:
1383 1836 1619 1911 saepius
1653 1837 1811 1894 enim
1845 1835 2113 1893 homines
2146 1835 2434 1893 resistunt
2465 1831 2715 1910 Spiritui
2752 1849 2815 1901 s.,
2849 1830 2947 1889 cui

316 1922 616 1980 tribuitur
647 1923 977 1983 voluntatis
1023 1924 1336 2001 inspiratio
1370 1924 1523 1996 (Act.
1559 1935 1614 1993 ’7,
1655 1921 1782 2004 51),
1832 1932 1891 1982 et
1936 1924 2188 1999 gratiam
2237 1922 2341 1981 Dei
2388 1923 2450 1980 in
2497 1939 2750 1980 vacuum
2796 1918 2943 1978 reci-

316 2012 499 2087 piunt
533 2009 618 2091 (2.
654 2012 778 2073 Cor.
814 2023 869 2082 6,
918 2009 990 2095 l).
1053 2014 1233 2073 Actui
1262 2017 1462 2073 autem
1495 2014 1823 2073 deliberato
1857 2014 2225 2072 voluntatem
2259 2012 2533 2071 resistere
2564 2011 2766 2086 inepte
2797 2007 2943 2067 dici·

318 2106 435 2161 tur.
503 2101 689 2177 Saepe
736 2102 949 2161 deinde
993 2117 1055 2166 c.
1103 2103 1417 2162 exhibetur
1461 2102 1636 2161 homo
1680 2104 1914 2161 medius
1960 2103 2118 2161 inter
2164 2103 2427 2159 satanam
2462 2100 2840 2168 seducentem
2885 2100 2946 2155 et

319 2190 510 2248 Deum
530 2190 958 2263 blandientem,
990 2192 1369 2263 allicientem,
1401 2192 1751 2261 trahentem,
1787 2211 1925 2250 sane
1947 2190 2278 2250 voluntatis
2295 2188 2812 2264 inspirationibus
2845 2185 2947 2245 sed

320 2280 406 2336 ita
435 2284 509 2338 ut
542 2280 607 2337 in
640 2280 898 2339 hominis
930 2283 1226 2356 potestate
1257 2281 1340 2339 sit
1369 2282 1661 2340 assentire
1693 2282 1789 2340 vel
1821 2279 2138 2339 dissentire
2173 2274 2256 2362 (n.
2295 2278 2412 2341 80⁶
2444 2272 2540 2360 c.).
2605 2275 2947 2336 Voluntatis

321 2386 465 2445 ergo
498 2368 926 2444 inspirationes
956 2388 1077 2429 non
1108 2371 1444 2429 consistunt
1475 2371 1538 2429 in
1570 2369 1804 2429 actibus
1829 2371 1952 2445 jam
1986 2368 2349 2427 deliberatis

396 2550 399 2553 ι
500 2511 605 2576 96.
641 2506 922 2572 Tertiam
955 2526 1031 2589 p.,
1083 2525 1214 2590 qua
1245 2506 1640 2572 affirmamus
1673 2508 1945 2587 gratiam
1978 2506 2459 2570 subministrare
2489 2506 2795 2584 virtutem,
2829 2502 2947 2565 do-

323 2620 470 2677 cent
498 2635 567 2681 a.
603 2611 989 2696 Scripturae,
1041 2621 1111 2679 ut
1157 2632 1305 2679 cum
1338 2613 1628 2679 Christus
1678 2614 1958 2679 affirmat
1988 2613 2172 2678 Joan.
2212 2618 2310 2689 15,
2344 2616 2406 2688 5,
2451 2629 2574 2674 nos
2619 2610 2757 2673 sine
2787 2610 2946 2691 ipso,

324 2722 458 2786 sine
508 2739 629 2785 suo
680 2721 943 2799 influxu,
994 2722 1081 2786 nil
1129 2741 1321 2804 posse
1370 2723 1436 2786 in
1484 2723 1707 2787 ordine
1740 2723 1982 2787 salutis.
2045 2720 2258 2800 Quare
2290 2738 2467 2784 conc.
2501 2717 2683 2782 trid.
2718 2735 2871 2781 3333.
2906 2722 2947 2787 6

325 2845 458 2909 cap.
501 2832 617 2896 16:
658 2827 801 2902 ,Ille
832 2829 969 2910 ipse
1001 2827 1290 2894 Christus
1320 2829 1506 2894 Jesus
1540 2835 1875 2911 tamquam
1895 2835 2090 2911 caput
2111 2829 2174 2891 in
2194 2827 2487 2893 membra
2519 2831 2584 2891 et
2617 2833 2948 2906 tamquam

324 2934 467 3000 vitis
499 2935 568 2998 in
599 2935 897 3016 palmites
929 2936 993 2999 in
1025 2937 1198 3017 ipsos
1228 2935 1615 3019 justificatos
1642 2935 1879 3018 jugiter
1923 2936 2222 3000 virtutem
2273 2933 2494 3009 influit,
2546 2949 2716 3015 quae
2746 2932 2948 2997 virtus

325 3059 547 3106 eorum
580 3060 782 3123 opera
812 3061 1064 3124 semper
1095 3043 1439 3120 antecedit,
1470 3044 1820 3107 comitatur
1853 3049 1916 3109 et
1948 3041 2411 3124 subsequitur.‘
2481 3040 2624 3106 Jam
2659 3057 2812 3103 vero
2843 3038 2947 3101 bic

325 3147 599 3211 influxus
632 3148 916 3231 aliquam
957 3148 1246 3230 profecto
1293 3149 1661 3231 suppeditat
1707 3149 2084 3231 potentiam.
2117 3187 2205 3196 --
2238 3147 2483 3211 Doceat
2513 3147 2581 3215 l».
2616 3152 2680 3209 et
2711 3150 2945 3227 patres,

325 3255 576 3338 quoties
609 3254 954 3332 inculcant,
986 3275 1107 3320 nos
1140 3256 1385 3339 absque
1432 3255 1643 3336 gratia
1686 3256 1776 3319 nil
1820 3253 2014 3336 plane
2062 3273 2272 3336 posse,
2319 3253 2527 3334 gratia
2560 3272 2679 3317 nos
2710 3252 2774 3315 in
2807 3269 2947 3314 om-

325 3362 512 3426 nibus
537 3363 768 3443 juvari,
801 3362 1007 3442 gratia
1036 3381 1158 3426 nos
1189 3363 1394 3427 multa
1442 3381 1636 3444 posse
1670 3370 1821 3427 ete:
1873 3363 2035 3426 haec
2086 3362 2255 3427 enim
2304 3361 2597 3425 doctrina
2645 3358 2948 3440 supponit

328 3468 598 3548 gratiam
632 3467 923 3533 conferre
954 3469 1281 3551 quandam
1312 3469 1687 3550 potentiam.
1721 3507 1808 3517 --
1842 3468 2014 3532 Idem
2047 3468 2300 3543 docent,
2350 3484 2495 3530 cum
2529 3467 2767 3548 passim
2803 3484 2947 3546 gra-

328 3575 478 3638 tiam
512 3574 752 3640 diserte
784 3575 1003 3641 dicunt
1032 3576 1334 3640 virtutem
1364 3594 1479 3640 seu
1513 3576 1745 3639 virium
1791 3575 2471 3651 subministrationem,
2517 3579 2589 3637 ut
2630 3573 2948 3653 possimus

329 3681 569 3745 bonum
598 3699 924 3762 peragere.

499 3831 597 3889 Ita
626 3831 677 3888 A
694 3830 1020 3907 ugustin
1038 3848 1123 3889 us
1155 3849 1324 3889 serm.
1348 3839 1429 3893 42
1454 3847 1501 3888 c.
1526 3839 1562 3892 3
1584 3850 1597 3888 :
1637 3869 1664 3899 ‚
1683 3828 1985 3897 Quomodo
2005 3828 2276 3906 gratiate
2309 3849 2344 3888 a
2373 3832 2435 3887 te
2455 3828 2670 3887 liberat
2683 3831 2710 3884 ἐ’
2744 3827 2946 3885 dimit·

329 3919 505 3978 tendo
542 3924 800 3995 peccata,
848 3919 1120 3977 donando
1165 3920 1393 3988 merita,
1446 3918 1640 3977 dando
1691 3919 1806 3976 tibi
1852 3919 2064 3977 vires
2109 3919 2179 3977 ad
2226 3919 2613 3995 pugnandum
2661 3915 2947 3975 adversus

331 4009 838 4084 concupiscentias
872 4011 1024 4077 tuas,
1061 4009 1399 4085 inspirando
1431 4008 1810 4067 virtutem
1831 4051 1844 4078 ‚
1899 4007 2091 4066 dando
2124 4008 2437 4066 coelestem
2471 4006 2943 4075 delectationem,

331 4116 443 4171 qua
473 4097 667 4156 omnis
699 4096 1015 4157 delectatio
1047 4102 1393 4174 superatum
1413 4104 1440 4134 ⁴²
1488 4101 1552 4156 et
1596 4115 1766 4156 serm.
1805 4106 1883 4159 32
1918 4117 1977 4158 n.
2011 4107 2077 4160 9:
2129 4096 2353 4164 ‚Vocat
2382 4099 2444 4155 te
2476 4097 2635 4154 Deus
2667 4098 2729 4154 et
2751 4095 2943 4170 jubet,

330 4189 399 4244 nt
427 4186 642 4255 facias;
676 4186 779 4244 sed
814 4186 942 4263 ipse
974 4187 1077 4245 «lat
1107 4187 1348 4256 vires,
1383 4189 1455 4245 ut
1485 4186 1645 4263 quod
1669 4186 1866 4261 jubet,
1901 4186 2135 4261 impleri
2155 4186 2406 4262 possit.‘
2455 4186 2533 4245 Et
2552 4185 2687 4244 aliis
2707 4184 2946 4243 omissis

330 4292 376 4333 c.
410 4275 559 4333 duas
591 4294 684 4350 ep.
719 4275 835 4350 pel.
865 4276 904 4333 l.
946 4287 965 4338 l
1010 4296 1067 4339 n.
1106 4286 1173 4339 5:
1225 4276 1424 4345 ,Quid
1472 4278 1581 4347 est,
1628 4275 1790 4352 quod
1835 4276 1951 4334 iste
1997 4275 2183 4333 libero
2228 4275 2477 4333 arbitrio
2509 4275 2644 4334 vult
2673 4274 2825 4332 bene
2858 4273 2945 4331 vi-

331 4363 503 4422 vendi
536 4363 803 4423 tribuere
831 4367 1207 4440 potestatem,
1253 4383 1386 4423 cum
1436 4365 1577 4424 haec
1620 4368 1884 4440 potestas
1929 4382 2048 4422 non
2093 4363 2270 4422 detur
2313 4364 2432 4421 nisi
2479 4363 2671 4440 gratia
2704 4362 2809 4421 Dei
2840 4380 2949 4439 per

330 4453 534 4512 Jesum
581 4452 881 4512 Christum
930 4454 997 4512 D.
1043 4454 1158 4512 NJ?
1208 4487 1292 4498 —
1341 4454 1682 4531 Augustino
1728 4454 2026 4512 consentit
2070 4453 2546 4530 Fulgentius
2593 4452 2666 4511 de
2711 4451 2827 4510 fide
2872 4450 2944 4508 ad

330 4542 568 4601 Petrum
602 4561 652 4602 c.
678 4551 789 4604 32:
827 4542 1225 4611 ‚Firmissime
1254 4547 1393 4603 tene
1425 4589 1438 4601 .
1474 4586 1486 4598 .
1521 4587 1535 4601 .
1568 4542 1795 4601 divinis
1828 4542 2128 4601 mandatis
2169 4541 2408 4601 obedire
2426 4542 2720 4600 neminem
2753 4557 2944 4616 posse,

331 4631 440 4692 nisi
473 4651 657 4708 quem
689 4631 848 4690 Deus
880 4632 1076 4708 gratia
1110 4650 1220 4691 sua
1263 4632 1654 4709 praevenerit,
1701 4635 1775 4691 ut
1818 4631 1979 4707 quod
2025 4631 2200 4690 audit
2243 4650 2501 4707 corpore,
2548 4629 2720 4688 corde
2765 4629 2944 4687 etiam

330 4721 631 4797 percipiat,
678 4722 742 4779 et
784 4724 1021 4795 accepta
1065 4721 1357 4788 divinitus
1402 4721 1559 4780 bona
1604 4721 1915 4779 voluntate
1960 4724 2141 4797 atque
2185 4721 2496 4779 virtute
2527 4717 2808 4778 mandata
2839 4715 2944 4774 Dei
