3538 5364
1317 307 1399 362 De
1425 307 1690 362 ordinum
1718 323 1971 364 numer0.
2410 271 2549 394 fis}
2572 309 2644 351 Ψ
2758 367 2783 378 Ᾰ
2827 315 3083 427 54μ

355 515 418 577 in
448 527 621 575 conc.
673 508 1096 574 laodiceni
1149 510 1226 593 (c.
1263 526 1318 571 a.
1353 509 1508 592 373)
1562 524 1701 570 can.
1737 511 1823 574 24
1878 507 1968 592 (in
2020 524 2147 588 quo
2200 523 2316 587 pro
2363 504 2676 617 acofythis
2721 506 2967 587 psaltes

357 618 697 702 ponuntur)
750 622 814 681 et
843 617 908 679 in
939 633 1078 679 can.
1114 621 1154 683 ἴ)
1187 635 1267 679 ss.
1316 614 1589 678 concilio
1632 612 2265 694 carthaginensi
2308 612 2407 676 IV.
2441 631 2497 675 a.
2531 614 2659 694 398
2709 610 2961 676 tributis

358 726 485 812 (qui
516 723 677 788 forte
708 729 857 787 sunt
888 739 1012 787 sec.
1045 721 1145 799 VI,
1166 720 1238 785 cf.
1271 721 1422 785 Hes
1430 721 1552 786 ele
1585 718 2125 800 Conciliengesch.
2149 720 2248 795 112,
2270 722 2381 806 68)
2403 718 2783 783 describitur
2801 718 2967 782 ritus

357 830 716 896 conferendi
754 830 1037 912 singulos
1067 830 1187 893 hos
1220 829 1492 892 ordines,
1557 825 1966 908 Singulorum
2011 845 2168 891 vero
2217 828 2456 892 mentio
2502 828 2744 907 passim
2791 825 2965 907 apud

355 944 565 1020 patres
598 937 896 1019 antiquos
928 936 1218 1000 occurrit.

533 1077 676 1129 574.
709 1066 976 1135 ,Horum
1009 1065 1285 1124 ordinum
1315 1064 1604 1141 originem
1636 1062 1935 1140 indagare,
1969 1063 2169 1140 inquit
2200 1062 2678 1123 Benedictus
2708 1062 2857 1126 XIV.
2890 1063 2971 1122 de

353 1176 480 1233 syn.
501 1154 679 1218 dioec.
700 1154 857 1225 VIlI,
895 1165 929 1216 9
965 1151 998 1221 ἓ
1035 1165 1090 1224 5,
1123 1157 1217 1213 est
1248 1170 1581 1228 operosum,
1614 1152 1850 1228 assequi
1881 1170 2020 1211 vero
2053 1154 2173 1215 fere
2204 1152 2631 1230 impossibile«
2680 1152 2974 1212 Pluribus

355 1247 551 1304 autem
581 1247 829 1303 conatur
857 1243 1167 1302 ostendere
1198 1242 1543 1301 Morinus
1592 1242 1664 1300 de
1711 1260 1790 1305 ss,
1833 1241 1987 1303 Eccl.
2021 1243 2145 1304 ord.
2175 1261 2361 1304 exerc.
2402 1254 2471 1306 11
2513 1261 2560 1301 c.
2602 1254 2651 1312 1,
2697 1258 2798 1302 eos
2843 1262 2967 1301 non

354 1353 473 1394 esse
517 1333 921 1392 institutionis
966 1332 1311 1402 divinae,
1357 1335 1491 1390 tum
1535 1331 1678 1408 quia
1713 1330 1871 1407 apud
1904 1349 2142 1407 graecos
2172 1334 2438 1409 aliosque
2470 1333 2731 1391 Orientis
2764 1336 2973 1391 coetus

354 1441 470 1483 non
499 1422 658 1480 idem
689 1425 778 1480 est
806 1440 1110 1491 numerus,
1143 1424 1275 1479 tum
1308 1421 1450 1497 quia
1478 1421 1539 1479 in
1571 1420 1702 1496 ipsa
1732 1418 1995 1478 Ecclesia
2024 1423 2211 1482 latina
2240 1441 2360 1483 non
2392 1422 2633 1481 videtur
2663 1423 2818 1481 idem
2850 1440 2963 1481 nu·

354 1530 550 1571 merus
597 1529 828 1586 semper
872 1510 1060 1569 fuisse
1110 1511 1170 1568 et
1218 1510 1449 1569 diversa
1493 1509 1557 1567 in
1603 1509 1859 1567 diversis
1905 1512 2170 1571 ecclesiis
2203 1512 2465 1590 viguisse
2496 1512 2829 1571 ministeria
2862 1530 2968 1570 seu

354 1601 606 1660 ordines.
672 1600 997 1676 Utramque
1030 1599 1388 1658 sententiam
1420 1602 1735 1675 negantem
1767 1599 1830 1656 et
1874 1597 2264 1660 affirmantem
2299 1600 2612 1661 conciliare
2644 1600 2868 1672 licebit,
2918 1601 2966 1659 si

353 1690 604 1749 dicimus
637 1707 772 1750 cum
804 1688 1305 1747 Thomassino
1337 1707 1392 1763 p.
1433 1698 1457 1749 l
1500 1687 1539 1746 1.
1575 1696 1609 1748 2
1646 1704 1693 1748 c.
1715 1697 1829 1750 40:
1866 1686 2076 1754 ,Nihil
2097 1691 2467 1767 probabilius
2502 1708 2676 1764 quam
2711 1691 2969 1749 minores

353 1779 592 1838 ordines
625 1778 1042 1854 comprehenso
1075 1777 1506 1836 subdiaconatu
1550 1775 1718 1835 velut
1763 1773 2048 1850 quasdam
2095 1780 2401 1855 portiones
2447 1798 2576 1839 esse
2621 1779 2975 1838 diaconatus

352 1869 479 1927 aliis
523 1868 786 1944 aliisque.
821 1866 1190 1943 temporibus
1237 1868 1298 1924 et
1345 1865 1801 1924 necessitatibus
1849 1865 1924 1923 ab
1973 1886 2043 1927 eo
2091 1862 2223 1950 (per
2252 1864 2597 1946 Ecclesiam)
2644 1868 2968 1944 decerptas.

355 1957 745 2026 Quamobrem
778 1956 978 2031 aliquo
1011 1973 1191 2014 sensu
1224 1973 1410 2030 eoque
1445 1973 1579 2013 vero
1610 1957 1771 2012 recte
1817 1953 2055 2032 dixeri8‚
2104 1958 2363 2017 minores
2409 1957 2647 2018 ordines
2693 1958 2758 2015 in
2804 1957 2968 2015 fonte

352 2065 455 2106 suo
486 2051 669 2122 atque
701 2046 928 2122 origine
959 2045 998 2102 i.
1029 2063 1078 2105 e.
1112 2044 1173 2102 in
1207 2043 1538 2115 diaconatu,
1584 2043 1743 2101 unde
1775 2047 2079 2118 tamquam
2112 2047 2294 2106 rivuli
2326 2047 2744 2115 scaturierunt,
2793 2046 2967 2104 insti-

351 2135 606 2195 tutionis
636 2153 766 2194 esse
798 2133 1034 2192 divinae
1048 2128 1155 2215 ¹).‘
1228 2131 1394 2201 Quod
1431 2134 1558 2208 jam
1598 2134 1772 2191 antea
1804 2150 1849 2191 s.
1883 2132 2198 2194 Thomas
2232 2137 2425 2212 suppl.
2458 2155 2513 2210 q.
2550 2144 2629 2199 37
2664 2156 2714 2195 a.
2751 2144 2785 2197 2
2820 2134 2894 2192 ad
2930 2143 2972 2196 2

351 2226 432 2283 ita
465 2225 892 2284 affirmaverat:
928 2223 1043 2290 ,In
1073 2221 1377 2297 primitiva
1397 2220 1655 2280 Ecclesia
1673 2224 1917 2296 propter
1936 2225 2295 2300 paucitatem
2333 2225 2742 2283 ministrorum
2775 2224 2971 2281 omnia

351 2314 634 2374 inferiora
663 2312 996 2371 ministeria
1026 2310 1288 2370 diaconis
1308 2309 1850 2381 committebantur,
1882 2319 1955 2371 ut
1984 2316 2150 2389 patet
2180 2334 2286 2390 per
2315 2314 2560 2389 Diony
2577 2314 2774 2372 sium
2806 2313 2972 2386 (eccl.

351 2403 494 2462 hier.
515 2421 564 2462 c.
590 2400 673 2479 3),
704 2403 812 2461 ubi
843 2401 1018 2460 dicit:
1051 2400 1479 2471 ‚Ministrornm
1512 2399 1615 2458 alii
1647 2401 1812 2458 stant
1842 2399 1917 2457 ad
1948 2407 2154 2477 portas
2173 2403 2384 2478 templi
2405 2403 2649 2473 clausas,
2683 2401 2785 2460 alii
2805 2401 2973 2459 aliud

352 2492 577 2568 proprii
612 2491 841 2551 ordinis
873 2493 1200 2566 operantes,
1246 2489 1350 2548 alii
1396 2492 1593 2548 autem
1633 2486 2040 2550 sacerdotibus
2073 2494 2417 2568 proponunt
2448 2510 2629 2567 super
2659 2492 2845 2549 altare
2878 2510 2969 2548 sa-

351 2598 515 2640 crum
561 2598 779 2656 panem
827 2583 889 2638 et
932 2579 1364 2639 benedictionis
1411 2577 1689 2640 calicem.‘
1754 2577 2158 2639 Nihilominus
2203 2584 2373 2639 erant
2404 2598 2607 2639 omnes
2640 2579 2971 2656 praedictae

351 2672 698 2747 potestates,
746 2669 846 2729 sed
893 2668 1180 2746 implicite
1224 2668 1287 2727 in
1332 2687 1453 2727 una
1496 2666 1726 2727 diaconi
1773 2671 2083 2744 potestate.
2149 2669 2262 2729 Sed
2292 2675 2496 2746 postea
2527 2669 2848 2746 ampliatus
2880 2670 2974 2727 est

353 2761 549 2819 cultus
583 2760 845 2830 divinus,
879 2763 938 2818 et
958 2759 1233 2829 Ecclesia,
1253 2759 1409 2833 quod
1441 2757 1729 2833 implicite
1758 2757 2016 2818 habebat
2045 2760 2109 2818 in
2139 2778 2260 2818 uno
2291 2759 2514 2830 ordine,
2544 2759 2820 2834 explicite
2849 2761 2971 2816 tra-

351 2849 507 2908 didit
538 2850 609 2907 in
653 2848 967 2907 diversis.‘
998 2881 1088 2891 —
1120 2848 1330 2906 Plures
1362 2855 1564 2905 autem
1596 2847 1860 2924 theologi
1890 2849 2239 2924 praesertim
2272 2847 2627 2908 recentiores
2660 2847 2979 2907 ordinibus

353 2938 687 2998 minoribus
719 2942 780 2996 et
811 2936 1267 2995 subdiaconatui
1300 2936 1652 2994 sacramenti
1672 2935 2027 3011 dignitatem
2048 2938 2363 3015 denegant,
2397 2936 2556 3013 quod
2587 2955 2706 2996 non
2739 2939 2973 2995 constet

352 3027 422 3086 de
453 3045 667 3087 eorum
686 3026 1067 3085 institutione
1088 3025 1322 3102 proprie
1353 3024 1510 3083 dicta
1541 3024 1760 3096 divina,
1794 3043 1903 3084 nec
1934 3027 2162 3103 aliquid
2196 3028 2445 3103 legatur,
2479 3044 2598 3102 quo
2629 3026 2801 3096 ritus,
2835 3025 2970 3099 qui-

352 3116 463 3175 bus
495 3116 908 3185 conferuntur,
943 3115 1200 3174 efficaces
1219 3114 1443 3190 gratiae
1475 3133 1543 3172 ex
1576 3132 1750 3188 opere
1784 3119 2021 3190 operato
2042 3116 2539 3186 demonstrentur,
2575 3114 2735 3190 quod
2769 3132 2973 3172 eorum

350 3224 607 3265 munera
636 3224 673 3264 a
710 3205 876 3263 laicis
907 3204 1084 3263 etiam
1121 3207 1516 3273 exerceantur,
1563 3203 1721 3278 quod
1756 3204 2009 3262 conferri
2045 3205 2277 3280 possint
2320 3204 2393 3262 ab
2441 3223 2528 3273 eo,
2576 3203 2681 3279 qui
2725 3221 2845 3262 non
2894 3202 2979 3260 sit

353 3294 674 3371 episcopus
720 3293 821 3352 sed
865 3296 1104 3352 tantum
1136 3293 1470 3368 presbyter.
1535 3292 1906 3351 vetustiores
1937 3294 2139 3352 tamen
2169 3293 2433 3370 theologi
2467 3296 2560 3352 sat
2591 3311 2804 3369 magno
2835 3310 2974 3350 con·

353 3401 536 3443 sensu
568 3385 824 3442 tuentur
853 3401 1058 3441 eorum
1089 3382 1442 3459 dignitatem
1473 3382 1973 3452 sacramentalem,
2006 3383 2225 3459 quibus
2256 3383 2545 3442 accedunt
2573 3382 2752 3441 etiam
2783 3380 2981 3456 aliqui

352 3491 422 3531 ex
453 3472 905 3543 recentioribus,
939 3474 1010 3530 ut
1041 3470 1573 3547 Silbernagel‚
1607 3469 2024 3541 Laemmer,
2062 3472 2465 3544 Glossner,
2500 3473 2570 3530 de
2602 3470 2973 3548 Augusti·

351 3562 475 3620 nis
509 3566 624 3624 etc.
688 3562 907 3619 Sasse
950 3560 1200 3636 prolatis
1246 3559 1616 3636 argumentis
1662 3577 1769 3634 pro
1803 3564 2059 3637 utraque
2092 3562 2391 3620 sententia
2422 3561 2496 3620 11.
2530 3562 2613 3619 th.
2651 3571 2685 3623 6
2721 3560 2794 3617 de
2827 3577 2959 3618 sacr

354 3650 483 3714 ord.
517 3650 978 3710 controversiam
1010 3648 1289 3708 dirimere
1320 3666 1440 3707 non
1471 3648 1668 3706 audet.

536 3775 687 3840 575.
721 3769 1073 3840 Scholion
1109 3770 1252 3837 111.
1317 3768 1415 3832 De
1461 3769 1752 3833 ordinum
1798 3790 2072 3835 numere.
2105 3810 2190 3820 —
2226 3769 2292 3834 Si
2337 3787 2628 3852 quaeraS,
2662 3774 2820 3850 quot
2852 3767 2979 3829 sint

356 3878 638 3954 ordines,
671 3877 1062 3959 respondent
1093 3896 1335 3955 omneS‚
1368 3878 1477 3959 qui
1509 3883 1748 3957 negant
1781 3878 2230 3960 episcopatum
2263 3895 2406 3941 esse
2442 3876 2731 3940 ordinem
2775 3881 2840 3938 et
2870 3892 2979 3937 sa-

585 4066 621 4132 1)
651 4061 796 4114 Hinc
824 4063 872 4114 A
889 4080 944 4114 m
960 4063 1080 4114 ala
1097 4079 1123 4114 r
1139 4060 1159 4113 i
1177 4080 1212 4115 u
1230 4080 1254 4114 s
1281 4061 1350 4114 de
1378 4062 1567 4117 eccles.
1597 4060 1801 4115 officiis
1823 4062 1860 4114 l.
1877 4068 1908 4117 2
1931 4079 1977 4115 c.
2006 4069 2053 4124 6,
2073 4065 2376 4132 postquam
2403 4059 2670 4122 ostendit,
2687 4058 2972 4113 Christum

356 4143 678 4197 exercuisse
706 4142 932 4196 ordines
957 4140 1255 4195 inferiores
1282 4142 1372 4213 (cf.
1399 4142 1571 4195 etiam
1614 4143 1649 4195 S
1667 4145 1737 4195 te
1754 4161 1793 4212 p
1811 4142 1848 4195 h
1865 4158 1900 4194 a
1917 4160 1952 4193 n
1972 4160 2009 4195 u
2026 4160 2050 4194 s
2088 4140 2395 4210 augustod,
2435 4139 2504 4192 de
2550 4155 2687 4193 sacr.
2715 4139 2814 4192 alt.
2842 4157 2886 4198 c.
2916 4145 2976 4195 6:

357 4223 571 4294 Hugo
601 4240 633 4277 a
662 4241 703 4277 s.
730 4223 955 4277 Victore
984 4223 1052 4276 de
1080 4239 1312 4277 sacram.
1339 4223 1375 4276 1.
1407 4230 1438 4278 2
1464 4242 1520 4293 p.
1547 4230 1580 4279 3
1605 4241 1650 4276 c.
1681 4230 1713 4279 6
1739 4241 1839 4283 ss.;
1868 4223 1930 4279 P.
1956 4220 2413 4276 Lombardus
2440 4220 2500 4274 in
2528 4231 2578 4276 4.
2605 4220 2659 4273 d.
2686 4227 2784 4277 242
2811 4219 2981 4273 Bau·

357 4304 590 4357 dinus
617 4305 678 4356 in
704 4313 754 4359 4.
781 4304 832 4357 d.
863 4311 960 4362 23:
989 4303 1197 4374 Hugo
1224 4307 1501 4374 rotomag.
1527 4304 1889 4368 c.haeret.11,
1912 4310 2005 4362 10:
2034 4302 2179 4356 Bon
2200 4317 2233 4354 a
2254 4303 2573 4354 ventura
2600 4318 2780 4371 comp.
2809 4300 2980 4355 theol.

359 4382 525 4437 verit.
552 4382 652 4445 VI,
679 4387 784 4447 36),
805 4383 1066 4450 subjicit:
1121 4382 1235 4443 „De
1259 4383 1384 4436 istis
1410 4385 1499 4436 sat
1523 4384 1609 4436 est
1631 4383 1704 4435 ad
1731 4380 2255 4444 demonstrandum,
2296 4395 2764 4448 unumquemque
2808 4397 2980 4434 sacer-

358 4463 556 4518 dotem
583 4464 792 4517 habere
819 4463 879 4518 in
907 4479 962 4516 se
989 4462 1247 4530 subjecta
1273 4463 1610 4525 ministeria,
1652 4463 1746 4516 sed
1789 4466 2024 4533 propter
2062 4461 2497 4516 multitudinem
2540 4460 2837 4515 hominum
2865 4480 2979 4516 non

358 4560 527 4613 posse
555 4544 722 4597 illum
751 4542 940 4598 omnia
965 4543 1280 4613 adimplere
1307 4559 1372 4596 ac
1399 4542 1527 4596 ideo
1553 4543 1804 4611 adjectos
1832 4558 1949 4596 esse
1976 4542 2087 4595 sibi
2116 4542 2311 4604 socios,
2340 4540 2442 4609 qui
2467 4539 2690 4594 minora
2710 4541 2980 4610 adimple·

358 4626 513 4679 ant.“
547 4622 633 4677 Cf.
660 4623 702 4676 P
718 4624 755 4676 h
772 4623 791 4676 i
809 4624 829 4676 1
846 4621 900 4678 li
918 4639 953 4690 p
974 4640 997 4675 s
1023 4631 1049 4688 ξ
1074 4627 1142 4679 36
1162 4645 1172 4681 ;
1200 4621 1273 4673 W
1290 4622 1309 4675 i
1327 4638 1355 4674 e
1374 4622 1392 4675 l
1409 4639 1441 4674 a
1458 4640 1494 4674 n
1513 4622 1548 4675 d
1577 4621 1679 4675 Die
1698 4621 2023 4689 genetische
2043 4620 2456 4691 Entwicklung
2472 4621 2572 4675 der
2587 4624 2981 4691 sogenannten

359 4703 595 4759 ordines
625 4702 867 4757 minores
893 4702 953 4755 in
981 4702 1091 4755 den
1118 4705 1304 4755 ersten
1332 4701 1453 4755 drei
1480 4701 1677 4754 Jahrb.
1706 4702 1766 4754 in
1795 4708 1933 4754 rom.
1963 4701 2264 4765 Qtlschrift
2292 4704 2456 4761 18972
2501 4702 2536 4754 S
2556 4720 2592 4770 p
2609 4717 2637 4753 e
2656 4717 2683 4753 c
2700 4701 2737 4752 h
2756 4703 2781 4752 t
2806 4700 2987 4754 theol.

359 4785 554 4853 prakt.
583 4782 944 4847 Monatschr.,
973 4782 1181 4836 Passau
1214 4788 1351 4838 1893
1377 4798 1431 4850 p.
1462 4786 1580 4838 233.
