3538 5364
1067 289 1264 344 Gratia
1288 290 1362 345 ad
1389 291 1869 363 perseverandum
1895 290 2226 346 necessaria.
2869 300 2954 365 37

329 494 427 551 spe
458 494 601 535 sane
630 494 759 534 non
791 476 977 545 inani,
1008 479 1079 534 ut
1109 476 1346 552 egregie
1379 476 1644 535 ostendit
1673 476 2181 553 Augustinus
2213 477 2253 538 l.
2283 496 2332 536 c.
2364 496 2422 537 n.
2458 486 2494 540 3
2528 497 2602 540 ss,
2647 477 2740 537 Ita
2769 486 2840 538 ex
2871 499 2959 557 gr.

332 584 390 628 n.
424 574 458 629 3
504 565 751 624 scribit:
800 565 984 642 ‚Ipsa
1028 566 1310 635 oratione,
1356 585 1510 641 quae
1541 566 1837 625 dominica
1867 569 2277 641 nuncupatur,
2324 568 2468 642 quia
2511 587 2640 627 eam
2670 568 2960 628 Dominus

335 654 550 724 (locuit,
584 654 828 729 quando
861 659 1066 713 oratur
1095 674 1132 713 a
1160 654 1401 724 sanctis,
1433 654 1589 713 nihil
1620 673 1768 730 pene
1804 655 1966 714 aliud
1997 673 2177 730 quam
2196 656 2642 730 perseverantia
2669 658 2836 733 posci
2865 658 2959 717 in-

339 743 694 820 telligitur.‘
759 743 952 812 Quare
999 739 1061 808 7.
1102 743 1338 802 etiamsi
1366 744 1821 820 perseverantia
1853 744 2047 803 finalis
2078 763 2361 821 magnum
2396 744 2478 803 sit
2508 746 2616 806 Dei
2646 745 2868 806 donum
2899 750 2962 806 et

335 848 504 891 nemo
554 832 673 890 sibi
723 832 881 891 illud
926 832 1201 891 absoluta
1247 833 1604 892 certitudine
1650 832 1930 909 polliceri
1974 833 2166 910 possit
2209 826 2309 916 (cf.
2355 852 2512 893 conc.
2557 834 2696 894 trid.
2744 853 2887 897 sess.
2922 846 2956 898 6

337 939 458 998 cap.
498 916 632 1004 13):
671 921 955 981 omnibus
987 924 1190 981 tamen
1221 921 1339 981 dici
1370 925 1566 997 potest
1595 926 1947 997 paratum
1979 921 2251 998 illudque
2283 923 2565 998 consequi
2596 924 2661 982 in
2693 925 2961 983 omnium

328 1011 641 1086 justorum
685 1014 1092 1086 potestate
1139 1029 1267 1069 esse
1302 1010 1582 1087 positum,
1615 1011 1673 1083 si,
1697 1009 1927 1070 faciunt
1945 1011 2103 1087 quod
2135 1014 2231 1071 est
2260 1012 2322 1070 in
2353 1030 2434 1084 se,
2467 1013 2791 1089 nullusque
2824 1032 2959 1073 cen-

341 1101 456 1157 seri
488 1100 668 1158 debet
712 1099 789 1158 ab
834 1117 903 1157 eo
939 1100 1213 1158 exclusus
1245 1104 1383 1159 ante
1416 1100 1753 1175 praevisum
1785 1099 2216 1176 cooperationis
2247 1099 2561 1165 defectum.
2626 1102 2791 1162 Unde
2823 1121 2960 1162 con-

339 1188 544 1246 cilium
594 1188 784 1261 docet,
833 1188 940 1256 ‚in
975 1188 1083 1247 Dei
1114 1188 1335 1247 auxilio
1366 1188 1767 1248 firmissimam
1800 1207 1959 1264 spem
1993 1189 2276 1248 collocare
2307 1194 2369 1247 et
2398 1208 2678 1266 reponere
2710 1211 2961 1252 omnes

339 1277 569 1336 debere.
620 1279 779 1336 Deus
811 1277 986 1347 enim,
1020 1277 1138 1336 nisi
1173 1277 1289 1353 ipsi
1320 1277 1487 1336 illius
1518 1278 1745 1354 gratiae
1775 1277 2091 1350 defuerint,
2125 1277 2284 1337 sicut
2313 1278 2508 1354 coepit
2537 1298 2686 1356 opus
2717 1281 2959 1353 bonum,

341 1367 424 1424 ita
453 1366 726 1442 perficiet
759 1384 1011 1442 operans
1044 1366 1198 1425 velle
1229 1369 1290 1424 et
1317 1366 1597 1442 perficere
1628 1360 1807 1450 (Phil.
1848 1379 1900 1438 1,
1937 1370 2060 1443 6).(

516 1492 623 1556 42.
659 1488 1232 1557 Demonstratio.
1300 1489 1363 1555 1.
1401 1485 1721 1552 Probatur
1764 1487 1928 1552 haec
1960 1488 2198 1553 veritas
2231 1507 2311 1553 ex
2343 1507 2442 1567 e0,
2494 1489 2667 1572 quod
2699 1489 2782 1553 ad
2813 1509 2959 1571 per-

345 1595 774 1660 severandum
805 1595 1239 1660 necessarium
1289 1601 1390 1660 est
1436 1613 1697 1659 servare
1748 1596 1968 1660 omnia
2015 1603 2379 1678 praecepta,
2430 1596 2683 1662 vincere
2735 1614 2963 1662 omnes

350 1702 752 1767 tentationes
816 1702 1011 1785 Atqui
1043 1702 1441 1767 ostendimus
1474 1701 1575 1766 vel
1600 1703 1812 1784 justos
1843 1703 2124 1785 indigere
2156 1705 2362 1785 gratia
2393 1705 2631 1768 actuali
2662 1704 2746 1769 ad
2778 1711 2962 1769 actus

343 1806 663 1874 salutares
695 1809 780 1896 (n.
815 1810 945 1896 37),
978 1809 1061 1873 ad
1092 1827 1255 1892 quos
1286 1809 1562 1891 pertinet
1593 1809 1961 1875 observatio
1993 1810 2203 1891 legum
2235 1809 2468 1876 saltem
2499 1818 2962 1892 supernatura-

342 1912 513 1979 lium.
546 1914 719 1978 Infra
748 1933 902 1980 vero
936 1916 1021 1979 th.
1062 1921 1180 1985 181
1219 1916 1653 1993 ostendemuS,
1698 1935 1819 1980 nos
1863 1917 2124 1982 vincere
2173 1934 2305 1981 non
2337 1935 2529 1999 posse
2566 1915 2814 1999 absque
2846 1935 2963 1981 au-

338 2020 491 2086 xilio
524 2021 772 2102 gratiae
804 2039 1030 2086 omnes
1061 2022 1470 2088 tentationes.
1532 2021 1821 2103 indigent
1868 2041 2018 2105 ergo
2061 2024 2217 2105 justi
2265 2023 2527 2106 speciali
2561 2023 2676 2087 Dei
2727 2022 2964 2088 auxilio

341 2128 424 2194 ad
455 2127 1019 2210 perseverandum.
1083 2126 1492 2210 Quapropter
1524 2128 1589 2191 in
1622 2128 1853 2194 divinis
1884 2128 2082 2195 literis

520 2236 589 2302 2.
624 2251 821 2314 saepe
870 2251 1226 2309 monemur,
1287 2251 1474 2299 orare
1524 2233 1728 2300 Deum
1778 2254 1898 2317 pro
1946 2235 2297 2300 obtinendo
2362 2236 2682 2319 ejusmodi
2731 2236 2967 2303 auxilio

346 2341 564 2406 matth.
601 2343 704 2417 26,
736 2346 856 2408 41:
905 2338 1169 2423 thilate
1199 2348 1255 2405 et
1286 2349 1476 2416 orate,
1511 2348 1581 2404 ut
1610 2362 1738 2406 non
1772 2344 2020 2406 intretis
2048 2345 2118 2405 in
2150 2345 2587 2425 mutationem,-
2616 2345 2714 2410 JO.
2739 2350 2839 2422 17,
2867 2351 2967 2421 11;

344 2456 400 2517 2.
431 2448 657 2513 Thess.
691 2453 752 2525 2,
789 2452 869 2517 16
902 2453 1019 2512 etc.
1067 2453 1131 2511 et
1162 2445 1447 2512 Ecclesia
1490 2448 1731 2529 passim
1779 2447 1928 2513 illud
1960 2467 2001 2513 a
2034 2448 2167 2515 Deo
2214 2450 2530 2531 implorat.
2593 2451 2688 2515 Ita
2718 2451 2879 2517 feria
2908 2456 2967 2521 3.

345 2562 491 2636 post
520 2553 910 2618 dominicam
940 2552 1261 2634 passionis
1293 2559 1438 2617 orat
1471 2553 1692 2631 Deum,
1725 2561 1797 2619 ut
1835 2555 1982 2631 ‚det
2011 2556 2197 2621 nobis
2217 2563 2742 2639 perseverantem
2763 2558 2829 2622 in
2851 2577 2971 2623 sua

314 2659 681 2727 'voluntate
712 2657 1158 2737 famulatum3‘
1200 2666 1264 2725 et
1295 2678 1475 2725 conc.
1509 2662 1971 2728 arausicanum
2003 2663 2068 2728 11.
2112 2681 2252 2729 can.
2288 2670 2372 2735 10
2402 2664 2659 2729 statuit:
2729 2664 2969 2747 ,Adju-

348 2769 590 2832 torium
622 2767 738 2832 Dei
769 2766 966 2831 etiam
997 2768 1241 2832 renatis
1272 2786 1351 2831 ac
1374 2770 1619 2832 sanctis
1649 2788 1909 2852 semper
1942 2778 2043 2836 est
2060 2769 2546 2852 implorandum,
2580 2777 2652 2835 ut
2676 2771 2759 2835 ad
2777 2770 2970 2835 finem

346 2875 592 2939 bonum
622 2873 976 2957 pervenire,
1026 2872 1128 2939 vel
1181 2874 1247 2938 in
1296 2874 1472 2939 bono
1523 2878 1776 2957 possint
1804 2894 2000 2957 opere
2031 2877 2431 2959 perdurare«
2508 2877 2683 2954 ,Cur
2734 2884 2968 2955 autem,

347 2981 553 3064 inquit
584 2981 1094 3061 Augustinus
1127 2980 1165 3045 l.
1197 2999 1249 3046 c.
1282 3002 1342 3046 n.
1377 2987 1436 3061 3,
1481 2985 1964 3065 perseverantia
2010 2985 2135 3049 ista
2178 2985 2463 3066 poscitur
2494 3004 2535 3048 a
2570 2985 2723 3063 Dec,
2755 2985 2810 3049 si
2839 3002 2971 3049 non

347 3089 538 3154 datur
571 3108 612 3152 a
644 3089 826 3154 Deo?
857 3090 958 3153 An
990 3095 1055 3155 et
1085 3090 1207 3154 ista
1239 3091 1525 3155 irrisoria
1555 3091 1782 3173 petitio
1816 3098 1933 3168 est,
1981 3109 2128 3156 cum
2173 3092 2237 3155 id
2283 3092 2366 3156 ab
2399 3111 2478 3158 eo
2514 3094 2767 3174 petitur,
2800 3091 2973 3175 quod

347 3196 564 3273 scitur,
597 3214 728 3260 non
761 3197 969 3278 ipsum
999 3197 1174 3274 dare,
1203 3197 1318 3261 sed
1349 3198 1489 3279 ipso
1524 3217 1655 3262 non
1691 3199 1974 3263 donante
2008 3217 2153 3265 esse
2174 3199 2542 3263 inhominis
2561 3201 2965 3282 potestateP‘

527 3304 597 3371 3.
630 3303 806 3368 Idem
837 3303 1076 3369 docent
1104 3310 1322 3386 patres
1356 3311 1422 3370 et
1454 3303 1745 3381 concilia,
1781 3304 2136 3370 secundum
2168 3324 2332 3389 quos
2363 3305 2465 3371 vel
2498 3306 2710 3387 angeli
2742 3311 2806 3370 et
2822 3323 2972 3388 pro-

350 3415 724 3489 toparentes
758 3409 1129 3491 indigebant
1158 3412 1364 3492 gratia
1397 3411 1480 3475 ad
1510 3411 2070 3493 perseverandum.

528 3539 625 3597 Ita
655 3556 814 3602 conc.
849 3540 1399 3600 arausicanum
1430 3541 1505 3601 IL
1538 3560 1661 3601 can.
1704 3551 1814 3603 19:
1871 3541 2140 3608 ‚Natura
2172 3543 2448 3612 humana,
2496 3541 2730 3600 etiamsi
2775 3543 2838 3599 in
2871 3541 2976 3600 illa

355 3627 719 3704 integritate,
754 3627 818 3686 in
849 3648 969 3704 qua
999 3633 1093 3687 est
1123 3630 1375 3700 condita,
1424 3635 1813 3704 permaneret,
1858 3630 2025 3689 nullo
2057 3630 2230 3690 modo
2263 3649 2325 3690 se
2354 3631 2542 3706 ipsam
2575 3634 2834 3689 creatore
2866 3649 2974 3689 suo

351 3734 474 3774 non
506 3716 829 3792 adjuvante
862 3720 1138 3776 servaret.
1199 3718 1363 3777 Unde
1408 3736 1542 3776 cum
1589 3719 1719 3777 sine
1751 3720 1948 3796 gratia
1978 3720 2087 3778 Dei
2120 3720 2373 3778 salutem
2403 3739 2523 3779 non
2555 3719 2747 3795 possit
2778 3722 2974 3778 custo-

354 3805 498 3876 dire,
532 3825 708 3881 quam
743 3806 1000 3881 accepit:
1034 3808 1325 3881 quomodo
1359 3807 1490 3867 sine
1510 3808 1616 3866 Dei
1649 3807 1845 3884 gratia
1876 3809 2100 3884 poterit
2129 3828 2417 3885 reparare,
2453 3809 2607 3885 quod
2628 3807 2972 3884 perdidit?‘

352 3893 514 3962 Quae
548 3898 693 3952 sunt
723 3895 1167 3972 Augustini
1199 3916 1289 3972 ep.
1332 3907 1448 3959 186
1485 3915 1533 3955 c.
1574 3908 1642 3959 11
1685 3915 1743 3958 n.
1781 3906 1881 3968 37,
1921 3897 2025 3972 qui
2055 3917 2184 3956 eam
2218 3898 2548 3958 doctrinam
2579 3916 2751 3973 saepe
2782 3897 2974 3955 incul-

354 3987 465 4040 cat.
498 4022 525 4052 ,
543 3983 815 4055 Dederat,
851 3984 938 4042 ita
967 3984 1188 4043 iterum
1219 3985 1322 4044 ille
1355 3986 1425 4043 de
1457 4003 1686 4061 correp.
1706 3989 1767 4044 et
1785 4005 1872 4063 gr.
1896 4004 1944 4046 c.
1974 3998 2045 4050 11
2072 4005 2130 4044 n.
2158 3995 2258 4060 32,
2293 3982 2570 4069 (Adamo)
2591 3986 2975 4062 adjutorium,

356 4071 485 4130 sine
516 4090 635 4146 quo
668 4071 731 4129 in
764 4091 833 4131 ea
864 4072 1044 4153 (bona
1074 4071 1409 4156 voluntate)
1442 4092 1564 4133 non
1592 4078 1800 4151 posset
1829 4094 2192 4150 permanere,
2235 4076 2287 4134 si
2317 4076 2496 4135 vellet
2528 4119 2541 4132 .
2575 4119 2588 4133 .
2622 4119 2636 4133 .
2683 4074 2745 4133 Si
2776 4078 2975 4134 autem

358 4159 464 4218 boc
494 4160 864 4234 adjutorium
896 4162 992 4220 vel
1023 4162 1255 4239 angelo,
1287 4163 1381 4222 vel
1413 4162 1655 4234 homini,
1691 4181 1828 4222 cum
1848 4166 2109 4240 primum
2128 4164 2271 4223 facti
2302 4168 2462 4234 sunt,
2497 4163 2801 4238 defuisset,
2832 4183 2979 4240 quo·

358 4248 514 4306 niam
547 4267 668 4307 non
700 4250 841 4307 talis
875 4254 1091 4330 natura
1121 4254 1275 4309 sacta
1305 4255 1449 4322 erat,
1496 4256 1570 4309 ut
1614 4252 1744 4311 sine
1791 4252 1994 4311 divino
2043 4252 2338 4329 adjutorio
2384 4255 2589 4329 posset
2625 4272 2878 4323 manere,
2927 4253 2979 4311 si

356 4337 567 4395 vellet:
616 4356 736 4396 non
782 4338 999 4413 utique
1044 4347 1152 4397 su'a
1196 4341 1373 4415 culpa
1403 4340 1787 4400 cecidissent:
1837 4341 2205 4417 adJutorium
2241 4341 2461 4417 quippe
2494 4341 2800 4413 defuisset,
2849 4341 2978 4400 sine

358 4444 477 4500 quo
508 4445 745 4485 manere
776 4446 899 4486 non
930 4430 1234 4504 possent.‘
1300 4429 1379 4492 Cf.
1412 4429 1591 4491 Ench.
1623 4448 1681 4488 n.
1724 4440 1879 4501 1063
1927 4430 2000 4488 de
2045 4433 2168 4489 nat.
2213 4434 2275 4490 et
2309 4450 2397 4508 gr.
2430 4448 2478 4493 c.
2513 4439 2593 4493 48
2628 4448 2685 4490 n.
2723 4439 2800 4493 56
2836 4433 2976 4500 etc.;

359 4521 634 4573 auctor
665 4516 737 4573 de
768 4534 894 4579 voc.
926 4517 1192 4576 omnium
1224 4518 1513 4594 gentium.
1544 4519 1620 4590 11,
1659 4528 1759 4582 28.

533 4633 603 4702 4.
637 4631 816 4700 Side
847 4633 1022 4699 nullo
1054 4634 1228 4699 bono
1261 4636 1327 4700 in
1358 4637 1582 4701 ordine
1616 4635 1840 4702 salutis
1873 4636 2130 4718 gloriari
2175 4639 2363 4702 nobis
2396 4637 2563 4714 licet,
2609 4639 2796 4721 quasi
2827 4636 2977 4702 illud

366 4757 489 4802 non
523 4742 970 4822 acceperimus
1006 4743 1091 4828 (1.
1126 4741 1268 4806 Cor.
1299 4748 1361 4818 4,
1397 4745 1494 4830 7):
1535 4752 1777 4825 quanto
1825 4744 2036 4808 minus
2081 4745 2294 4809 licebit
2337 4745 2523 4809 nobis
2569 4745 2649 4810 de
2679 4763 2976 4826 perseve-
