3538 5364
630 300 756 364 258
889 292 1074 345 Tract.
1101 292 1194 346 IX.
1219 291 1288 345 de
1317 290 1701 347 sacramentis.
1729 290 1833 343 Th.
1865 288 2101 345 CCXIII.
2131 289 2427 344 Catharini
2456 288 2654 359 opinio
2681 290 2980 345 refellitur.

627 474 808 559 fert):
841 473 1164 537 conciliari
1201 480 1417 536 tamen
1448 471 1554 534 vix
1585 476 1799 552 potest
1830 489 1976 534 cum
2007 471 2102 547 iis,
2150 488 2316 553 quae
2363 469 2703 534 concilium
2750 470 2829 536 de
2874 472 3241 536 intentionis

626 580 849 643 statuit
881 579 1288 644 necessitate.
1352 575 1522 641 Sane
1554 595 1711 641 sess.
1749 581 1831 644 14
1864 596 1915 640 c.
1951 583 1991 645 6
2025 576 2314 641 declarat
2357 577 2835 643 absolutionem
2882 578 3241 653 invalidam,

635 690 724 763 „si
757 687 1077 753 sacerdoti
1110 685 1362 749 animus
1409 685 1630 749 serio
1679 685 1910 766 agendi
1943 692 2007 750 et
2051 704 2245 750 vere
2291 686 2666 750 absolvendi
2698 686 2915 751 desit<
2986 685 3102 750 Cui
3134 685 3241 750 de-

626 793 961 859 clarationi
991 793 1339 875 respondet
1370 792 1700 855 damnatio
1733 810 1912 874 prop.
1952 798 2031 860 12
2064 792 2353 857 Lutheri:
2394 791 2500 868 ,Si
2531 812 2645 875 per
2665 792 3056 875 impossibile
3089 810 3243 855 con·

628 903 830 968 fessus
864 920 997 965 non
1028 905 1201 966 esset
1232 898 1546 963 contritus
1579 905 1691 962 aut
1720 899 2025 963 sacerdos
2070 918 2202 962 non
2248 901 2420 964 serio
2452 901 2567 965 sed
2591 901 2743 982 joco
2776 898 3162 974 absolveret,
3193 898 3245 959 si

630 1018 843 1074 tamen
876 1009 1100 1072 credat
1131 1025 1200 1071 se
1234 1005 1619 1082 absolutum,
1651 1006 1986 1071 verissime
2021 1012 2117 1071 est
2149 1006 2537 1072 absolutus.‘
2577 1007 2771 1088 Atqui
2805 1006 3059 1070 animus
3079 1004 3243 1068 serio

625 1117 856 1198 agendi
888 1114 1175 1197 profecto
1210 1113 1406 1189 deest,
1440 1114 1493 1176 si
1529 1114 1823 1177 minister
1843 1115 2605 1178 sacramentumsimulat
2626 1120 2896 1188 tantum,
2917 1130 3128 1193 neque
3148 1112 3244 1174 in-

623 1224 973 1288 tentionem
1005 1219 1382 1285 absolvendi
1416 1219 1645 1283 habet:
1679 1219 1845 1282 sicut
1864 1237 2058 1283 nemo
2079 1218 2321 1283 diceret
2341 1239 2489 1285 eum
2507 1220 2749 1285 habere
2770 1220 3056 1283 animum
3076 1218 3243 1283 serio

623 1339 687 1395 et
716 1350 866 1395 vere
899 1326 1315 1410 promittendi
1345 1326 1445 1390 vel
1465 1325 1893 1389 contrahendi
1914 1325 2414 1402 matrimonium,
2438 1326 2547 1408 qui
2567 1326 2827 1408 quidem
2848 1345 2929 1391 ex
2949 1334 3243 1408 respectu

623 1438 925 1511 humanO,
960 1436 1192 1499 timore
1226 1438 1343 1497 etc.
1378 1430 1618 1514 profert
1648 1431 1849 1496 verba
1882 1432 2325 1513 promissionis
2345 1453 2459 1499 seu
2478 1440 2869 1509 contractuS,
2889 1433 3065 1498 intus
3087 1452 3242 1497 vero

625 1543 795 1624 apud
829 1561 896 1605 se
930 1541 1158 1605 statuit
1178 1541 1346 1605 nolle
1368 1559 1436 1605 se
1458 1541 1762 1621 obligare.
1800 1541 1875 1605 Et
1895 1559 2121 1605 revera
2157 1540 2359 1605 verba
2388 1559 2565 1605 conc,
2588 1541 2913 1606 tridentini
2934 1542 3013 1606 de
3035 1542 3243 1606 inten-

625 1650 797 1714 tione
830 1650 904 1712 iu
925 1656 1103 1714 tern
1122 1666 1161 1711 a
1194 1665 1334 1711 esse
1367 1648 1775 1727 intelligenda
1807 1648 1953 1712 inde
1988 1653 2183 1728 patet,
2217 1648 2387 1730 quod
2410 1667 2540 1712 non
2560 1648 2862 1712 obstante
2882 1649 3005 1711 hac
3026 1648 3242 1713 decla-

620 1757 871 1821 ratione
897 1757 1084 1837 jocus
1117 1754 1514 1819 extrinsecus
1548 1773 1871 1836 apparens
1919 1756 2040 1841 (ex.
2075 1775 2161 1836 gr.
2196 1755 2280 1818 ad
2311 1755 2651 1819 celandum
2685 1755 3019 1819 adstantes
3051 1756 3242 1819 ritum

621 1881 879 1926 sacrum
898 1862 1225 1947 baptismi)
1248 1880 1397 1924 cum
1417 1861 1586 1923 seria
1599 1861 1955 1925 intentione
1975 1861 2346 1925 conferendi
2366 1868 2865 1937 sacramentum,
2888 1861 3243 1925 certissime

621 1971 744 2034 hoc
778 1988 908 2033 non
940 1968 1238 2033 redderet
1265 1966 1633 2031 invalidum.

799 2094 866 2160 3.
900 2098 1224 2157 Concilium
1270 2117 1403 2157 cum
1450 2098 1798 2174 Eugenio
1832 2098 1924 2158 lV.
1974 2094 2056 2179 (n.
2094 2095 2281 2178 280¹)
2329 2097 2546 2156 diserte
2579 2096 2907 2174 distinguit
2945 2097 3106 2156 inter
3151 2116 3241 2155 sa-

620 2188 905 2247 cramenti
951 2187 1522 2247 confectionem
1569 2191 1632 2245 et
1676 2187 2202 2246 intentionem
2239 2184 2334 2268 (cf.
2368 2205 2424 2244 n.
2460 2185 2614 2265 292)
2662 2189 2724 2244 et
2754 2187 2904 2245 lianc
2934 2190 3243 2262 tamquam

621 2277 794 2352 plane
825 2277 1213 2336 necessariam
1246 2277 1444 2354 exigit.
1494 2277 1684 2352 Atqui
1714 2295 1887 2334 nemo
1919 2275 2130 2335 seriam
2164 2276 2621 2345 simulationem,
2655 2294 2775 2350 qua
2806 2280 3005 2351 potest
3038 2276 3243 2335 confici

621 2366 778 2426 ritus
811 2371 1090 2425 externus
1123 2365 1493 2435 sacramenti,
1529 2366 1687 2424 dicet
1718 2366 2131 2427 intentionem.
2196 2366 2351 2442 Ergo
2380 2366 2486 2423 illa
2517 2383 2638 2423 non
2670 2364 2908 2428 sufficit.

792 2451 857 2521 4.
891 2456 1097 2531 Neque
1128 2456 1191 2514 in
1225 2455 1520 2530 opinione,
1556 2473 1732 2529 quam
1767 2454 2209 2531 impugnamuS,
2256 2454 2381 2512 ulla
2426 2454 2580 2513 ratio
2624 2461 2718 2513 est
2758 2460 2879 2512 tam
2913 2453 3122 2513 sedulo
3154 2456 3239 2511 di-

615 2544 963 2622 stinguendi
992 2545 1151 2603 inter
1180 2545 1345 2602 inte
1365 2544 1711 2602 ntionem
1744 2547 1806 2601 et
1839 2543 2191 2602 sacramenti
2227 2543 2801 2602 confectionem
2833 2550 2895 2601 et
2924 2548 3240 2618 utramque

621 2633 911 2711 exigendi,
944 2633 994 2693 si
1027 2634 1134 2693 illa
1166 2633 1239 2692 ab
1273 2633 1376 2692 hae
1410 2638 1567 2692 esset
1597 2632 1775 2709 plane
1806 2632 2235 2708 inseparabilia,
2285 2650 2390 2692 seu
2423 2633 2474 2692 si
2507 2632 2678 2705 seria,
2711 2632 2991 2692 simulata
3021 2636 3237 2700 tamen,

615 2724 973 2782 sacramenti
1006 2723 1294 2782 confectio
1326 2723 1548 2798 absque
1581 2723 1707 2781 ulla
1737 2722 1855 2779 alia
1885 2722 2223 2781 intentione
2256 2722 2552 2781 sufficeret
2583 2721 2655 2781 ad
2688 2723 2967 2784 valorem.

795 2826 857 2895 5.
890 2831 1181 2888 Damnata
1210 2829 1328 2887 fuit
1371 2829 1445 2887 ab
1477 2828 1919 2889 Alexandro
1952 2829 2106 2890 VIII.
2141 2847 2305 2905 prop.
2340 2839 2453 2892 28:
2505 2829 2723 2897 ,Valet
2753 2828 3089 2905 baptismus
3121 2829 3238 2887 col·

615 2920 774 2977 latus
807 2939 841 2977 a
872 2919 1166 2988 ministro,
1205 2919 1310 2993 qui
1343 2937 1577 2978 omnem
1609 2919 1795 2977 ritum
1825 2921 2140 2978 externum
2172 2918 2539 2994 formamque
2570 2917 2911 2994 baptizandi
2944 2918 3236 2990 observat,

613 3008 778 3066 intus
813 3026 951 3066 vero
986 3007 1048 3064 in
1095 3006 1269 3066 corde
1316 3025 1423 3066 suo
1471 3007 1630 3083 apud
1677 3026 1737 3066 se
1784 3009 2065 3067 resolvit:
2113 3007 2249 3066 Non
2280 3007 2526 3067 intendo
2558 3008 2720 3082 quod
2752 3007 2894 3066 facit
2922 3007 3235 3068 Ecclesia}

615 3100 822 3171 Neque
856 3096 1161 3171 probabile
1200 3099 1311 3166 est,
1358 3097 1517 3171 quod
1549 3097 1856 3172 excipiunt
1887 3097 2227 3169 adversarii,
2278 3097 2383 3155 hac
2429 3096 2807 3155 damnatione
2838 3097 3237 3172 proscriptum

614 3186 832 3243 iterum
868 3185 1053 3243 fuisse
1084 3185 1410 3244 Lutheri
1441 3204 1698 3245 errorem
1720 3186 1850 3262 jam
1885 3186 2033 3245 satis
2080 3205 2115 3244 a
2160 3185 2408 3244 concilio
2441 3181 2619 3249 trid.
2654 3185 3020 3246 damnatum.
3088 3185 3238 3243 Hinc

613 3273 1092 3332 Benedictus
1123 3273 1274 3338 XIV.
1321 3275 1392 3334 de
1438 3293 1566 3351 syn.
1599 3275 1781 3336 dioec.
1814 3275 1852 3332 1.
1890 3285 1921 3336 7
1960 3293 2006 3338 c.
2044 3284 2080 3336 4
2118 3272 2149 3341 ἓ
2187 3284 2220 3338 8
2269 3279 2488 3344 censet,
2536 3293 2715 3350 grave
2761 3274 2971 3333 saltem
3020 3276 3241 3333 vulnus

615 3363 721 3419 hac
753 3362 1133 3421 damnatione
1167 3362 1463 3440 praefatae
1494 3364 1786 3422 inflictum
1823 3363 2006 3423 fuisse
2040 3364 2325 3440 opinioni.

787 3467 851 3534 6.
885 3469 1153 3545 Denique
1198 3470 1333 3529 aliis
1380 3471 1612 3529 omissis
1658 3490 1726 3529 ea
1771 3470 2065 3530 refellitur
2109 3489 2177 3529 ex
2225 3469 2479 3529 rubricis
2513 3470 2747 3543 missae,
2798 3470 3021 3547 quibus
3071 3471 3240 3529 irrita

612 3557 951 3617 declaratur
970 3559 1354 3630 consecratio,
1390 3561 1441 3617 si
1473 3560 1609 3634 quis
1642 3559 1863 3618 habens
1896 3579 2090 3618 coram
2125 3579 2188 3619 se
2220 3560 2491 3618 undecim
2515 3560 2759 3630 hostias,
2794 3560 2989 3619 solum
3017 3561 3237 3630 decem,

613 3666 761 3722 quas
794 3654 995 3707 tamen
1027 3667 1146 3707 non
1177 3648 1554 3719 determinat,
1602 3666 1944 3708 consecrare
1973 3649 2266 3710 intendat.
2329 3649 2555 3708 Pendet
2585 3668 2724 3726 ergo
2757 3649 3124 3708 consecratio
3157 3650 3239 3708 le-

611 3737 855 3813 gitimae
885 3741 946 3796 et
979 3738 1308 3813 praesentis
1341 3737 1617 3796 materiae
1649 3756 1771 3796 non
1803 3758 1837 3796 a
1870 3740 1997 3797 sola
2028 3738 2251 3797 formae
2282 3738 2631 3813 prolatione,
2668 3738 2770 3796 sed
2803 3741 2865 3797 et
2893 3739 2967 3797 ab
3000 3739 3241 3798 interna

608 3827 940 3886 intentione
987 3827 1311 3885 sacerdotis
1356 3827 1771 3886 consecrantis.
1836 3827 1916 3890 ef.
1965 3826 2443 3885 Pallavicini
2489 3827 2625 3890 hist.
2667 3845 2824 3886 conc.
2856 3827 2997 3886 trid.
3030 3828 3131 3899 IX,
3168 3838 3238 3895 6;

610 3915 736 3984 XII,
795 3927 868 3979 10
918 3935 975 3973 n.
1013 3925 1124 3985 343
1171 3916 1583 3974 Franzelin
1626 3916 1713 3979 th.
1755 3927 1830 3978 16
1870 3934 1915 3974 S.
1979 3916 2250 3975 Ceterum
2281 3917 2431 3975 hanc
2463 3916 2799 3992 opinionem
2835 3917 2984 3976 bene
3016 3917 3241 3976 refellit

612 4003 788 4080 Hugo
822 4023 854 4061 a
886 4023 930 4068 s,
966 4004 1278 4064 Victore
1311 4004 1382 4062 de
1413 4022 1558 4063 sacr.
1580 4006 1618 4067 l.
1643 4014 1677 4066 2
1700 4024 1757 4080 p.
1788 4016 1821 4068 6
1848 4023 1894 4063 c.
1926 4015 1999 4068 13
2024 4002 2190 4086 (Mig.
2220 4015 2361 4077 176,
2385 4001 2561 4087 459),
2596 4004 3137 4080 refutationemque
3157 4007 3239 4064 ita

611 4092 902 4151 absolvit:
941 4093 1130 4160 „vide
1162 4112 1303 4170 ergo
1336 4098 1398 4152 et
1428 4094 1752 4161 considera,
1788 4094 1945 4169 quod
1968 4094 2255 4153 rationale
2287 4113 2414 4153 esse
2446 4098 2683 4171 oportet
2700 4112 2850 4170 opus
2870 4095 3236 4154 ministerio-

613 4200 747 4239 rum
767 4182 894 4250 Dei,
928 4200 1035 4239 nec
1068 4186 1311 4258 propter
1331 4184 1518 4241 solam
1537 4183 1785 4242 formam
1806 4183 2229 4260 praejudicare,
2263 4183 2369 4242 ubi
2391 4184 2643 4243 intentio
2662 4183 2878 4261 agendi
2899 4184 3065 4243 nulla
3084 4189 3193 4243 est.
3206 4193 3234 4223 <

793 4314 935 4366 296.
984 4303 1149 4373 Quod
1199 4307 1250 4364 si
1296 4310 1496 4366 tamen
1542 4307 1842 4366 sententia
1880 4309 2151 4384 opposita
2196 4308 2372 4368 alicui
2418 4309 2695 4367 videatur
2725 4308 3069 4384 probabilis,
3119 4328 3235 4368 non

609 4396 922 4468 propterea
952 4394 1007 4452 ei
1040 4394 1177 4453 licet
1206 4396 1268 4454 in
1303 4395 1408 4455 illa
1440 4397 1872 4471 conquiescere,
1921 4397 1973 4456 si
2019 4398 2091 4456 de
2136 4398 2403 4457 internae
2434 4398 2790 4457 intentionis
2822 4398 2970 4456 satis
3003 4404 3235 4456 constet

611 4482 880 4541 defectu:
930 4484 1071 4557 quia
1101 4503 1218 4544 non
1265 4485 1408 4544 licet
1453 4487 1516 4544 in
1562 4489 2063 4545 sacramentorum
2096 4485 2610 4546 administratione
2644 4487 2941 4546 sententia
2972 4487 3063 4545 uti
3098 4506 3234 4564 pro-

610 4571 793 4629 babili
839 4572 1046 4630 relicta
1091 4575 1319 4644 tutiori,
1368 4580 1439 4633 ut
1484 4578 1713 4634 constat
1758 4594 1828 4632 ex
1872 4594 2034 4650 prop.
2090 4588 2113 4639 1
2170 4576 2243 4633 ab
2292 4576 2752 4635 Innocentio
2794 4576 2892 4634 XI.
2940 4575 3233 4635 damnata.

612 4659 803 4728 Quare
845 4679 912 4719 eo
959 4662 1022 4719 in
1068 4681 1226 4732 casu,
1275 4668 1345 4721 ut
1390 4664 1561 4722 docet
1593 4664 2071 4722 Benedictus
2102 4664 2252 4723 XIV.
2287 4665 2323 4728 l.
2357 4683 2401 4724 c.
2435 4662 2466 4730 ἓ
2502 4675 2537 4728 9
2574 4669 2827 4742 urgente
2859 4665 3231 4732 necessitate,

611 4754 1047 4809 sacramentum
1093 4753 1207 4810 erit
1251 4752 1469 4811 iterum
1502 4754 1612 4811 sub
1644 4753 1984 4812 conditione
2015 4753 2467 4829 perficiendum:
2519 4755 2567 4813 si
2617 4759 2818 4813 tamen
2866 4772 2960 4812 res
3007 4772 3233 4813 moram
