<?xml version="1.0" encoding="UTF-8"?>
<!DOCTYPE html PUBLIC "-//W3C//DTD XHTML 1.0 Transitional//EN"
    "http://www.w3.org/TR/xhtml1/DTD/xhtml1-transitional.dtd">
<html xmlns="http://www.w3.org/1999/xhtml" xml:lang="en" lang="en">
 <head>
  <title>
</title>
<meta http-equiv="Content-Type" content="text/html;charset=utf-8" />
  <meta name='ocr-system' content='tesseract 3.04.00' />
  <meta name='ocr-capabilities' content='ocr_page ocr_carea ocr_par ocr_line ocrx_word'/>
</head>
<body>
  <div class='ocr_page' id='page_1' title='image "./theologiaedogma00hurtgoog_0081.png"; bbox 0 0 3538 5364; ppageno 0'>
   <div class='ocr_carea' id='block_1_1' title="bbox 1081 286 2938 361">
    <p class='ocr_par' dir='ltr' id='par_1_1' title="bbox 1081 286 2938 361">
     <span class='ocr_line' id='line_1_1' title="bbox 1081 286 2938 361; baseline 0.002 -20"><span class='ocrx_word' id='word_1_1' title='bbox 1081 286 1259 342; x_wconf 74' lang='lat' dir='ltr'><strong>datur</strong></span> <span class='ocrx_word' id='word_1_2' title='bbox 1281 288 1469 358; x_wconf 70' lang='lat' dir='ltr'><strong>gratia</strong></span> <span class='ocrx_word' id='word_1_3' title='bbox 1495 286 1569 341; x_wconf 84' lang='lat' dir='ltr'><strong>ad</strong></span> <span class='ocrx_word' id='word_1_4' title='bbox 1598 288 1845 342; x_wconf 76' lang='lat' dir='ltr'><strong>salutem</strong></span> <span class='ocrx_word' id='word_1_5' title='bbox 1871 286 2176 342; x_wconf 77' lang='lat' dir='ltr'><strong>sufficiens.</strong></span> <span class='ocrx_word' id='word_1_6' title='bbox 2852 292 2938 361; x_wconf 83' lang='grc'><strong>69</strong></span> 
     </span>
    </p>
   </div>
   <div class='ocr_carea' id='block_1_2' title="bbox 296 471 2940 817">
    <p class='ocr_par' dir='ltr' id='par_1_2' title="bbox 296 471 2940 817">
     <span class='ocr_line' id='line_1_2' title="bbox 296 471 2940 550; baseline -0 -18"><span class='ocrx_word' id='word_1_7' title='bbox 296 472 616 532; x_wconf 79' lang='lat' dir='ltr'><strong>confidant.</strong></span> <span class='ocrx_word' id='word_1_8' title='bbox 644 492 707 532; x_wconf 87' lang='lat' dir='ltr'><strong>se</strong></span> <span class='ocrx_word' id='word_1_9' title='bbox 726 473 851 533; x_wconf 89' lang='lat' dir='ltr'><strong>Deo</strong></span> <span class='ocrx_word' id='word_1_10' title='bbox 884 472 1202 549; x_wconf 79' lang='lat' dir='ltr'><strong>adjuvante</strong></span> <span class='ocrx_word' id='word_1_11' title='bbox 1219 491 1394 550; x_wconf 85' lang='lat' dir='ltr'><strong>posse</strong></span> <span class='ocrx_word' id='word_1_12' title='bbox 1412 490 1808 549; x_wconf 84' lang='lat' dir='ltr'><strong>perseverare.</strong></span> <span class='ocrx_word' id='word_1_13' title='bbox 1856 472 2141 543; x_wconf 81' lang='lat' dir='ltr'><strong>Quamvis</strong></span> <span class='ocrx_word' id='word_1_14' title='bbox 2160 475 2361 533; x_wconf 81' lang='lat' dir='ltr'><strong>autem</strong></span> <span class='ocrx_word' id='word_1_15' title='bbox 2378 491 2588 531; x_wconf 83' lang='lat' dir='ltr'><strong>verum</strong></span> <span class='ocrx_word' id='word_1_16' title='bbox 2620 471 2717 543; x_wconf 81' lang='lat' dir='ltr'><strong>sit,</strong></span> <span class='ocrx_word' id='word_1_17' title='bbox 2749 472 2940 531; x_wconf 87' lang='lat' dir='ltr'><strong>Deum</strong></span> 
     </span>
     <span class='ocr_line' id='line_1_3' title="bbox 301 560 2940 638; baseline -0 -17"><span class='ocrx_word' id='word_1_18' title='bbox 301 562 613 621; x_wconf 85' lang='lat' dir='ltr'><strong>neminem</strong></span> <span class='ocrx_word' id='word_1_19' title='bbox 645 561 936 633; x_wconf 88' lang='lat' dir='ltr'><strong>deserere,</strong></span> <span class='ocrx_word' id='word_1_20' title='bbox 970 562 1089 620; x_wconf 89' lang='lat' dir='ltr'><strong>nisi</strong></span> <span class='ocrx_word' id='word_1_21' title='bbox 1120 562 1287 638; x_wconf 89' lang='lat' dir='ltr'><strong>prius</strong></span> <span class='ocrx_word' id='word_1_22' title='bbox 1310 562 1646 621; x_wconf 72' lang='lat' dir='ltr'><strong>deseratur:</strong></span> <span class='ocrx_word' id='word_1_23' title='bbox 1688 565 2030 621; x_wconf 84' lang='lat' dir='ltr'><strong>nontamen</strong></span> <span class='ocrx_word' id='word_1_24' title='bbox 2048 561 2259 620; x_wconf 84' lang='lat' dir='ltr'><strong>exinde</strong></span> <span class='ocrx_word' id='word_1_25' title='bbox 2279 560 2567 637; x_wconf 81' lang='lat' dir='ltr'><strong>sequitur,</strong></span> <span class='ocrx_word' id='word_1_26' title='bbox 2602 579 2739 621; x_wconf 88' lang='lat' dir='ltr'><strong>eum</strong></span> <span class='ocrx_word' id='word_1_27' title='bbox 2758 561 2940 620; x_wconf 85' lang='lat' dir='ltr'><strong>toties</strong></span> 
     </span>
     <span class='ocr_line' id='line_1_4' title="bbox 303 649 2937 726; baseline -0.001 -16"><span class='ocrx_word' id='word_1_28' title='bbox 303 652 612 710; x_wconf 85' lang='lat' dir='ltr'><strong>hominem</strong></span> <span class='ocrx_word' id='word_1_29' title='bbox 634 651 924 721; x_wconf 85' lang='lat' dir='ltr'><strong>deserere,</strong></span> <span class='ocrx_word' id='word_1_30' title='bbox 958 650 1194 726; x_wconf 82' lang='lat' dir='ltr'><strong>quoties</strong></span> <span class='ocrx_word' id='word_1_31' title='bbox 1214 650 1513 711; x_wconf 81' lang='lat' dir='ltr'><strong>deseritur</strong></span> <span class='ocrx_word' id='word_1_32' title='bbox 1530 672 1543 721; x_wconf 92' lang='lat'><strong>;</strong></span> <span class='ocrx_word' id='word_1_33' title='bbox 1577 650 1686 710; x_wconf 85' lang='lat' dir='ltr'><strong>hoc</strong></span> <span class='ocrx_word' id='word_1_34' title='bbox 1703 651 1864 710; x_wconf 90' lang='lat' dir='ltr'><strong>enim</strong></span> <span class='ocrx_word' id='word_1_35' title='bbox 1886 650 2237 710; x_wconf 76' lang='lat' dir='ltr'><strong>adversatur</strong></span> <span class='ocrx_word' id='word_1_36' title='bbox 2253 650 2645 726; x_wconf 71' lang='lat' dir='ltr'><strong>experientiae</strong></span> <span class='ocrx_word' id='word_1_37' title='bbox 2664 652 2727 709; x_wconf 80' lang='lat' dir='ltr'><strong>et</strong></span> <span class='ocrx_word' id='word_1_38' title='bbox 2744 649 2937 725; x_wconf 86' lang='lat' dir='ltr'><strong>Scrip-</strong></span> 
     </span>
     <span class='ocr_line' id='line_1_5' title="bbox 300 739 2937 817; baseline 0 -18"><span class='ocrx_word' id='word_1_39' title='bbox 300 742 509 799; x_wconf 81' lang='lat' dir='ltr'><strong>turae:</strong></span> <span class='ocrx_word' id='word_1_40' title='bbox 554 759 769 816; x_wconf 88' lang='lat' dir='ltr'><strong>neque,</strong></span> <span class='ocrx_word' id='word_1_41' title='bbox 818 740 870 798; x_wconf 88' lang='lat' dir='ltr'><strong>si</strong></span> <span class='ocrx_word' id='word_1_42' title='bbox 900 740 1010 799; x_wconf 87' lang='lat' dir='ltr'><strong>hoc</strong></span> <span class='ocrx_word' id='word_1_43' title='bbox 1040 740 1228 815; x_wconf 82' lang='lat' dir='ltr'><strong>fieret,</strong></span> <span class='ocrx_word' id='word_1_44' title='bbox 1259 744 1533 817; x_wconf 84' lang='lat' dir='ltr'><strong>peccator</strong></span> <span class='ocrx_word' id='word_1_45' title='bbox 1561 758 1826 815; x_wconf 87' lang='lat' dir='ltr'><strong>unquam</strong></span> <span class='ocrx_word' id='word_1_46' title='bbox 1860 758 1892 799; x_wconf 93' lang='lat' dir='ltr'><strong>e</strong></span> <span class='ocrx_word' id='word_1_47' title='bbox 1924 742 2087 798; x_wconf 82' lang='lat' dir='ltr'><strong>statu</strong></span> <span class='ocrx_word' id='word_1_48' title='bbox 2117 739 2342 816; x_wconf 85' lang='lat' dir='ltr'><strong>peccati</strong></span> <span class='ocrx_word' id='word_1_49' title='bbox 2371 743 2578 814; x_wconf 82' lang='lat' dir='ltr'><strong>posset</strong></span> <span class='ocrx_word' id='word_1_50' title='bbox 2606 757 2937 816; x_wconf 79' lang='lat' dir='ltr'><strong>resurgere.</strong></span> 
     </span>
    </p>
   </div>
   <div class='ocr_carea' id='block_1_3' title="bbox 301 876 2940 4167">
    <p class='ocr_par' dir='ltr' id='par_1_3' title="bbox 301 876 2940 4167">
     <span class='ocr_line' id='line_1_6' title="bbox 496 876 2938 961; baseline -0.002 -16"><span class='ocrx_word' id='word_1_51' title='bbox 496 878 564 947; x_wconf 80' lang='lat'><strong>3.</strong></span> <span class='ocrx_word' id='word_1_52' title='bbox 601 876 923 942; x_wconf 85' lang='lat' dir='ltr'><strong>Probatur</strong></span> <span class='ocrx_word' id='word_1_53' title='bbox 954 897 1035 943; x_wconf 86' lang='lat' dir='ltr'><strong>ex</strong></span> <span class='ocrx_word' id='word_1_54' title='bbox 1065 877 1294 943; x_wconf 79' lang='lat' dir='ltr'><strong>divinis</strong></span> <span class='ocrx_word' id='word_1_55' title='bbox 1324 878 1542 956; x_wconf 82' lang='lat' dir='ltr'><strong>literiS‚</strong></span> <span class='ocrx_word' id='word_1_56' title='bbox 1575 897 1742 961; x_wconf 88' lang='lat' dir='ltr'><strong>quae</strong></span> <span class='ocrx_word' id='word_1_57' title='bbox 1774 876 1944 942; x_wconf 83' lang='lat' dir='ltr'><strong>hanc</strong></span> <span class='ocrx_word' id='word_1_58' title='bbox 1973 876 2313 942; x_wconf 88' lang='lat' dir='ltr'><strong>veritatem</strong></span> <span class='ocrx_word' id='word_1_59' title='bbox 2343 876 2775 960; x_wconf 88' lang='lat' dir='ltr'><strong>multipliciter</strong></span> <span class='ocrx_word' id='word_1_60' title='bbox 2807 883 2938 941; x_wconf 89' lang='lat' dir='ltr'><strong>tra-</strong></span> 
     </span>
     <span class='ocr_line' id='line_1_7' title="bbox 306 982 2938 1067; baseline -0 -20"><span class='ocrx_word' id='word_1_61' title='bbox 306 984 487 1060; x_wconf 82' lang='lat' dir='ltr'><strong>dunt,</strong></span> <span class='ocrx_word' id='word_1_62' title='bbox 521 983 662 1049; x_wconf 86' lang='lat' dir='ltr'><strong>sive</strong></span> <span class='ocrx_word' id='word_1_63' title='bbox 692 1000 841 1048; x_wconf 91' lang='lat' dir='ltr'><strong>cum</strong></span> <span class='ocrx_word' id='word_1_64' title='bbox 873 1006 934 1053; x_wconf 79' lang='lat' dir='ltr'><strong>a..</strong></span> <span class='ocrx_word' id='word_1_65' title='bbox 967 984 1219 1061; x_wconf 77' lang='lat' dir='ltr'><strong>docent,</strong></span> <span class='ocrx_word' id='word_1_66' title='bbox 1253 985 1457 1050; x_wconf 92' lang='lat' dir='ltr'><strong>Deum</strong></span> <span class='ocrx_word' id='word_1_67' title='bbox 1488 1003 1528 1050; x_wconf 94' lang='lat' dir='ltr'><strong>o</strong></span> <span class='ocrx_word' id='word_1_68' title='bbox 1546 1003 1772 1050; x_wconf 90' lang='lat' dir='ltr'><strong>mnes</strong></span> <span class='ocrx_word' id='word_1_69' title='bbox 1799 985 2013 1067; x_wconf 88' lang='lat' dir='ltr'><strong>justos</strong></span> <span class='ocrx_word' id='word_1_70' title='bbox 2033 984 2291 1065; x_wconf 87' lang='lat' dir='ltr'><strong>diligere</strong></span> <span class='ocrx_word' id='word_1_71' title='bbox 2306 983 2644 1049; x_wconf 85' lang='lat' dir='ltr'><strong>dilectione</strong></span> <span class='ocrx_word' id='word_1_72' title='bbox 2665 982 2938 1048; x_wconf 82' lang='lat' dir='ltr'><strong>secunda</strong></span> 
     </span>
     <span class='ocr_line' id='line_1_8' title="bbox 309 1090 2940 1174; baseline 0 -21"><span class='ocrx_word' id='word_1_73' title='bbox 309 1091 578 1172; x_wconf 82' lang='lat' dir='ltr'><strong>gratiae,</strong></span> <span class='ocrx_word' id='word_1_74' title='bbox 610 1107 746 1154; x_wconf 90' lang='lat' dir='ltr'><strong>non</strong></span> <span class='ocrx_word' id='word_1_75' title='bbox 776 1091 926 1173; x_wconf 90' lang='lat' dir='ltr'><strong>quia</strong></span> <span class='ocrx_word' id='word_1_76' title='bbox 955 1090 1056 1155; x_wconf 86' lang='lat' dir='ltr'><strong>vel</strong></span> <span class='ocrx_word' id='word_1_77' title='bbox 1088 1096 1407 1174; x_wconf 83' lang='lat' dir='ltr'><strong>quatenus</strong></span> <span class='ocrx_word' id='word_1_78' title='bbox 1441 1091 1903 1173; x_wconf 87' lang='lat' dir='ltr'><strong>praedestinati</strong></span> <span class='ocrx_word' id='word_1_79' title='bbox 1952 1097 2118 1165; x_wconf 80' lang='lat' dir='ltr'><strong>sunt,</strong></span> <span class='ocrx_word' id='word_1_80' title='bbox 2168 1090 2283 1156; x_wconf 90' lang='lat' dir='ltr'><strong>sed</strong></span> <span class='ocrx_word' id='word_1_81' title='bbox 2329 1090 2480 1173; x_wconf 90' lang='lat' dir='ltr'><strong>quia</strong></span> <span class='ocrx_word' id='word_1_82' title='bbox 2525 1095 2589 1155; x_wconf 89' lang='lat' dir='ltr'><strong>et</strong></span> <span class='ocrx_word' id='word_1_83' title='bbox 2621 1096 2940 1173; x_wconf 87' lang='lat' dir='ltr'><strong>quatenus</strong></span> 
     </span>
     <span class='ocr_line' id='line_1_9' title="bbox 301 1195 2937 1283; baseline 0.002 -22"><span class='ocrx_word' id='word_1_84' title='bbox 301 1197 517 1279; x_wconf 90' lang='lat' dir='ltr'><strong>justi</strong></span> <span class='ocrx_word' id='word_1_85' title='bbox 551 1202 719 1260; x_wconf 87' lang='lat' dir='ltr'><strong>sunt.</strong></span> <span class='ocrx_word' id='word_1_86' title='bbox 753 1195 934 1260; x_wconf 88' lang='lat' dir='ltr'><strong>Prov.</strong></span> <span class='ocrx_word' id='word_1_87' title='bbox 970 1203 1029 1273; x_wconf 87' lang='grc'>8,</span> <span class='ocrx_word' id='word_1_88' title='bbox 1069 1203 1180 1267; x_wconf 79' lang='lat'><strong>17:</strong></span> <span class='ocrx_word' id='word_1_89' title='bbox 1230 1196 1364 1282; x_wconf 77' lang='lat' dir='ltr'><strong>qu</strong></span> <span class='ocrx_word' id='word_1_90' title='bbox 1414 1199 1732 1283; x_wconf 76' lang='lat' dir='ltr'><strong>dili9entes</strong></span> <span class='ocrx_word' id='word_1_91' title='bbox 1780 1218 1877 1261; x_wconf 87' lang='lat' dir='ltr'><strong>me</strong></span> <span class='ocrx_word' id='word_1_92' title='bbox 1922 1198 2153 1281; x_wconf 77' lang='lat' dir='ltr'><strong>diliqo;</strong></span> <span class='ocrx_word' id='word_1_93' title='bbox 2207 1203 2306 1274; x_wconf 84' lang='grc'><strong>10,</strong></span> <span class='ocrx_word' id='word_1_94' title='bbox 2341 1202 2415 1273; x_wconf 76' lang='grc' dir='ltr'><strong>ὃς</strong></span> <span class='ocrx_word' id='word_1_95' title='bbox 2464 1197 2648 1262; x_wconf 88' lang='lat' dir='ltr'><strong>Joan.</strong></span> <span class='ocrx_word' id='word_1_96' title='bbox 2684 1201 2784 1266; x_wconf 91' lang='lat'><strong>14.</strong></span> <span class='ocrx_word' id='word_1_97' title='bbox 2819 1201 2937 1273; x_wconf 81' lang='lat'><strong>21;</strong></span> 
     </span>
     <span class='ocr_line' id='line_1_10' title="bbox 311 1302 2937 1390; baseline 0 -24"><span class='ocrx_word' id='word_1_98' title='bbox 311 1303 535 1367; x_wconf 82' lang='lat' dir='ltr'><strong>Matth.</strong></span> <span class='ocrx_word' id='word_1_99' title='bbox 579 1309 678 1379; x_wconf 84' lang='grc'><strong>12,</strong></span> <span class='ocrx_word' id='word_1_100' title='bbox 712 1308 826 1373; x_wconf 85' lang='lat'><strong>50:</strong></span> <span class='ocrx_word' id='word_1_101' title='bbox 861 1303 1221 1389; x_wconf 78' lang='lat' dir='ltr'><strong>Quicunque</strong></span> <span class='ocrx_word' id='word_1_102' title='bbox 1252 1302 1471 1387; x_wconf 79' lang='lat' dir='ltr'><strong>fecerit</strong></span> <span class='ocrx_word' id='word_1_103' title='bbox 1502 1307 1880 1369; x_wconf 85' lang='lat' dir='ltr'><strong>voluntatem</strong></span> <span class='ocrx_word' id='word_1_104' title='bbox 1911 1304 2129 1368; x_wconf 85' lang='lat' dir='ltr'><strong>Patris</strong></span> <span class='ocrx_word' id='word_1_105' title='bbox 2168 1306 2307 1388; x_wconf 84' lang='lat' dir='ltr'><strong>mei,</strong></span> <span class='ocrx_word' id='word_1_106' title='bbox 2353 1305 2463 1390; x_wconf 80' lang='lat' dir='ltr'><strong>qui</strong></span> <span class='ocrx_word' id='word_1_107' title='bbox 2507 1305 2574 1368; x_wconf 80' lang='lat' dir='ltr'><strong>in</strong></span> <span class='ocrx_word' id='word_1_108' title='bbox 2623 1304 2802 1368; x_wconf 79' lang='lat' dir='ltr'><strong>coelis</strong></span> <span class='ocrx_word' id='word_1_109' title='bbox 2832 1309 2937 1380; x_wconf 83' lang='lat' dir='ltr'><strong>est,</strong></span> 
     </span>
     <span class='ocr_line' id='line_1_11' title="bbox 310 1409 2939 1495; baseline 0 -22"><span class='ocrx_word' id='word_1_110' title='bbox 310 1413 444 1495; x_wconf 76' lang='lat' dir='ltr'><strong>ipse</strong></span> <span class='ocrx_word' id='word_1_111' title='bbox 474 1431 653 1474; x_wconf 83' lang='lat' dir='ltr'><strong>meus</strong></span> <span class='ocrx_word' id='word_1_112' title='bbox 682 1409 892 1492; x_wconf 80' lang='lat' dir='ltr'><strong>frater</strong></span> <span class='ocrx_word' id='word_1_113' title='bbox 920 1417 977 1475; x_wconf 92' lang='lat' dir='ltr'><strong>et</strong></span> <span class='ocrx_word' id='word_1_114' title='bbox 1009 1431 1189 1475; x_wconf 88' lang='lat' dir='ltr'><strong>soror</strong></span> <span class='ocrx_word' id='word_1_115' title='bbox 1220 1419 1274 1476; x_wconf 88' lang='lat' dir='ltr'><strong>et</strong></span> <span class='ocrx_word' id='word_1_116' title='bbox 1305 1417 1509 1476; x_wconf 82' lang='lat' dir='ltr'><strong>mater</strong></span> <span class='ocrx_word' id='word_1_117' title='bbox 1539 1418 1627 1477; x_wconf 86' lang='lat' dir='ltr'><strong>est</strong></span> <span class='ocrx_word' id='word_1_118' title='bbox 1646 1435 1674 1490; x_wconf 89' lang='lat'><strong>‚·</strong></span> <span class='ocrx_word' id='word_1_119' title='bbox 1706 1411 1889 1476; x_wconf 86' lang='lat' dir='ltr'><strong>Rom.</strong></span> <span class='ocrx_word' id='word_1_120' title='bbox 1923 1416 1984 1487; x_wconf 81' lang='grc'>5,</span> <span class='ocrx_word' id='word_1_121' title='bbox 2019 1417 2076 1481; x_wconf 90' lang='grc'><strong>8.</strong></span> <span class='ocrx_word' id='word_1_122' title='bbox 2114 1416 2230 1481; x_wconf 89' lang='lat'><strong>10:</strong></span> <span class='ocrx_word' id='word_1_123' title='bbox 2294 1410 2696 1475; x_wconf 80' lang='lat' dir='ltr'><strong>Commendat</strong></span> <span class='ocrx_word' id='word_1_124' title='bbox 2730 1416 2939 1474; x_wconf 88' lang='lat' dir='ltr'><strong>autem</strong></span> 
     </span>
     <span class='ocr_line' id='line_1_12' title="bbox 312 1517 2939 1603; baseline -0 -23"><span class='ocrx_word' id='word_1_125' title='bbox 312 1519 648 1583; x_wconf 80' lang='lat' dir='ltr'><strong>caritatem</strong></span> <span class='ocrx_word' id='word_1_126' title='bbox 679 1537 864 1582; x_wconf 84' lang='lat' dir='ltr'><strong>suam</strong></span> <span class='ocrx_word' id='word_1_127' title='bbox 894 1517 1070 1581; x_wconf 89' lang='lat' dir='ltr'><strong>Deus</strong></span> <span class='ocrx_word' id='word_1_128' title='bbox 1115 1521 1182 1581; x_wconf 86' lang='lat' dir='ltr'><strong>in</strong></span> <span class='ocrx_word' id='word_1_129' title='bbox 1226 1517 1421 1603; x_wconf 84' lang='lat' dir='ltr'><strong>nobis,</strong></span> <span class='ocrx_word' id='word_1_130' title='bbox 1471 1520 1769 1601; x_wconf 76' lang='lat' dir='ltr'><strong>quoniam</strong></span> <span class='ocrx_word' id='word_1_131' title='bbox 1820 1537 1959 1581; x_wconf 86' lang='lat' dir='ltr'><strong>cum</strong></span> <span class='ocrx_word' id='word_1_132' title='bbox 2008 1518 2215 1582; x_wconf 79' lang='lat' dir='ltr'><strong>adhuc</strong></span> <span class='ocrx_word' id='word_1_133' title='bbox 2255 1524 2609 1602; x_wconf 82' lang='lat' dir='ltr'><strong>peccatores</strong></span> <span class='ocrx_word' id='word_1_134' title='bbox 2655 1536 2939 1593; x_wconf 75' lang='lat' dir='ltr'><strong>essemus,</strong></span> 
     </span>
     <span class='ocr_line' id='line_1_13' title="bbox 310 1624 2940 1709; baseline -0.001 -21"><span class='ocrx_word' id='word_1_135' title='bbox 310 1626 660 1690; x_wconf 83' lang='lat' dir='ltr'><strong>seeundum</strong></span> <span class='ocrx_word' id='word_1_136' title='bbox 692 1631 933 1708; x_wconf 82' lang='lat' dir='ltr'><strong>tempus</strong></span> <span class='ocrx_word' id='word_1_137' title='bbox 966 1624 1249 1689; x_wconf 76' lang='lat' dir='ltr'><strong>Christus</strong></span> <span class='ocrx_word' id='word_1_138' title='bbox 1273 1645 1394 1709; x_wconf 85' lang='lat' dir='ltr'><strong>pro</strong></span> <span class='ocrx_word' id='word_1_139' title='bbox 1426 1626 1599 1691; x_wconf 81' lang='lat' dir='ltr'><strong>nobis</strong></span> <span class='ocrx_word' id='word_1_140' title='bbox 1630 1631 1914 1689; x_wconf 82' lang='lat' dir='ltr'><strong>mortuus</strong></span> <span class='ocrx_word' id='word_1_141' title='bbox 1945 1632 2067 1689; x_wconf 74' lang='lat' dir='ltr'><strong>est.-</strong></span> <span class='ocrx_word' id='word_1_142' title='bbox 2098 1627 2293 1689; x_wconf 81' lang='lat' dir='ltr'><strong>multo</strong></span> <span class='ocrx_word' id='word_1_143' title='bbox 2321 1626 2517 1708; x_wconf 64' lang='grc' dir='ltr'><strong>ἐρίων</strong></span> <span class='ocrx_word' id='word_1_144' title='bbox 2539 1625 2744 1709; x_wconf 73' lang='lat' dir='ltr'><strong>maqis</strong></span> <span class='ocrx_word' id='word_1_145' title='bbox 2772 1643 2940 1686; x_wconf 88' lang='lat' dir='ltr'><strong>nunc</strong></span> 
     </span>
     <span class='ocr_line' id='line_1_14' title="bbox 304 1732 2938 1816; baseline -0.002 -20"><span class='ocrx_word' id='word_1_146' title='bbox 304 1732 641 1815; x_wconf 82' lang='lat' dir='ltr'><strong>justificati</strong></span> <span class='ocrx_word' id='word_1_147' title='bbox 670 1733 737 1796; x_wconf 82' lang='lat' dir='ltr'><strong>in</strong></span> <span class='ocrx_word' id='word_1_148' title='bbox 768 1732 1074 1815; x_wconf 76' lang='lat' dir='ltr'><strong>sanquine</strong></span> <span class='ocrx_word' id='word_1_149' title='bbox 1103 1732 1322 1815; x_wconf 78' lang='lat' dir='ltr'><strong>ipsius,</strong></span> <span class='ocrx_word' id='word_1_150' title='bbox 1371 1732 1530 1795; x_wconf 85' lang='lat' dir='ltr'><strong>salvi</strong></span> <span class='ocrx_word' id='word_1_151' title='bbox 1560 1733 1795 1795; x_wconf 83' lang='lat' dir='ltr'><strong>erimus</strong></span> <span class='ocrx_word' id='word_1_152' title='bbox 1840 1732 1919 1795; x_wconf 87' lang='lat' dir='ltr'><strong>ab</strong></span> <span class='ocrx_word' id='word_1_153' title='bbox 1948 1734 2054 1796; x_wconf 85' lang='lat' dir='ltr'><strong>ira</strong></span> <span class='ocrx_word' id='word_1_154' title='bbox 2073 1752 2196 1815; x_wconf 84' lang='lat' dir='ltr'><strong>per</strong></span> <span class='ocrx_word' id='word_1_155' title='bbox 2224 1733 2443 1816; x_wconf 82' lang='lat' dir='ltr'><strong>ipsum.</strong></span> <span class='ocrx_word' id='word_1_156' title='bbox 2506 1732 2575 1794; x_wconf 86' lang='lat' dir='ltr'><strong>Si</strong></span> <span class='ocrx_word' id='word_1_157' title='bbox 2605 1732 2768 1793; x_wconf 86' lang='lat' dir='ltr'><strong>enim</strong></span> <span class='ocrx_word' id='word_1_158' title='bbox 2798 1749 2938 1793; x_wconf 85' lang='lat' dir='ltr'><strong>cum</strong></span> 
     </span>
     <span class='ocr_line' id='line_1_15' title="bbox 311 1837 2939 1922; baseline 0 -21"><span class='ocrx_word' id='word_1_159' title='bbox 311 1840 558 1902; x_wconf 80' lang='lat' dir='ltr'><strong>inimici</strong></span> <span class='ocrx_word' id='word_1_160' title='bbox 590 1858 874 1915; x_wconf 77' lang='lat' dir='ltr'><strong>essemus,</strong></span> <span class='ocrx_word' id='word_1_161' title='bbox 907 1837 1288 1902; x_wconf 82' lang='lat' dir='ltr'><strong>reconciliati</strong></span> <span class='ocrx_word' id='word_1_162' title='bbox 1318 1858 1534 1901; x_wconf 86' lang='lat' dir='ltr'><strong>sumus</strong></span> <span class='ocrx_word' id='word_1_163' title='bbox 1565 1837 1700 1901; x_wconf 92' lang='lat' dir='ltr'><strong>Deo</strong></span> <span class='ocrx_word' id='word_1_164' title='bbox 1722 1859 1845 1921; x_wconf 81' lang='lat' dir='ltr'><strong>per</strong></span> <span class='ocrx_word' id='word_1_165' title='bbox 1874 1844 2131 1901; x_wconf 81' lang='lat' dir='ltr'><strong>mortem</strong></span> <span class='ocrx_word' id='word_1_166' title='bbox 2153 1838 2308 1902; x_wconf 79' lang='lat' dir='ltr'><strong>Filii</strong></span> <span class='ocrx_word' id='word_1_167' title='bbox 2339 1839 2491 1922; x_wconf 87' lang='lat' dir='ltr'><strong>ejus,</strong></span> <span class='ocrx_word' id='word_1_168' title='bbox 2522 1840 2715 1902; x_wconf 85' lang='lat' dir='ltr'><strong>multo</strong></span> <span class='ocrx_word' id='word_1_169' title='bbox 2734 1838 2939 1920; x_wconf 75' lang='lat' dir='ltr'><strong>maqis</strong></span> 
     </span>
     <span class='ocr_line' id='line_1_16' title="bbox 316 1940 2939 2030; baseline 0.002 -25"><span class='ocrx_word' id='word_1_170' title='bbox 316 1944 705 2009; x_wconf 77' lang='lat' dir='ltr'><strong>reconciliati</strong></span> <span class='ocrx_word' id='word_1_171' title='bbox 752 1943 910 2009; x_wconf 81' lang='lat' dir='ltr'><strong>salvi</strong></span> <span class='ocrx_word' id='word_1_172' title='bbox 958 1945 1192 2007; x_wconf 83' lang='lat' dir='ltr'><strong>erimus</strong></span> <span class='ocrx_word' id='word_1_173' title='bbox 1240 1946 1311 2007; x_wconf 84' lang='lat' dir='ltr'><strong>in</strong></span> <span class='ocrx_word' id='word_1_174' title='bbox 1358 1947 1483 2008; x_wconf 78' lang='lat' dir='ltr'><strong>vita</strong></span> <span class='ocrx_word' id='word_1_175' title='bbox 1530 1945 1747 2030; x_wconf 82' lang='lat' dir='ltr'><strong>ipsius.</strong></span> <span class='ocrx_word' id='word_1_176' title='bbox 1811 1940 1959 2009; x_wconf 83' lang='lat' dir='ltr'><strong>Sive</strong></span> <span class='ocrx_word' id='word_1_177' title='bbox 1989 1961 2137 2007; x_wconf 91' lang='lat' dir='ltr'><strong>cum</strong></span> <span class='ocrx_word' id='word_1_178' title='bbox 2169 1946 2239 2012; x_wconf 82' lang='lat' dir='ltr'><strong>b.</strong></span> <span class='ocrx_word' id='word_1_179' title='bbox 2267 1944 2482 2026; x_wconf 87' lang='lat' dir='ltr'><strong>justos</strong></span> <span class='ocrx_word' id='word_1_180' title='bbox 2533 1942 2839 2009; x_wconf 84' lang='lat' dir='ltr'><strong>exhibent</strong></span> <span class='ocrx_word' id='word_1_181' title='bbox 2866 1949 2939 2009; x_wconf 88' lang='lat' dir='ltr'><strong>ut</strong></span> 
     </span>
     <span class='ocr_line' id='line_1_17' title="bbox 315 2049 2937 2134; baseline -0 -20"><span class='ocrx_word' id='word_1_182' title='bbox 315 2051 610 2116; x_wconf 89' lang='lat' dir='ltr'><strong>membra</strong></span> <span class='ocrx_word' id='word_1_183' title='bbox 656 2052 942 2133; x_wconf 89' lang='lat' dir='ltr'><strong>corporis</strong></span> <span class='ocrx_word' id='word_1_184' title='bbox 975 2049 1221 2116; x_wconf 85' lang='lat' dir='ltr'><strong>Christi.</strong></span> <span class='ocrx_word' id='word_1_185' title='bbox 1283 2050 1477 2134; x_wconf 87' lang='lat' dir='ltr'><strong>Atqui</strong></span> <span class='ocrx_word' id='word_1_186' title='bbox 1525 2051 1880 2117; x_wconf 89' lang='lat' dir='ltr'><strong>secundum</strong></span> <span class='ocrx_word' id='word_1_187' title='bbox 1927 2049 2198 2115; x_wconf 88' lang='lat' dir='ltr'><strong>Paulum</strong></span> <span class='ocrx_word' id='word_1_188' title='bbox 2228 2050 2382 2134; x_wconf 87' lang='lat' dir='ltr'><strong>Eph.</strong></span> <span class='ocrx_word' id='word_1_189' title='bbox 2418 2054 2478 2128; x_wconf 82' lang='lat'><strong>5,</strong></span> <span class='ocrx_word' id='word_1_190' title='bbox 2513 2055 2599 2120; x_wconf 84' lang='lat'><strong>23</strong></span> <span class='ocrx_word' id='word_1_191' title='bbox 2632 2070 2713 2115; x_wconf 90' lang='lat' dir='ltr'><strong>ss.</strong></span> <span class='ocrx_word' id='word_1_192' title='bbox 2762 2069 2937 2114; x_wconf 88' lang='lat' dir='ltr'><strong>nemo</strong></span> 
     </span>
     <span class='ocr_line' id='line_1_18' title="bbox 308 2157 2937 2243; baseline 0 -23"><span class='ocrx_word' id='word_1_193' title='bbox 308 2180 594 2243; x_wconf 77' lang='lat' dir='ltr'><strong>unquam</strong></span> <span class='ocrx_word' id='word_1_194' title='bbox 645 2178 897 2223; x_wconf 84' lang='lat' dir='ltr'><strong>carnem</strong></span> <span class='ocrx_word' id='word_1_195' title='bbox 944 2180 1127 2223; x_wconf 88' lang='lat' dir='ltr'><strong>suam</strong></span> <span class='ocrx_word' id='word_1_196' title='bbox 1174 2159 1316 2221; x_wconf 80' lang='lat' dir='ltr'><strong>odio</strong></span> <span class='ocrx_word' id='word_1_197' title='bbox 1358 2159 1597 2239; x_wconf 81' lang='lat' dir='ltr'><strong>habuit,</strong></span> <span class='ocrx_word' id='word_1_198' title='bbox 1641 2158 1750 2222; x_wconf 84' lang='lat' dir='ltr'><strong>sed</strong></span> <span class='ocrx_word' id='word_1_199' title='bbox 1780 2160 1980 2222; x_wconf 81' lang='lat' dir='ltr'><strong>nutrit</strong></span> <span class='ocrx_word' id='word_1_200' title='bbox 2011 2165 2067 2222; x_wconf 87' lang='lat' dir='ltr'><strong>et</strong></span> <span class='ocrx_word' id='word_1_201' title='bbox 2095 2160 2256 2242; x_wconf 84' lang='lat' dir='ltr'><strong>fovet</strong></span> <span class='ocrx_word' id='word_1_202' title='bbox 2287 2178 2426 2223; x_wconf 87' lang='lat' dir='ltr'><strong>eam</strong></span> <span class='ocrx_word' id='word_1_203' title='bbox 2456 2160 2615 2222; x_wconf 82' lang='lat' dir='ltr'><strong>sicut</strong></span> <span class='ocrx_word' id='word_1_204' title='bbox 2649 2157 2937 2221; x_wconf 77' lang='lat' dir='ltr'><strong>Christus</strong></span> 
     </span>
     <span class='ocr_line' id='line_1_19' title="bbox 308 2262 2938 2347; baseline -0.001 -18"><span class='ocrx_word' id='word_1_205' title='bbox 308 2264 679 2329; x_wconf 82' lang='lat' dir='ltr'><strong>Ecclesiam.</strong></span> <span class='ocrx_word' id='word_1_206' title='bbox 712 2262 859 2330; x_wconf 88' lang='lat' dir='ltr'><strong>Sive</strong></span> <span class='ocrx_word' id='word_1_207' title='bbox 888 2281 1037 2328; x_wconf 91' lang='lat' dir='ltr'><strong>cum</strong></span> <span class='ocrx_word' id='word_1_208' title='bbox 1069 2283 1132 2333; x_wconf 91' lang='lat' dir='ltr'><strong>c.</strong></span> <span class='ocrx_word' id='word_1_209' title='bbox 1159 2264 1366 2347; x_wconf 87' lang='lat' dir='ltr'><strong>justos</strong></span> <span class='ocrx_word' id='word_1_210' title='bbox 1400 2283 1625 2329; x_wconf 89' lang='lat' dir='ltr'><strong>omnes</strong></span> <span class='ocrx_word' id='word_1_211' title='bbox 1671 2272 1889 2330; x_wconf 89' lang='lat' dir='ltr'><strong>certos</strong></span> <span class='ocrx_word' id='word_1_212' title='bbox 1918 2264 2212 2340; x_wconf 80' lang='lat' dir='ltr'><strong>reddunt,</strong></span> <span class='ocrx_word' id='word_1_213' title='bbox 2245 2265 2449 2331; x_wconf 92' lang='lat' dir='ltr'><strong>Deum</strong></span> <span class='ocrx_word' id='word_1_214' title='bbox 2495 2270 2807 2346; x_wconf 89' lang='lat' dir='ltr'><strong>quantum</strong></span> <span class='ocrx_word' id='word_1_215' title='bbox 2839 2270 2938 2327; x_wconf 91' lang='lat' dir='ltr'><strong>est</strong></span> 
     </span>
     <span class='ocr_line' id='line_1_20' title="bbox 306 2369 2933 2453; baseline -0.001 -17"><span class='ocrx_word' id='word_1_216' title='bbox 306 2390 389 2436; x_wconf 82' lang='lat' dir='ltr'><strong>ex</strong></span> <span class='ocrx_word' id='word_1_217' title='bbox 419 2391 493 2437; x_wconf 85' lang='lat' dir='ltr'><strong>se</strong></span> <span class='ocrx_word' id='word_1_218' title='bbox 527 2372 685 2453; x_wconf 88' lang='lat' dir='ltr'><strong>ipsis</strong></span> <span class='ocrx_word' id='word_1_219' title='bbox 717 2371 1013 2435; x_wconf 91' lang='lat' dir='ltr'><strong>omnibus</strong></span> <span class='ocrx_word' id='word_1_220' title='bbox 1045 2370 1201 2436; x_wconf 84' lang='lat' dir='ltr'><strong>dare</strong></span> <span class='ocrx_word' id='word_1_221' title='bbox 1244 2372 1444 2436; x_wconf 82' lang='lat' dir='ltr'><strong>vitam</strong></span> <span class='ocrx_word' id='word_1_222' title='bbox 1488 2377 1836 2436; x_wconf 81' lang='lat' dir='ltr'><strong>aeternam.</strong></span> <span class='ocrx_word' id='word_1_223' title='bbox 1867 2371 1963 2435; x_wconf 89' lang='lat' dir='ltr'><strong>Jo.</strong></span> <span class='ocrx_word' id='word_1_224' title='bbox 1998 2377 2056 2446; x_wconf 82' lang='lat'><strong>6,</strong></span> <span class='ocrx_word' id='word_1_225' title='bbox 2090 2375 2208 2440; x_wconf 84' lang='lat'><strong>30:</strong></span> <span class='ocrx_word' id='word_1_226' title='bbox 2271 2369 2449 2435; x_wconf 86' lang='lat' dir='ltr'><strong>Haec</strong></span> <span class='ocrx_word' id='word_1_227' title='bbox 2479 2378 2566 2434; x_wconf 84' lang='lat' dir='ltr'><strong>est</strong></span> <span class='ocrx_word' id='word_1_228' title='bbox 2600 2378 2805 2435; x_wconf 86' lang='lat' dir='ltr'><strong>autem</strong></span> <span class='ocrx_word' id='word_1_229' title='bbox 2836 2390 2933 2433; x_wconf 83' lang='lat' dir='ltr'><strong>vo-</strong></span> 
     </span>
     <span class='ocr_line' id='line_1_21' title="bbox 303 2475 2935 2564; baseline -0.001 -22"><span class='ocrx_word' id='word_1_230' title='bbox 303 2479 524 2543; x_wconf 84' lang='lat' dir='ltr'><strong>luntas</strong></span> <span class='ocrx_word' id='word_1_231' title='bbox 544 2476 765 2543; x_wconf 84' lang='lat' dir='ltr'><strong>Patris</strong></span> <span class='ocrx_word' id='word_1_232' title='bbox 796 2480 936 2560; x_wconf 85' lang='lat' dir='ltr'><strong>mei,</strong></span> <span class='ocrx_word' id='word_1_233' title='bbox 968 2479 1076 2564; x_wconf 80' lang='lat' dir='ltr'><strong>qui</strong></span> <span class='ocrx_word' id='word_1_234' title='bbox 1096 2480 1266 2543; x_wconf 81' lang='lat' dir='ltr'><strong>misit</strong></span> <span class='ocrx_word' id='word_1_235' title='bbox 1297 2499 1414 2562; x_wconf 86' lang='lat' dir='ltr'><strong>me,</strong></span> <span class='ocrx_word' id='word_1_236' title='bbox 1448 2486 1518 2542; x_wconf 88' lang='lat' dir='ltr'><strong>ut</strong></span> <span class='ocrx_word' id='word_1_237' title='bbox 1553 2480 1750 2543; x_wconf 81' lang='lat' dir='ltr'><strong>omnis</strong></span> <span class='ocrx_word' id='word_1_238' title='bbox 1782 2480 1892 2564; x_wconf 79' lang='lat' dir='ltr'><strong>qui</strong></span> <span class='ocrx_word' id='word_1_239' title='bbox 1922 2478 2084 2542; x_wconf 84' lang='lat' dir='ltr'><strong>videt</strong></span> <span class='ocrx_word' id='word_1_240' title='bbox 2102 2475 2339 2541; x_wconf 78' lang='lat' dir='ltr'><strong>Filium</strong></span> <span class='ocrx_word' id='word_1_241' title='bbox 2372 2484 2428 2541; x_wconf 89' lang='lat' dir='ltr'><strong>et</strong></span> <span class='ocrx_word' id='word_1_242' title='bbox 2461 2478 2652 2542; x_wconf 84' lang='lat' dir='ltr'><strong>credit</strong></span> <span class='ocrx_word' id='word_1_243' title='bbox 2691 2478 2756 2540; x_wconf 82' lang='lat' dir='ltr'><strong>in</strong></span> <span class='ocrx_word' id='word_1_244' title='bbox 2779 2497 2935 2553; x_wconf 88' lang='lat' dir='ltr'><strong>eum,</strong></span> 
     </span>
     <span class='ocr_line' id='line_1_22' title="bbox 307 2582 2932 2670; baseline 0.002 -22"><span class='ocrx_word' id='word_1_245' title='bbox 307 2585 539 2650; x_wconf 83' lang='lat' dir='ltr'><strong>habeat</strong></span> <span class='ocrx_word' id='word_1_246' title='bbox 570 2587 765 2649; x_wconf 82' lang='lat' dir='ltr'><strong>vitam</strong></span> <span class='ocrx_word' id='word_1_247' title='bbox 797 2591 1134 2662; x_wconf 80' lang='lat' dir='ltr'><strong>aeternam,</strong></span> <span class='ocrx_word' id='word_1_248' title='bbox 1166 2591 1224 2648; x_wconf 87' lang='lat' dir='ltr'><strong>et</strong></span> <span class='ocrx_word' id='word_1_249' title='bbox 1255 2606 1360 2670; x_wconf 75' lang='lat' dir='ltr'><strong>eqo</strong></span> <span class='ocrx_word' id='word_1_250' title='bbox 1391 2585 1768 2650; x_wconf 81' lang='lat' dir='ltr'><strong>resuscitabo</strong></span> <span class='ocrx_word' id='word_1_251' title='bbox 1799 2605 1938 2648; x_wconf 87' lang='lat' dir='ltr'><strong>eum</strong></span> <span class='ocrx_word' id='word_1_252' title='bbox 1969 2587 2038 2649; x_wconf 87' lang='lat' dir='ltr'><strong>in</strong></span> <span class='ocrx_word' id='word_1_253' title='bbox 2069 2586 2395 2647; x_wconf 79' lang='lat' dir='ltr'><strong>novissimo</strong></span> <span class='ocrx_word' id='word_1_254' title='bbox 2427 2585 2528 2648; x_wconf 86' lang='lat' dir='ltr'><strong>die</strong></span> <span class='ocrx_word' id='word_1_255' title='bbox 2541 2607 2568 2662; x_wconf 90' lang='lat'><em>;</em></span> <span class='ocrx_word' id='word_1_256' title='bbox 2616 2582 2690 2646; x_wconf 82' lang='lat' dir='ltr'><strong>cs.</strong></span> <span class='ocrx_word' id='word_1_257' title='bbox 2723 2603 2779 2646; x_wconf 86' lang='lat' dir='ltr'><strong>v.</strong></span> <span class='ocrx_word' id='word_1_258' title='bbox 2813 2588 2932 2660; x_wconf 78' lang='lat'><strong>523</strong></span> 
     </span>
     <span class='ocr_line' id='line_1_23' title="bbox 308 2690 2932 2769; baseline -0.003 -7"><span class='ocrx_word' id='word_1_259' title='bbox 308 2698 366 2768; x_wconf 82' lang='lat'><strong>3,</strong></span> <span class='ocrx_word' id='word_1_260' title='bbox 405 2699 523 2769; x_wconf 76' lang='lat'><strong>163</strong></span> <span class='ocrx_word' id='word_1_261' title='bbox 579 2692 664 2756; x_wconf 90' lang='lat' dir='ltr'><strong>ad</strong></span> <span class='ocrx_word' id='word_1_262' title='bbox 694 2691 811 2758; x_wconf 86' lang='lat' dir='ltr'><strong>Tit.</strong></span> <span class='ocrx_word' id='word_1_263' title='bbox 846 2696 905 2769; x_wconf 83' lang='lat'><strong>3,</strong></span> <span class='ocrx_word' id='word_1_264' title='bbox 937 2696 980 2759; x_wconf 92' lang='grc'>4</span> <span class='ocrx_word' id='word_1_265' title='bbox 1013 2699 1130 2758; x_wconf 89' lang='lat' dir='ltr'><strong>etc.</strong></span> <span class='ocrx_word' id='word_1_266' title='bbox 1164 2690 1313 2758; x_wconf 82' lang='lat' dir='ltr'><strong>Sive</strong></span> <span class='ocrx_word' id='word_1_267' title='bbox 1344 2711 1491 2757; x_wconf 89' lang='lat' dir='ltr'><strong>cum</strong></span> <span class='ocrx_word' id='word_1_268' title='bbox 1523 2694 1592 2762; x_wconf 91' lang='lat' dir='ltr'><strong>d.</strong></span> <span class='ocrx_word' id='word_1_269' title='bbox 1628 2692 1917 2757; x_wconf 88' lang='lat' dir='ltr'><strong>Christus</strong></span> <span class='ocrx_word' id='word_1_270' title='bbox 1949 2699 2225 2757; x_wconf 86' lang='lat' dir='ltr'><strong>testatur</strong></span> <span class='ocrx_word' id='word_1_271' title='bbox 2255 2691 2476 2757; x_wconf 89' lang='lat' dir='ltr'><strong>Matth.</strong></span> <span class='ocrx_word' id='word_1_272' title='bbox 2517 2698 2615 2769; x_wconf 86' lang='lat'><strong>11,</strong></span> <span class='ocrx_word' id='word_1_273' title='bbox 2647 2696 2765 2761; x_wconf 84' lang='lat'><strong>30:</strong></span> <span class='ocrx_word' id='word_1_274' title='bbox 2816 2692 2932 2755; x_wconf 84' lang='lat' dir='ltr'><strong>Ju-</strong></span> 
     </span>
     <span class='ocr_line' id='line_1_24' title="bbox 309 2798 2932 2885; baseline -0.001 -22"><span class='ocrx_word' id='word_1_275' title='bbox 309 2821 455 2885; x_wconf 72' lang='lat' dir='ltr'><strong>qum</strong></span> <span class='ocrx_word' id='word_1_276' title='bbox 488 2802 659 2864; x_wconf 80' lang='lat' dir='ltr'><strong>enim</strong></span> <span class='ocrx_word' id='word_1_277' title='bbox 689 2819 895 2864; x_wconf 84' lang='lat' dir='ltr'><strong>meum</strong></span> <span class='ocrx_word' id='word_1_278' title='bbox 925 2820 1112 2864; x_wconf 84' lang='lat' dir='ltr'><strong>suave</strong></span> <span class='ocrx_word' id='word_1_279' title='bbox 1142 2806 1230 2863; x_wconf 84' lang='lat' dir='ltr'><strong>est</strong></span> <span class='ocrx_word' id='word_1_280' title='bbox 1261 2805 1319 2863; x_wconf 87' lang='lat' dir='ltr'><strong>et</strong></span> <span class='ocrx_word' id='word_1_281' title='bbox 1337 2820 1495 2863; x_wconf 87' lang='lat' dir='ltr'><strong>onus</strong></span> <span class='ocrx_word' id='word_1_282' title='bbox 1512 2820 1718 2863; x_wconf 84' lang='lat' dir='ltr'><strong>meum</strong></span> <span class='ocrx_word' id='word_1_283' title='bbox 1738 2800 1862 2864; x_wconf 81' lang='lat' dir='ltr'><strong>leve</strong></span> <span class='ocrx_word' id='word_1_284' title='bbox 1874 2823 1898 2874; x_wconf 90' lang='lat'><strong>,·</strong></span> <span class='ocrx_word' id='word_1_285' title='bbox 1928 2806 1993 2865; x_wconf 89' lang='lat' dir='ltr'><strong>et</strong></span> <span class='ocrx_word' id='word_1_286' title='bbox 2009 2799 2358 2865; x_wconf 84' lang='lat' dir='ltr'><strong>S.Joannes</strong></span> <span class='ocrx_word' id='word_1_287' title='bbox 2381 2805 2432 2867; x_wconf 91' lang='lat'><strong>1.</strong></span> <span class='ocrx_word' id='word_1_288' title='bbox 2453 2817 2541 2879; x_wconf 91' lang='lat' dir='ltr'><strong>ep.</strong></span> <span class='ocrx_word' id='word_1_289' title='bbox 2567 2803 2712 2874; x_wconf 80' lang='lat'>5‚3:</span> <span class='ocrx_word' id='word_1_290' title='bbox 2746 2798 2932 2862; x_wconf 83' lang='lat' dir='ltr'><strong>Man-</strong></span> 
     </span>
     <span class='ocr_line' id='line_1_25' title="bbox 318 2905 2932 2991; baseline 0 -21"><span class='ocrx_word' id='word_1_291' title='bbox 318 2908 461 2971; x_wconf 83' lang='lat' dir='ltr'><strong>data</strong></span> <span class='ocrx_word' id='word_1_292' title='bbox 492 2908 634 2991; x_wconf 72' lang='lat' dir='ltr'><strong>eius</strong></span> <span class='ocrx_word' id='word_1_293' title='bbox 659 2909 887 2988; x_wconf 74' lang='lat' dir='ltr'><strong>qravia</strong></span> <span class='ocrx_word' id='word_1_294' title='bbox 918 2928 1045 2972; x_wconf 88' lang='lat' dir='ltr'><strong>non</strong></span> <span class='ocrx_word' id='word_1_295' title='bbox 1076 2916 1237 2972; x_wconf 83' lang='lat' dir='ltr'><strong>sunt.</strong></span> <span class='ocrx_word' id='word_1_296' title='bbox 1303 2905 1451 2973; x_wconf 82' lang='lat' dir='ltr'><strong>Sive</strong></span> <span class='ocrx_word' id='word_1_297' title='bbox 1483 2926 1630 2972; x_wconf 90' lang='lat' dir='ltr'><strong>cum</strong></span> <span class='ocrx_word' id='word_1_298' title='bbox 1663 2928 1725 2977; x_wconf 88' lang='lat' dir='ltr'><strong>e.</strong></span> <span class='ocrx_word' id='word_1_299' title='bbox 1760 2909 2104 2985; x_wconf 80' lang='lat' dir='ltr'><strong>inculcant,</strong></span> <span class='ocrx_word' id='word_1_300' title='bbox 2138 2908 2339 2974; x_wconf 92' lang='lat' dir='ltr'><strong>Deum</strong></span> <span class='ocrx_word' id='word_1_301' title='bbox 2385 2924 2714 2990; x_wconf 87' lang='lat' dir='ltr'><strong>nunquam</strong></span> <span class='ocrx_word' id='word_1_302' title='bbox 2747 2907 2932 2971; x_wconf 89' lang='lat' dir='ltr'><strong>dese-</strong></span> 
     </span>
     <span class='ocr_line' id='line_1_26' title="bbox 312 3014 2931 3098; baseline 0 -21"><span class='ocrx_word' id='word_1_303' title='bbox 312 3033 448 3079; x_wconf 87' lang='lat' dir='ltr'><strong>rere</strong></span> <span class='ocrx_word' id='word_1_304' title='bbox 475 3014 709 3096; x_wconf 83' lang='lat' dir='ltr'><strong>justos,</strong></span> <span class='ocrx_word' id='word_1_305' title='bbox 741 3032 952 3097; x_wconf 87' lang='lat' dir='ltr'><strong>neque</strong></span> <span class='ocrx_word' id='word_1_306' title='bbox 982 3014 1369 3096; x_wconf 81' lang='lat' dir='ltr'><strong>permittere,</strong></span> <span class='ocrx_word' id='word_1_307' title='bbox 1414 3022 1487 3080; x_wconf 91' lang='lat' dir='ltr'><strong>ut</strong></span> <span class='ocrx_word' id='word_1_308' title='bbox 1530 3021 1858 3080; x_wconf 88' lang='lat' dir='ltr'><strong>tententur</strong></span> <span class='ocrx_word' id='word_1_309' title='bbox 1888 3034 2083 3097; x_wconf 89' lang='lat' dir='ltr'><strong>supra</strong></span> <span class='ocrx_word' id='word_1_310' title='bbox 2116 3015 2198 3092; x_wconf 88' lang='lat' dir='ltr'><strong>id,</strong></span> <span class='ocrx_word' id='word_1_311' title='bbox 2233 3015 2405 3098; x_wconf 91' lang='lat' dir='ltr'><strong>quod</strong></span> <span class='ocrx_word' id='word_1_312' title='bbox 2436 3015 2713 3097; x_wconf 80' lang='lat' dir='ltr'><strong>possint3</strong></span> <span class='ocrx_word' id='word_1_313' title='bbox 2748 3014 2931 3078; x_wconf 88' lang='lat' dir='ltr'><strong>Eccli.</strong></span> 
     </span>
     <span class='ocr_line' id='line_1_27' title="bbox 311 3122 2933 3205; baseline 0 -22"><span class='ocrx_word' id='word_1_314' title='bbox 311 3126 370 3196; x_wconf 82' lang='grc'>2,</span> <span class='ocrx_word' id='word_1_315' title='bbox 405 3127 521 3190; x_wconf 77' lang='lat'><strong>12:</strong></span> <span class='ocrx_word' id='word_1_316' title='bbox 588 3122 742 3201; x_wconf 78' lang='lat' dir='ltr'><strong>Quis</strong></span> <span class='ocrx_word' id='word_1_317' title='bbox 783 3123 944 3185; x_wconf 85' lang='lat' dir='ltr'><strong>enim</strong></span> <span class='ocrx_word' id='word_1_318' title='bbox 983 3125 1332 3205; x_wconf 81' lang='lat' dir='ltr'><strong>permansit</strong></span> <span class='ocrx_word' id='word_1_319' title='bbox 1377 3123 1446 3185; x_wconf 81' lang='lat' dir='ltr'><strong>in</strong></span> <span class='ocrx_word' id='word_1_320' title='bbox 1488 3124 1811 3187; x_wconf 85' lang='lat' dir='ltr'><strong>mandatis</strong></span> <span class='ocrx_word' id='word_1_321' title='bbox 1841 3123 1973 3204; x_wconf 85' lang='lat' dir='ltr'><strong>ejus</strong></span> <span class='ocrx_word' id='word_1_322' title='bbox 2017 3131 2072 3187; x_wconf 90' lang='lat' dir='ltr'><strong>et</strong></span> <span class='ocrx_word' id='word_1_323' title='bbox 2121 3122 2444 3187; x_wconf 83' lang='lat' dir='ltr'><strong>derelictus</strong></span> <span class='ocrx_word' id='word_1_324' title='bbox 2475 3122 2607 3186; x_wconf 76' lang='lat' dir='ltr'><strong>est?</strong></span> <span class='ocrx_word' id='word_1_325' title='bbox 2635 3176 2650 3191; x_wconf 92' lang='lat'><strong>.</strong></span> <span class='ocrx_word' id='word_1_326' title='bbox 2687 3179 2699 3192; x_wconf 92' lang='lat'><strong>.</strong></span> <span class='ocrx_word' id='word_1_327' title='bbox 2733 3177 2744 3189; x_wconf 93' lang='lat'><strong>.</strong></span> <span class='ocrx_word' id='word_1_328' title='bbox 2783 3122 2933 3185; x_wconf 90' lang='lat' dir='ltr'><strong>Pro·</strong></span> 
     </span>
     <span class='ocr_line' id='line_1_28' title="bbox 310 3228 2931 3315; baseline 0.001 -27"><span class='ocrx_word' id='word_1_329' title='bbox 310 3234 501 3290; x_wconf 81' lang='lat' dir='ltr'><strong>tector</strong></span> <span class='ocrx_word' id='word_1_330' title='bbox 531 3236 622 3292; x_wconf 84' lang='lat' dir='ltr'><strong>est</strong></span> <span class='ocrx_word' id='word_1_331' title='bbox 651 3229 935 3292; x_wconf 82' lang='lat' dir='ltr'><strong>omnibus</strong></span> <span class='ocrx_word' id='word_1_332' title='bbox 964 3229 1427 3315; x_wconf 77' lang='lat' dir='ltr'><strong>exquirentibus</strong></span> <span class='ocrx_word' id='word_1_333' title='bbox 1456 3250 1520 3293; x_wconf 92' lang='lat' dir='ltr'><strong>se</strong></span> <span class='ocrx_word' id='word_1_334' title='bbox 1549 3232 1615 3294; x_wconf 86' lang='lat' dir='ltr'><strong>in</strong></span> <span class='ocrx_word' id='word_1_335' title='bbox 1647 3232 1906 3295; x_wconf 73' lang='lat' dir='ltr'><strong>veritate</strong></span> <span class='ocrx_word' id='word_1_336' title='bbox 1915 3253 1943 3311; x_wconf 84' lang='lat'><em>;</em></span> <span class='ocrx_word' id='word_1_337' title='bbox 1987 3228 2062 3294; x_wconf 82' lang='lat' dir='ltr'><strong>cf.</strong></span> <span class='ocrx_word' id='word_1_338' title='bbox 2095 3230 2177 3294; x_wconf 91' lang='lat' dir='ltr'><strong>ib.</strong></span> <span class='ocrx_word' id='word_1_339' title='bbox 2211 3235 2315 3306; x_wconf 79' lang='grc'>27,</span> <span class='ocrx_word' id='word_1_340' title='bbox 2350 3234 2423 3305; x_wconf 85' lang='grc'><strong>9;</strong></span> <span class='ocrx_word' id='word_1_341' title='bbox 2457 3233 2561 3306; x_wconf 82' lang='grc'>34,</span> <span class='ocrx_word' id='word_1_342' title='bbox 2604 3235 2715 3304; x_wconf 84' lang='grc'><strong>19;</strong></span> <span class='ocrx_word' id='word_1_343' title='bbox 2748 3228 2931 3293; x_wconf 85' lang='lat' dir='ltr'><strong>Prov.</strong></span> 
     </span>
     <span class='ocr_line' id='line_1_29' title="bbox 318 3333 2933 3413; baseline -0.001 -10"><span class='ocrx_word' id='word_1_344' title='bbox 318 3339 376 3412; x_wconf 81' lang='grc'>3,</span> <span class='ocrx_word' id='word_1_345' title='bbox 408 3339 491 3403; x_wconf 86' lang='grc'><strong>21</strong></span> <span class='ocrx_word' id='word_1_346' title='bbox 527 3353 649 3410; x_wconf 83' lang='lat' dir='ltr'><strong>ss.;</strong></span> <span class='ocrx_word' id='word_1_347' title='bbox 682 3333 782 3398; x_wconf 83' lang='lat' dir='ltr'><strong>Ps.</strong></span> <span class='ocrx_word' id='word_1_348' title='bbox 804 3340 908 3413; x_wconf 81' lang='lat'><strong>36,</strong></span> <span class='ocrx_word' id='word_1_349' title='bbox 929 3340 1016 3404; x_wconf 81' lang='lat'><strong>24</strong></span> <span class='ocrx_word' id='word_1_350' title='bbox 1034 3354 1118 3400; x_wconf 79' lang='lat'><strong>38.</strong></span> <span class='ocrx_word' id='word_1_351' title='bbox 1150 3341 1216 3401; x_wconf 90' lang='lat' dir='ltr'><strong>et</strong></span> <span class='ocrx_word' id='word_1_352' title='bbox 1246 3335 1385 3399; x_wconf 85' lang='lat' dir='ltr'><strong>aliis</strong></span> <span class='ocrx_word' id='word_1_353' title='bbox 1418 3335 1669 3400; x_wconf 87' lang='lat' dir='ltr'><strong>omissis</strong></span> <span class='ocrx_word' id='word_1_354' title='bbox 1703 3341 1759 3404; x_wconf 90' lang='lat'><strong>1.</strong></span> <span class='ocrx_word' id='word_1_355' title='bbox 1796 3334 1936 3400; x_wconf 88' lang='lat' dir='ltr'><strong>Cor.</strong></span> <span class='ocrx_word' id='word_1_356' title='bbox 1979 3341 2074 3412; x_wconf 85' lang='lat'><strong>10,</strong></span> <span class='ocrx_word' id='word_1_357' title='bbox 2113 3341 2227 3404; x_wconf 87' lang='lat'><strong>13:</strong></span> <span class='ocrx_word' id='word_1_358' title='bbox 2262 3336 2498 3400; x_wconf 81' lang='lat' dir='ltr'><strong>Fidelis</strong></span> <span class='ocrx_word' id='word_1_359' title='bbox 2532 3343 2737 3401; x_wconf 84' lang='lat' dir='ltr'><strong>autem</strong></span> <span class='ocrx_word' id='word_1_360' title='bbox 2760 3336 2933 3400; x_wconf 81' lang='lat' dir='ltr'><strong>Deus</strong></span> 
     </span>
     <span class='ocr_line' id='line_1_30' title="bbox 316 3441 2932 3530; baseline 0 -25"><span class='ocrx_word' id='word_1_361' title='bbox 316 3448 421 3524; x_wconf 82' lang='lat' dir='ltr'><strong>est,</strong></span> <span class='ocrx_word' id='word_1_362' title='bbox 452 3443 564 3525; x_wconf 78' lang='lat' dir='ltr'><strong>qui</strong></span> <span class='ocrx_word' id='word_1_363' title='bbox 595 3462 720 3505; x_wconf 82' lang='lat' dir='ltr'><strong>non</strong></span> <span class='ocrx_word' id='word_1_364' title='bbox 746 3445 1032 3525; x_wconf 79' lang='lat' dir='ltr'><strong>patietur</strong></span> <span class='ocrx_word' id='word_1_365' title='bbox 1059 3462 1164 3505; x_wconf 77' lang='lat' dir='ltr'><strong>vos</strong></span> <span class='ocrx_word' id='word_1_366' title='bbox 1194 3448 1435 3507; x_wconf 84' lang='lat' dir='ltr'><strong>tentare</strong></span> <span class='ocrx_word' id='word_1_367' title='bbox 1466 3463 1666 3530; x_wconf 79' lang='lat' dir='ltr'><strong>supra</strong></span> <span class='ocrx_word' id='word_1_368' title='bbox 1713 3441 1803 3526; x_wconf 84' lang='lat' dir='ltr'><strong>id,</strong></span> <span class='ocrx_word' id='word_1_369' title='bbox 1851 3443 2015 3527; x_wconf 81' lang='lat' dir='ltr'><strong>quod</strong></span> <span class='ocrx_word' id='word_1_370' title='bbox 2038 3444 2334 3526; x_wconf 81' lang='lat' dir='ltr'><strong>potestis:</strong></span> <span class='ocrx_word' id='word_1_371' title='bbox 2382 3445 2491 3506; x_wconf 83' lang='lat' dir='ltr'><strong>sed</strong></span> <span class='ocrx_word' id='word_1_372' title='bbox 2520 3445 2714 3527; x_wconf 83' lang='lat' dir='ltr'><strong>faciet</strong></span> <span class='ocrx_word' id='word_1_373' title='bbox 2745 3445 2932 3507; x_wconf 77' lang='lat' dir='ltr'><strong>etiam</strong></span> 
     </span>
     <span class='ocr_line' id='line_1_31' title="bbox 312 3548 2932 3634; baseline 0.002 -25"><span class='ocrx_word' id='word_1_374' title='bbox 312 3567 449 3610; x_wconf 83' lang='lat' dir='ltr'><strong>cum</strong></span> <span class='ocrx_word' id='word_1_375' title='bbox 481 3551 821 3612; x_wconf 83' lang='lat' dir='ltr'><strong>tentatione</strong></span> <span class='ocrx_word' id='word_1_376' title='bbox 856 3555 1263 3634; x_wconf 78' lang='lat' dir='ltr'><strong>proventum:</strong></span> <span class='ocrx_word' id='word_1_377' title='bbox 1313 3567 1478 3631; x_wconf 89' lang='lat' dir='ltr'><strong>quae</strong></span> <span class='ocrx_word' id='word_1_378' title='bbox 1527 3551 1740 3632; x_wconf 90' lang='lat' dir='ltr'><strong>inepte</strong></span> <span class='ocrx_word' id='word_1_379' title='bbox 1793 3550 2156 3615; x_wconf 85' lang='lat' dir='ltr'><strong>dicerentur</strong></span> <span class='ocrx_word' id='word_1_380' title='bbox 2205 3568 2347 3616; x_wconf 91' lang='lat' dir='ltr'><strong>esse</strong></span> <span class='ocrx_word' id='word_1_381' title='bbox 2393 3549 2802 3630; x_wconf 85' lang='lat' dir='ltr'><strong>intelligenda</strong></span> <span class='ocrx_word' id='word_1_382' title='bbox 2852 3548 2932 3614; x_wconf 92' lang='lat' dir='ltr'><strong>de</strong></span> 
     </span>
     <span class='ocr_line' id='line_1_32' title="bbox 315 3654 2930 3739; baseline 0 -23"><span class='ocrx_word' id='word_1_383' title='bbox 315 3654 468 3717; x_wconf 88' lang='lat' dir='ltr'><strong>solis</strong></span> <span class='ocrx_word' id='word_1_384' title='bbox 518 3654 993 3736; x_wconf 77' lang='lat' dir='ltr'><strong>pradestinatiS.</strong></span> <span class='ocrx_word' id='word_1_385' title='bbox 1054 3655 1221 3720; x_wconf 88' lang='lat' dir='ltr'><strong>Nam</strong></span> <span class='ocrx_word' id='word_1_386' title='bbox 1269 3684 1325 3723; x_wconf 85' lang='grc' dir='ltr'><strong>α.</strong></span> <span class='ocrx_word' id='word_1_387' title='bbox 1377 3655 1614 3721; x_wconf 90' lang='lat' dir='ltr'><strong>Paulus</strong></span> <span class='ocrx_word' id='word_1_388' title='bbox 1665 3657 2015 3739; x_wconf 82' lang='lat' dir='ltr'><strong>alloquitur</strong></span> <span class='ocrx_word' id='word_1_389' title='bbox 2063 3676 2286 3721; x_wconf 91' lang='lat' dir='ltr'><strong>omnes</strong></span> <span class='ocrx_word' id='word_1_390' title='bbox 2337 3656 2703 3730; x_wconf 82' lang='lat' dir='ltr'><strong>corinthios,</strong></span> <span class='ocrx_word' id='word_1_391' title='bbox 2754 3663 2818 3720; x_wconf 87' lang='lat' dir='ltr'><strong>et</strong></span> <span class='ocrx_word' id='word_1_392' title='bbox 2867 3656 2930 3718; x_wconf 92' lang='lat' dir='ltr'><strong>in</strong></span> 
     </span>
     <span class='ocr_line' id='line_1_33' title="bbox 313 3759 2930 3849; baseline 0.001 -28"><span class='ocrx_word' id='word_1_393' title='bbox 313 3759 465 3840; x_wconf 88' lang='lat' dir='ltr'><strong>ipsis</strong></span> <span class='ocrx_word' id='word_1_394' title='bbox 496 3760 837 3825; x_wconf 87' lang='lat' dir='ltr'><strong>universos</strong></span> <span class='ocrx_word' id='word_1_395' title='bbox 869 3760 1117 3839; x_wconf 84' lang='lat' dir='ltr'><strong>fideles;</strong></span> <span class='ocrx_word' id='word_1_396' title='bbox 1163 3762 1315 3825; x_wconf 86' lang='lat' dir='ltr'><strong>hinc</strong></span> <span class='ocrx_word' id='word_1_397' title='bbox 1346 3768 1398 3849; x_wconf 85' lang='grc' dir='ltr'><strong>β.</strong></span> <span class='ocrx_word' id='word_1_398' title='bbox 1432 3779 1609 3828; x_wconf 89' lang='lat' dir='ltr'><strong>conc.</strong></span> <span class='ocrx_word' id='word_1_399' title='bbox 1644 3763 2058 3827; x_wconf 88' lang='lat' dir='ltr'><strong>tridentinum</strong></span> <span class='ocrx_word' id='word_1_400' title='bbox 2102 3764 2279 3828; x_wconf 91' lang='lat' dir='ltr'><strong>hisce</strong></span> <span class='ocrx_word' id='word_1_401' title='bbox 2323 3763 2536 3827; x_wconf 87' lang='lat' dir='ltr'><strong>verbis</strong></span> <span class='ocrx_word' id='word_1_402' title='bbox 2579 3762 2823 3845; x_wconf 83' lang='lat' dir='ltr'><strong>absque</strong></span> <span class='ocrx_word' id='word_1_403' title='bbox 2855 3762 2930 3825; x_wconf 90' lang='lat' dir='ltr'><strong>li-</strong></span> 
     </span>
     <span class='ocr_line' id='line_1_34' title="bbox 311 3867 2932 3954; baseline 0.002 -27"><span class='ocrx_word' id='word_1_404' title='bbox 311 3867 646 3931; x_wconf 88' lang='lat' dir='ltr'><strong>mitatione</strong></span> <span class='ocrx_word' id='word_1_405' title='bbox 677 3868 1123 3934; x_wconf 86' lang='lat' dir='ltr'><strong>universaliter</strong></span> <span class='ocrx_word' id='word_1_406' title='bbox 1154 3887 1309 3933; x_wconf 90' lang='lat' dir='ltr'><strong>sess.</strong></span> <span class='ocrx_word' id='word_1_407' title='bbox 1344 3873 1431 3936; x_wconf 82' lang='grc'><strong>24</strong></span> <span class='ocrx_word' id='word_1_408' title='bbox 1461 3886 1600 3932; x_wconf 89' lang='lat' dir='ltr'><strong>can.</strong></span> <span class='ocrx_word' id='word_1_409' title='bbox 1633 3874 1674 3938; x_wconf 89' lang='lat'>9</span> <span class='ocrx_word' id='word_1_410' title='bbox 1708 3870 1921 3933; x_wconf 87' lang='lat' dir='ltr'><strong>utitur.</strong></span> <span class='ocrx_word' id='word_1_411' title='bbox 1985 3870 2061 3934; x_wconf 88' lang='lat' dir='ltr'><strong>Et</strong></span> <span class='ocrx_word' id='word_1_412' title='bbox 2106 3889 2334 3936; x_wconf 87' lang='lat' dir='ltr'><strong>revera</strong></span> <span class='ocrx_word' id='word_1_413' title='bbox 2375 3896 2428 3954; x_wconf 82' lang='grc' dir='ltr'><strong>γ.</strong></span> <span class='ocrx_word' id='word_1_414' title='bbox 2473 3870 2636 3933; x_wconf 91' lang='lat' dir='ltr'><strong>haec</strong></span> <span class='ocrx_word' id='word_1_415' title='bbox 2680 3867 2932 3950; x_wconf 84' lang='lat' dir='ltr'><strong>scripsit</strong></span> 
     </span>
     <span class='ocr_line' id='line_1_35' title="bbox 313 3970 2929 4058; baseline 0.002 -23"><span class='ocrx_word' id='word_1_416' title='bbox 313 3970 550 4036; x_wconf 90' lang='lat' dir='ltr'><strong>Paulus</strong></span> <span class='ocrx_word' id='word_1_417' title='bbox 583 3974 668 4036; x_wconf 90' lang='lat' dir='ltr'><strong>ad</strong></span> <span class='ocrx_word' id='word_1_418' title='bbox 700 3974 1002 4039; x_wconf 83' lang='lat' dir='ltr'><strong>solandos</strong></span> <span class='ocrx_word' id='word_1_419' title='bbox 1034 3982 1350 4040; x_wconf 88' lang='lat' dir='ltr'><strong>tentatos:</strong></span> <span class='ocrx_word' id='word_1_420' title='bbox 1394 3976 1575 4058; x_wconf 89' lang='lat' dir='ltr'><strong>atqui</strong></span> <span class='ocrx_word' id='word_1_421' title='bbox 1606 3995 1737 4040; x_wconf 93' lang='lat' dir='ltr'><strong>non</strong></span> <span class='ocrx_word' id='word_1_422' title='bbox 1769 3978 1979 4040; x_wconf 88' lang='lat' dir='ltr'><strong>solum</strong></span> <span class='ocrx_word' id='word_1_423' title='bbox 2009 3977 2470 4058; x_wconf 88' lang='lat' dir='ltr'><strong>praedestinati</strong></span> <span class='ocrx_word' id='word_1_424' title='bbox 2500 3982 2649 4041; x_wconf 87' lang='lat' dir='ltr'><strong>sunt</strong></span> <span class='ocrx_word' id='word_1_425' title='bbox 2681 3975 2929 4051; x_wconf 81' lang='lat' dir='ltr'><strong>tentati,</strong></span> 
     </span>
     <span class='ocr_line' id='line_1_36' title="bbox 312 4081 2929 4167; baseline 0.001 -24"><span class='ocrx_word' id='word_1_426' title='bbox 312 4097 428 4144; x_wconf 92' lang='lat' dir='ltr'><strong>nec</strong></span> <span class='ocrx_word' id='word_1_427' title='bbox 445 4081 646 4144; x_wconf 89' lang='lat' dir='ltr'><strong>ullum</strong></span> <span class='ocrx_word' id='word_1_428' title='bbox 663 4088 836 4146; x_wconf 88' lang='lat' dir='ltr'><strong>esset</strong></span> <span class='ocrx_word' id='word_1_429' title='bbox 851 4083 1150 4147; x_wconf 78' lang='lat' dir='ltr'><strong>solatium</strong></span> <span class='ocrx_word' id='word_1_430' title='bbox 1166 4084 1429 4148; x_wconf 87' lang='lat' dir='ltr'><strong>tentatis</strong></span> <span class='ocrx_word' id='word_1_431' title='bbox 1446 4084 1610 4148; x_wconf 90' lang='lat' dir='ltr'><strong>scire</strong></span> <span class='ocrx_word' id='word_1_432' title='bbox 1628 4083 1792 4148; x_wconf 90' lang='lat' dir='ltr'><strong>haec</strong></span> <span class='ocrx_word' id='word_1_433' title='bbox 1810 4093 2060 4151; x_wconf 88' lang='lat' dir='ltr'><strong>tantum</strong></span> <span class='ocrx_word' id='word_1_434' title='bbox 2085 4086 2164 4150; x_wconf 92' lang='lat' dir='ltr'><strong>de</strong></span> <span class='ocrx_word' id='word_1_435' title='bbox 2188 4084 2681 4167; x_wconf 84' lang='lat' dir='ltr'><strong>praedestinatis</strong></span> <span class='ocrx_word' id='word_1_436' title='bbox 2696 4083 2929 4146; x_wconf 85' lang='lat' dir='ltr'><strong>valere.</strong></span> 
     </span>
    </p>
   </div>
   <div class='ocr_carea' id='block_1_4' title="bbox 308 4205 2928 4825">
    <p class='ocr_par' dir='ltr' id='par_1_4' title="bbox 308 4205 2928 4825">
     <span class='ocr_line' id='line_1_37' title="bbox 487 4205 2928 4291; baseline 0 -21"><span class='ocrx_word' id='word_1_437' title='bbox 487 4206 559 4272; x_wconf 85' lang='lat'><strong>4.</strong></span> <span class='ocrx_word' id='word_1_438' title='bbox 593 4205 734 4287; x_wconf 88' lang='lat' dir='ltr'><strong>Ipse</strong></span> <span class='ocrx_word' id='word_1_439' title='bbox 768 4214 973 4271; x_wconf 89' lang='lat' dir='ltr'><strong>status</strong></span> <span class='ocrx_word' id='word_1_440' title='bbox 1000 4208 1154 4290; x_wconf 88' lang='lat' dir='ltr'><strong>justi</strong></span> <span class='ocrx_word' id='word_1_441' title='bbox 1187 4208 1384 4289; x_wconf 83' lang='lat' dir='ltr'><strong>exigit</strong></span> <span class='ocrx_word' id='word_1_442' title='bbox 1416 4209 1779 4291; x_wconf 79' lang='lat' dir='ltr'><strong>huJ&#39;usmodi</strong></span> <span class='ocrx_word' id='word_1_443' title='bbox 1818 4211 2120 4291; x_wconf 86' lang='lat' dir='ltr'><strong>gratiam:</strong></span> <span class='ocrx_word' id='word_1_444' title='bbox 2161 4211 2371 4291; x_wconf 87' lang='lat' dir='ltr'><strong>justus</strong></span> <span class='ocrx_word' id='word_1_445' title='bbox 2418 4208 2590 4274; x_wconf 90' lang='lat' dir='ltr'><strong>enim</strong></span> <span class='ocrx_word' id='word_1_446' title='bbox 2636 4215 2734 4273; x_wconf 90' lang='lat' dir='ltr'><strong>est</strong></span> <span class='ocrx_word' id='word_1_447' title='bbox 2765 4207 2928 4271; x_wconf 88' lang='lat' dir='ltr'><strong>filius</strong></span> 
     </span>
     <span class='ocr_line' id='line_1_38' title="bbox 313 4310 2927 4399; baseline 0.002 -25"><span class='ocrx_word' id='word_1_448' title='bbox 313 4310 441 4386; x_wconf 87' lang='lat' dir='ltr'><strong>Dei,</strong></span> <span class='ocrx_word' id='word_1_449' title='bbox 472 4311 664 4377; x_wconf 87' lang='lat' dir='ltr'><strong>heres</strong></span> <span class='ocrx_word' id='word_1_450' title='bbox 696 4313 875 4390; x_wconf 86' lang='lat' dir='ltr'><strong>coeli,</strong></span> <span class='ocrx_word' id='word_1_451' title='bbox 921 4314 987 4378; x_wconf 92' lang='lat' dir='ltr'><strong>in</strong></span> <span class='ocrx_word' id='word_1_452' title='bbox 1034 4315 1258 4379; x_wconf 90' lang='lat' dir='ltr'><strong>ordine</strong></span> <span class='ocrx_word' id='word_1_453' title='bbox 1293 4317 1761 4398; x_wconf 87' lang='lat' dir='ltr'><strong>supernaturali</strong></span> <span class='ocrx_word' id='word_1_454' title='bbox 1813 4316 2218 4393; x_wconf 78' lang='lat' dir='ltr'><strong>constitutu5‚</strong></span> <span class='ocrx_word' id='word_1_455' title='bbox 2270 4316 2379 4399; x_wconf 90' lang='lat' dir='ltr'><strong>qui</strong></span> <span class='ocrx_word' id='word_1_456' title='bbox 2430 4323 2681 4380; x_wconf 86' lang='lat' dir='ltr'><strong>tenetur</strong></span> <span class='ocrx_word' id='word_1_457' title='bbox 2731 4333 2927 4397; x_wconf 88' lang='lat' dir='ltr'><strong>opera</strong></span> 
     </span>
     <span class='ocr_line' id='line_1_39' title="bbox 312 4418 2925 4505; baseline 0.002 -25"><span class='ocrx_word' id='word_1_458' title='bbox 312 4419 503 4484; x_wconf 86' lang='lat' dir='ltr'><strong>statui</strong></span> <span class='ocrx_word' id='word_1_459' title='bbox 534 4437 656 4483; x_wconf 89' lang='lat' dir='ltr'><strong>suo</strong></span> <span class='ocrx_word' id='word_1_460' title='bbox 690 4426 756 4484; x_wconf 91' lang='lat' dir='ltr'><strong>et</strong></span> <span class='ocrx_word' id='word_1_461' title='bbox 785 4418 895 4484; x_wconf 86' lang='lat' dir='ltr'><strong>fini</strong></span> <span class='ocrx_word' id='word_1_462' title='bbox 926 4421 1377 4489; x_wconf 86' lang='lat' dir='ltr'><strong>convenientia</strong></span> <span class='ocrx_word' id='word_1_463' title='bbox 1427 4423 1698 4505; x_wconf 85' lang='lat' dir='ltr'><strong>operari,</strong></span> <span class='ocrx_word' id='word_1_464' title='bbox 1751 4423 1924 4505; x_wconf 89' lang='lat' dir='ltr'><strong>quod</strong></span> <span class='ocrx_word' id='word_1_465' title='bbox 1974 4423 2111 4488; x_wconf 90' lang='lat' dir='ltr'><strong>sine</strong></span> <span class='ocrx_word' id='word_1_466' title='bbox 2162 4423 2369 4504; x_wconf 87' lang='lat' dir='ltr'><strong>gratia</strong></span> <span class='ocrx_word' id='word_1_467' title='bbox 2418 4423 2654 4487; x_wconf 89' lang='lat' dir='ltr'><strong>actuali</strong></span> <span class='ocrx_word' id='word_1_468' title='bbox 2685 4421 2925 4503; x_wconf 87' lang='lat' dir='ltr'><strong>nequit.</strong></span> 
     </span>
     <span class='ocr_line' id='line_1_40' title="bbox 313 4523 2928 4611; baseline 0.002 -25"><span class='ocrx_word' id='word_1_469' title='bbox 313 4523 469 4607; x_wconf 82' lang='lat' dir='ltr'><strong>Ergo</strong></span> <span class='ocrx_word' id='word_1_470' title='bbox 501 4532 764 4591; x_wconf 90' lang='lat' dir='ltr'><strong>tenetur</strong></span> <span class='ocrx_word' id='word_1_471' title='bbox 794 4527 963 4593; x_wconf 90' lang='lat' dir='ltr'><strong>Deus</strong></span> <span class='ocrx_word' id='word_1_472' title='bbox 994 4528 1252 4610; x_wconf 88' lang='lat' dir='ltr'><strong>sapiens</strong></span> <span class='ocrx_word' id='word_1_473' title='bbox 1284 4529 1525 4593; x_wconf 88' lang='lat' dir='ltr'><strong>ordinis</strong></span> <span class='ocrx_word' id='word_1_474' title='bbox 1556 4530 1854 4611; x_wconf 87' lang='lat' dir='ltr'><strong>provisor</strong></span> <span class='ocrx_word' id='word_1_475' title='bbox 1884 4530 2057 4594; x_wconf 89' lang='lat' dir='ltr'><strong>illam</strong></span> <span class='ocrx_word' id='word_1_476' title='bbox 2090 4530 2589 4605; x_wconf 81' lang='lat' dir='ltr'><strong>subministrare,</strong></span> <span class='ocrx_word' id='word_1_477' title='bbox 2622 4527 2928 4610; x_wconf 90' lang='lat' dir='ltr'><strong>quamdiu</strong></span> 
     </span>
     <span class='ocr_line' id='line_1_41' title="bbox 311 4631 2924 4717; baseline 0 -22"><span class='ocrx_word' id='word_1_478' title='bbox 311 4631 498 4698; x_wconf 89' lang='lat' dir='ltr'><strong>homo</strong></span> <span class='ocrx_word' id='word_1_479' title='bbox 532 4652 617 4699; x_wconf 82' lang='lat' dir='ltr'><strong>ex</strong></span> <span class='ocrx_word' id='word_1_480' title='bbox 651 4633 758 4697; x_wconf 90' lang='lat' dir='ltr'><strong>illo</strong></span> <span class='ocrx_word' id='word_1_481' title='bbox 792 4634 1014 4698; x_wconf 88' lang='lat' dir='ltr'><strong>ordine</strong></span> <span class='ocrx_word' id='word_1_482' title='bbox 1046 4642 1313 4716; x_wconf 88' lang='lat' dir='ltr'><strong>peccato</strong></span> <span class='ocrx_word' id='word_1_483' title='bbox 1361 4637 1536 4717; x_wconf 88' lang='lat' dir='ltr'><strong>gravi</strong></span> <span class='ocrx_word' id='word_1_484' title='bbox 1583 4655 1715 4700; x_wconf 93' lang='lat' dir='ltr'><strong>non</strong></span> <span class='ocrx_word' id='word_1_485' title='bbox 1764 4637 2013 4701; x_wconf 87' lang='lat' dir='ltr'><strong>excidit.</strong></span> <span class='ocrx_word' id='word_1_486' title='bbox 2078 4635 2289 4716; x_wconf 89' lang='lat' dir='ltr'><strong>Quare</strong></span> <span class='ocrx_word' id='word_1_487' title='bbox 2321 4653 2469 4699; x_wconf 89' lang='lat' dir='ltr'><strong>cum</strong></span> <span class='ocrx_word' id='word_1_488' title='bbox 2517 4633 2924 4715; x_wconf 89' lang='lat' dir='ltr'><strong>Prospero</strong></span> 
     </span>
     <span class='ocr_line' id='line_1_42' title="bbox 308 4739 2926 4825; baseline -0.001 -22"><span class='ocrx_word' id='word_1_489' title='bbox 308 4748 460 4804; x_wconf 67' lang='lat' dir='ltr'><strong>sent„</strong></span> <span class='ocrx_word' id='word_1_490' title='bbox 494 4759 695 4821; x_wconf 90' lang='lat' dir='ltr'><strong>super</strong></span> <span class='ocrx_word' id='word_1_491' title='bbox 725 4757 778 4804; x_wconf 91' lang='lat' dir='ltr'><strong>c.</strong></span> <span class='ocrx_word' id='word_1_492' title='bbox 816 4745 899 4809; x_wconf 83' lang='lat'><strong>12</strong></span> <span class='ocrx_word' id='word_1_493' title='bbox 930 4741 1072 4822; x_wconf 85' lang='lat' dir='ltr'><strong>gall.</strong></span> <span class='ocrx_word' id='word_1_494' title='bbox 1106 4742 1579 4807; x_wconf 84' lang='lat' dir='ltr'><strong>concludimus:</strong></span> <span class='ocrx_word' id='word_1_495' title='bbox 1651 4741 1810 4822; x_wconf 85' lang='lat' dir='ltr'><strong>,Qui</strong></span> <span class='ocrx_word' id='word_1_496' title='bbox 1843 4743 2012 4820; x_wconf 82' lang='lat' dir='ltr'><strong>dicit,</strong></span> <span class='ocrx_word' id='word_1_497' title='bbox 2059 4742 2230 4825; x_wconf 90' lang='lat' dir='ltr'><strong>quod</strong></span> <span class='ocrx_word' id='word_1_498' title='bbox 2264 4741 2647 4824; x_wconf 90' lang='lat' dir='ltr'><strong>quibusdam</strong></span> <span class='ocrx_word' id='word_1_499' title='bbox 2677 4739 2926 4803; x_wconf 86' lang='lat' dir='ltr'><strong>vocatis</strong></span> 
     </span>
    </p>
   </div>
  </div>
 </body>
</html>
