3538 5364
1303 311 1637 367 Attritionis
1663 312 2027 366 sufficientia.
2846 321 2973 384 457

358 503 478 570 tur,
513 495 904 560 attritionem
938 494 1110 556 illam
1145 493 1456 569 sufficere,
1490 511 1658 576 quae
1700 494 1839 568 ,vel
1872 513 1952 557 ex
1986 494 2392 576 turpitudinis
2411 495 2662 576 peccati
2681 494 2976 559 conside-

357 601 624 677 ratione,
658 601 755 664 vel
791 619 868 664 ex
902 601 1233 680 gehennae
1267 610 1331 665 et
1362 618 1718 682 poenarum
1738 609 1913 665 metu
1937 601 2311 683 concipitur,
2332 601 2385 664 si
2406 601 2805 665 voluntatem
2824 619 2976 683 pec-

356 708 547 771 candi
579 708 857 772 excludit
888 726 1033 772 cum
1068 726 1181 789 spe
1213 707 1441 772 veniae
1457 709 1502 793 1)
1522 721 1573 769 :²
1617 726 1767 771 nam
1801 708 1973 790 quod
2006 708 2084 771 de
2116 727 2353 788 genere
2386 707 2574 784 valet,
2608 708 2776 773 valet
2807 716 2870 772 et
2898 709 2977 771 de

359 816 589 896 specie.

535 942 602 1007 2.
636 939 856 1022 quue
887 939 1111 1019 magis,
1147 939 1321 1021 quod
1353 957 1533 1002 conc.
1569 938 1654 1004 illi
1686 957 1829 1002 eam
1865 939 2244 1020 disponendi
2290 939 2418 1002 vim
2466 938 2547 1002 ad
2573 936 2976 1019 justificatio-

357 1066 507 1112 nem
540 1047 758 1111 tribuit
790 1047 854 1110 in
886 1054 1319 1123 sacramentO,
1355 1065 1483 1129 qua
1516 1054 1695 1111 caret
1728 1053 1911 1110 extra
1943 1047 2111 1110 illud.
2163 1046 2357 1129 Atqui
2390 1053 2573 1111 extra
2604 1063 2977 1110 sacramen-

357 1161 495 1217 tum
529 1172 607 1218 ea
639 1160 735 1219 est
767 1153 1098 1236 dispositio
1132 1159 1401 1219 remota.
1464 1154 1627 1233 Ergo
1675 1154 1738 1217 in
1790 1160 2197 1218 sacramento
2232 1160 2331 1217 est
2375 1153 2765 1234 proxima,
2812 1171 2978 1235 quae

358 1260 495 1324 scil.
528 1278 674 1325 cum
705 1279 783 1324 eo
815 1260 1051 1324 sufficit
1085 1261 1167 1325 ad
1199 1267 1614 1342 peccatorum
1648 1260 2100 1324 remissionem
2133 1259 2566 1324 obtinendam.

537 1388 600 1455 3.
636 1385 736 1448 Ad
768 1386 949 1460 haec,
986 1391 1059 1449 ut
1089 1389 1509 1448 sacramenta
1541 1390 1912 1464 operentur,
1947 1382 2178 1447 sufficit
2207 1384 2482 1448 remotio
2516 1383 2733 1446 obicis,
2785 1383 2979 1466 Atqui

357 1492 527 1556 obex
561 1494 623 1555 in
656 1498 1064 1556 sacramento
1099 1491 1556 1572 poenitentiae,
1591 1490 1699 1571 qui
1732 1496 1830 1554 est
1850 1490 2158 1555 adhaesio
2181 1490 2263 1554 ad
2283 1497 2637 1572 peccatum,
2659 1488 2977 1556 sufficien-

357 1607 456 1663 ter
487 1606 852 1663 removetur
885 1599 1228 1674 attritione,
1283 1615 1449 1680 quae
1502 1604 1600 1661 est
1649 1598 1847 1660 animi
1897 1597 2080 1662 dolor
2126 1603 2190 1661 et
2221 1597 2564 1662 detestatio
2598 1598 2677 1662 de
2708 1603 2976 1678 peccato

357 1723 507 1769 cum
537 1707 868 1788 proposito
901 1724 1034 1769 non
1065 1705 1378 1787 peccandi
1410 1705 1489 1768 de
1523 1710 1757 1781 cetero,
1794 1705 2045 1769 etiamsi
2090 1705 2253 1769 haec
2299 1706 2589 1770 eliciatur
2639 1723 2717 1768 ex
2750 1705 2978 1767 timore

357 1813 706 1894 gehennae.
769 1812 931 1892 Ergo
969 1812 1114 1875 talis
1149 1812 1393 1876 attritio
1427 1810 1711 1875 sufficiet.

536 1943 683 2006 474.
717 1937 915 2002 Multa
965 1944 1183 2001 tamen
1232 1943 1401 2012 sunt,
1453 1953 1620 2017 quae
1669 1937 1818 1999 huic
1867 1943 2278 2018 opponuntur
2323 1935 2609 2000 illationi.
2674 1933 2838 1998 Sunt
2869 1935 2978 2017 qui

359 2045 572 2125 ipsum
605 2044 936 2124 gehennae
984 2044 1359 2108 timorem
1409 2050 1679 2123 carpant
1725 2043 2177 2125 damnentque,
2230 2043 2403 2125 quod
2434 2043 2645 2106 solum
2678 2042 2978 2107 cohibeat

358 2169 621 2214 manum
655 2169 695 2213 a
726 2169 926 2232 pravo
962 2168 1175 2231 opere,
1230 2168 1359 2213 non
1410 2167 1566 2213 vero
1620 2169 1733 2212 cor
1780 2167 1820 2212 a
1869 2167 2072 2230 pravo
2124 2149 2372 2214 affectu.
2437 2150 2529 2214 lta
2562 2169 2693 2213 non
2728 2156 2978 2213 tantum

361 2258 804 2335 lutherani,
837 2257 950 2321 sed
985 2256 1564 2338 etjanseniani
1610 2264 1674 2320 et
1718 2254 2302 2338 quesnelliani.
2364 2254 2551 2335 Quod
2584 2275 2849 2337 prorsus
2882 2262 2980 2320 est

360 2365 609 2440 falsum,
643 2364 929 2446 alioquin
949 2362 1320 2445 Scripturae
1355 2370 1418 2427 et
1450 2369 1667 2445 patres
1701 2381 1834 2426 non
1866 2364 2030 2428 adeo
2053 2363 2583 2427 commendarent
2602 2362 2977 2437 bonitatem,

358 2470 716 2544 utilitatem,
750 2470 1100 2535 efficaciam
1134 2471 1381 2534 timoris
1414 2471 1764 2550 gehennae.
1829 2470 2104 2553 Ideoque
2150 2469 2346 2535 etiam
2391 2469 2677 2534 Ecclesia
2722 2469 2978 2549 saepius

358 2577 532 2640 illum
583 2596 868 2643 errorem
921 2577 1270 2654 damnavit,
1323 2583 1392 2641 ut
1443 2578 1508 2640 in
1558 2577 1831 2640 concilio
1883 2577 2044 2640 trid
2064 2577 2352 2642 entino
2405 2595 2558 2640 sess.
2592 2582 2633 2644 6
2667 2594 2806 2639 can.
2841 2582 2879 2645 8
2915 2584 2978 2639 et

358 2704 514 2749 sess,
555 2691 634 2753 14
665 2702 717 2747 c,
752 2691 793 2752 4
825 2693 891 2751 et
924 2704 1062 2750 can.
1096 2692 1170 2757 ὃς
1216 2685 1688 2768 proscriptione
1721 2704 1898 2767 prop.
1932 2685 2356 2765 Quesnelli
2393 2690 2653 2754 60-67
2704 2690 2769 2748 et
2799 2702 2977 2766 prop.

360 2798 443 2861 25
476 2792 704 2873 synodi
746 2793 1325 2874 pistoriensiS,
1372 2812 1500 2877 qua
1533 2793 1682 2856 Pius
1714 2793 1814 2857 VI.
1862 2794 2084 2875 paucis
2132 2793 2577 2874 complectitur
2621 2792 2978 2856 doctrinam

359 2900 741 2964 catholicam
759 2924 773 2975 3
815 2900 1174 2976 ,Doctrina,
1208 2919 1374 2983 quae
1395 2901 1691 2965 timorem
1708 2919 2067 2982 poenarum
2088 2899 2442 2981 generatim
2462 2900 2756 2982 perhibet
2772 2900 2978 2977 ,dum-

359 3014 541 3072 taxat
569 3025 701 3071 non
732 3025 924 3089 posse
956 3006 1080 3069 dici
1113 3007 1374 3081 malum,
1405 3007 1460 3069 si
1492 3007 1721 3071 saltem
1754 3009 2052 3088 pertingit
2087 3008 2171 3071 ad
2202 3006 2633 3072 cohibendam
2665 3025 2928 3070 manum
2946 3020 2978 3070 :⁶

359 3115 546 3196 quasi
578 3115 768 3178 timor
798 3115 936 3196 ipse
968 3116 1317 3195 gehennae,
1355 3134 1550 3196 quam
1584 3115 1741 3179 sides
1776 3115 1967 3179 docet
1997 3123 2265 3196 peccato
2287 3116 2713 3196 infligendam,
2745 3133 2878 3179 non
2899 3116 2981 3178 sit

358 3223 422 3285 in
455 3240 526 3285 se
558 3221 766 3285 bonus
799 3228 863 3285 et
893 3222 1080 3297 utilis,
1114 3220 1289 3285 velut
1321 3222 1560 3284 donum
1593 3222 2087 3302 supernaturale
2121 3240 2197 3284 ac
2231 3230 2443 3286 motus
2476 3241 2516 3286 a
2536 3221 2670 3287 Deo
2704 3222 2979 3303 inspira-

360 3338 462 3392 tus
494 3346 888 3410 praeparans
921 3328 1000 3391 ad
1038 3346 1328 3391 amorem
1351 3328 1669 3408 justitiae:
1717 3327 1895 3404 falsa,
1945 3330 2304 3405 temeraria,
2335 3330 2720 3411 perniciosa,
2754 3329 2981 3392 divinis

362 3434 550 3499 donis
582 3436 911 3516 injuriosa,
944 3434 1103 3497 alias
1138 3434 1465 3510 damnata,
1514 3437 1842 3499 contraria
1887 3436 2220 3500 doctrinae
2251 3436 2505 3499 concilii
2539 3437 2696 3512 trid,
2750 3444 2885 3500 tum
2919 3444 2981 3500 et

359 3544 688 3606 communi
721 3548 980 3623 patrum
1010 3542 1386 3618 sententiae,
1420 3560 1601 3623 ,opus
1624 3554 1804 3618 esse,⁸
1831 3542 2017 3623 juxta
2050 3549 2431 3607 consuetum
2465 3544 2754 3607 ordinem
2785 3561 2977 3624 prae-

359 3649 714 3730 parationis
746 3649 829 3713 ad
855 3648 1183 3730 justitiam,
1231 3654 1320 3725 ,ut
1367 3649 1559 3713 intret
1589 3650 1780 3712 timor
1818 3650 2043 3731 primO,
2091 3668 2205 3731 per
2237 3667 2428 3732 quem
2462 3649 2680 3712 veniat
2711 3649 2980 3713 caritas:

362 3757 557 3820 timor
572 3756 1130 3832 medicamentum,
1150 3756 1387 3819 caritas
1404 3757 1668 3820 sanitas‘
1686 3774 1768 3820 ex
1790 3776 1838 3819 S.
1867 3756 2294 3837 Augustino
2316 3757 2379 3819 in
2409 3765 2457 3824 1.
2478 3756 2573 3820 Jo.
2595 3761 2638 3821 4
2659 3762 2729 3818 tr.
2753 3760 2793 3822 9
2816 3761 2971 3820 etc!

540 3896 687 3949 475.
720 3887 1171 3959 Exceptionibus
1202 3888 1429 3959 satisfit.
1453 3919 1536 3931 -
1558 3885 1649 3943 Ad
1670 3886 1953 3944 solvenda
1974 3887 2335 3962 sophismata
2352 3886 2692 3944 memineris
2730 3879 2978 3948 l.'mu1-

358 3980 451 4033 tas
485 3993 613 4033 esse
644 3974 876 4034 timoris
911 3976 1133 4051 species
1158 3977 1332 4051 juxta
1366 3994 1410 4038 s,
1445 3975 1793 4033 Thomam
1831 3985 1886 4038 2.
1925 3985 1958 4037 2
1994 3995 2048 4050 q.
2090 3988 2165 4038 19
2200 3996 2248 4034 a.
2286 3986 2340 4039 2.
2406 3975 2578 4033 Alius
2616 3977 2706 4033 est
2749 3980 2979 4032 natu-

583 4152 616 4217 ¹)
645 4146 849 4201 Omnia
876 4145 1195 4199 attritionis
1222 4145 1438 4200 motiva
1466 4146 1537 4199 ad
1566 4163 1650 4209 ea,
1678 4162 1825 4213 quae
1854 4147 1944 4200 his
1970 4146 2157 4199 verbis
2184 4145 2493 4199 concilium
2533 4148 2799 4208 recenset,
2826 4162 2980 4197 revo-

358 4225 478 4278 cari
503 4227 760 4296 possunt.
789 4226 936 4279 Nam
967 4243 1096 4279 cum
1125 4226 1187 4279 in
1215 4229 1446 4296 peccato
1464 4243 1579 4280 non
1596 4225 1712 4279 sint
1729 4225 1839 4278 nisi
1858 4226 2031 4296 culpa
2053 4227 2110 4279 et
2128 4242 2331 4295 poena,
2354 4229 2648 4296 peccatum
2668 4227 2984 4279 detestatur

362 4306 533 4360 homo
562 4305 653 4359 vel
677 4306 898 4360 ratione
927 4307 1127 4377 culpae
1169 4307 1261 4360 vel
1301 4306 1524 4360 ratione
1565 4322 1801 4376 poenae.
1852 4305 1907 4360 Si
1935 4306 2126 4375 ipsum
2169 4305 2488 4359 detestatur
2511 4306 2731 4359 ratione
2758 4306 2981 4376 culpae,

358 4386 638 4440 motivum
666 4386 1063 4441 detestationis
1088 4386 1199 4439 erit
1223 4385 1527 4456 turpitudo
1556 4385 1793 4456 peccati,
1822 4401 1968 4453 quae
1990 4385 2293 4439 detestatio
2315 4402 2349 4438 a
2368 4386 2632 4455 pluribus
2649 4385 2980 4448 virtutibuS,

361 4466 574 4535 quibus
599 4471 898 4537 peccatum
927 4466 1256 4537 opponitur,
1285 4465 1420 4521 elici
1446 4469 1550 4520 aut
1574 4464 1850 4534 imperari
1877 4467 2082 4535 potest,
2111 4469 2167 4518 et
2194 4465 2242 4519 si
2264 4465 2529 4519 eliciatur
2547 4469 2650 4520 aut
2669 4466 2982 4535 imperetur

358 4564 394 4598 a.
420 4547 673 4611 caritate,
700 4547 811 4601 erit
835 4547 1134 4602 contritio:
1163 4548 1210 4602 si
1236 4549 1310 4602 ab
1336 4547 1452 4601 alia
1479 4546 1713 4611 virtute,
1741 4546 1851 4600 erit
1876 4545 2078 4599 saltem
2105 4545 2345 4600 attritio.
2398 4546 2455 4600 Si
2496 4563 2628 4600 vero
2670 4547 2982 4600 detestetur

360 4628 530 4681 homo
558 4631 854 4698 peccatum
877 4628 1095 4683 ratione
1123 4628 1279 4693 mali,
1321 4629 1475 4697 quod
1516 4627 1759 4692 inducit,
1802 4628 1908 4681 hoc
1950 4629 2036 4681 est
2074 4628 2162 4680 vel
2208 4626 2457 4696 privatio
2489 4625 2862 4680 beatitudinis
2890 4625 2975 4679 vel

359 4723 543 4777 poena
570 4706 818 4778 positiva
844 4726 878 4761 a
905 4708 1020 4763 Deo
1046 4708 1266 4762 inflicta.
1294 4711 1528 4762 aeterna
1547 4712 1650 4761 aut
1671 4706 2004 4777 temporalis
2025 4728 2036 4767 ;
2065 4706 2308 4776 ideoque
2324 4707 2602 4764 motivum
2621 4706 2742 4776 ejus
2763 4707 2873 4759 erit
2896 4707 2980 4760 vel

368 4804 493 4858 spes
519 4805 614 4842 seu
647 4787 991 4843 desiderium
1019 4790 1109 4842 vel
1137 4789 1324 4844 timor.
1380 4790 1463 4841 Ita
1491 4787 1692 4841 Palm
1712 4787 1732 4840 i
1752 4786 1862 4841 eri
1890 4788 2031 4841 the-22.
2059 4794 2142 4843 21.
