3538 5364
1345 230 2026 284 transsubstantiationis,
2869 240 2996 305 337

373 413 761 495 perficiatur,
795 419 864 476 ut
895 414 948 474 si
981 411 1213 476 doctus
1245 410 1358 475 fiat
1389 411 1664 485 doctior:
1698 410 1799 476 vel
1834 411 1889 474 si
1921 412 2177 476 amittat
2208 417 2459 475 tantum
2493 412 2773 494 aliquam
2809 415 2999 479 reali-

377 527 579 585 tatem
612 519 786 583 nulla
817 517 944 582 alia
978 518 1044 580 in
1075 517 1214 598 ejus
1248 516 1461 581 locum
1495 518 1900 596 succedente,
1935 519 2105 601 quod
2143 525 2358 584 tamen
2391 518 2710 586 sufficeret
2742 522 2824 586 ad
2856 542 2997 586 mu-

376 629 704 692 tationem.
754 624 1097 691 Deficiente
1132 625 1404 690 termino
1435 643 1477 688 a
1510 644 1637 708 quo
1671 626 1949 690 habetur
1982 645 2064 690 cr
2083 626 2340 691 eatio:
2373 626 2704 693 deficiente
2724 630 2997 694 termino

378 736 461 800 ad
495 753 689 818 quem
722 731 1270 808 annihilatio,
1302 750 1435 796 non
1469 741 1691 797 autem
1725 733 2081 798 conversio,

555 863 621 927 3.
644 858 1093 924 Necessarium
1113 864 1228 933 est,
1251 857 1670 923 utinterdes
1693 858 2035 922 itionem
2066 859 2257 921 unius
2281 864 2347 922 et
2378 860 2999 925 successionem

376 966 642 1032 alterius
673 984 928 1029 nexus
963 964 1047 1027 sit
1078 971 1143 1029 et
1175 965 1355 1039 ordo,
1390 970 1708 1047 quatenus
1741 965 2070 1029 successio
2098 965 2291 1045 exigit
2312 964 2539 1045 prioris
2560 968 2998 1034 exclusionem

378 1080 441 1137 et
474 1072 869 1149 desitionem‚
904 1078 970 1136 et
997 1071 1227 1139 desitio
1250 1072 1582 1137 ordinetur
1603 1073 1685 1137 ad
1707 1073 1967 1137 alterius
1988 1074 2493 1140 successionem:
2525 1074 2694 1138 unde
2713 1095 2841 1139 non
2868 1076 2999 1139 suf-

376 1181 507 1245 ficit
539 1179 797 1244 fortuita
828 1179 1160 1244 successio
1195 1180 1388 1244 unius
1424 1186 1572 1262 post
1604 1180 1893 1245 alterum.

556 1305 620 1374 4.
653 1305 811 1367 Hinc
844 1304 1147 1385 distingui
1178 1304 1371 1370 debet
1405 1305 1715 1368 terminus
1751 1305 1970 1369 totalis
2005 1310 2071 1369 et
2104 1303 2384 1368 formalis
2418 1313 2553 1371 tam
2585 1324 2624 1369 a
2657 1326 2784 1389 quo
2807 1325 3001 1390 quam

378 1412 461 1475 ad
494 1429 703 1494 quem.
737 1411 1077 1476 Terminus
1111 1410 1489 1475 formalis
1521 1429 1562 1474 a
1594 1430 1722 1494 quo
1756 1418 1859 1476 est
1891 1412 2058 1475 ratio
2093 1412 2274 1487 entis,
2298 1429 2463 1494 quae
2484 1420 2725 1478 cessat:
2758 1413 2823 1476 in
2843 1432 3001 1478 casu

378 1525 602 1581 nostro
637 1518 1005 1581 substantia
1034 1518 1221 1598 panis
1254 1524 1319 1581 et
1351 1517 1514 1593 vini:
1562 1517 1872 1582 terminus
1919 1519 2222 1583 totalis
2276 1536 2316 1581 a
2362 1538 2490 1601 quo
2540 1526 2641 1585 est
2672 1521 3002 1617 terminus

377 1626 487 1708 qui
519 1631 803 1688 mutatur
843 1624 1197 1689 secundum
1231 1623 1514 1706 aliquam
1547 1624 1715 1688 entis
1746 1625 2100 1692 rationem:
2152 1624 2217 1688 in
2250 1625 2374 1689 hac
2408 1628 2831 1692 conversione
2863 1628 3002 1710 ipse

376 1732 586 1814 paniS,
619 1731 748 1795 scil.
783 1737 989 1795 totum
1021 1737 1324 1795 constans
1358 1750 1438 1795 ex
1471 1732 1657 1812 panis
1690 1731 2059 1796 substantia
2081 1739 2146 1797 et
2167 1732 2623 1797 accidentibus.
2658 1734 2999 1799 Terminus

379 1838 664 1903 formalis
695 1839 778 1902 ad
812 1856 1002 1921 quem
1036 1843 1135 1902 est
1166 1838 1335 1901 ratio
1370 1838 1553 1913 entiS,
1587 1855 1753 1919 quae
1784 1838 2006 1919 incipit
2038 1839 2293 1902 adesse:
2329 1839 2391 1901 in
2424 1840 2547 1903 hac
2579 1841 3000 1906 conversione

376 1967 618 2030 corpus
651 1957 716 2013 et
747 1944 1008 2026 sanguis
1039 1946 1091 2010 J.
1127 1944 1391 2021 Christi:
1441 1946 1752 2010 terminus
1799 1944 2017 2010 totalis
2051 1946 2133 2010 ad
2168 1964 2361 2028 quem
2395 1952 2497 2010 est
2528 1948 2862 2023 terminuS,
2894 1950 3002 2030 qui

379 2076 457 2120 ex
489 2055 915 2118 conversione
959 2053 1202 2135 prodit:
1250 2054 1314 2117 in
1358 2061 1584 2117 nostro
1618 2073 1775 2117 casu
1811 2053 2144 2135 synthesis
2180 2072 2257 2118 ex
2291 2072 2561 2134 corpore
2594 2061 2659 2119 et
2689 2056 3001 2134 sanguine

378 2162 618 2227 Christi
650 2167 715 2226 et
746 2158 1184 2225 accidentibus
1217 2161 1401 2241 panis
1435 2166 1628 2243 atque
1649 2160 1779 2223 vini
1811 2178 1925 2224 seu
1945 2160 2157 2240 ipsum
2179 2159 2607 2225 eucharistiae
2628 2179 3001 2225 sacramen-

379 2278 533 2333 tum.
583 2267 728 2348 Qua
758 2267 1169 2332 distinctione
1200 2268 1413 2349 posita
1444 2266 1729 2343 dicimuS,
1765 2266 1849 2331 ad
1882 2267 2377 2331 conversionem
2412 2287 2608 2333 sensu
2643 2268 2864 2334 stricto
2897 2288 2999 2335 re-

377 2376 543 2459 quiri
574 2396 636 2444 a.
669 2381 740 2438 ut
773 2374 1086 2438 terminus
1124 2374 1335 2438 totalis
1368 2392 1408 2438 a
1439 2393 1565 2457 quo
1600 2373 1857 2440 desinat
1886 2392 2000 2438 seu
2033 2381 2265 2450 cesset,
2298 2393 2429 2439 non
2458 2381 2673 2438 tamen
2695 2376 3000 2451 totaliter:

377 2485 450 2550 b.
486 2481 927 2547 necessarium
960 2487 1178 2546 tamen
1209 2499 1323 2561 per
1355 2501 1424 2547 se
1457 2500 1590 2545 non
1622 2500 1783 2557 esse,
1815 2488 1886 2544 ut
1916 2479 2426 2562 simpliciter
2457 2488 2669 2546 cesset
2687 2484 3003 2547 terminus

379 2590 664 2655 formalis
698 2608 739 2653 a
772 2608 925 2672 quo:
961 2586 1205 2663 sufficit,
1223 2593 1294 2650 ut
1327 2595 1540 2652 cesset
1570 2587 1799 2652 saltem
1832 2587 2065 2652 adesse
2099 2587 2164 2650 in
2196 2607 2284 2664 re,
2306 2606 2473 2670 quae
2495 2588 2727 2652 dicitur
2748 2590 3007 2665 mutari,

379 2698 503 2762 nisi
535 2705 602 2764 et
632 2698 774 2779 ipse
805 2697 1057 2761 dicatur
1089 2696 1392 2771 converti,
1427 2702 1498 2758 ut
1529 2696 1594 2759 in
1628 2714 1786 2760 casu
1818 2703 2060 2770 nostro,
2110 2696 2175 2758 in
2209 2714 2339 2779 quo
2375 2696 2723 2760 tenendum
2757 2703 2873 2771 est,
2906 2697 3003 2777 ip-

384 2823 520 2868 sam
553 2804 741 2886 panis
776 2803 1208 2868 substantiam
1243 2804 1531 2867 converti
1564 2803 1629 2866 in
1660 2822 1893 2884 corpus
1927 2801 2184 2867 Christi.
2254 2802 2518 2886 Requiri
2569 2823 2633 2871 c.
2682 2809 2754 2867 ut
2783 2804 3002 2867 termi-

389 2932 510 2975 nus
543 2912 759 2977 totalis
791 2912 874 2975 ad
906 2930 1098 2994 quem
1129 2910 1502 2990 simpliciter
1534 2910 1824 2991 incipiat:
1858 2910 1912 2974 si
1946 2909 2119 2975 enim
2152 2910 2205 2973 is
2231 2910 2366 2991 jam
2399 2910 2514 2974 fuit
2545 2918 2696 2976 ante
2730 2929 3002 2975 conver-

395 3018 653 3092 sionem,
701 3020 876 3082 nulla
921 3019 1091 3082 facta
1137 3025 1239 3082 est
1269 3035 1424 3082 vera
1455 3017 1742 3081 mutatio.
1810 3017 1883 3084 d.
1917 3016 2063 3082 Non
2096 3036 2248 3082 vero
2284 3018 2539 3100 requiri,
2590 3026 2662 3084 ut
2693 3019 3000 3084 terminus

391 3122 671 3187 formalis
685 3125 766 3189 ad
782 3144 974 3208 quem
984 3124 1352 3205 simpliciter
1364 3123 1773 3206 producatur,
1784 3128 1942 3188 satis
1958 3131 2072 3200 est,
2089 3125 2144 3188 si
2161 3124 2380 3206 incipit
2400 3144 2546 3189 esse
2557 3124 2999 3189 viconversio-

388 3230 491 3294 nis
511 3230 576 3293 in
596 3233 861 3296 termino
879 3231 1061 3295 totali
1081 3231 1164 3295 ad
1184 3249 1375 3313 quem
1394 3232 1455 3317 ¹).
1489 3229 1776 3313 Denique
1798 3251 1860 3298 0.
1884 3231 2137 3314 requiri,
2159 3238 2230 3295 ut
2262 3231 2341 3306 id,
2370 3231 2542 3312 quod
2562 3248 2708 3294 cum
2729 3231 2999 3294 termino

385 3336 638 3401 formali
680 3357 720 3402 a
764 3357 892 3422 quo
938 3338 1363 3403 constituerat
1410 3337 1752 3402 terminum
1801 3338 2068 3402 totalem
2103 3356 2144 3401 a
2178 3356 2328 3420 qu0,
2360 3344 2729 3420 perseveret
2760 3346 2824 3402 et
2854 3355 3000 3401 cum

382 3445 659 3511 termino
693 3445 1130 3511 conversionis
1163 3443 1415 3509 formali
1447 3446 1530 3509 ad
1562 3463 1757 3528 quem
1777 3451 2128 3525 componat
2148 3463 2346 3509 unum
2370 3446 2713 3510 terminum
2732 3442 3001 3512 totalem

383 3552 466 3616 ad
512 3570 738 3634 quem:
783 3553 874 3616 ita
918 3554 1088 3619 enim
1132 3554 1258 3619 hoc
1306 3572 1648 3619 commune
1695 3553 1947 3635 utrique
1996 3553 2288 3629 terminO,
2335 3553 2401 3616 in
2447 3553 2670 3617 ordine
2713 3553 2798 3616 ad
2829 3553 3001 3635 quod

384 3678 550 3723 unus
583 3658 767 3723 alteri
797 3661 1266 3742 quadamtenus
1299 3661 1583 3726 succedit
1616 3678 1892 3742 eumque
1925 3659 2219 3736 excludit,
2253 3660 2516 3743 ejusque
2549 3660 2718 3724 vices
2750 3660 3003 3740 supplet

389 3766 585 3832 relate
618 3766 700 3831 ad
735 3767 1122 3833 elementum
1155 3786 1517 3844 commune,
1552 3766 1759 3844 efficit,
1794 3773 1866 3831 ut
1897 3767 2110 3832 dicere
2144 3767 2492 3848 possimus:
2534 3783 2651 3839 ,ea
2669 3784 2834 3848 quae
2854 3773 3002 3829 sunt

390 3873 622 3937 mutari
653 3874 720 3938 in
751 3875 833 3952 id,
866 3877 1038 3958 quod
1070 3895 1200 3940 non
1235 3883 1474 3951 erant‘
1515 3883 1585 3939 ut
1617 3874 1708 3939 ait
1740 3874 2230 3940 Ambrosius
2263 3876 2342 3940 de
2375 3874 2692 3956 mysteriis
2722 3891 2773 3937 c.
2808 3878 2865 3942 9.

570 4014 714 4066 361.
761 4005 843 4062 Ex
876 4023 992 4063 usu
1026 4005 1300 4081 loquendi
1338 4005 1670 4063 mutatio
1715 4025 1823 4080 per
1867 4024 1927 4063 se
1972 4009 2060 4063 est
2105 4023 2319 4063 nomen
2351 4003 2603 4063 maxime
2635 4002 2996 4079 genoricum,

386 4110 507 4165 quo
538 4092 832 4168 designari
867 4093 1050 4168 possit
1094 4113 1211 4152 non
1258 4095 1451 4153 solum
1498 4094 1696 4169 quivis
1727 4095 2015 4153 transitus
2046 4094 2402 4153 intrinsecus
2448 4094 2521 4151 ab
2566 4110 2685 4151 uno
2730 4095 2893 4151 statu
2937 4091 3003 4149 in

387 4180 591 4251 alium,
633 4181 758 4240 sive
791 4200 859 4240 ex
891 4183 1142 4258 positivo
1176 4182 1239 4240 in
1270 4183 1609 4258 positivum,
1657 4182 1780 4241 sive
1812 4202 1880 4241 ex
1914 4183 2189 4258 negativo
2221 4183 2284 4240 in
2316 4182 2638 4257 positivum
2670 4184 2729 4239 et
2760 4184 2996 4240 contra:

609 4373 647 4440 ¹)
674 4369 728 4422 N
731 4387 804 4423 on
830 4370 1038 4423 desunt
1065 4369 1337 4439 theologi,
1365 4370 1467 4437 qui
1494 4369 1861 4433 contendant,
1888 4369 1960 4422 ad
1988 4369 2413 4424 conversionem
2442 4368 2682 4421 maxime
2710 4368 3000 4439 propriam

391 4451 688 4519 postulari,
717 4461 783 4504 ut
809 4449 1017 4519 positio
1047 4448 1276 4503 termini
1305 4448 1560 4505 formalis
1599 4449 1671 4501 ad
1699 4465 1869 4517 quem
1897 4450 2122 4502 actione
2152 4449 2252 4502 fiat
2291 4467 2328 4516 p
2344 4469 2371 4504 r
2388 4466 2419 4503 o
2437 4450 2474 4503 d
2492 4467 2528 4502 u
2546 4449 2699 4503 ctio
2719 4449 2792 4501 ni
2819 4446 3002 4517 magis

390 4545 563 4596 quam
590 4528 925 4584 adductioni
952 4530 1215 4600 analoga,
1245 4533 1418 4597 atque
1445 4530 1586 4583 adeo
1613 4529 1837 4583 actione
1865 4528 2233 4599 productioni
2251 4528 2688 4597 aequipollenti,
2717 4545 2863 4597 quae
2883 4528 3002 4584 scil.

387 4609 463 4662 ad
490 4610 612 4679 ejus
639 4609 1073 4678 productionem
1102 4611 1387 4664 sufficeret
1413 4626 1674 4678 quaeque
1700 4627 1732 4662 a
1761 4609 1804 4662 L
1821 4626 1849 4663 0
1866 4608 2015 4663 ssio
2043 4609 2333 4678 replica
2354 4609 2461 4663 tio
2489 4612 2621 4677 apte
2648 4609 2877 4667 dicitur.
2920 4609 3006 4662 Ita

390 4691 543 4744 card.
573 4689 980 4744 Franzelin
1010 4692 1089 4744 th.
1122 4697 1204 4746 13.

609 4789 649 4836 Η
668 4805 696 4836 ιι
717 4796 776 4836 rt
791 4804 815 4835 0
834 4805 855 4836 ι·
870 4825 882 4847 ,
923 4790 1172 4849 compend.
1212 4790 1472 4844 theologiae
1512 4790 1594 4846 ΙΙΙ,
1638 4791 1659 4834 Ι
1676 4792 1719 4835 1.
1757 4789 1833 4835 od.
2617 4783 2683 4833 22
