3538 5364
532 338 660 403 346
1332 332 1514 385 Tract.
1542 331 1636 384 IX.
1663 330 1733 385 de
1760 331 2125 387 eucharistia.
2159 333 2364 386 Variae

531 520 593 575 et
636 535 817 575 verus
865 518 1112 593 sanguis
1146 517 1385 588 Christi,
1433 517 1673 593 quando
1703 518 1976 577 Christus
2018 537 2146 576 eam
2178 518 2323 577 facit
2365 518 2685 577 terminum
2733 519 2826 576 sui
2873 519 3155 595 principii

532 605 851 664 sentientis
882 607 1193 682 ipsamque
1226 624 1335 665 sua
1367 606 1493 665 vita
1532 606 1822 665 vivificat:
1873 626 1941 666 eo
1986 607 2171 665 ferme
2215 607 2405 677 modo,
2455 625 2574 682 quo
2618 607 2791 683 panis
2841 610 2903 666 et
2946 608 3154 667 vinum

529 713 667 753 vere
699 694 1357 754 transsubstantiantur
1387 697 1452 753 in
1483 698 1749 754 nostram
1784 715 2022 756 carnem
2038 699 2099 754 et
2114 697 2485 774 sanguinem,
2520 695 2666 771 quia
2692 696 2847 755 fiunt
2864 697 3154 756 terminus

530 783 724 842 nostri
754 784 1034 860 principii
1068 784 1443 844 sentientis.‘
1477 785 1561 842 Ex
1594 804 1712 860 qua
1743 786 2182 845 conclusionem
2213 786 2398 844 infert
2427 785 2747 844 absurdam
2779 781 2971 868 (prop.
3006 782 3149 866 30):

537 874 821 940 ,Peracta
851 873 1523 933 transsubstantiatione
1565 874 1827 952 intelligi
1858 877 2059 950 potest
2089 874 2321 951 corpori
2365 874 2581 933 Christi
2624 875 2880 951 glorioso
2924 878 3154 951 partem

529 961 793 1036 aliquam
826 962 1072 1039 adjungi
1105 962 1168 1021 in
1198 963 1331 1038 ipso
1364 963 1816 1038 incorporatam,
1851 964 2170 1024 indivisam
2202 964 2543 1041 pariterque
2574 964 2960 1041 gloriosam.‘

705 1082 774 1149 4.
807 1086 892 1144 Ex
922 1086 1132 1145 iisdem
1162 1087 1284 1147 fere
1313 1087 1668 1160 rationibuS,
1701 1108 1850 1164 quas
1883 1092 2089 1149 contra
2105 1089 2376 1149 Durandi
2405 1089 2747 1166 opinionem
2779 1088 3156 1159 adduximu8‚

527 1174 694 1251 rejici
725 1194 963 1252 quoque
996 1175 1171 1235 debet
1202 1176 1404 1252 opinio
1437 1176 1476 1235 J
1492 1179 1772 1237 oannis
1804 1178 2158 1238 Parisiensis
2192 1174 2254 1260 (†
2293 1174 2521 1262 1306):
2574 1179 2670 1238 cui
2702 1178 2915 1249 affinis,
2952 1178 3003 1237 si
3034 1198 3154 1238 non

528 1264 749 1334 eadem,
783 1267 877 1323 est
907 1264 1031 1335 illa,
1067 1284 1245 1340 quam
1275 1266 1555 1342 reprobat
1587 1284 1632 1325 s.
1666 1267 2052 1345 congregatio
2084 1268 2497 1343 inquisitionis
2517 1270 2787 1328 statuens
2807 1266 2903 1326 die
2929 1279 2983 1330 7.
3002 1267 3156 1327 Julii

475 1376 480 1381 ·
537 1362 722 1424 1875,
756 1353 1000 1413 tolerari
1030 1373 1149 1413 non
1180 1373 1351 1431 posse
1382 1356 1487 1414 has
1519 1372 1684 1432 prop.
1721 1366 1793 1419 3:
1850 1357 2047 1426 ,Hinc
2075 1357 2675 1417 transsubstantiatio
2708 1375 2815 1416 seu
2847 1357 3155 1417 conversio

527 1441 718 1501 totius
752 1442 1126 1502 substantiae
1158 1443 1330 1520 panis
1363 1444 1428 1503 in
1459 1444 1866 1504 substantiam
1898 1446 2160 1522 corporis
2187 1447 2409 1506 Christi
2437 1447 2508 1505 D.
2541 1447 2615 1509 N.
2646 1446 2925 1523 explicari
2960 1450 3158 1522 potest

528 1531 636 1590 hac
667 1532 910 1603 ratione,
958 1532 1118 1609 quod
1166 1550 1379 1609 corpus
1426 1534 1663 1605 Christi,
1713 1534 1860 1594 dum
1906 1534 1977 1593 fit
2021 1535 2502 1595 substantialiter
2532 1553 2810 1612 praesens
2843 1535 2906 1593 in
2938 1536 3159 1594 eucha-

527 1621 715 1692 ristia,
750 1623 1051 1681 sustentat
1080 1626 1357 1681 naturam
1387 1623 1578 1698 panis,
1630 1643 1781 1699 quae
1828 1624 1937 1683 hoc
1964 1625 2111 1701 ,ipso
2156 1627 2218 1683 et
2264 1625 2491 1700 absque
2535 1625 2648 1683 alia
2692 1624 2786 1683 sui
2825 1625 3155 1684 mutatione

530 1709 749 1768 desinit
779 1728 908 1769 esse
941 1710 1298 1780 substantia,
1337 1711 1482 1786 quia
1502 1713 1631 1788 jam
1662 1731 1783 1771 non
1815 1716 1909 1772 est
1939 1714 2002 1772 in
2034 1732 2113 1785 se,
2147 1715 2248 1773 sed
2282 1714 2344 1773 in
2376 1714 2491 1772 alio
2525 1715 2933 1773 sustentante:
2979 1714 3150 1773 adeo-

528 1817 645 1871 que
676 1802 878 1858 manet
909 1800 1149 1875 quidem
1179 1803 1464 1859 natura
1492 1801 1681 1877 panis,
1730 1802 1833 1860 sed
1880 1803 1945 1861 in
1976 1822 2044 1862 ea
2075 1806 2267 1862 cessat
2296 1803 2561 1862 formalis
2593 1803 2745 1861 ratio
2778 1803 3154 1862 substan-

525 1887 717 1947 tiae:
754 1891 815 1947 et
845 1888 977 1948 ideo
1009 1908 1128 1947 non
1160 1893 1303 1948 sunt
1322 1890 1472 1949 duae
1493 1890 1866 1950 substantiae
1898 1892 1999 1951 sed
2032 1911 2152 1951 una
2184 1893 2324 1964 sola,
2359 1911 2572 1968 nempe
2593 1892 2852 1969 corporis
2873 1892 3149 1954 christi}

529 1974 599 2039 4':
637 1977 872 2053 ¹,Igitur
904 1977 967 2035 in
1000 1978 1362 2037 eucharistia
1392 1983 1635 2039 manent
1666 1981 1916 2040 materia
1947 1984 2010 2039 et
2039 1981 2229 2041 forma
2247 1981 2676 2041 elementorum
2707 1982 2912 2058 panis:
2944 2000 3154 2040 verum

518 2066 646 2141 jam
676 2066 741 2123 in
775 2067 893 2125 alio
925 2068 1465 2144 supernaturaliter
1496 2070 1853 2129 exsistentes
1885 2071 2174 2129 rationem
2207 2071 2581 2130 substantiae
2613 2089 2733 2129 non
2765 2070 3001 2141 habent,
3052 2070 3155 2139 sed

529 2154 750 2214 habent
778 2154 1068 2215 rationem
1101 2158 1573 2233 supernaturalis
1607 2159 1945 2230 accidentiS,
1992 2179 2113 2219 non
2160 2160 2332 2235 quasi
2376 2160 2450 2218 ad
2496 2160 2737 2219 modum
2782 2159 3151 2219 naturalium

526 2243 922 2303 accidentium
954 2245 1257 2305 afficerent
1287 2264 1501 2322 corpus
1533 2247 1771 2318 Christi,
1806 2248 1912 2308 sed
1941 2267 2008 2307 eo
2041 2249 2365 2319 dumtaxat,
2400 2249 2560 2325 quod
2593 2269 2627 2307 a
2658 2266 2901 2324 corpore
2934 2248 3154 2308 Christi

526 2332 719 2411 mod0,
753 2352 873 2408 quo
905 2334 1131 2393 dictum
1162 2339 1270 2407 est,
1318 2338 1792 2395 sustentantur.‘
1862 2337 1987 2396 Hoc
2018 2338 2176 2396 enim
2209 2338 2563 2415 figmentum
2595 2339 2771 2414 plane
2802 2338 3154 2398 adversatur

525 2419 822 2482 Ecclesiae
854 2423 1176 2495 doctrinae,
1227 2426 1553 2484 secundum
1602 2443 1781 2499 quam
1812 2425 1984 2501 panis
2034 2445 2156 2485 non
2203 2427 2396 2486 solum
2431 2431 2624 2486 cessat
2652 2445 2780 2486 esse
2812 2427 3155 2486 substantia

528 2529 634 2570 seu
666 2511 882 2571 habere
911 2514 1201 2572 rationem
1232 2513 1618 2585 substantiae,
1653 2513 1754 2572 sed
1788 2516 1914 2573 tota
1946 2514 2281 2574 substantia
2308 2516 2479 2592 panis
2510 2520 2571 2574 et-
2602 2517 2727 2575 vini
2759 2517 3146 2584 convertitur,

525 2599 672 2660 adeo
717 2604 789 2660 ut
836 2601 989 2660 nihil
1036 2602 1108 2660 de
1155 2620 1224 2660 ea
1267 2606 1518 2673 maneat,
1571 2606 1807 2678 praeter
1839 2604 1965 2662 sola
1995 2603 2328 2663 accidentia
2373 2608 2436 2664 et
2479 2605 2622 2664 haec
2654 2605 2895 2681 quidem
2926 2605 3150 2681 absque

527 2692 811 2767 subjecto,
845 2709 1188 2767 novumque
1207 2693 1503 2769 excogitat
1520 2693 1979 2752 sustentationis
1998 2694 2257 2765 modum,
2290 2694 2477 2753 alium
2497 2695 2571 2753 ab
2592 2714 2676 2765 eo,
2712 2714 2829 2771 quo
2850 2696 2947 2754 vel
2968 2695 3150 2772 hypo-

527 2781 703 2839 stasis
737 2782 1039 2839 sustentat
1069 2782 1363 2852 naturam,
1397 2782 1492 2839 vel
1524 2780 1860 2840 substantia
1889 2783 2179 2855 accidenS,
2213 2783 2307 2842 vel
2338 2784 2587 2843 materia
2616 2785 2882 2844 formam.

707 2932 851 2986 367.
894 2917 1247 2986 Scholion
1281 2917 1425 2986 III.
1508 2922 1723 2982 Variae
1754 2925 1823 2981 de
1855 2926 2496 2984 transsubstantiatione
2538 2930 2858 2989 sententiae.
2893 2961 2981 2972 —
3012 2927 3147 2986 Non'

525 3011 896 3087 ingredimur
940 3011 1352 3085 quaestionem
1398 3012 1716 3087 spinosam,
1771 3016 1979 3072 utrum
2029 3014 2251 3073 Christi
2302 3031 2519 3091 corpus
2570 3034 2849 3091 praesens
2899 3016 3149 3075 sistatur

524 3099 753 3158 actione
784 3099 1219 3158 adducente
1251 3094 1511 3182 (secluso
1543 3102 1755 3176 quovis
1789 3106 1957 3162 motu
1989 3099 2207 3186 locali),
2242 3123 2394 3180 quae
2427 3105 2726 3180 sententia
2757 3105 2952 3181 placet
2981 3106 3143 3164 Bel-

522 3188 853 3246 larmino
885 3188 990 3258 III,
1044 3197 1120 3251 18
1173 3184 1371 3270 (cujus
1417 3193 1619 3249 tamen
1664 3192 1967 3251 sententia
1995 3193 2193 3269 quoad
2223 3212 2349 3252 rem
2380 3213 2500 3252 non
2533 3193 2730 3252 differt
2761 3195 2835 3253 ab
2867 3195 3141 3269 opinione

522 3276 676 3338 card.
709 3276 782 3334 de
811 3273 1024 3358 Lago),
1071 3276 1455 3353 Vasquez‚
1502 3297 1610 3338 nec
1650 3279 1928 3357 displicet
1956 3282 2254 3341 Becano
2287 3300 2336 3345 c.
2374 3293 2447 3346 18
2485 3303 2539 3359 q.
2575 3294 2612 3345 4
2649 3279 2744 3365 (cf.
2778 3283 3015 3342 Pesch
3044 3282 3141 3354 VI,

527 3374 650 3426 692
689 3360 825 3446 ss.);
860 3384 935 3424 an
967 3370 1517 3440 conservante,
1556 3370 1628 3426 ut
1659 3373 1860 3429 censet
1893 3373 2174 3431 Suarez
2205 3371 2356 3447 disp.
2395 3382 2472 3436 50
2508 3390 2555 3431 s.
2588 3381 2646 3442 4,
2681 3390 2831 3446 quae
2863 3373 2988 3436 scil.
3019 3376 3136 3431 ter-

521 3454 786 3512 minetur
816 3454 886 3511 ad
923 3454 1320 3514 substantiam
1355 3458 1613 3532 corporis
1647 3458 1867 3518 Christi
1899 3462 1961 3519 et
2001 3479 2035 3518 a
2067 3479 2185 3535 qua
2218 3460 2328 3519 hoc
2361 3460 2691 3538 dependeat
2721 3461 2808 3519 ita
2837 3466 2974 3537 post
3004 3480 3143 3521 con-

523 3542 926 3613 secrationem,
959 3545 1032 3602 ut
1061 3562 1168 3619 per
1199 3563 1329 3603 eam
1359 3546 1809 3621 produceretur,
1857 3549 1908 3607 si
1939 3548 2207 3607 nondum
2238 3550 2580 3609 exsisteret:
2628 3569 2808 3625 quam
2853 3550 3142 3609 actionem

522 3632 629 3690 alii
660 3633 1353 3707 reproductionem
1386 3653 1493 3693 seu
1523 3635 1676 3694 forte
1708 3637 1921 3696 melius
1965 3638 2572 3713 replicationem
2604 3657 2740 3697 cum
2772 3639 3039 3698 Lessio
3071 3640 3142 3698 de

522 3721 638 3781 div.
671 3722 816 3798 perf.
847 3721 975 3793 XII,
1016 3732 1091 3786 16
1128 3727 1354 3786 vocant.
1403 3725 1570 3783 Hanc
1603 3726 1982 3798 sententiam,
2017 3726 2230 3784 saltem
2262 3730 2333 3785 ut
2365 3747 2432 3786 ea
2464 3748 2497 3786 a
2530 3728 2745 3787 Suarez
2773 3729 3142 3804 proponitur,

518 3811 835 3888 impugnat
864 3812 1068 3887 Lugo
1102 3811 1254 3887 disp.
1293 3824 1324 3875 7
1362 3831 1406 3872 ε.
1444 3822 1477 3874 2
1515 3803 1786 3873 statuens
1819 3815 2110 3891 ejusmodi
2142 3815 2434 3875 actionem
2466 3835 2660 3891 neque
2693 3832 2756 3878 a.
2791 3835 2918 3876 esse
2949 3818 3142 3893 possi-

518 3900 720 3971 bilem,
754 3918 891 3959 cum
921 3900 1074 3958 nibil
1106 3902 1190 3959 sit
1221 3919 1399 3959 causa
1435 3902 1547 3972 sui,
1580 3903 1853 3962 Christus
1873 3907 2072 3962 autem
2105 3904 2278 3963 homo
2312 3905 2394 3963 sit
2424 3905 2774 3982 principalis
2808 3906 3056 3965 offerens
3081 3907 3143 3964 in

520 3989 909 4048 eucharistiae
942 3989 1371 4061 celebratione;
1417 3990 1556 4050 hinc
1600 3986 1701 4049 ne'
1721 3991 2265 4051 instrumentaliter
2295 3994 2538 4069 quidem
2570 4012 2917 4054 concurrere
2949 3998 3144 4071 potest

520 4078 594 4135 ad
641 4078 736 4137 sui
782 4077 1041 4154 corporis
1087 4078 1592 4138 conservationem
1626 4099 1732 4139 seu
1763 4082 2315 4156 reproductionem:
2367 4102 2561 4158 neque
2610 4081 2679 4149 b.
2731 4084 3140 4154 sufficientem,

520 4185 657 4225 cum
688 4167 841 4226 actio
875 4167 1285 4226 conservativa
1313 4187 1421 4244 per
1452 4186 1514 4228 se
1546 4188 1665 4228 non
1698 4170 1781 4228 sit
1811 4170 2153 4241 conversio;
2198 4189 2392 4246 neque
2439 4187 2501 4235 e.
2547 4173 2955 4242 necessariam,
3005 4191 3141 4231 cum

521 4255 780 4314 sufficiat
809 4256 962 4314 actio
1002 4257 1508 4316 constituens
1555 4276 1771 4334 corpus
1802 4259 2023 4318 Christi
2054 4259 2166 4318 sub
2199 4261 2509 4335 speciebus
2542 4261 2713 4338 panis
2744 4262 3017 4336 illudque
3048 4262 3142 4320 his

519 4345 734 4403 uniens
766 4347 945 4420 atque
976 4345 1062 4403 ita
1093 4345 1466 4405 substituens
1500 4347 1868 4406 substantiae
1899 4348 2090 4424 paniS,
2138 4352 2211 4407 ut
2253 4350 2434 4425 hujus
2480 4351 2638 4409 vices
2685 4353 2960 4425 respectu
2992 4351 3144 4409 acci-
3202 4395 3209 4398 -

519 4433 792 4492 dentium
825 4433 1102 4508 suppleat
1143 4436 1205 4493 et
1249 4454 1470 4495 munus
1503 4436 1878 4495 substantiae
1910 4440 2192 4505 exerceat,
2240 4458 2363 4497 non
2408 4439 2648 4515 quidem
2695 4458 2762 4497 ea
2806 4440 3138 4514 producens

519 4523 619 4581 vel
648 4527 719 4581 ut
749 4542 951 4582 eorum
986 4523 1321 4599 subjectum
1344 4524 1725 4595 inhaesionis,
1761 4526 1865 4584 sed
1897 4526 2102 4584 eadem
2135 4544 2487 4586 conservans
2520 4528 2746 4602 absque
2776 4528 2903 4586 ulla
2932 4547 3138 4588 eorum

519 4612 593 4670 ab
623 4613 754 4688 ipso
786 4615 1093 4687 tamquam
1123 4632 1158 4669 a
1201 4631 1383 4673 causa
1411 4614 1710 4673 materiali
1742 4614 2169 4690 dependentia:
2217 4634 2289 4675 ex
2334 4635 2454 4692 qua
2497 4616 2731 4675 actione
2774 4618 3029 4676 resultet
3071 4637 3140 4676 ea

519 4701 681 4771 unic,
726 4701 786 4759 vi
818 4703 991 4777 cujus
1025 4719 1236 4776 corpus
1271 4702 1490 4761 Christi
1521 4703 1731 4762 intime
1762 4707 1856 4763 est
1887 4704 2295 4763 accidentibus
2327 4723 2606 4781 praesens
2640 4707 2700 4764 et
2729 4707 3135 4782 conjunctum,

520 4790 681 4849 sicut
710 4792 886 4849 antea
916 4790 1259 4849 substantia
1288 4792 1489 4867 panis:
1537 4811 1690 4867 quae
1733 4811 1802 4851 eo
1849 4793 1979 4868 ipso
2012 4796 2106 4852 est
2138 4794 2395 4865 exclusa,
2443 4794 2589 4853 adeo
2631 4797 2703 4852 ut
2734 4812 2895 4854 nunc
2924 4813 3136 4871 corpus
