3538 5364
485 277 615 341 330
1234 267 1417 321 Tract.
1446 266 1539 320 IX.
1568 267 1637 320 de
1665 265 2033 322 eucharistia.
2061 266 2352 335 Principia

485 452 747 532 (panem
766 454 830 514 et
850 449 1094 523 vinum)
1118 448 1292 529 prior
1310 448 1736 512 sanctificavit
1756 448 2016 530 suisque
2037 448 2296 512 demum
2317 448 2771 513 auctoritatem
2791 447 3099 511 formam-

484 575 608 639 que
642 555 1086 620 sanctificandi
1120 573 1239 619 sua
1269 561 1593 637 potestate
1624 555 1947 621 concessit
1962 557 2047 641 ¹)01
2089 561 2209 620 etc.

662 706 807 769 357.
875 700 1250 769 Scholion.
1315 699 1801 782 Exceptionibus
1850 699 2095 781 satisfit.
2144 737 2231 745 —
2303 697 2444 760 Non
2494 696 2860 772 infitiamur,
2907 695 3095 779 plura

479 813 737 890 patrum
785 806 1149 873 testimonia
1180 812 1411 869 contra
1442 806 1679 886 dogma
1710 805 2103 870 catholicum
2136 805 2341 887 objici.
2391 804 2552 871 Cum
2584 804 2666 868 ad
2699 804 2948 884 singula
2978 822 3099 869 nec

480 914 870 996 respondere
901 920 1105 987 vacet,
1136 931 1256 977 nec
1288 912 1372 976 sit
1401 913 1868 977 necessarium:
1916 911 2189 977 sufficiat
2235 914 2557 995 quaedam
2589 912 2893 977 statuisse
2924 912 3100 993 prin-

480 1022 664 1102 cipia,
697 1019 944 1102 quibuS,
977 1021 1032 1084 si
1061 1039 1194 1083 non
1226 1019 1462 1095 omnia,
1497 1019 1803 1102 pleraque
1836 1019 2067 1085 saltem
2106 1020 2516 1101 explicentur.

662 1147 725 1212 1.
774 1144 935 1209 Cum
981 1144 1222 1208 nullum
1269 1146 1352 1208 sit
1396 1145 1790 1225 mysterium,
1823 1151 2050 1209 contra
2084 1144 2254 1227 quod
2289 1163 2420 1209 non
2452 1146 2703 1226 possint
2733 1143 3103 1213 testimonia

480 1262 582 1318 sat
629 1255 927 1327 obscura,
974 1259 1077 1315 sat
1124 1250 1405 1315 difficilia
1451 1252 1707 1333 opponi,
1740 1258 1813 1315 ut
1843 1256 2100 1315 constat
2132 1251 2501 1317 inductione
2535 1252 2742 1337 (cuius
2774 1266 2973 1314 causa
3005 1255 3103 1313 est

479 1363 620 1441 ipsa
651 1361 1104 1442 mysteriorum
1137 1357 1425 1434 altitudo,
1457 1356 1821 1422 intellectus
1855 1358 2119 1421 humani
2151 1357 2574 1434 imbecillitaS,
2607 1357 2890 1423 desectus
2922 1356 3101 1421 idea-

480 1487 621 1531 rum
656 1454 1059 1549 propriarum
1108 1465 1578 1547 verborumque
1627 1465 1985 1549 aptorum):
2034 1465 2351 1528 immerito
2401 1465 2663 1529 omnino
2698 1464 2983 1544 exigitur,
3031 1470 3102 1526 ut

481 1573 725 1638 nullum
757 1592 1019 1655 prorsus
1039 1579 1297 1655 patrum
1317 1572 1671 1653 reperiatur
1691 1571 1974 1646 effatum,
1995 1571 2166 1653 quod
2188 1571 2400 1652 pariat
2420 1570 2857 1635 difficultatem
2874 1593 2890 1646 ς
2910 1587 3100 1651 prae-

479 1681 698 1745 sertim
731 1681 785 1744 si
815 1681 980 1744 ratio
1014 1679 1290 1742 habetur
1321 1677 1692 1758 disciplinae
1725 1678 1964 1754 arcani,
1998 1676 2078 1741 de
2112 1695 2240 1759 qua
2271 1697 2329 1741 n.
2365 1683 2532 1748 325⁸
2564 1679 2827 1758 egimuS,
2861 1682 2924 1742 et
2944 1695 3099 1740 usus

476 1794 753 1869 patrum,
800 1787 909 1868 qui
951 1786 1073 1851 fide
1121 1785 1615 1869 praesupposita
1662 1785 1936 1850 libenter
1974 1786 2291 1849 rimantur
2324 1792 2389 1850 et
2421 1791 2751 1850 sectantur
2781 1783 3098 1865 significa-

476 1895 685 1960 tiones
717 1896 995 1958 morales
1029 1901 1094 1959 et
1125 1894 1518 1974 allegoricaS,
1551 1892 1933 1956 nominatim
1965 1892 2295 1968 materiae,
2345 1910 2425 1956 ex
2459 1910 2588 1975 qua
2618 1891 2951 1956 conficitur
2982 1909 3097 1955 eu-

478 2001 802 2076 charistia,
848 2002 1031 2083 panis
1078 2001 1209 2064 scil.
1244 2006 1309 2064 et
1340 2000 1471 2062 vini
1503 2016 1674 2081 aqua
1705 1998 1890 2062 mixti
1905 2000 1969 2085 1).
2018 1997 2117 2061 Ad
2149 2018 2286 2062 rem
2321 1996 2722 2079 Origenes
2752 1999 2925 2062 hom.
2959 2002 2999 2065 9
3032 1997 3099 2061 in

475 2107 666 2171 Levit.
702 2127 762 2170 n.
803 2114 913 2175 10:
956 2108 1202 2183 ‚Novit
1237 2107 1459 2189 inquit,
1494 2108 1601 2188 qui
1632 2106 1953 2187 mysteriis
1987 2106 2273 2170 imbutus
2306 2112 2421 2183 est,
2457 2113 2521 2171 et
2552 2124 2817 2170 carnem
2849 2112 2914 2170 et
2946 2122 3098 2168 san-

477 2215 731 2294 guinem
751 2214 946 2278 Verbi
979 2214 1125 2289 Dei3
1159 2233 1290 2277 non
1323 2232 1475 2294 ergo
1509 2213 1927 2277 immoremur
1959 2212 2023 2275 in
2056 2211 2173 2287 his,
2207 2230 2375 2294 quae
2406 2213 2755 2277 scientibus
2776 2219 2934 2276 nota
2951 2217 3102 2275 sunt

476 2326 539 2384 et
570 2320 1011 2402 ignorantibus
1043 2327 1265 2402 patere
1297 2339 1430 2383 non
1461 2327 1787 2400 possunt«

650 2448 712 2518 2.
748 2445 908 2512 Cum
938 2454 1194 2529 patrum
1227 2448 1417 2511 effata
1450 2464 1569 2528 pro
1603 2446 1759 2509 reali
1791 2443 2027 2509 Christi
2057 2446 2123 2509 in
2157 2445 2543 2510 eucharistia
2576 2442 2942 2526 praesentia
2974 2440 3094 2505 sul-

474 2560 665 2634 geant
696 2554 1037 2636 splendore
1069 2571 1467 2635 numeroque
1498 2559 1783 2628 careant,
1804 2553 2248 2634 imprudenter
2269 2551 2376 2615 illa
2394 2558 2657 2633 propter
2677 2566 2887 2631 pauca
2907 2554 3101 2631 atque

473 2661 751 2724 obscura
782 2661 956 2725 dicta
985 2660 1411 2740 negliguntur,
1446 2665 1510 2724 et
1542 2659 1704 2724 haec
1736 2659 1858 2723 illis
1891 2658 2373 2740 praeferuntur:
2407 2658 2624 2722 omnia
2646 2658 2815 2722 enim
2837 2657 3098 2736 exigunt

473 2775 542 2831 ut
573 2785 926 2848 paucorum
947 2768 1306 2832 obscuritas
1339 2766 1680 2849 splendore
1711 2766 2063 2832 illustretur
2090 2768 2429 2842 clarorum,
2452 2785 2620 2848 quae
2641 2767 2813 2850 apud
2833 2768 3098 2832 eosdem

470 2880 687 2954 patres
733 2875 834 2938 vel
885 2875 1054 2954 apud
1107 2875 1267 2950 illos,
1320 2875 1705 2956 quibuscum
1755 2876 1824 2938 in
1870 2876 2119 2940 unitate
2154 2875 2300 2940 fidei
2330 2877 2646 2952 vixerunt,
2679 2875 3095 2956 reperiuntur.

473 2981 657 3045 Nullo
693 2982 862 3045 enim
895 2980 1090 3044 modo
1123 2982 1423 3046 credibile
1457 2989 1571 3058 est,
1607 2989 1827 3064 patres
1861 2984 2033 3046 circa
2055 2990 2306 3048 tantum
2326 2984 2566 3065 dogma
2584 2983 2923 3048 velsecum
2944 2981 3092 3062 ipsis

470 3106 793 3169 pugnasse
825 3088 929 3152 vel
974 3089 1056 3153 ab
1106 3089 1244 3152 aliis
1291 3090 1355 3152 in
1403 3090 1768 3154 substantia
1801 3091 2197 3155 dissensisse.
2265 3091 2488 3174 Neque
2520 3091 2753 3155 mirum
2785 3090 2840 3153 si
2871 3104 3090 3152 sacra·

474 3195 798 3258 mentariis
832 3196 1120 3258 nondum
1152 3196 1544 3277 litigantibus
1576 3204 1795 3278 patres
1826 3198 1891 3261 in
1926 3199 2263 3278 allegorias
2294 3199 2595 3281 propensi
2616 3195 2885 3261 subinde
2906 3211 3088 3259 secu-

471 3302 601 3364 rius
636 3309 700 3366 et
733 3301 995 3365 liberius
1027 3302 1457 3385 loquerentur,
1479 3311 1550 3368 ut
1584 3309 1747 3369 teste
1782 3304 2158 3385 dogmatum
2180 3305 2451 3368 historia
2482 3306 2655 3368 circa
2674 3302 2944 3386 quodvis
2964 3300 3092 3365 fere

471 3407 722 3488 dogma,
756 3406 930 3472 nullo
965 3410 1175 3473 adhuc
1207 3416 1475 3491 urgente
1510 3412 1901 3488 adversario,
1936 3411 2223 3491 contigit.
2273 3411 2634 3492 Loquentes
2668 3412 2838 3475 enim
2870 3411 2931 3472 in
2973 3407 3090 3471 Ec-

470 3511 666 3579 clesia
711 3514 1029 3580 catholica
1068 3518 1216 3599 J‘ure
1263 3519 1490 3582 merito
1538 3536 1950 3599 praesumere
1984 3523 2305 3598 poterant,
2353 3518 2553 3582 verba
2585 3536 2704 3582 sua
2736 3515 3091 3581 secundum

469 3621 789 3687 Ecclesiae
822 3622 1012 3688 fidem
1045 3624 1301 3689 aliunde
1333 3625 1489 3688 satis
1525 3626 1853 3705 cognitam
1886 3625 2170 3706 intelligi.

692 3855 726 3920 Ι)
755 3851 838 3905 Cf.
865 3853 1040 3905 etiam
1067 3853 1301 3917 factum,
1344 3853 1499 3920 quod
1541 3855 1716 3908 refert
1758 3855 1870 3908 Ire
1889 3872 1975 3908 na
1993 3871 2021 3907 e
2039 3873 2076 3908 u
2095 3873 2119 3908 s
2159 3856 2195 3909 1.
2230 3862 2253 3910 l
2285 3873 2329 3908 c.
2362 3862 2428 3912 13
2456 3872 2509 3907 n.
2540 3863 2570 3909 2
2597 3856 2656 3907 et
2679 3852 2833 3921 quod
2859 3849 3095 3920 respicit

469 3949 502 3983 a
519 3950 556 3984 u
574 3947 602 3984 c
620 3934 691 3985 to
708 3949 736 3984 r
761 3932 1028 3987 carminis
1055 3933 1185 3987 adv.
1214 3933 1561 3988 Marcionem
1588 3935 1625 3988 1.
1661 3945 1678 3988 ι
1713 3952 1760 3988 c.
1788 3940 1838 3999 7,
1866 3936 1935 3990 de
1963 3952 2080 4003 quo
2106 3936 2162 3988 M
2180 3953 2297 3989 ass
2314 3955 2352 3990 u
2369 3952 2398 3989 e
2416 3940 2441 3990 t
2465 3936 2527 3988 in
2554 3935 2681 3988 diss,
2715 3943 2739 3990 l
2768 3933 2897 3986 adv.
2919 3931 3093 3985 Grab-

472 4011 627 4066 bium
654 4027 705 4065 a.
733 4019 764 4067 2
792 4021 819 4078 ξ
845 4019 878 4069 6
905 4031 960 4071 ιι.
986 4018 1056 4070 86
1081 4015 1140 4067 et
1165 4013 1298 4068 diss,
1326 4021 1360 4071 3
1388 4034 1443 4069 n.
1469 4019 1538 4072 76
1564 4015 1634 4068 ad
1664 4033 1838 4086 opera
1864 4034 1906 4069 s.
1934 4016 2173 4070 irenaei.
2226 4016 2351 4070 Huc
2392 4018 2541 4070 refer
2579 4014 2755 4068 etiam
2780 4012 3089 4084 gentilium

469 4091 800 4156 calumnias,
829 4092 1170 4147 christianos
1188 4095 1251 4147 in
1271 4095 1443 4148 sacris
1464 4096 1582 4148 suis
1600 4096 1976 4150 conventibus
1993 4094 2274 4149 infantem
2291 4095 2438 4149 farre
2456 4097 2780 4149 contectum
2805 4092 3092 4147 comedere

469 4173 573 4224 etc.
602 4171 692 4241 (cf.
721 4189 804 4224 ex.
832 4191 916 4240 gr.
938 4172 1079 4228 Min.
1107 4173 1148 4225 F
1166 4173 1318 4227 elix
1345 4175 1407 4228 in
1435 4176 1557 4228 Oct.
1587 4192 1641 4227 n.
1671 4180 1704 4232 9
1734 4191 1927 4245 opusc.
1957 4174 2079 4240 XV,
2104 4179 2211 4246 28),
2254 4175 2466 4243 quibus
2492 4191 2608 4229 non
2635 4172 2748 4226 nisi
2775 4172 2983 4241 dogma
3022 4171 3091 4223 de

469 4252 608 4304 reali
636 4253 889 4321 corporis
916 4253 1130 4307 Christi
1156 4254 1218 4307 in
1245 4255 1594 4309 eucharistia
1618 4256 1947 4324 praesentia
1975 4255 2328 4310 occasionem
2356 4256 2626 4326 praebere
2656 4252 2867 4322 potuit.

687 4337 726 4400 2)
756 4332 838 4385 Cf.
865 4332 1196 4401 Perpetuite
1223 4335 1292 4389 de
1321 4338 1376 4389 la
1401 4335 1485 4389 foi
1510 4338 1550 4389 t.
1574 4345 1597 4391 1
1629 4335 1890 4406 Reponse
1907 4336 2173 4406 generale
2192 4337 2300 4408 (ed.
2327 4335 2383 4387 M
2401 4335 2474 4404 ig
2492 4353 2530 4387 n
2546 4351 2574 4387 e
2608 4342 2653 4397 1,
2679 4337 2748 4390 76
2770 4337 2861 4405 ss.)
2878 4332 2986 4385 etl.
3010 4337 3094 4391 10;

474 4413 564 4474 111,
593 4420 624 4468 2
649 4429 693 4466 c.
722 4419 757 4468 8
785 4431 853 4465 Ss.
880 4413 1028 4482 Lege
1056 4431 1137 4468 ex.
1164 4433 1248 4484 gr.
1278 4415 1644 4486 Cypriani
1670 4433 1758 4486 ep.
1788 4424 1873 4479 63,
1901 4418 2167 4470 Ambro
2188 4416 2377 4470 sium
2404 4416 2474 4469 de
2501 4412 2786 4483 mysteriis
2813 4431 2860 4468 c.
2888 4420 2937 4476 9,
2966 4415 3090 4464 Au·

469 4512 507 4563 g
526 4511 562 4546 u
579 4493 734 4546 stin
751 4511 788 4546 u
806 4512 861 4547 m
891 4511 1051 4546 serm.
1078 4495 1150 4547 ad
1179 4495 1428 4549 infantes
1445 4498 1661 4566 (opusc.
1680 4495 1873 4560 XLVI,
1891 4502 1960 4551 40
1976 4501 2083 4568 ss,).
2114 4496 2196 4553 Cf.
2224 4496 2273 4551 D
2291 4504 2322 4551 ὅ
2339 4497 2360 4551 l
2376 4497 2397 4551 l
2414 4496 2434 4549 i
2452 4514 2487 4549 n
2504 4515 2542 4567 g
2560 4512 2589 4548 e
2605 4514 2632 4548 r
2658 4495 2750 4548 die
2776 4494 2956 4548 Lehre
2980 4509 3089 4545 von

469 4574 568 4626 der
594 4572 954 4627 Eucharistie
980 4573 1042 4627 in
1070 4574 1179 4627 den
1209 4577 1397 4628 ersten
1423 4575 1546 4630 drei
1571 4575 1772 4631 Jahrh.
1802 4597 1854 4647 p.
1884 4584 1945 4633 91
1979 4594 2048 4632 ss.
