3538 5364
1019 312 1099 366 De
1126 313 1464 368 causalit.1te
1492 313 1724 384 propria
1751 315 2257 369 sacramentorum.
2816 322 2946 386 223

314 496 661 576 jetanus
709 501 776 560 et
819 502 967 575 post
1012 513 1158 560 eum
1218 495 1674 560 thomistae
1721 495 1852 560 sere
1900 512 2126 559 omnes
2189 495 2595 571 recentiores,
2643 493 2948 561 Suarez

324 602 481 684 disp.
504 605 566 677 9,
599 602 1172 678 BellarminuS,
1205 602 1624 679 Valentia,
1658 602 2361 667 salmanticense-s
2394 607 2948 679 etc.,nostravero

324 714 541 773 aetate
574 706 973 773 Schazler
1003 727 1102 790 op.
1137 709 1258 785 cit.,
1294 705 1624 772 Oswald
1657 716 1775 772 etc.
1842 707 1929 773 Cf.
1963 708 2376 771 Reinhold
2424 708 2527 773 die
2577 706 2949 791 Streitfrage

324 815 484 880 iiber
512 816 617 881 die
649 817 830 899 phys.
865 815 1024 881 oder
1054 816 1281 880 moral.
1314 814 1776 881 Wirksamkeit
1805 815 1919 879 der
1952 813 2149 893 Sacr„
2183 814 2502 897 Stuttgart
2536 819 2726 886 1899.

499 928 650 991 261.
684 923 928 988 Contra
956 924 1124 988 hanc
1156 922 1561 1001 sententiam,
1582 924 1964 1006 praesertim
1983 930 2178 1005 prout
2200 941 2279 987 ea
2297 941 2338 986 a
2369 923 2775 1003 rigidioribus
2793 940 2950 987 cau-

322 1029 597 1094 salitatis
630 1030 936 1113 physicae
968 1030 1396 1095 assertoribus
1429 1029 1807 1106 defenditur,
1848 1030 2034 1111 juxta
2066 1048 2230 1112 quos
2276 1030 2412 1111 ipse
2444 1029 2602 1093 ritus
2634 1029 2951 1094 sensibilis

322 1155 436 1201 seu
455 1156 660 1201 sonus
681 1144 748 1202 et
765 1138 934 1202 actio
956 1137 1264 1220 qualitate
1286 1139 1502 1220 aliqua
1522 1138 1614 1201 eis
1635 1138 1951 1219 impressa
1968 1137 2068 1202 vel
2088 1138 2319 1201 virtute
2342 1137 2752 1202 obedientiali
2785 1137 2949 1220 phy-

323 1245 452 1308 sice
485 1246 552 1307 in
585 1246 874 1308 animam
907 1252 1104 1325 agunt
1135 1252 1201 1309 et
1233 1251 1664 1326 cooperantur
1695 1243 1780 1308 ad
1811 1246 2057 1325 gratiae
2088 1244 2597 1325 productionem,
2645 1245 2810 1309 sicut
2839 1262 2949 1308 ca-

323 1352 532 1415 lamus
565 1352 831 1435 physice
863 1370 983 1416 sua
1001 1352 1309 1435 qualitate
1341 1352 1548 1415 influit
1578 1353 1644 1415 in
1677 1352 2107 1434 scriptionem,
2143 1352 2347 1416 multa
2377 1357 2527 1416 sunt
2556 1370 2724 1434 quae
2744 1369 2950 1434 oppo-
3020 1421 3025 1427 ,

321 1465 578 1523 nuntur.
629 1458 721 1523 Ea
750 1460 881 1523 scil.
914 1480 976 1529 a.
1009 1459 1369 1523 rationibus
1401 1459 1649 1523 idoneis
1681 1477 1813 1522 non
1846 1458 2189 1539 probatur;
2240 1477 2449 1541 neque
2482 1460 2550 1528 b.
2584 1459 2950 1525 necessaria

321 1571 421 1629 est
444 1565 531 1628 ad
553 1566 933 1647 explicanda
948 1584 1115 1648 quae
1131 1566 1211 1631 de
1232 1571 1788 1630 sacramentorum
1809 1564 2189 1630 causalitate
2212 1571 2363 1630 sunt
2378 1564 2692 1642 tenenda;
2726 1585 2787 1636 c.
2810 1566 2949 1647 plu-

316 1671 495 1735 ribus
528 1672 817 1737 obnoxia
849 1681 949 1739 est
979 1673 1455 1737 difficultatibus
1488 1680 1681 1755 atque
1712 1690 1952 1752 magna
1983 1672 2373 1737 obscuritate
2412 1673 2677 1737 involvit
2709 1672 2946 1737 doctri-

319 1796 473 1842 nam
507 1779 593 1843 de
624 1781 1062 1845 sacramentis,
1097 1780 1454 1846 Prudenter
1471 1798 1626 1844 vero
1659 1785 1845 1843 notat
1873 1779 1954 1843 de
1987 1779 2200 1859 Lugo
2234 1779 2292 1842 d.
2312 1785 2356 1847 4
2387 1798 2436 1842 s.
2458 1785 2500 1847 4
2532 1800 2591 1843 n.
2614 1783 2730 1849 35:
2771 1778 2951 1854 ‚Non

323 1885 641 1951 debemus
683 1906 787 1951 res
819 1894 1082 1951 nostrae
1128 1887 1276 1951 fidei
1321 1887 1568 1970 absque
1599 1886 1991 1952 necessitate
2025 1885 2409 1951 difficiliores
2448 1895 2513 1952 et
2546 1886 2950 1951 obscuriores

319 1993 613 2071 reddere,
660 1994 772 2058 sed
820 1995 1033 2076 potius
1081 2002 1394 2076 quantum
1441 1994 1576 2059 fieri
1607 1994 1812 2075 possit
1856 1993 2171 2058 {aciliores
2219 2000 2284 2057 et
2315 1994 2520 2074 magis
2567 1993 2648 2056 ad
2690 1999 2951 2075 captum

317 2099 490 2180 vulgi
538 2107 605 2165 et
657 2101 1005 2167 infidelium
1037 2101 1628 2165 accommodatas«.
1691 2100 2019 2182 EJusmodi
2066 2106 2284 2163 autem
2326 2098 2728 2164 difficultates
2770 2107 2951 2163 sunt:

324 2234 379 2274 α.
410 2226 657 2273 causae
689 2210 994 2291 physicae
1026 2216 1179 2273 tunc
1213 2214 1463 2272 tantum
1498 2216 1846 2289 operantur
1887 2214 1952 2271 et
1983 2207 2237 2288 operari
2268 2212 2555 2287 possunt,
2602 2225 2749 2270 cum
2782 2206 2951 2271 exsi-

326 2322 518 2379 stunt.
569 2315 763 2398 Atqui
794 2322 1273 2380 sacramentum
1318 2315 1592 2380 subinde
1625 2319 1949 2396 operatur,
1996 2333 2144 2378 cum
2191 2314 2455 2395 physice
2501 2332 2632 2377 non
2678 2313 2949 2394 amplius

325 2422 589 2498 exsistit,
623 2429 697 2487 ut
725 2439 870 2486 cum
904 2422 1249 2505 suscipitur
1280 2440 1426 2486 cum
1460 2424 1704 2503 gratiae
1738 2421 1953 2486 obice:
2002 2421 2127 2484 hoc
2163 2420 2331 2485 enim
2366 2421 2557 2484 etiam
2603 2426 2751 2503 post
2782 2419 2948 2483 mul-

323 2536 458 2592 tum
490 2536 748 2611 tempus
779 2529 863 2593 ab
895 2531 1093 2612 ipsius
1126 2530 1536 2612 susceptione
1567 2535 1838 2606 remot0,
1882 2533 2357 2593 sacramentum
2394 2527 2545 2590 olim
2578 2533 2947 2609 susceptum

324 2636 574 2702 confert
604 2638 878 2718 gratiam
911 2637 1013 2723 (cf.
1045 2658 1101 2702 n.
1138 2640 1312 2725 268).
1347 2644 1401 2725 β.
1433 2637 1702 2704 Materia
1732 2643 1799 2702 et
1830 2637 2054 2714 forma,
2098 2653 2267 2719 quae
2299 2634 2697 2699 constituunt
2728 2652 2946 2698 sacra-

326 2752 633 2822 mentum,
665 2745 928 2828 physice
973 2765 1106 2810 non
1138 2765 1393 2827 semper
1427 2747 1841 2821 coexsistunh
1890 2745 2062 2827 quod
2095 2751 2313 2809 tamen
2363 2748 2463 2807 est
2493 2742 2947 2818 necessarium,

321 2858 394 2915 ut
410 2854 812 2916 constituant
830 2869 1094 2916 causam
1125 2873 1165 2934 p
1181 2853 1222 2915 h
1241 2870 1281 2933 y
1296 2852 1415 2916 sic
1431 2871 1549 2916 am
1567 2875 1582 2928 ς
1615 2879 1666 2936 γ.
1687 2851 1891 2915 verba
1920 2851 2165 2915 formae
2186 2851 2307 2914 sibi
2324 2851 2680 2915 succedunt
2710 2855 2776 2916 et
2795 2867 2947 2930 pro-

329 2958 473 3022 latis
505 2959 762 3037 ultimiS,
797 2959 935 3024 sine
966 2959 1197 3042 quibus
1231 2958 1438 3023 forma
1469 2977 1600 3023 non
1633 2959 1821 3034 valet,
1867 2977 1996 3022 non
2030 2959 2307 3040 amplius
2354 2958 2669 3022 exsistunt
2700 2957 2943 3038 priora:

311 3067 651 3148 -quomodo
685 3085 841 3147 ergo
875 3069 1081 3131 torma
1113 3067 1358 3155 (utique
1392 3069 1655 3147 integra,
1689 3084 1843 3130 nam
1876 3067 2131 3129 nonnisi
2177 3067 2421 3146 integra
2454 3065 2649 3150 valet)
2684 3065 2947 3148 physice

327 3191 712 3238 concurrere
745 3181 958 3255 potest
991 3175 1073 3239 ad
1104 3174 1585 3256 producendum
1620 3174 1935 3249 effectum,
1970 3174 2075 3255 qui
2110 3172 2178 3236 fit
2210 3173 2273 3236 in
2307 3172 2617 3239 instanti?

502 3284 650 3350 262.
683 3279 827 3344 Alio
860 3282 1055 3346 modo
1091 3283 1513 3348 sacramentis
1545 3281 1995 3346 causalitatem
2028 3282 2360 3363 physicam
2405 3298 2700 3346 asserere
2732 3283 2946 3345 nitun-

283 3423 288 3428 -
327 3393 430 3450 tur
460 3387 724 3469 quidam
753 3387 1034 3469 theologi
1064 3389 1278 3451 vitatis
1311 3388 1409 3451 his
1441 3405 1599 3452 sane
1632 3388 2023 3468 gravissimis
2072 3387 2516 3464 incommodis
2565 3389 2673 3470 qui
2704 3395 2946 3463 notant,

330 3493 519 3557 deum
539 3495 840 3558 virtutem
855 3512 1041 3559 suam
1060 3494 1616 3560 sanctificatricem
1633 3495 1784 3558 ritui
1805 3495 2196 3558 sacramenti
2221 3495 2584 3575 adjungere,
2607 3514 2736 3558 non
2755 3513 2946 3576 prae-

330 3608 425 3665 ter
456 3608 522 3665 et
554 3606 736 3666 extra
766 3601 960 3678 illum,
1005 3603 1120 3666 sed
1165 3603 1229 3667 in
1261 3603 1367 3666 illo
1415 3609 1481 3667 et
1523 3621 1637 3684 per
1666 3602 1842 3665 illum
1878 3619 2173 3666 exserere
2220 3607 2285 3665 et
2325 3602 2692 3683 suscipienti
2726 3620 2943 3665 sacra-

335 3715 551 3772 menta
583 3709 925 3790 applicare,
960 3709 1124 3774 adeo
1157 3715 1229 3774 ut
1258 3710 1457 3774 virtus
1489 3708 1946 3773 sanctificatrix
1979 3727 2129 3773 vere
2164 3708 2287 3771 dici
2322 3708 2525 3789 possit
2559 3709 2677 3771 illis
2709 3708 2946 3773 inexsi-

327 3824 526 3878 stere:
604 3813 753 3878 hinc
813 3834 968 3880 vero
1031 3835 1229 3880 sensu
1273 3823 1687 3891 sacramenta,
1749 3822 2070 3898 quatenus
2133 3815 2262 3878 scil.
2326 3814 2816 3878 considerantur
2879 3821 2948 3878 ut

328 3922 649 4002 synthesis
694 3941 776 3987 ex
806 3922 933 3986 ritu
963 3922 1197 3986 visibili
1229 3931 1293 3988 et
1341 3925 1541 3987 virtus
1592 3923 2081 3988 sanctificatrice
2113 3922 2347 3997 divina,
2382 3942 2609 3984 causas
2649 3921 2948 4005 physicas

328 4030 672 4093 collationis
696 4031 947 4114 qratiae
977 4031 1104 4093 dici
1132 4051 1323 4115 posse.
1371 4029 1574 4094 Deum
1595 4048 1782 4094 suam
1804 4031 2103 4094 virtutem
2135 4028 2696 4093 sanctificatricem
2727 4045 2946 4091 sacra-

327 4136 590 4200 mentali
611 4136 960 4217 adjungere
989 4138 1137 4200 ritui
1172 4142 1236 4201 et
1254 4155 1368 4218 per
1389 4156 1535 4201 eum
1557 4156 1853 4201 exserere
1876 4137 2093 4200 omnia
2112 4135 2408 4216 probant,
2431 4152 2597 4215 quae
2619 4134 2697 4197 de
2721 4151 2945 4196 sacra-

325 4250 690 4308 mentorum
722 4243 1022 4320 efficacia,
1070 4264 1150 4310 ex
1195 4252 1448 4326 patrum
1491 4246 1874 4326 praesertim
1920 4243 2214 4307 doctrina
2263 4243 2346 4328 (n.
2382 4246 2512 4309 255
2532 4241 2605 4327 ⁴),
2653 4240 2944 4304 diximus

327 4350 497 4415 Haec
530 4369 688 4415 vero
736 4358 1289 4416 sacramentorum
1335 4353 1804 4433 praerogativa,
1852 4371 1981 4434 qua
2030 4355 2181 4412 sunt
2232 4349 2439 4412 forma
2488 4348 2783 4424 visibilis,
2832 4367 2946 4429 per

330 4475 523 4538 quam
568 4463 635 4522 et
679 4459 800 4523 sub
835 4478 965 4540 qua
998 4459 1396 4523 invisibiliter
1443 4460 1755 4524 exseritur
1789 4460 1986 4522 virtus
2033 4455 2493 4520 sanctificatrix
2526 4455 2758 4529 divina,
2805 4472 2944 4517 om-

324 4565 474 4629 nino
508 4566 721 4647 exigit,
769 4573 839 4631 ut
883 4567 1307 4631 sacramentis
1352 4566 1699 4629 causalitas
1733 4564 2069 4639 tribuatur,
2124 4581 2320 4645 quam
2354 4564 2581 4628 merito
2615 4562 2945 4643 physicam

324 4671 579 4749 dixeriS,
627 4691 776 4736 cum
821 4692 1032 4755 neque
1065 4673 1147 4737 ad
1179 4673 1573 4736 causalitatis
1606 4670 1867 4734 moralis
1899 4676 2239 4735 revocetur
2273 4670 2573 4750 speciem,
2619 4686 2829 4749 neque
2864 4668 2946 4731 sit

323 4797 500 4844 mera
535 4779 817 4844 conditio
865 4780 1001 4845 sine
1048 4799 1174 4862 qua
1207 4798 1354 4843 non.
1419 4777 1596 4842 Sicut
1627 4797 1773 4841 cum
1809 4777 2097 4840 Christus
2145 4782 2322 4839 tactu
2369 4775 2663 4851 sanabat,
2714 4792 2944 4837 manus
