3538 5364
1407 279 1477 333 ad
1506 279 1737 335 initium
1764 279 1915 334 fidei.
2877 291 2966 357 29

340 465 549 522 contra
592 463 866 525 inimicos
912 465 1139 541 gratiae
1171 465 1279 524 Dei
1324 468 1491 523 totus
1535 463 1796 524 mundus
1829 466 2134 541 amplexus
2180 470 2288 536 est,
2338 467 2532 527 veraci
2575 468 2961 544 professione,

341 553 842 627 quemadmodum
874 554 1140 631 ipsorum
1172 554 1349 614 habet
1380 572 1591 626 serm0,
1626 554 1908 625 dicamus,
1942 555 2136 632 gratia
2169 556 2273 615 Dei
2306 574 2412 633 per
2430 556 2642 615 Jesum
2663 557 2964 617 Christum

341 641 409 702 D.
440 641 514 699 N.
558 661 682 700 non
733 643 928 701 solum
975 642 1048 701 ad
1081 642 1565 720 cognoscendam,
1615 662 1820 702 verum
1852 644 2026 702 etiam
2062 645 2135 703 ad
2170 644 2495 703 faciendam
2520 647 2824 722 justitiam
2855 665 2964 706 nos

340 748 447 804 per
490 736 660 790 actus
706 732 976 808 singulos
1020 731 1309 807 adjuvari,
1362 732 1447 790 ita
1495 736 1566 790 ut
1615 732 1742 790 sine
1789 733 1894 791 illa
1938 732 2090 791 nihil
2136 753 2306 793 verae
2339 739 2695 809 sanctaeque
2727 736 2968 812 pietat-is

344 818 579 890 habere,
613 820 810 880 dicere
842 821 937 879 vel
968 821 1225 898 cogitare
1244 821 1606 880 valeamusf
1629 855 1716 864 —
1735 822 1830 879 Ita
1860 821 2312 881 coelestinus
2330 822 2376 882 Ι.
2408 824 2472 881 in
2504 824 2962 884 auctoritatibus

343 908 503 967 sedis
535 913 730 986 apost.
765 910 1171 986 episcoporum
1204 910 1277 968 de
1314 910 1507 987 gratia
1538 910 1662 981 Dei,
1708 910 1987 986 pluribus
2020 911 2379 971 testimoniis
2411 913 2482 970 ad
2515 930 2639 971 rem
2671 913 2964 985 adductis,

342 998 648 1057 concludit
677 1018 735 1057 n.
775 1010 884 1061 14:
933 999 1084 1068 ,His
1116 1018 1256 1076 ergo
1288 999 1699 1058 ecclesiasticis
1730 1000 1958 1077 regulis
1989 1002 2050 1058 et
2079 1019 2150 1060 ex
2182 1000 2388 1060 divina
2417 1002 2673 1077 sumptis
2705 1002 2963 1062 auctori·

343 1090 465 1145 tate
498 1088 891 1159 documentis,
924 1089 1010 1147 ita
1041 1088 1358 1164 adjuvante
1381 1088 1628 1147 Domino
1648 1087 1979 1148 confirmati
2012 1107 2239 1161 sumus,
2271 1093 2344 1148 ut
2375 1092 2640 1149 omnium
2673 1092 2963 1151 bonorum

345 1174 665 1234 affectuum
696 1180 874 1253 atque
906 1195 1148 1254 operum
1196 1181 1258 1236 et
1293 1177 1558 1235 omnium
1592 1177 1926 1235 studiorum
1960 1179 2347 1254 omniumque
2381 1179 2694 1252 virtutum,
2742 1181 2966 1257 quibus

343 1264 415 1322 ab
444 1263 626 1323 initio
659 1265 796 1324 fidei
841 1266 914 1324 ad
954 1267 1141 1325 Deum
1170 1266 1459 1339 tenditur,
1508 1266 1695 1324 Deum
1727 1266 2111 1342 profiteamur
2142 1275 2469 1337 auctorem;
2517 1273 2577 1327 et
2622 1288 2743 1329 uon
2786 1269 2964 1328 dubi-

343 1357 556 1424 temuS,
591 1355 665 1413 ab
696 1355 886 1431 ipsius
917 1355 1109 1432 gratia
1139 1357 1338 1415 omnia
1367 1355 1624 1413 hominis
1658 1355 1869 1414 merita
1899 1357 2248 1433 praeveniri,
2288 1375 2393 1433 per
2423 1376 2602 1433 quem
2633 1359 2717 1428 fit,
2753 1362 2823 1417 ut
2852 1359 2963 1417 ali-

346 1442 488 1518 quid
521 1443 666 1501 boni
699 1445 760 1502 et
789 1444 941 1503 velle
974 1444 1329 1520 incipiamus
1360 1449 1422 1504 et
1451 1444 1698 1503 iacere.‘
1764 1444 1957 1514 Quare
1987 1463 2145 1504 conc.
2176 1446 2590 1505 arausicanum
2622 1447 2695 1505 ΙΙ.
2728 1465 2855 1509 can.
2878 1457 2960 1511 25

344 1531 668 1606 respiciens
701 1533 869 1603 facta,
901 1533 974 1592 ad
1005 1552 1160 1608 quae
1191 1533 1798 1611 semipelagiani
1829 1552 1934 1609 pro
1967 1553 2076 1593 suo
2097 1535 2500 1610 provocabant
2519 1554 2732 1606 errore,
2767 1535 2961 1595 decla-

347 1623 467 1679 rat:
514 1621 1039 1689 ,manifestissime
1070 1623 1429 1682 credendum
1473 1627 1581 1691 est,
1633 1622 1790 1698 quod
1842 1626 1903 1682 et
1945 1622 2112 1682 illius
2158 1624 2426 1695 latroniS,
2462 1643 2638 1697 quem
2673 1625 2962 1684 Dominus

347 1708 418 1766 ad
447 1711 707 1785 paradisi
739 1712 989 1787 patriam
1021 1712 1320 1771 revocavit
1353 1706 1517 1794 (Luc.
1555 1720 1654 1777 23,
1691 1706 1822 1793 43),
1870 1714 1931 1770 et
1962 1712 2217 1772 Cornelii
2249 1708 2629 1785 centurionis
2679 1715 2752 1772 ad
2785 1733 2961 1790 quem

344 1799 593 1875 angelus
625 1800 864 1858 Domini
895 1802 1113 1860 missus
1158 1806 1252 1859 est
1283 1797 1438 1882 (Act.
1481 1811 1573 1869 lo,
1629 1809 1663 1861 2
1697 1795 1789 1884 s.),
1839 1806 1901 1859 et
1947 1800 2205 1873 Zachaei,
2257 1802 2362 1877 qui
2408 1802 2605 1877 ipsum
2643 1803 2960 1862 Dominum

343 1887 648 1963 suscipere
679 1889 900 1948 meruit
919 1884 1083 1972 (Luc.
1114 1900 1207 1961 19,
1245 1901 1279 1954 3
1304 1888 1423 1967 ss.),
1455 1889 1562 1948 illa
1590 1893 1716 1947 tam
1746 1889 2114 1949 admirabilis
2146 1890 2293 1950 fides
2324 1910 2446 1950 non
2480 1891 2594 1950 fuit
2625 1893 2697 1951 de
2728 1896 2964 1966 natura,

344 1975 448 2034 sed
481 1976 719 2036 divinae
752 1979 1052 2055 largitatis
1085 1978 1368 2038 donum«
1435 1978 1513 2037 cf.
1547 1977 1619 2037 de
1650 1980 1758 2038 hac
1802 1979 1958 2038 thesi
1991 1979 2421 2057 Augustini
2467 1981 2506 2038 1.
2554 1980 2625 2040 de
2672 1981 2965 2057 praedest.

344 2065 439 2123 SS.
475 2070 539 2123 et
568 2067 824 2143 Prosper
854 2085 902 2126 c.
934 2068 1284 2127 Collatorem
1305 2064 1533 2149 (opusc.
1552 2064 1846 2148 xxxv1);
1881 2086 1970 2144 ep.
2003 2069 2387 2128 Bonifatii
2424 2069 2500 2130 Π.
2532 2070 2607 2128 ad
2627 2071 2960 2130 Caesarium

345 2155 568 2227 arelat„
602 2175 721 2229 qua
751 2174 910 2215 conc.
942 2158 1481 2217 arausicanum
1517 2156 1826 2215 confirmat
1857 2160 1965 2218 etc.

524 2314 626 2378 34·
659 2311 915 2378 'rhesis
947 2309 1331 2380 CLXXVI·
1410 2334 1808 2389 statuimus
1846 2334 1912 2389 2.
1949 2335 2230 2387 nomine
2268 2337 2543 2401 cratiae
2583 2338 2682 2391 ad
2721 2349 2961 2389 omncs

346 2425 544 2474 adm
579 2422 933 2475 salutares
968 2426 1405 2479 necessariae
1453 2424 1987 2490 intelliaemlam
2038 2438 2181 2477 esse
2233 2426 2553 2490 qratiam
2589 2427 2963 2491 actualem,

345 2514 706 2566 internam
744 2517 809 2567 et
846 2517 1491 2578 supernaturalem.

521 2636 1093 2706 Demonstratio.
1146 2634 1368 2702 Altera
1399 2638 1691 2720 quaestio
1725 2644 1841 2715 est,
1874 2654 2042 2720 quae
2074 2637 2282 2718 gratia
2313 2636 2397 2701 ad
2431 2642 2613 2700 actus
2645 2635 2963 2702 salutares

346 2744 424 2808 sit
455 2744 839 2809 necessaria.
871 2744 1378 2825 Respondemus,
1409 2746 1666 2810 nomine
1698 2745 1888 2827 hujus
1920 2745 2167 2826 gratiae

526 2870 589 2936 l.
623 2868 1096 2948 intelligendam
1128 2887 1271 2934 esse
1304 2870 1575 2949 gratiam
1607 2876 1800 2933 actu
1822 2868 2053 2945 alem,
2088 2875 2158 2933 ut
2188 2867 2508 2951 probatur
2528 2887 2607 2932 ex
2630 2868 2962 2950 appositiS,

345 2973 577 3056 quibus
610 2992 689 3040 ea
719 2973 1127 3040 describitur:
1160 2976 1393 3040 dicitur
1427 2976 1595 3041 enim
1628 2995 1692 3047 a.
1723 2975 1868 3040 dari
1900 2977 1981 3040 ad
2002 2976 2284 3056 singulos
2306 2982 2522 3050 actus;
2555 2975 2963 3055 distinguitur

344 3081 412 3148 b.
442 3086 639 3162 prout
666 3087 884 3144 actum
915 3083 1262 3148 salutarem
1293 3084 1619 3165 praecedit
1649 3082 1749 3146 vel
1784 3084 2130 3147 comitatur
2177 3083 2244 3145 in
2277 3088 2653 3163 operantem
2706 3088 2771 3146 et
2801 3098 2957 3145 coo-

344 3194 696 3270 perantem,
718 3188 1107 3253 excitantem
1128 3196 1190 3253 et
1212 3189 1623 3271 adjuvantem
1646 3195 1801 3264 etc.;
1835 3189 1915 3253 de
1949 3189 2083 3271 eJus
2117 3190 2370 3253 ratione
2404 3195 2553 3254 sunt
2585 3209 2646 3257 c.
2679 3187 2960 3252 illustra-

346 3293 557 3359 tiones
590 3300 656 3359 et
686 3294 1167 3376 inspirationes:
1214 3314 1379 3378 quae
1427 3296 1645 3359 omnia
1689 3295 1933 3377 gratiae
1982 3296 2218 3360 actuali
2263 3297 2671 3361 conveniunt.
2735 3295 2962 3360 Notari

343 3401 575 3465 tamen
595 3400 787 3466 dehet
816 3420 947 3466 non
977 3422 1095 3484 pro
1127 3422 1395 3469 numero
1426 3411 1688 3467 actuum
1709 3403 2091 3467 salutarium
2111 3403 2495 3484 repetendas
2516 3421 2659 3467 esse
2681 3403 2958 3467 illustra-

344 3508 552 3572 tiones
585 3515 779 3590 atque
808 3509 1281 3591 inspirationes
1314 3529 1462 3574 cum
1494 3509 1722 3576 eadem
1756 3509 1960 3590 gratia
1990 3508 2257 3573 actualis
2289 3509 2721 3574 determinare
2755 3510 2964 3590 possit

349 3614 579 3679 seriem
610 3622 875 3679 actuum
906 3615 1284 3679 salutarium
1318 3623 1511 3698 atque
1541 3620 1606 3679 in
1639 3616 1925 3696 singulos
1959 3615 2145 3680 seriei
2178 3621 2360 3678 actus
2394 3615 2681 3679 influere.

519 3739 587 3808 2.
618 3739 776 3802 Eam
809 3759 954 3804 esse
984 3740 1219 3805 debere
1252 3741 1678 3816 internam,
1711 3747 1783 3803 ut
1814 3739 2170 3821 colligimus
2204 3760 2284 3806 ex
2319 3741 2404 3804 th.
2441 3745 2586 3810 173.

521 3866 591 3933 3.
622 3863 909 3948 Denique
930 3884 1073 3930 eam
1095 3884 1240 3930 esse
1260 3865 1494 3929 debere
1526 3885 1556 3928 s
1572 3885 1615 3928 u
1630 3885 1671 3948 p
1688 3885 1723 3930 e
1741 3883 1774 3927 r
1790 3885 1834 3928 n
1851 3871 1992 3928 atu
2009 3885 2039 3929 r
2054 3865 2130 3928 al
2149 3883 2185 3929 e
2202 3883 2285 3940 m,
2317 3872 2390 3928 ut
2410 3864 2710 3928 evincunt
2730 3885 2793 3931 a.
2817 3883 2958 3927 om-

344 3972 467 4046 nia,
500 3989 671 4054 quae
704 3971 1086 4035 adduximus
1122 3972 1284 4036 thesi
1319 3976 1463 4040 172.
1517 3971 1951 4036 Confirmatur
2005 3972 2265 4052 insuper
2296 3974 2365 4040 b.
2404 3970 2732 4035 corollarii
2763 3971 2957 4034 modo

347 4096 424 4142 ex
454 4077 794 4160 hucusque
825 4077 1297 4142 demonstratis
1329 4077 1493 4141 Nam
1524 4077 1878 4142 secundum
1900 4078 2262 4142 doctrinam
2295 4075 2684 4140 catholicam
2719 4084 2961 4141 natura

345 4182 533 4266 plane
565 4190 667 4250 est
695 4184 1016 4266 impotens
1063 4185 1162 4248 vel
1214 4184 1296 4248 ad
1346 4185 1678 4249 minimum
1730 4191 1948 4249 actum
1995 4183 2352 4249 salutarem
2408 4185 2491 4270 (n.
2527 4187 2656 4270 39).
2720 4183 2956 4248 Cense-

346 4290 585 4355 bantur
615 4309 772 4372 ergo
805 4297 994 4354 actus
1029 4291 1352 4355 salutares
1384 4290 1574 4373 plane
1609 4312 1640 4355 s
1658 4310 1700 4353 u
1716 4312 1755 4372 p
1775 4311 1807 4354 r
1823 4310 1863 4355 a
1895 4298 2222 4367 naturam,
2243 4291 2506 4373 ejusque
2529 4292 2698 4354 vires
2720 4298 2784 4354 et
2803 4311 2958 4371 pos-

349 4395 716 4461 sibilitatem
732 4397 947 4478 positi,
967 4416 1044 4461 ac
1063 4398 1334 4479 proinde
1355 4399 1600 4479 gratiae
1617 4399 1928 4461 auxilium
1949 4405 2021 4460 ut
2039 4404 2345 4462 naturam
2364 4416 2563 4479 supra
2583 4417 2652 4462 se
2674 4397 2958 4474 elevanS,

347 4504 616 4587 ideoque
648 4504 1161 4584 supernaturale.
1223 4504 1301 4567 Et
1329 4522 1556 4569 revera
1589 4525 1648 4573 c.
1681 4504 1834 4568 illud
1859 4504 2169 4569 auxilium
2202 4505 2537 4570 exhibetur
2571 4512 2642 4567 ut
2674 4503 2956 4568 influxus

350 4609 576 4675 Christi
606 4611 757 4675 vitis
789 4610 856 4674 in
889 4630 1043 4676 suos
1074 4611 1388 4693 palssnites.
1422 4612 1616 4693 Atqui
1637 4611 1935 4677 Christus
1959 4613 2105 4676 vitis
2131 4631 2265 4676 non
2287 4619 2538 4692 spectat
2558 4612 2639 4675 ad
2664 4612 2954 4675 ordinem

351 4725 639 4793 naturae,
672 4737 803 4784 non
836 4725 934 4783 est
953 4718 1338 4785 elementum
1359 4718 1605 4783 ordinis
1626 4720 1964 4794 naturalis,
1986 4720 2101 4783 sed
2125 4719 2480 4784 eminenter
2503 4736 2706 4781 causa
2725 4736 2954 4798 super-
