3538 5364
1160 295 1356 351 Thesis
1383 295 1635 352 CCXLV.
1663 295 1742 350 De
1772 295 2132 352 contritione.
2817 307 2949 370 445

512 479 575 547 4.
607 479 918 560 colligitur
950 496 1026 542 ex
1060 478 1153 541 rei
1184 485 1449 543 naturaz
1480 495 1634 542 nam
1666 477 1746 540 ad
1780 478 2251 559 impetrandam
2278 478 2570 542 offensae
2589 479 2844 542 veniam
2867 479 2951 542 ab

331 586 580 652 offenso
612 603 878 651 necesse
910 591 1025 661 est,
1059 592 1129 649 ut
1160 584 1458 660 offensor,
1505 591 1819 667 quantum
1852 589 1952 648 est
1987 585 2050 647 in
2082 603 2171 659 se,
2207 582 2359 648 illud
2392 594 2742 659 removeat,
2777 585 2950 667 quod

333 693 563 758 merito
596 692 821 756 offensi
851 699 1162 773 provocat
1191 690 1354 755 iram
1386 692 1422 753 i.
1457 709 1509 755 e.
1541 692 1798 773 culpam
1817 709 1933 755 seu
1953 692 2281 755 offensam.
2317 690 2476 755 Cum
2497 709 2653 755 vero
2674 690 2954 756 offensor

332 799 629 880 injuriam
676 797 942 863 reddere
992 803 1272 879 nequeat
1322 796 1638 873 infectam,
1690 814 1956 861 necesse
2008 804 2122 870 est,
2176 803 2245 860 ut
2294 814 2440 862 eam
2473 796 2955 879 aequivalenter

334 905 548 979 tollat;
581 904 752 987 quod
784 905 870 979 fit,
902 903 1055 968 dum
1087 904 1146 968 ei
1178 904 1531 979 renunciat,
1578 922 1722 968 eam
1756 910 2115 978 aversatur,
2159 910 2485 979 retractat,
2533 905 2682 968 odio
2728 923 2950 986 prose-

333 1012 564 1094 quitur,
597 1011 845 1076 actibus
877 1012 1188 1092 oppositis
1222 1011 1567 1077 emendare
1597 1012 1837 1088 nititur,
1871 1010 2069 1075 verbo
2089 1028 2354 1076 necesse
2375 1019 2490 1086 est,
2511 1018 2582 1076 ut
2600 1011 2680 1075 de
2701 1028 2781 1075 ea
2800 1019 2956 1092 agat

332 1119 810 1199 poenitentiam.
873 1117 972 1181 Ad
1004 1137 1143 1182 rem
1173 1118 1672 1198 Augustinus
1718 1118 1799 1183 de
1846 1118 2038 1182 duab.
2090 1119 2279 1181 anim.
2326 1135 2377 1182 c.
2413 1118 2686 1182 Manich.
2740 1138 2797 1181 n.
2832 1123 2956 1188 32:

340 1224 600 1299 ,Potest
630 1225 858 1307 aliquis
889 1225 1118 1299 dicere,
1151 1244 1283 1289 non
1314 1242 1384 1289 se
1418 1242 1705 1305 peccare,
1738 1244 1871 1289 non
1903 1232 2122 1289 autem
2157 1224 2279 1288 sibi
2311 1244 2474 1301 esse,
2496 1225 2552 1288 si
2570 1226 2952 1306 peccaverit,

332 1333 808 1414 poenitendum,
842 1332 1017 1396 nulla
1047 1330 1380 1396 barbaries
1425 1331 1636 1396 dicere
1670 1330 1986 1396 audebit«
2058 1332 2337 1413 Ideoque
2382 1332 2722 1395 concilium
2771 1332 2950 1396 trid.

334 1440 522 1504 docet
568 1457 721 1503 sess.
762 1445 840 1507 14
874 1457 926 1501 c.
968 1444 1019 1505 1.
1053 1443 1126 1505 4:
1197 1438 1378 1512 ,Fuit
1426 1438 1653 1521 quovis
1702 1444 1992 1519 tempore
2043 1438 2125 1502 ad
2177 1438 2645 1520 impetrandam
2696 1440 2950 1504 veniam

331 1552 746 1628 peccatorum
806 1544 1209 1608 contritionis
1272 1551 1486 1609 motus
1547 1546 2010 1609 necessarius<
2113 1544 2202 1608 Cf.
2265 1565 2313 1608 s.
2377 1544 2724 1610 Thomas
2794 1552 2844 1613 1.
2911 1549 2956 1612 2

331 1673 388 1735 q.
428 1658 554 1722 113
585 1671 641 1716 a.
679 1658 736 1723 5.

511 1780 659 1845 459.
694 1774 819 1843 Sed
845 1778 979 1859 jam
1013 1778 1093 1843 de
1124 1777 1519 1859 poenitentia
1564 1779 1646 1842 ad
1694 1778 2137 1844 remissionem
2170 1784 2583 1860 peccatorum
2619 1797 2733 1859 per
2764 1785 2951 1859 pote-

333 1890 563 1948 statem
598 1884 873 1948 clavium
904 1884 1320 1949 obtinendam
1353 1885 1721 1950 necessaria
1752 1886 2117 1949 accuratius
2151 1893 2246 1950 est
2281 1885 2617 1967 agendum.
2651 1885 2740 1949 Ea
2772 1902 2954 1948 com-

334 1990 630 2072 plectitur
662 1998 791 2055 tres
841 1999 1054 2055 actus:
1105 1992 1701 2055 contritionem
1752 1992 1983 2067 cordis,
2035 1991 2656 2057 confessionem
2707 1992 2836 2055 oris
2887 1998 2952 2055 et

333 2097 1012 2162 satisfactionem
1045 2098 1274 2179 operis
1337 2098 1716 2180 Incipiemus
1748 2115 1790 2161 a
1821 2098 2035 2162 cordis
2085 2100 2488 2173 contritione,
2522 2118 2689 2182 quae
2721 2098 2954 2162 distin-

333 2206 547 2286 guitur
577 2206 643 2269 in
673 2206 1024 2287 perfectam
1057 2213 1121 2271 et
1138 2205 1592 2288 imperfectam.
1626 2206 1819 2269 Ratio
1846 2206 2227 2270 discriminis
2249 2206 2486 2287 petitur
2510 2224 2587 2269 ex
2622 2205 2871 2269 motiv
2889 2224 2950 2280 o,

335 2311 402 2374 in
433 2312 653 2393 primis
686 2329 838 2377 vero
874 2331 952 2376 ex
985 2311 1326 2376 effectu:
1361 2329 1441 2375 ea
1471 2313 1640 2376 enim
1674 2312 1906 2376 dicitur
1938 2311 2237 2393 perfecta,
2273 2329 2439 2394 quae
2473 2330 2544 2377 se
2563 2311 2705 2375 sola
2724 2310 2953 2375 sufficit

336 2417 420 2480 ad
453 2418 920 2499 impetrandam
952 2427 1365 2500 peccatorum
1396 2420 1683 2495 veniam3
1716 2419 2089 2500 imperfecta
2117 2437 2196 2484 ea
2215 2425 2330 2493 est,
2350 2419 2532 2500 cujus
2552 2419 2751 2482 virtus
2770 2435 2956 2481 com·

335 2524 493 2605 pleri
525 2525 719 2590 debet
751 2526 888 2607 ipso
920 2545 1040 2588 usu
1074 2526 1339 2607 aliqu'us
1371 2526 1780 2590 sacramenti.
1834 2525 1924 2589 De
1957 2526 2341 2590 contritione
2374 2523 2663 2607 perfecta
2693 2526 2774 2588 sit

512 2649 770 2719 'l'hOSlS
793 2647 1116 2719 CCXLV-
1183 2673 1526 2728 Contu-itio
1573 2674 1871 2728 caritate
1905 2674 2220 2738 pet-tecta
2254 2673 2607 2727 nerninem
2655 2672 2802 2726 Deo
2841 2686 2958 2724 rc·

335 2760 679 2826 conciliat,
709 2762 1132 2828 priusquam
1167 2775 1299 2827 per
1329 2765 1745 2829 potestatem
1783 2762 2090 2815 clavium
2133 2761 2551 2815 absolvitur.

514 2865 955 2934 Declaratlo.
1019 2864 1371 2929 Concilium
1420 2865 1600 2931 trid.
1647 2884 1802 2930 sess.
1845 2873 1922 2934 14
1956 2883 2007 2927 c.
2039 2870 2083 2932 4
2115 2864 2566 2929 contritionem
2599 2862 2954 2944 generatim

335 2970 584 3035 definit:
625 2972 855 3045 ,animi
890 2972 1179 3037 dolorem
1214 2990 1291 3036 ac
1321 2973 1821 3038 detestationem
1854 2971 1935 3036 de
1969 2977 2236 3053 peccato
2258 2971 2604 3035 commisso
2627 2987 2774 3033 cum
2801 2988 2954 3050 pro·

336 3077 548 3158 posito
580 3095 713 3140 non
744 3080 1052 3158 peccandi
1084 3079 1164 3144 de
1197 3085 1415 3144 cetero
1437 3083 1532 3165 ¹).‘
1587 3079 1697 3143 Est
1728 3097 1881 3160 ergo
1914 3078 2097 3142 dolor
2129 3078 2341 3153 animi,
2362 3096 2494 3141 non
2516 3076 2838 3157 corporis;
2873 3075 2954 3139 de

335 3190 622 3266 peccato,
655 3204 787 3249 non
820 3186 897 3251 de
932 3187 1102 3251 malo
1134 3186 1433 3268 physico;
1485 3186 1565 3252 de
1613 3192 1882 3268 peccato
1933 3185 2214 3267 proprio,
2265 3204 2395 3248 non
2446 3184 2526 3248 de
2576 3183 2821 3256 alien03
2873 3181 2952 3247 de

336 3291 682 3356 commisso
718 3293 984 3378 (libere),
1017 3311 1148 3356 non
1180 3293 1261 3358 de
1307 3299 1671 3370 contract03
1718 3292 2063 3356 detestatio
2097 3292 2175 3356 de
2208 3291 2579 3373 praeterite,
2626 3290 2774 3353 hinc
2807 3307 2956 3352 cum

336 3399 668 3480 proposito
700 3399 779 3464 de
813 3399 1027 3464 futuro
1059 3400 1382 3464 cavendo:
1431 3418 1631 3481 quare
1682 3400 1983 3463 contritio
2031 3407 2132 3463 est
2163 3416 2318 3463 vera
2350 3399 2547 3462 animi
2578 3398 2856 3462 inversio
2892 3404 2956 3460 et

335 3509 695 3573 conversio,
760 3507 961 3572 Porro
995 3508 1290 3571 contritio
1328 3515 1476 3571 tunc
1521 3508 1750 3571 dicitur
1795 3507 2059 3570 caritate
2092 3505 2374 3588 perfecta
2428 3524 2541 3570 seu
2576 3503 2867 3578 formata,
2901 3504 2953 3565 si

336 3615 612 3679 caritate
645 3614 888 3679 formae
920 3615 1123 3679 instar
1153 3614 1491 3696 perficitur,
1536 3615 1590 3677 si
1635 3621 1940 3696 peccator
1971 3614 2050 3677 de
2082 3613 2361 3694 peccatis
2394 3611 2570 3675 dolet
2600 3629 2678 3675 ex
2711 3611 2952 3674 motivo

335 3721 626 3784 caritatis
648 3720 761 3784 Dei
779 3740 972 3803 super
991 3723 1226 3799 omnia,
1247 3722 1419 3804 quod
1438 3720 1569 3784 scil.
1591 3727 1929 3803 peccatum
1965 3720 2212 3785 offensa
2244 3727 2342 3784 est
2363 3719 2476 3782 Dei
2517 3735 2767 3781 summe
2801 3717 2954 3780 boni

335 3844 713 3908 summeque
747 3827 1054 3891 amabilis,
1119 3827 1305 3908 Quod
1336 3829 1392 3892 si
1422 3829 1718 3892 contritio
1774 3845 1853 3891 ex
1885 3825 1996 3890 tali
2029 3824 2273 3891 elicitur
2305 3826 2568 3899 motivo,
2601 3830 2822 3888 tantae
2858 3832 2954 3886 est

560 4049 595 4118 Ι)
623 4046 682 4100 Si
709 4051 901 4103 autem
930 4048 1243 4116 quaeritur,
1270 4067 1409 4102 num
1434 4048 1762 4116 requiratur
1801 4049 2160 4119 propositum
2203 4065 2231 4102 e
2249 4066 2282 4101 x
2301 4068 2337 4118 p
2355 4049 2373 4102 l
2391 4047 2412 4101 i
2428 4064 2457 4101 c
2474 4047 2495 4101 i
2511 4050 2587 4099 tu
2607 4065 2681 4109 m,
2722 4044 2952 4098 videtur

337 4126 813 4198 respondendum,
840 4130 1112 4193 sufficere,
1140 4129 1189 4182 si
1216 4129 1345 4197 quis
1371 4128 1659 4184 immemor
1686 4128 2060 4199 obligationis
2080 4128 2348 4183 eliciendi
2375 4126 2734 4199 propositum
2763 4141 2954 4179 veram

335 4206 533 4261 eliciat
558 4211 646 4280 (ex
671 4209 887 4263 motivo
916 4209 1247 4280 universali)
1277 4210 1697 4273 contritionem,
1724 4228 1855 4264 cum
1872 4211 2012 4263 haec
2029 4209 2378 4262 sufficienter
2395 4207 2658 4263 includat
2672 4204 2956 4277 ejusmodi

336 4287 694 4359 propositum
712 4288 883 4357 juxta
910 4307 950 4341 s,
978 4288 1077 4342 Th
1095 4305 1294 4343 omae
1321 4289 1637 4343 doctrinam
1665 4290 1728 4343 in
1755 4299 1807 4346 4.
1837 4290 1888 4343 d.
1925 4294 1986 4347 17
2013 4309 2067 4358 q.
2095 4307 2144 4342 a.
2174 4297 2204 4343 2
2233 4290 2334 4343 sol.
2363 4298 2426 4344 4:
2458 4287 2764 4359 „Proprius
2792 4288 2955 4340 actus

336 4369 460 4437 ejus
487 4368 917 4439 (poenitentiae)
945 4369 1115 4422 estin
1142 4369 1429 4439 objectum
1458 4369 1773 4441 proprium,
1817 4370 1973 4439 quod
2014 4373 2100 4424 est
2133 4371 2427 4439 peccatum
2464 4367 2858 4424 commissum:
2899 4369 2956 4416 et

336 4448 466 4502 ideo
493 4449 617 4518 ejus
642 4451 804 4502 actus
829 4448 1183 4519 principalis,
1209 4448 1329 4504 scil.
1359 4450 1645 4515 contritio,
1673 4450 1986 4505 secundum
2009 4467 2170 4503 suam
2197 4449 2441 4519 speciem
2465 4447 2702 4518 respicit
2727 4449 2950 4499 tantum

336 4531 636 4598 peccatum
663 4529 1064 4597 praeteritum:
1094 4531 1189 4584 sed
1210 4547 1274 4583 ex
1294 4530 1663 4598 consequenti
1692 4530 1926 4601 respicit
1942 4532 2220 4594 futurum,
2238 4528 2551 4582 secundum
2569 4528 2722 4595 quod
2741 4525 2953 4599 (poeni-

337 4607 541 4678 tenh‘a)
568 4608 745 4662 habet
768 4609 993 4678 aliquid
1019 4611 1090 4665 de
1114 4613 1246 4666 actu
1274 4611 1616 4681 prudentiae
1641 4611 1999 4681 adjunctum,
2028 4612 2085 4663 et
2107 4626 2220 4663 non
2238 4612 2466 4663 tantum
2483 4609 2546 4661 in
2563 4608 2707 4661 illud
2729 4606 2952 4660 ratione

336 4689 603 4759 propriae
629 4689 838 4761 speciei
862 4693 1152 4746 movetur:
1182 4695 1240 4746 et
1264 4696 1496 4763 propter
1523 4692 1630 4746 hoc
1659 4691 1775 4755 ille,
1803 4691 1906 4758 qui
1934 4690 2266 4755 conterit-ur,
2284 4689 2441 4743 dolet
2456 4689 2525 4743 de
2544 4690 2780 4757 peccato
2801 4703 2954 4758 prae·

337 4771 508 4825 terito
536 4773 595 4825 ct
619 4774 784 4825 cavet
809 4773 1119 4827 futurum.“
