3538 5364
523 198 654 262 436
905 188 1088 242 Tract.
1115 189 1205 243 IX.
1230 187 1300 241 de
1327 187 1705 258 poenitentia.
1732 187 1932 243 Thesis
1960 188 2246 243 CCXLlV.
2275 188 2526 243 Ecclesia
2550 189 2762 258 nequit

700 375 848 439 454-
910 372 1167 438 Thesls
1210 368 1579 438 CCXLIV·
1648 391 1989 445 Ecclesiae
2017 388 2430 445 nullatenus
2456 393 2738 445 concedi
2769 397 2999 458 potest
3022 393 3153 459 jns

523 486 588 536 et
624 482 1010 534 arbitrium
1050 481 1502 546 deneaandae
1538 482 1783 534 veniae
1821 482 1963 534 reis
1989 481 2460 547 cujuscunque
2484 482 2772 536 tandem
2802 482 3158 545 criminis,

522 574 585 625 si
622 573 758 624 rete
795 573 941 624 sint
980 571 1325 638 dispositi.

701 674 1273 742 Demonstratio.
1308 668 1720 737 Ostendimus
1740 691 2071 756 nunquam
2092 675 2369 754 viguisse
2404 675 2468 737 in
2499 674 2838 738 univers
2857 691 2898 737 a
2930 673 3144 738 Eccle-

522 780 619 843 sia
649 779 917 860 rigidam
950 779 1124 843 illam
1157 778 1572 860 disciplinam,
1607 798 1735 862 qua
1767 781 2010 861 quasia
2031 780 2224 861 priori
2245 779 2565 861 denegata
2585 780 2771 845 fuerit
2791 780 2986 845 certis
3007 780 3145 863 qui-

522 887 794 950 busdam
825 885 1200 950 criminibus
1233 886 1437 951 venia
1470 886 1615 951 Jam
1634 886 2102 961 contendimus,
2137 905 2265 970 quo
2288 886 2609 951 efficacius
2630 887 3152 951 adversariorum

523 991 891 1075 opinionem
923 992 1358 1069 excludamuS,
1391 991 1743 1056 Ecclesiam
1773 1012 1856 1058 ne
1888 994 2175 1075 potuisse
2221 995 2479 1076 quidem
2529 993 2843 1075 eJusmodi
2895 994 3154 1059 sancire

521 1099 937 1180 disciplinam.
1003 1097 1199 1180 Cujus
1232 1099 1604 1164 assertionis
1637 1099 1875 1164 veritas
1910 1098 2226 1180 colligitur

701 1226 763 1294 1.
796 1243 876 1289 ex
909 1223 1157 1287 concilii
1191 1223 1368 1287 trid.
1400 1242 1553 1287 sess.
1588 1229 1693 1299 21,
1727 1223 1793 1287 in
1825 1242 1954 1306 qua
1985 1224 2271 1307 synodus
2304 1224 2512 1300 docet,
2534 1224 2887 1288 Ecclesiam
2907 1223 3154 1287 idcirco

519 1350 712 1413 posse
736 1330 924 1412 justis
958 1329 1039 1394 de
1071 1330 1283 1393 causis
1314 1329 1605 1394 fidelibus
1639 1329 2023 1396 subtrahere
2059 1331 2580 1396 communionem
2614 1331 2734 1395 sub
2760 1332 2980 1413 specie
3001 1330 3150 1403 vini,

520 1437 693 1520 quod
726 1455 807 1501 ea
838 1437 923 1500 ad
952 1436 1228 1501 salutem
1261 1455 1394 1500 non
1425 1437 1508 1501 sit
1538 1436 1936 1513 necessaria3
1985 1439 2288 1519 supponit
2319 1456 2492 1519 ergo,
2525 1436 2879 1502 Ecclesiam
2915 1438 2983 1501 id
3015 1456 3145 1501 non

519 1563 729 1625 posse,
763 1544 818 1606 si
850 1543 931 1607 ad
963 1542 1239 1608 salutem
1270 1542 1435 1607 foret
1466 1545 1851 1615 necessaria.
1916 1544 2110 1626 Atqui
2151 1544 2474 1609 absolutio
2508 1562 2549 1607 a
2578 1543 2864 1626 peccatis
2899 1545 3152 1625 gravis·

519 1652 698 1715 simis
731 1651 814 1714 ad
846 1649 1122 1714 salutem
1155 1655 1252 1714 est
1283 1668 1548 1731 prorsus
1580 1651 1971 1716 necessaria.
2007 1650 2175 1731 Ergo
2198 1669 2343 1716 eam
2364 1650 2649 1716 Ecclesia
2668 1669 3006 1734 nunquam
3029 1652 3157 1715 rite

519 1757 845 1840 dispositis
879 1757 1200 1836 denegare
1231 1757 1481 1838 poterit.
1544 1757 1822 1839 ideoque

698 1867 763 1933 2.
795 1863 1086 1927 doctrina
1114 1863 1366 1927 concilii
1396 1883 1438 1945 p
1458 1865 1620 1928 isto
1642 1864 1954 1930 riensis
1989 1865 2104 1951 (pr.
2139 1866 2272 1951 38),
2307 1882 2453 1947 qua,
2486 1870 2836 1947 postquam
2856 1862 3156 1947 synodus

520 1971 810 2053 professa
841 1977 959 2046 est,
991 1987 1081 2048 ,se
1113 1988 1245 2033 non
1275 1988 1467 2051 posse
1512 1988 1644 2035 non
1691 1970 1997 2034 admirari
2040 1971 2213 2034 illam
2261 1971 2426 2035 adeo
2471 1970 2908 2036 venerabilem
2955 1971 3150 2033 disci-

518 2079 760 2160 plinam
789 2077 1205 2159 antiquitatiS,
1240 2096 1406 2160 quae
1440 2080 1538 2165 (ut
1570 2078 1685 2166 ait)
1729 2079 1813 2142 ad
1850 2078 2318 2160 poenitentiam
2363 2098 2495 2143 non
2542 2080 2632 2143 ita
2664 2078 2848 2143 facile
2881 2084 2948 2143 et
2979 2077 3148 2143 forte

519 2203 849 2268 nunquam
882 2203 1031 2249 eum
1063 2184 1461 2260 admittebat,
1494 2185 1605 2268 qui
1636 2192 1787 2268 post
1818 2185 2095 2267 primum
2143 2191 2482 2267 peccatum
2514 2192 2577 2250 et
2607 2185 2882 2267 primam
2913 2203 3146 2249 recon-

519 2291 909 2358 ciliationem
941 2290 1233 2372 relapsus
1267 2297 1438 2356 esset
1469 2291 1529 2354 in
1566 2291 1860 2373 culpam,
1894 2291 2242 2372 subjungit,
2295 2310 2429 2371 ,per
2461 2291 2756 2355 timorem
2791 2297 3156 2373 perpetuae

520 2400 906 2466 exclusionis
940 2418 980 2463 a
1012 2400 1464 2463 communione
1515 2404 1579 2464 et
1625 2417 1807 2481 pace,
1861 2399 2057 2464 etiam
2109 2397 2175 2460 in
2227 2397 2497 2462 articulo
2548 2398 2788 2472 mortiS,
2836 2416 3148 2478 magnum

520 2500 768 2572 frenum
798 2508 919 2572 illis
952 2506 1255 2587 injectum
1287 2506 1381 2583 iri,
1417 2506 1522 2588 qui
1554 2524 1783 2588 parum
1817 2505 2231 2569 considerant
2262 2504 2504 2569 malum
2553 2505 2804 2586 peccati
2839 2511 2902 2569 et
2935 2504 3152 2567 minus

518 2614 669 2678 illud
704 2614 966 2689 timent‘,
1000 2612 1463 2694 pronunciatur
1493 2631 1535 2675 a
1564 2612 1679 2676 Pio
1712 2612 1812 2676 VI.
1854 2612 2222 2686 ,contraria
2254 2630 2393 2675 can.
2423 2618 2500 2682 13
2533 2630 2712 2676 conc.
2746 2611 3070 2676 nicaeni
3105 2612 3150 2675 1.

520 2722 604 2807 (n.
638 2723 850 2806 452²),
885 2719 1188 2784 decretali
1230 2719 1706 2784 Innocentii
1753 2719 1793 2781 Ι.
1840 2719 1924 2782 ad
1957 2718 2382 2800 Exsuperium
2412 2718 2618 2796 tolos.,
2650 2725 2790 2783 tum
2823 2726 2889 2784 et
2919 2719 3146 2784 decre·

517 2828 631 2892 tali
663 2825 1128 2891 Coelestini
1159 2825 1199 2887 I.
1234 2825 1315 2888 ad
1350 2825 1538 2906 episc.
1572 2826 1733 2890 vien.
1768 2833 1832 2889 et
1864 2825 2154 2901 narbon„
2188 2823 2484 2889 redolens
2515 2827 2918 2908 pravitatem,
2942 2844 3142 2907 quam

519 2934 585 2997 in
617 2951 696 2998 ea
728 2932 1030 2998 decretali
1061 2952 1109 2995 s.
1143 2931 1436 2996 Pontifex
1468 2932 1821 2997 exhorret.‘
1891 2932 2036 2997 Jam
2087 2950 2244 2996 vero
2297 2933 2351 2995 si
2400 2932 2515 2996 tali
2564 2949 2845 2996 censura
2875 2919 3148 3001 notatur
3194 2921 3206 2938 ⁰

516 3039 754 3121 praxiS,
788 3056 953 3120 quae
988 3039 1247 3103 unicam
1278 3040 1510 3104 saltem
1540 3040 1838 3104 concedit
1870 3039 2483 3116 reconciliationem,
2517 3039 2670 3122 quid
2692 3040 2772 3104 de
2792 3040 2900 3103 illa
2921 3040 3143 3119 dicen-

519 3145 689 3221 dum,
723 3162 887 3227 quae
934 3165 1246 3212 omnem
1292 3148 1612 3229 denegat?
1659 3148 1981 3229 poteritne
2013 3147 2315 3212 universa
2345 3146 2631 3211 Ecclesia
2676 3164 2820 3210 eam
2855 3127 3141 3258 utiquam

519 3251 769 3314 sancire
801 3251 1216 3333 disciplinam,
1250 3272 1395 3316 cum
1429 3253 1712 3335 synodus
1745 3252 2163 3333 pistoriensiS,
2199 3270 2366 3334 quae
2399 3252 2724 3316 mitiorem
2758 3253 2969 3329 solum
3000 3253 3138 3317 lau-

520 3356 715 3432 davit,
748 3357 1055 3421 damnata
1088 3357 1320 3424 fuerit?
2925 3355 2936 3370 ³

699 3465 760 3534 3.
793 3463 1076 3529 Ecclesia
1108 3467 1327 3547 nequit
1359 3484 1506 3531 eam
1537 3465 1792 3531 sancire
1842 3465 2261 3547 disciplinam,
2313 3484 2440 3547 qua
2491 3464 2699 3530 omnis
2748 3439 3144 3547 poenitentia

520 3572 940 3652 exstinguitur
973 3578 1037 3635 et
1066 3571 1430 3653 desperatio
1462 3570 1801 3634 inducitur.
1867 3570 2059 3653 Atqui
2108 3577 2329 3652 patres
2383 3590 2513 3635 uno
2547 3590 2660 3636 ore
2691 3579 2921 3659 contra
2953 3590 3137 3635 mon-

521 3679 791 3742 tanistas
824 3685 889 3743 et
920 3677 1308 3741 novatianos
1341 3677 1727 3742 disserentes
1759 3678 1996 3742 docent
2043 3684 2106 3742 et
2151 3677 2491 3753 inculcant,
2536 3678 2875 3759 disciplina
2889 3696 3003 3756 ,ea,
3036 3696 3142 3742 se-

519 3787 795 3849 cundum
832 3803 1025 3867 quam
1059 3783 1375 3866 aliquibus
1409 3784 1594 3848 venia
1626 3792 1910 3865 negetur,
1944 3785 2411 3866 poenitentiam
2445 3785 2684 3850 auferri
2717 3763 3141 3876 hominesque

519 3893 602 3956 ad
636 3891 1151 3973 desperationem
1186 3891 1431 3954 adduci.
1503 3890 1694 3970 ,Quis
1738 3910 1871 3954 non
1917 3890 2205 3955 reflectat
2238 3892 2524 3972 gradum,
2572 3892 2776 3974 inquit
2808 3891 3141 3999 Ambr‘o·

519 3999 690 4061 sius
725 4017 910 4063 serm.
952 4004 1030 4068 16
1063 3999 1126 4061 in
1160 3997 1261 4061 Ps.
1303 4003 1424 4066 118
1459 4017 1518 4060 n.
1552 4002 1656 4072 43,
1691 3998 1950 4080 quando
1986 3998 2223 4075 audiat,
2256 3998 2377 4062 sibi
2397 4000 2730 4080 superiora
2750 3999 2973 4064 omnia
2988 4013 3139 4080 pec-

519 4112 667 4167 cata
707 4105 978 4168 donari?
1041 4105 1308 4186 Propter
1353 4106 1477 4168 hoc
1510 4105 1679 4168 enim
1712 4103 1996 4187 plerique
2043 4123 2082 4168 a
2115 4106 2554 4169 conversionis
2601 4105 2814 4170 studio
2847 4105 3139 4170 revocari

519 4210 830 4286 solebant,
865 4212 1037 4293 quod
1068 4210 1441 4276 delictorum
1476 4230 1740 4275 suorum
1790 4213 2029 4276 conscii
2076 4213 2316 4275 nullam
2368 4231 2547 4294 spem
2595 4213 2821 4277 veniae
2869 4231 3140 4293 praesu-

519 4323 784 4392 merent,
818 4323 882 4382 et
911 4318 1231 4384 Ecclesiae
1264 4325 1504 4401 quanto
1540 4320 1867 4382 sanctiora
1898 4325 2269 4400 praecepta,
2320 4326 2503 4383 tanto
2555 4320 2692 4384 sine
2723 4319 2916 4383 venia
2945 4325 3138 4401 puta-

519 4417 662 4486 re'nt
694 4442 837 4487 esse
872 4433 1192 4504 peccata«

699 4554 778 4612 Cf.
824 4553 979 4613 infra
1021 4574 1079 4613 n.
1128 4565 1250 4618 457
1301 4560 1361 4614 et
1409 4562 1682 4615 auctor
1714 4575 2047 4633 anonymus
2081 4557 2534 4632 (Cyprianus
2567 4557 2660 4614 vel
2694 4552 3138 4634 Cornelius)

519 4644 556 4700 l.
590 4646 792 4702 contra
823 4644 1249 4714 Novatianum;
1285 4647 1718 4722 Cyprianus
1752 4666 1844 4722 ep.
1873 4655 1949 4708 52
1987 4645 2058 4703 ad
2092 4648 2311 4703 Anton.
2346 4654 2543 4716 n.28;
2577 4645 3139 4703 Tertullianus
