3538 5364
1223 262 1559 317 necessitate
1584 259 1756 316 medii
1783 260 2094 317 credendis.
2835 268 2959 335 129

526 459 664 512 145.
696 444 1081 513 Scholion.
1143 448 1233 506 De
1283 447 1619 506 veritatibus
1664 449 1992 506 necessitate
2030 448 2205 506 medii
2234 449 2496 524 explicite
2525 450 2839 510 credendis.
2874 483 2958 494 --

331 540 585 598 Gravior
615 543 710 598 est
740 537 1156 607 controversia,
1190 555 1336 596 num
1368 542 1602 612 praeter
1640 536 1745 594 has
1779 536 1930 597 duas
1962 537 2244 596 veritates
2275 537 2424 595 aliae
2454 538 2808 597 necessitate
2837 558 2960 598 me-

331 628 415 685 dii
432 628 719 703 explicite
735 628 863 686 sint
879 625 1231 687 credendae:
1267 624 1575 700 speciatim
1594 626 2286 701 mysteriaTrinitatis
2319 633 2382 691 et
2411 627 2959 687 incarnationis.

333 717 465 785 Qua
496 718 569 775 de
603 736 668 775 re
699 716 1195 792 quadruplex
1227 720 1316 773 est
1338 715 1653 774 sententia.
1687 715 1904 774 Graves
1936 716 2093 774 enim
2124 716 2392 792 theologi
2424 735 2557 775 cum
2592 716 2871 777 Suarez
2901 721 2962 777 et

334 806 408 863 de
438 806 651 882 Lugo
684 806 743 869 d.
784 816 855 867 12
892 823 937 867 s.
970 814 1008 867 4
1041 804 1455 864 necessitatem
1488 802 1665 862 medii
1701 810 1941 880 negant,
1975 806 2148 880 cujus
2181 805 2510 864 sententiae
2543 806 2649 864 hae
2683 806 2963 865 videntur

332 896 632 954 rationes:
673 892 733 957 l.
767 895 911 953 haec
941 893 1257 952 necessitas
1291 892 1473 951 medii
1515 911 1633 951 non
1682 892 2128 952 demonstratur
2174 912 2240 952 ex
2287 894 2375 952 rei
2405 899 2653 965 natura3
2700 895 2961 954 eruenda

333 1003 478 1061 ergo
511 990 607 1042 est
637 989 707 1043 ex
740 983 996 1058 positiva
1028 982 1132 1040 Dei
1166 983 1506 1049 voluntate;
1554 981 1626 1039 de
1672 981 1780 1039 hac
1825 985 2023 1041 autem
2078 983 2224 1040 satis
2257 1001 2378 1041 non
2410 986 2660 1053 constat,
2693 986 2765 1041 ut
2795 987 2962 1060 patet

334 1092 403 1130 ex
454 1073 593 1148 ipsa
640 1072 1014 1130 dissensione
1062 1071 1493 1147 theologorum.
1556 1070 1716 1139 Quae
1771 1078 1971 1130 autem
2023 1071 2350 1130 necessaria
2412 1076 2557 1130 sunt
2608 1074 2960 1137 necessitate

334 1161 542 1224 medii.
576 1162 893 1220 manifesta
924 1178 1048 1219 esse
1080 1164 1331 1236 oportet,
1380 1163 1449 1217 ut
1493 1177 1579 1220 ex.
1628 1179 1715 1236 gr.
1748 1165 1910 1219 certa
1940 1166 2033 1219 est
2063 1160 2348 1235 baptismi
2381 1162 2724 1221 necessitas.
2787 1161 2960 1232 Quid,

336 1251 503 1326 quod
533 1248 603 1312 2.
637 1251 789 1309 nihil
820 1250 1044 1308 certius
1075 1248 1359 1325 baptismi
1393 1248 1762 1318 necessitate,
1800 1252 1863 1306 et
1892 1252 2093 1308 tamen
2114 1250 2451 1324 baptismus
2473 1251 2739 1326 suppleri
2762 1254 2962 1326 potest

336 1342 470 1415 ejus
501 1344 647 1398 voto
677 1358 864 1415 eoque
896 1337 1227 1413 implicito?
1289 1338 1518 1395 Poterit
1566 1356 1706 1413 ergo
1758 1339 2029 1419 sulficere
2078 1339 2258 1397 etiam
2293 1339 2506 1398 horum
2537 1341 2960 1415 mysteriorum

335 1429 485 1487 fides
519 1427 802 1504 explicita
834 1445 899 1486 re
931 1428 1028 1485 vel
1057 1427 1122 1485 in
1152 1429 1309 1489 voto.
1342 1426 1432 1485 Ad
1467 1426 1606 1485 haec
1639 1426 1701 1491 3.
1734 1427 1936 1503 plures
1966 1446 2036 1486 ex
2069 1428 2341 1503 patronis
2361 1428 2610 1487 alterius
2632 1430 2961 1490 sententiae

336 1517 692 1586 concedunt,
740 1518 889 1576 hanc
938 1516 1111 1575 fidem
1163 1518 1300 1573 ante
1331 1515 1549 1573 Christi
1595 1514 1917 1574 adventum
1965 1534 2086 1574 non
2133 1516 2313 1576 fuisse
2364 1517 2507 1576 adeo
2556 1519 2961 1582 necessariam.

340 1606 488 1675 Quis
540 1625 681 1683 ergo
730 1605 988 1681 putabit,
1041 1604 1455 1663 difficultatem
1506 1605 1951 1679 consequendae
1996 1606 2211 1663 salutis
2274 1625 2378 1681 pro
2429 1606 2773 1666 infidelibus
2836 1608 2961 1667 solo

338 1695 560 1754 Christi
592 1695 869 1764 adventu,
917 1693 1085 1752 nulla
1129 1693 1284 1750 facta
1327 1693 1822 1769 promulgatione,
1868 1694 2055 1754 fuisse
2099 1698 2374 1753 auctam?
2436 1695 2590 1754 Hinc
2634 1691 2696 1761 4.
2742 1696 2962 1755 Paulus

338 1784 639 1843 disserens
659 1784 836 1842 Hebr.
869 1796 963 1851 11,
1000 1792 1034 1845 6
1069 1783 1141 1841 de
1171 1781 1286 1841 fide
1308 1783 1520 1857 quovis
1540 1786 1806 1859 tempore
1826 1783 2157 1842 necessaria
2189 1784 2436 1860 ejusque
2467 1785 2714 1859 objecto,
2748 1786 2961 1844 horum

338 1873 762 1948 mysteriorum
807 1874 1034 1931 nullam
1079 1872 1217 1930 facit
1262 1870 1643 1930 mentionem.
1690 1904 1775 1913 -
1822 1872 1990 1941 Quod
2038 1873 2255 1931 attinet
2298 1874 2475 1932 effata
2521 1874 2856 1950 Scripturae
2900 1877 2962 1932 et

337 1970 600 2038 patrum,
647 1981 798 2036 quae
844 1960 1256 2020 necessitatem
1301 1960 1438 2019 fidei
1485 1961 1545 2018 in
1596 1961 1899 2019 Christum
1939 1965 2174 2037 urgent,
2226 1962 2569 2037 responderi
2620 1968 2817 2039 potest
2868 1963 2960 2022 vel

337 2067 401 2115 α.
434 2071 505 2109 ea
538 2070 713 2125 saepe
743 2050 998 2108 nimium
1029 2050 1307 2126 probare;
1358 2068 1427 2107 ex
1474 2050 1547 2107 iis
1593 2051 1753 2107 enim
1784 2050 1952 2125 sequi
1986 2050 2235 2108 aliorum
2271 2070 2509 2127 quoque
2540 2055 2961 2128 mysteriorum

336 2140 513 2198 fidem
549 2158 679 2199 esse
710 2140 980 2198 absolute
1012 2138 1429 2208 necessariam
1478 2135 1545 2203 b.
1592 2158 1659 2197 ea
1703 2157 1916 2215 urgere
1961 2139 2373 2216 gravissimam
2410 2143 2823 2199 necessitatem
2858 2142 2959 2200 sed

335 2230 644 2305 praecepti
675 2232 942 2297 tantum;
989 2227 1088 2285 cui
1134 2227 1407 2286 satisfieri
1453 2228 1645 2304 possit
1689 2228 1752 2286 in
1799 2227 1934 2286 fidei
1980 2229 2290 2303 explicitae
2327 2229 2817 2304 impossibilitate
2849 2231 2963 2289 fide

340 2318 640 2394 implicita
657 2325 720 2376 et
743 2319 806 2375 in
832 2321 1001 2386 vot03
1035 2316 1129 2375 vel
1162 2330 1227 2379 e.
1261 2335 1329 2375 ea
1359 2334 1488 2374 esse
1520 2317 1892 2386 affirmantia,
1927 2336 2076 2392 quae
2098 2317 2401 2376 inculcant
2422 2318 2556 2377 fidei
2578 2319 2639 2377 in
2660 2320 2960 2378 Christum

337 2407 692 2475 efficaciam;
741 2406 835 2465 vel
879 2402 948 2468 d.
984 2425 1053 2464 ea
1084 2423 1258 2482 agere
1289 2406 1362 2463 de
1396 2405 1508 2463 fide
1541 2424 1647 2481 per
1677 2406 1999 2475 Christum,
2046 2425 2224 2480 quam
2258 2407 2383 2465 scil.
2419 2408 2702 2466 habemus
2735 2428 2802 2467 ex
2836 2428 2958 2468 me·

334 2496 475 2554 ritis
508 2496 758 2565 Christi3
804 2495 901 2553 vel
933 2494 1189 2569 denique
1222 2508 1287 2556 θ.
1320 2496 1518 2570 patres
1551 2495 1714 2569 loqui
1749 2495 1820 2553 de
1852 2494 2023 2563 fact0,
2057 2496 2215 2569 quod
2249 2496 2476 2554 scilicet
2508 2497 2568 2564 ii,
2619 2497 2723 2573 qui
2755 2501 2959 2556 carent

336 2585 453 2643 fide
486 2586 552 2642 in
581 2585 904 2653 Christum,
937 2602 1057 2641 non
1088 2584 1317 2641 soleant
1348 2582 1469 2642 fere
1503 2584 1756 2641 salutem
1792 2584 2089 2659 consequi.

521 2710 791 2770 Secunda
822 2710 1117 2768 sententia
1146 2709 1321 2784 plane
1341 2709 1611 2785 opposita
1630 2709 1840 2767 horum
1863 2708 2284 2785 mysteriorum
2309 2709 2483 2768 fidem
2514 2729 2744 2785 semper
2773 2710 2961 2770 fuisse

338 2800 616 2857 absolute
649 2800 1034 2857 necessariam
1066 2801 1290 2866 tuetur,
1339 2817 1490 2873 quae
1535 2802 1735 2857 tamen
1780 2801 1872 2855 est
1915 2798 2182 2856 obsoleta
2225 2803 2286 2857 et
2321 2818 2660 2875 paucorum.
2695 2833 2780 2843 -
2814 2803 2954 2861 Suc-

337 2888 501 2946 cedit
533 2887 750 2964 duplex
785 2888 1079 2946 sententia
1108 2888 1318 2945 media.
1382 2887 1599 2956 Altera,
1636 2905 1787 2961 quae
1820 2889 1912 2945 est
1943 2887 2278 2946 Melchioris
2312 2888 2517 2958 Cani,
2550 2886 2799 2948 Baiiez
2829 2897 2957 2961 etc„

337 2977 672 3053 distinguit
702 2977 860 3034 inter
890 2976 1138 3035 salutem
1173 2981 1235 3033 et
1257 2975 1766 3053 justificationem,
1800 2983 1862 3034 et
1892 2978 2213 3047 contendit,
2247 2977 2319 3034 ad
2352 2977 2530 3047 illam,
2563 2996 2685 3036 non
2715 2997 2854 3037 vero
2886 2979 2960 3036 ad

335 3066 509 3134 hanc,
559 3065 833 3124 absolute
865 3066 1249 3124 necessariam
1281 3083 1410 3123 esse
1442 3064 1653 3123 horum
1686 3065 2106 3142 mysteriorum
2142 3066 2332 3128 fidem.
2396 3068 2598 3125 Altera
2641 3067 2962 3144 distinguit

337 3158 630 3230 tempora,
681 3161 743 3211 et
792 3154 1115 3223 contendit,
1164 3154 1373 3212 horum
1421 3154 1846 3229 mysteriorum
1892 3154 2067 3212 fidem
2112 3154 2176 3212 in
2222 3160 2421 3214 vetere
2452 3159 2806 3214 testamento
2839 3176 2960 3215 non

337 3243 543 3314 fuisse,
591 3243 764 3301 modo
810 3262 948 3301 vero
979 3261 1108 3301 esse
1139 3243 1548 3301 necessariam.
1611 3244 1704 3301 Ita
1752 3231 2140 3313 Valentia,
2185 3245 2565 3320 Becanus‚
2616 3247 2961 3305 Antoine

337 3336 400 3390 et
432 3332 654 3389 Gotti
685 3351 820 3391 cum
852 3332 1153 3408 plerisque
1184 3331 1621 3400 thomistis,
1656 3350 1911 3407 quorum
1945 3333 2326 3407 praecipuum
2359 3338 2779 3410 argumentum
2810 3334 2962 3409 peti·

335 3427 443 3479 tur
472 3440 548 3478 ex
578 3420 770 3479 effatis
793 3420 1132 3496 Scripturae
1165 3425 1226 3478 et
1257 3427 1512 3496 patrum,
1547 3440 1697 3496 quae
1728 3421 2140 3479 necessitatem
2175 3421 2311 3478 fidei
2345 3422 2408 3480 in
2428 3423 2461 3480 J
2470 3442 2639 3480 esum
2660 3423 2960 3482 Christum

339 3510 485 3569 adeo
519 3514 758 3586 urgent.
823 3511 904 3571 Cf.
936 3510 1298 3568 Mazzella
1330 3508 1402 3567 de
1436 3510 1568 3567 virt.
1601 3509 1708 3573 inf,
1740 3510 1793 3572 d.
1832 3519 1867 3571 3
1902 3529 1952 3567 a.
1996 3522 2088 3572 10.

528 3660 668 3714 146.
714 3651 785 3709 Iu
831 3651 939 3708 hac
983 3650 1415 3709 sententiarum
1448 3650 1733 3710 varietate
1764 3669 2089 3721 munemne,
2136 3651 2200 3709 in
2246 3651 2412 3726 praxi
2444 3653 2805 3727 sequendam
2836 3671 2963 3712 esse

337 3742 701 3799 sententiam
751 3740 1144 3797 affirmantem
1194 3740 1270 3797 ob
1319 3758 1668 3814 responsum
1729 3759 1763 3797 a
1813 3741 2270 3816 congregatione
2332 3758 2377 3800 s.
2429 3741 2474 3798 O
2494 3741 2707 3799 ft'icii
2754 3741 2958 3799 datum

339 3840 443 3893 28.
464 3829 634 3893 Febr.
668 3838 849 3898 1703,
884 3847 1000 3903 quo
1032 3827 1372 3886 decernitur
1405 3827 1892 3895 ,missionarium
1923 3829 2113 3886 teneri
2144 3830 2345 3887 adulto
2378 3831 2553 3888 etiam
2587 3830 2959 3902 moribundO,

336 3919 443 3994 qui
476 3920 726 3993 incapax
759 3918 999 3976 omnino
1030 3935 1150 3975 non
1182 3918 1280 3985 sit,
1315 3916 1606 3992 explicare
1637 3917 1776 3976 fidei
1802 3918 2102 3994 mysteria,
2137 3937 2287 3993 quae
2320 3921 2465 3976 sunt
2496 3920 2826 3976 necessaria
2858 3938 2961 3990 ne-

336 4008 615 4066 cessitate
660 4006 859 4075 medii,
908 4011 980 4064 ut
1022 4010 1166 4064 sunt
1210 4006 1631 4082 praecipue
1675 4008 1960 4082 mysteria
2006 4007 2317 4065 Trinitatis
2364 4011 2426 4064 et
2469 4008 2959 4071 incarnationis.‘

335 4097 463 4156 Hoc
493 4101 700 4154 autem
732 4113 1015 4170 responso
1047 4095 1455 4169 quaestionem
1487 4113 1607 4154 non
1640 4115 1769 4155 esse
1803 4097 2201 4171 peremptorie
2233 4098 2507 4165 solutam,
2554 4096 2752 4171 liquet
2796 4111 2857 4159 8.
2891 4115 2960 4156 ex

334 4205 405 4245 eo
438 4185 603 4261 quod
636 4202 754 4243 non
787 4187 1036 4252 constat,
1070 4203 1214 4242 num
1247 4202 1293 4242 s.
1326 4185 1705 4261 congregatio
1739 4185 2002 4243 voluerit
2033 4204 2157 4243 eam
2192 4185 2486 4243 dirimere.
2543 4185 2708 4246 Unde
2742 4182 2808 4251 b.
2841 4205 2961 4245 non

335 4275 618 4335 obstante
651 4274 758 4332 hoc
788 4273 1022 4332 decreto
1065 4273 1330 4350 theologi
1380 4274 1450 4330 ad
1502 4279 1739 4333 nostros
1787 4292 1980 4347 usque
2024 4274 2152 4332 dies
2201 4275 2308 4332 hac
2353 4274 2425 4333 de
2469 4293 2531 4332 re
2578 4275 2961 4333 dissentiunt.

338 4364 507 4433 Quod
542 4363 595 4421 si
629 4377 693 4426 e.
725 4366 979 4438 urgetur
996 4361 1314 4430 decretum,
1350 4363 1623 4437 sequitur
1654 4382 1720 4421 ex
1751 4363 1945 4438 ipsius
1965 4363 2180 4434 verbis,
2216 4363 2331 4421 alia
2350 4382 2587 4439 quoque
2608 4383 2736 4422 esse
2757 4383 2959 4423 neces-

334 4453 494 4512 saria
524 4452 880 4511 necessitate
911 4451 1109 4521 medii,
1156 4450 1318 4526 quod
1364 4469 1483 4509 non
1528 4451 1696 4509 facile
1735 4451 2058 4510 concedent
2091 4452 2365 4529 theologi.
2431 4452 2620 4520 Quare
2653 4454 2806 4511 illud
2840 4472 2960 4511 non

332 4543 583 4602 videtur
614 4559 743 4599 esse
774 4539 1232 4616 intelligendum
1267 4539 1339 4597 de
1371 4541 1721 4598 necessitate
1754 4541 1933 4599 medii
1967 4559 2147 4600 sensu
2184 4560 2406 4618 presSO,
2455 4542 2558 4599 sed
2602 4546 2836 4600 tantum
2886 4542 2957 4600 de

334 4651 575 4691 summa.
607 4629 904 4706 praecepti
936 4629 1288 4688 necessitate
1333 4635 1395 4687 et
1439 4631 1489 4686 si
1536 4649 1641 4704 per
1672 4629 1952 4704 adjuncta
1971 4623 2175 4688 ‘adhuc
2208 4631 2381 4688 liveat
2412 4632 2834 4690 moribundum
2866 4631 2954 4687 in-

333 4729 598 4780 struere:
640 4737 760 4794 quo
793 4736 972 4778 sensu
1002 4718 1127 4780 scil.
1159 4716 1234 4775 ab
1264 4718 1729 4776 Innocentio
1762 4719 1860 4779 XI.
1897 4719 2173 4777 damnata
2201 4719 2319 4778 fuit
2348 4739 2518 4795 prop.
2555 4730 2669 4781 64:
2718 4719 2955 4788 ,Abso-

558 4828 599 4874 Η
618 4842 645 4873 n
663 4830 763 4874 rte
779 4843 819 4884 r,
845 4826 1092 4886 Compend.
1120 4825 1385 4882 theologiae
1412 4827 1493 4872 111.
1529 4828 1608 4873 11.
1635 4825 1708 4872 ed.
2608 4823 2641 4874 9
