3538 5364
572 303 701 368 578
1045 294 1230 348 Tract.
1260 294 1350 346 IX.
1379 294 1447 346 de
1476 294 1858 347 matrimonio,
1887 292 2088 346 Thesis
2116 292 2370 347 CCLXV.
2398 293 2699 349 Adulterio

568 482 742 540 libris
787 481 858 539 de
902 480 1258 539 adulterinis
1309 480 1605 556 conjugiis
1658 480 1733 537 ad
1780 479 2160 549 Pollentiam,
2213 479 2319 537 ubi
2369 479 2528 537 inter
2577 480 2691 538 alia
2735 479 2809 548 11,
2866 492 2901 543 4
2950 482 3192 540 scribit:

573 569 1002 640 ,Quamobrem
1038 569 1366 627 secundum
1388 569 1718 627 doctrinam
1753 587 1957 627 sanam
1989 570 2202 627 mulier
2231 570 2473 645 alliyata
2503 576 2602 644 est,
2637 571 2918 649 quamdiu
2950 572 3042 627 vir
3070 572 3197 644 ejus

570 662 701 719 vivit
731 660 766 718 i.
798 678 847 717 e.
878 659 1139 717 nondum
1171 678 1203 717 e
1235 676 1478 732 corpore
1509 659 1812 717 abscessit.
1864 658 2078 715 Mulier
2107 658 2264 716 enim
2297 659 2402 715 sub
2437 660 2557 715 ve'ro
2591 660 2717 717 vivo
2747 662 2960 716 unat-ito
2977 660 3192 734 juncta

569 756 648 808 est
679 750 786 826 leqi
817 748 874 811 h.
905 768 953 810 e.
985 749 1048 807 in
1080 766 1323 823 corpore
1356 748 1702 808 constituto,
1772 748 1838 805 Si
1886 754 2077 804 autem
2126 754 2389 804 mortuus
2421 749 2597 821 fuerit
2642 748 2696 809 h,
2732 766 2780 805 e.
2827 748 2899 806 de
2945 767 3193 824 corpore

570 839 796 908 exierit,
841 845 1117 895 evacuata
1161 845 1239 894 est
1284 857 1321 894 a
1366 837 1479 912 leqe
1522 838 1635 894 viri
1668 880 1679 891 .
1716 880 1727 892 .
1762 880 1776 893 .
1828 837 2015 909 (Rom.
2054 846 2109 905 7,
2149 832 2231 917 2).
2293 835 2449 893 Haec
2491 836 2674 894 verba
2705 837 2972 912 Apostoli
3006 837 3191 895 toties

569 929 844 1006 repetita,
876 927 1054 985 toties
1090 925 1404 994 inculcata,
1440 944 1578 983 vera
1609 931 1768 995 sunt,
1803 926 1939 982 viva
1971 930 2130 994 sunt,
2165 943 2305 982 sana
2335 930 2493 994 sunt,
2529 925 2707 999 plana
2739 929 2910 994 sunt;
2962 928 3196 984 nullius

569 1017 682 1076 viri
710 1015 1056 1091 posterioris
1089 1016 1305 1074 mulier
1334 1033 1484 1072 uxor
1514 1032 1643 1072 esse
1675 1014 1908 1089 incipit,
1941 1014 2059 1071 nisi
2090 1014 2306 1089 prioris
2336 1032 2463 1072 esse
2495 1013 2760 1072 desierit.
2821 1015 2959 1073 Esse
2989 1020 3194 1074 autem

570 1106 802 1165 desinet
831 1123 978 1163 uxor
1010 1104 1240 1180 prioris,
1288 1104 1337 1162 si
1382 1103 1671 1161 moriatur
1701 1103 1795 1162 vir
1825 1104 1973 1178 ejus,
2006 1122 2123 1161 non
2158 1104 2205 1160 si
2241 1102 2583 1161 fornicetur.
2645 1103 2830 1162 Licite
2861 1105 3067 1178 itaque
3103 1105 3192 1161 di-

569 1195 836 1253 mittitur
866 1195 1081 1269 conjux
1112 1194 1185 1252 ob
1218 1210 1455 1251 causam
1486 1192 1912 1263 fornicationis,
1961 1192 2065 1250 sed
2097 1197 2298 1251 manet
2330 1192 2635 1250 vinculum
2667 1192 2899 1267 prioris,
2945 1196 3197 1269 propter

570 1285 728 1359 quod
759 1301 896 1341 reus
930 1281 998 1340 fit
1028 1282 1326 1351 adulterii,
1375 1282 1478 1357 qui
1520 1278 1826 1340 dimissam
1860 1281 2099 1338 duxerit
2129 1282 2308 1339 etiam
2341 1281 2417 1339 ob
2451 1300 2687 1339 causam
2719 1281 3193 1344 fornicationiS.‘

570 1408 657 1417 —
688 1373 1014 1432 Concilium
1046 1371 1565 1447 forojuliense
1600 1390 1648 1428 a.
1687 1380 1799 1432 791
1847 1389 1970 1428 can.
2015 1381 2122 1431 10:
2173 1370 2465 1439 ,Placuit,
2514 1373 2584 1428 ut
2629 1371 2894 1429 resoluto
2940 1371 3193 1429 fornica·

566 1462 751 1521 tionis
784 1480 957 1520 causa
980 1460 1175 1537 jugali
1206 1460 1461 1529 vincu10,
1496 1478 1614 1518 non
1647 1460 1825 1518 liceat
1854 1459 2003 1528 vir0,
2037 1459 2323 1533 quamdiu
2347 1459 2617 1517 adultera
2636 1459 2800 1529 vivit,
2835 1459 3014 1517 aliam
3046 1478 3194 1517 uxo-

570 1570 692 1609 rem
727 1551 937 1609 ducere
971 1593 984 1607 .
1017 1594 1032 1608 .
1067 1595 1079 1608 .
1126 1550 1277 1608 Nam
1321 1549 1434 1607 etsi
1480 1549 1718 1624 legatur
1763 1550 1826 1607 in
1873 1566 1947 1606 ss.
1980 1548 2289 1625 Evangelii
2328 1548 2582 1624 paginis,
2629 1549 2753 1606 sola
2786 1549 3195 1607 fornicationis

572 1659 748 1700 causa
778 1639 996 1698 dixisse
1029 1638 1345 1697 Dominum
1378 1638 1675 1696 dimittere
1707 1639 1902 1696 virum
1925 1655 2167 1696 uxorem
2189 1652 2378 1707 suam,
2411 1656 2531 1696 non
2562 1645 2763 1696 tamen
2796 1637 3021 1714 legitur
3051 1656 3194 1696 con·

572 1729 815 1788 cessisse
848 1729 1023 1787 aliam
1057 1728 1295 1786 vivente
1327 1727 1431 1785 illa
1462 1727 1524 1784 in
1559 1727 1838 1801 conjugio
1870 1726 1986 1785 sibi
2021 1727 2260 1796 sociare,
2294 1726 2670 1801 prohibuisse
2690 1726 2881 1785 modis
2913 1726 3197 1785 omnibus

571 1837 689 1877 non
734 1818 1118 1894 ambigitur.‘
1155 1850 1240 1861 --
1272 1820 1466 1874 Antea
1509 1833 1666 1873 conc.
1713 1815 2259 1874 milevitanum
2293 1816 2367 1876 11.
2399 1836 2449 1873 a.
2484 1826 2601 1877 461
2646 1834 2693 1876 e.
2735 1827 2840 1878 17:
2895 1816 3193 1883 ,Placuit‚

570 1912 642 1966 ut
672 1907 998 1966 secundum
1031 1906 1431 1982 evangelicam
1463 1910 1523 1962 et
1555 1905 1938 1980 apostolicam
1958 1904 2332 1980 disciplinam
2354 1924 2547 1980 neque
2568 1903 2852 1963 dimissus
2885 1904 2958 1962 ab
2990 1923 3193 1971 uxore,

570 2015 763 2072 neque
794 1995 1039 2054 dimissa
1069 2014 1103 2052 a
1133 1995 1345 2052 marito
1377 1993 1549 2052 alteri
1581 1994 2051 2070 conjungantur;
2101 1994 2200 2052 sed
2249 1994 2336 2051 ita
2379 1999 2658 2051 maneant
2702 1999 2806 2051 aut
2839 1993 2954 2051 sibi
2985 2012 3194 2052 recon-

528 2086 867 2165 qcilientur.
933 2084 1100 2153 Quod
1147 2083 1198 2141 si
1243 2082 1723 2157 contempserint,
1772 2084 1844 2139 ad
1876 2082 2300 2157 poenitentiam
2335 2083 2699 2159 redigantur.
2764 2083 2832 2140 ln
2866 2101 2983 2157 qua
3017 2101 3196 2141 causa

530 2168 764 2262 [legem
796 2173 1162 2250 imperialem
1196 2172 1510 2248 petendam
1544 2171 1972 2248 promulgari.‘
2012 2204 2092 2215 --
2137 2172 2212 2230 Et
2247 2173 2373 2247 jam
2407 2172 2444 2230 J
2462 2172 2781 2230 ustinus
2815 2171 3040 2246 absque
3072 2171 3195 2229 ulla

573 2264 926 2322 limitatione
957 2262 1108 2338 apol.
1148 2274 1171 2324 1
1213 2280 1271 2320 n.
1313 2272 1386 2324 15
1422 2259 1805 2337 pronunciat:
1855 2258 2013 2328 ,Qui
2063 2260 2228 2319 ducit
2271 2260 2643 2336 repudiatam
2689 2261 2762 2319 ab
2808 2262 2994 2319 altero
3039 2261 3191 2329 viro,

571 2354 972 2413 moechatur!
1014 2350 1358 2412 cf.Pat1-um
1390 2350 1734 2408 testimonia
1764 2349 1924 2425 apud
1958 2349 2332 2408 Palmieri
2366 2351 2450 2412 th.
2494 2361 2588 2420 17,
2623 2349 3083 2425 Roskovany
3117 2350 3192 2418 11,

574 2455 685 2506 101
731 2461 838 2511 ss.;
872 2443 1212 2499 Perrone
1243 2439 1283 2497 l.
1322 2448 1355 2501 3
1392 2457 1436 2500 s,
1473 2448 1508 2500 2
1545 2456 1591 2500 c.
1617 2448 1669 2501 3.
1705 2439 1874 2496 Inter
1905 2456 2004 2496 eos
2038 2438 2302 2496 eminent
2335 2444 2406 2497 ut
2436 2439 2774 2497 traditionis
2806 2443 2987 2497 testes
3018 2458 3190 2513 prae·

565 2537 660 2591 ter
690 2530 1098 2607 Augustinum
1136 2528 1660 2604 Hieronymus
1695 2547 1785 2603 ep.
1825 2537 1940 2598 553
1995 2538 2071 2589 77
2120 2546 2180 2592 n.
2216 2536 2250 2589 3
2300 2533 2360 2586 et
2405 2529 3001 2604 chrysostomus
3035 2528 3188 2589 hom.

568 2622 641 2680 de
675 2621 776 2685 lib.
810 2619 1061 2697 repudii.

748 2755 894 2810 618.
926 2744 1146 2804 Verum
1178 2742 1418 2818 quidem
1450 2745 1556 2812 est,
1607 2741 1976 2800 adversarios
2011 2740 2277 2817 undique
2311 2741 2612 2800 corradere
2644 2741 3004 2810 testimonia,
3039 2761 3195 2816 quae

564 2839 829 2912 ipsorum
849 2836 1131 2894 videntur
1150 2832 1346 2891 favere
1365 2830 1631 2906 opinioni
1660 2831 1732 2889 de
1769 2830 2138 2889 matrimonii
2169 2830 2534 2889 solubilitate
2564 2832 2626 2889 in
2657 2849 2798 2889 casu
2827 2829 3111 2888 adulterii
3129 2825 3196 2911 ¹).

563 2927 648 2985 Ex
680 2925 801 2984 illis
833 2929 1036 2982 autem
1067 2922 1240 2998 plura
1270 2921 1474 2995 seponi
1495 2919 1742 2978 debent:
1778 2919 1980 2994 aliqua
2011 2920 2168 2977 enim
2204 2915 2265 2982 1.
2299 2925 2445 2979 sunt
2476 2920 2705 2996 spuria3
2740 2919 2858 2978 alia
2888 2916 2953 2981 2.
2988 2919 3196 2994 potius

565 3015 767 3073 favent
797 3013 1099 3072 doctrinae
1119 3010 1454 3069 catholicae.
1489 3009 1701 3083 Seponi
1734 3005 1802 3070 3.
1839 3009 2058 3066 debent
2089 3009 2431 3067 testimonia
2463 3028 2530 3067 ex
2566 3009 2797 3085 legibus
2829 3009 3194 3084 principum,

565 3104 797 3161 etiamsi
829 3102 890 3160 bi
924 3100 1235 3161 christiani
1267 3098 1508 3167 fuerint,
1556 3098 1764 3173 petita,
1815 3115 1947 3155 cum
1982 3097 2317 3156 inauditum
2353 3098 2453 3167 sit,
2499 3099 2798 3173 principes
2831 3097 3034 3155 civiles
3064 3115 3198 3154 esse

567 3193 910 3251 traditionis
940 3184 1210 3271 testes2).
1264 3187 1480 3263 Seponi
1509 3181 1578 3248 4.
1614 3186 1837 3244 debent·
1868 3198 1930 3244 et
1961 3205 2047 3258 ea,
2081 3205 2231 3261 quae
2263 3186 2504 3244 nonnisi
2538 3187 2717 3245 verba
2748 3186 2966 3244 Christi
3001 3187 3196 3244 incul-

567 3285 707 3341 cant
735 3281 830 3340 vel
863 3282 1173 3356 repetunt;
1206 3297 1343 3335 nam
1376 3276 1448 3334 de
1480 3276 1719 3334 illorum
1744 3293 1929 3333 sensu
1961 3276 2165 3333 eadem
2198 3280 2291 3334 est
2322 3277 2738 3345 controversia,
2771 3295 2923 3351 quae
2956 3274 3028 3332 de
3061 3294 3196 3333 ver-

563 3370 656 3429 bis
687 3369 942 3440 Christi;
991 3386 1183 3443 neque
1216 3364 1283 3430 5.
1317 3384 1384 3424 ea
1416 3364 1743 3440 quidquam
1780 3364 2052 3439 probant,
2087 3383 2238 3440 quae
2271 3372 2414 3423 sunt
2444 3364 2756 3441 ambiguae
2788 3364 3103 3440 potestatis
3134 3368 3198 3421 et

566 3459 788 3536 quibus
821 3458 1062 3528 dicitur,
1093 3455 1389 3514 adulterio
1408 3454 1852 3512 matrimonium
1885 3453 2166 3529 rumpi,
2202 3454 2426 3521 divelli,
2461 3453 2781 3524 dissociari,
2815 3453 2993 3511 licere
3024 3471 3095 3510 eo
3130 3453 3200 3510 in

566 3568 705 3608 casu
736 3547 1079 3618 divortium,
1113 3544 1429 3621 repudium
1461 3545 1575 3606 etc.
1639 3543 1952 3619 Ejusmodi
1987 3543 2145 3601 enim
2179 3543 2359 3601 verba
2390 3543 2648 3620 intelligi
2680 3548 2930 3620 possunt
2962 3542 3035 3600 de
3067 3543 3200 3600 sola

566 3637 936 3714 separatione
967 3656 1002 3694 a
1033 3653 1237 3694 mensa
1268 3641 1329 3690 et
1359 3637 1509 3701 toro,
1543 3651 1741 3705 neque
1774 3634 2105 3691 necessario
2139 3636 2355 3690 sonant
2383 3633 2574 3708 ipsius
2609 3632 2910 3690 vinculi
2946 3632 3199 3689 solutio-

564 3747 716 3786 nem.
780 3726 1011 3795 Quibus
1058 3723 1334 3783 omnibus
1383 3721 1660 3795 sepositis
1708 3739 1778 3778 ex
1830 3724 1922 3779 tot
1975 3722 2364 3797 scriptoribus
2409 3721 2824 3780 ecclesiasticis
2873 3721 2968 3778 vix
3015 3719 3199 3778 unius

567 3814 969 3874 Lactantii
1002 3813 1303 3887 reliquum
1337 3815 1427 3869 est
1458 3809 1965 3886 testimonium³):
2019 3814 2079 3867 et
2124 3829 2192 3868 ex
2227 3811 2487 3885 sequiori
2518 3813 2710 3868 aetate
2743 3818 3067 3884 supersunt
3100 3827 3195 3866 ca·

475 3953 523 4131 I
567 3965 570 3974 ’
788 3975 824 4038 ¹)
854 3967 934 4020 Cf.
964 3967 1165 4020 Linzer
1206 3965 1377 4018 theol.
1419 3964 1606 4048 prakt.
1651 3962 2058 4032 Monatschrift
2090 3969 2241 4019 1808.
2271 3965 2310 4028 I,
2339 3970 2443 4019 ‘208
2470 3981 2557 4027 ss,‚
2604 3963 2705 4017 ubi
2731 3963 3103 4031 reperiuntur
3129 3963 3197 4016 27

525 3977 565 4126 Ι
568 4053 795 4120 patrum
826 4065 927 4119 pro
958 4049 1062 4102 hac
1089 4046 1446 4101 solubilitate
1474 4063 1501 4099 e
1556 4051 1624 4101 30
1651 4046 1884 4115 patrum
1910 4045 2079 4097 effata
2105 4047 2304 4098 contra
2332 4044 2589 4097 eandem.

784 4135 823 4198 ²)
852 4128 1116 4183 Ceterum
1144 4127 1285 4196 quid
1313 4129 1505 4196 patres
1541 4124 1874 4180 censuerint
1913 4124 1982 4177 de
2011 4125 2203 4178 valore
2231 4125 2423 4194 legum
2470 4122 2800 4194 principum
2826 4121 2977 4175 circa.
3004 4121 3198 4175 matri-

568 4217 824 4263 monium
870 4207 940 4261 cf.
986 4208 1140 4278 apud
1187 4207 1229 4260 P
1247 4225 1275 4261 e
1294 4223 1411 4260 rro
1434 4222 1516 4259 ne
1558 4205 1596 4258 l.
1643 4213 1666 4260 1
1711 4207 1845 4259 sect.
1887 4212 1917 4258 2
1946 4221 1991 4258 c.
2043 4214 2065 4260 l
2097 4221 2147 4256 a.
2181 4213 2224 4259 l.
2276 4203 2492 4257 Passim
2534 4203 2687 4257 enim
2729 4202 3028 4257 inculcant
3065 4219 3195 4256 cum

569 4289 608 4342 C
626 4290 703 4342 hr
717 4307 753 4357 y
772 4309 794 4342 s
813 4306 844 4342 o
861 4306 886 4340 s
903 4291 974 4343 to
995 4307 1047 4342 m
1066 4307 1097 4342 o
1126 4290 1275 4346 hom.
1297 4288 1365 4340 de
1394 4285 1591 4340 libello
1619 4283 1849 4354 repudii
1876 4303 1931 4337 n.
1966 4293 1988 4339 l
2012 4307 2024 4338 ε
2078 4285 2195 4346 „Ne
2237 4283 2380 4337 mihi
2422 4284 2576 4354 leges
2602 4284 2676 4337 ab
2701 4281 2907 4336 exteris
2934 4282 3197 4337 conditas

568 4368 725 4438 legas
751 4369 1168 4438 praecipientes
1194 4371 1327 4421 dare
1356 4367 1618 4421 libellum
1643 4364 1875 4434 repudii
1902 4367 1960 4417 et
1985 4365 2202 4418 divelli.
2232 4364 2432 4432 Neque
2459 4363 2612 4417 enim
2638 4364 2803 4434 juxta
2829 4362 2960 4416 illas
2973 4361 3197 4432 judica·

569 4450 733 4501 turus
760 4452 847 4501 est
872 4451 926 4501 te
956 4449 1105 4502 Deus
1130 4449 1191 4501 in
1218 4448 1311 4501 die
1340 4447 1459 4510 illa,
1486 4446 1583 4500 sed
1611 4446 1923 4500 secundum
1946 4463 2056 4509 eas,
2085 4462 2227 4513 quas
2254 4445 2377 4515 ipse
2405 4444 2660 4498 statuit.“

786 4533 824 4598 ³)
858 4530 937 4580 lta
970 4528 1299 4582 Lactantius
1326 4528 1526 4581 scribit
1566 4527 1737 4580 Instit
1762 4527 1855 4590 Vl,
1886 4533 1986 4582 23:
2040 4525 2224 4586 „Haec
2268 4529 2422 4590 sunt,
2469 4542 2616 4594 quae
2659 4525 2732 4578 ad
2777 4524 3193 4580 continentiam

572 4608 1007 4678 praecipiuntur
1031 4626 1064 4660 a
1091 4609 1240 4663 Deo:
1287 4609 1382 4662 sed
1410 4613 1602 4662 tamen
1630 4624 1701 4660 ne
1728 4607 1861 4675 quis
1886 4606 2085 4659 divina
2112 4609 2418 4676 praecepta
2457 4605 2916 4661 circumscribere
2946 4623 3002 4659 se
3030 4608 3197 4677 putet

570 4705 748 4757 posse,
776 4687 1071 4741 adduntur
1097 4689 1216 4753 illa,
1246 4692 1310 4742 ut
1336 4688 1520 4742 omnis
1547 4687 1834 4742 calumnia
1861 4690 1919 4740 et
1943 4687 2162 4740 occasio
2192 4686 2410 4740 fraudis
2434 4688 2826 4740 removeatur:
2865 4685 3195 4740 adulterum

569 4784 704 4830 esse,
732 4767 836 4835 qui
860 4784 894 4819 a
922 4769 1125 4823 marito
1155 4771 1389 4838 ejectam
1422 4768 1668 4832 duxerit,
1710 4769 1768 4820 et
1807 4783 1954 4830 eum,
1996 4766 2098 4834 qui
2138 4769 2364 4836 praeter
2402 4766 2614 4819 crimen
2658 4763 2930 4818 adulterii
2957 4782 3194 4819 uxorem
