3538 5364
1433 342 1519 393 est
1536 340 1850 409 judicialis.
2820 352 2948 416 325

338 521 512 595 bant,
547 521 717 603 quod
752 539 881 584 non
930 520 1269 593 faciebant,
1305 537 1450 583 cum
1500 527 1798 600 ageretur
1844 522 1923 586 de
1968 522 2355 587 conserendo
2403 524 2739 605 baptismo,
2802 526 2950 591 Ideo

341 636 555 693 autern
590 626 1067 707 distinguebant
1100 626 1399 690 catholici
1432 628 1599 691 inter
1631 636 1900 708 peccata
1933 636 1996 692 et
2027 637 2295 709 peccata
2342 637 2410 694 ut
2443 650 2520 695 ex
2555 633 2951 714 praescripto

340 734 571 798 Christi
618 755 733 816 pro
780 733 1092 797 varietate
1138 740 1551 815 peccatorum
1601 736 1878 815 majores
1925 736 2287 802 minoresve
2334 738 2734 819 imponerent
2763 742 2952 803 satis-

343 842 679 915 factiones;
714 841 1043 905 novatiani
1077 860 1248 915 ver0,
1273 850 1342 905 ut
1363 860 1478 922 pro
1513 843 1825 906 varietate
1857 850 2270 924 peccatorum
2303 847 2555 910 veniam
2591 847 2689 910 vel
2721 864 2954 911 conce-

340 950 560 1015 derent
614 950 713 1014 vel
764 955 1088 1028 negarent.
1154 947 1659 1013 Consentiebant
1723 968 1874 1030 ergo
1938 951 2207 1032 utrique,
2272 971 2402 1015 non
2454 954 2711 1031 cognita
2759 972 2954 1018 causa

342 1062 724 1137 potestatem
758 1056 925 1118 hanc
958 1057 1240 1119 exerceri
1274 1056 1548 1136 legitime
1582 1074 1712 1119 non
1744 1075 1954 1138 posse.

468 1155 583 1257 [2.
617 1179 707 1243 Ea
740 1187 1028 1260 potestas
1064 1187 1162 1245 est
1176 1181 1514 1261 JudicialiS,
1541 1201 1707 1263 quae
1731 1190 2024 1246 versatur
2045 1184 2214 1245 circa
2235 1191 2521 1263 peccata,
2539 1184 2721 1247 aliter
2741 1190 2957 1247 tamen

342 1295 533 1369 atque
566 1288 750 1351 aliter
780 1307 896 1367 pro
931 1307 1154 1351 eorum
1186 1289 1505 1352 varietate
1540 1296 1603 1352 et
1634 1290 1964 1369 gravitate,
2001 1296 2063 1352 et
2096 1307 2223 1371 qua
2254 1308 2371 1370 pro
2407 1289 2617 1353 delicti
2651 1290 2959 1371 qualitate

342 1402 440 1459 est
471 1395 858 1474 imponenda
892 1394 1266 1458 satisfactio.
1334 1394 1658 1476 Ejusmodi
1706 1415 1859 1459 vero
1894 1402 1990 1460 est
2021 1395 2184 1460 haec
2216 1402 2521 1477 potestas
2575 1403 2642 1459 ut
2674 1402 2849 1477 patet
2882 1414 2957 1459 ex

343 1501 521 1583 praxi
557 1501 874 1566 Ecclesiae
907 1502 1225 1584 antiquae.

523 1651 613 1707 Ita
646 1649 859 1706 statuit
893 1666 1049 1710 conc.
1084 1648 1575 1706 laodicenum
1613 1645 1688 1731 (a.
1726 1646 2103 1729 343—3s1)
2139 1668 2261 1707 can.
2300 1659 2367 1710 2:
2419 1649 2592 1718 ,Eos,
2641 1650 2745 1725 qui
2777 1649 2838 1707 in
2872 1649 2960 1706 di-

342 1740 529 1797 versis
563 1738 794 1796 delictis
826 1741 1068 1812 peccant
1113 1746 1173 1793 et
1218 1737 1278 1794 in
1326 1738 1590 1796 oratione
1637 1738 2028 1797 confessionis
2062 1746 2121 1796 et
2154 1738 2550 1814 poenitentiae
2583 1746 2963 1814 perseverant

344 1832 404 1886 et
449 1846 511 1886 se
556 1848 587 1884 a
633 1827 807 1884 malis
848 1826 1105 1901 perfecte
1139 1832 1510 1896 convertunt,
1559 1838 1823 1902 ternpore
1857 1828 2255 1902 poenitentiae
2289 1828 2373 1885 eis
2407 1845 2513 1903 pro
2547 1827 2752 1885 delicti
2784 1846 2963 1903 pro-

343 1917 708 1993 portione
754 1916 893 1973 ‹lato
940 1920 1182 1991 propter
1216 1916 1317 1973 Dei
1352 1915 1757 1974 miserationes
1804 1920 1864 1974 et
1910 1917 2236 1974 bonitatem
2270 1916 2464 1975 offerri
2498 1917 2962 1975 communioni.‘

344 2039 429 2048 ——
464 2006 631 2065 Cone.
666 2005 1179 2081 carthaginen
1202 2023 1275 2061 se
1313 2004 1414 2061 111.
1451 2004 1526 2081 (a.
1564 2001 1719 2083 397)
1754 2025 1799 2067 e.
1837 2015 1907 2067 31
1937 2026 1949 2062 :
2001 2006 2121 2073 ,Ut
2151 2005 2601 2081 poenitentibus
2635 2006 2961 2063 secundum

344 2099 718 2171 peccatorum
753 2093 1297 2152 differentiam
1337 2094 1598 2169 episcopi
1630 2095 1879 2153 arbitrio
1911 2094 2312 2170 poenitentiae
2347 2100 2615 2169 tempora
2646 2094 2964 2153 decernan-

344 2188 504 2245 tur.‘
576 2217 646 2226 -
698 2183 1124 2258 Gregorius
1176 2183 1248 2243 M.
1295 2184 1449 2244 hom.
1489 2193 1563 2243 26
1616 2183 1677 2240 in
1711 2184 1934 2259 Evang.
1971 2194 2029 2244 4.
2068 2194 2134 2245 5:
2189 2184 2374 2250 ,Ecce
2408 2231 2420 2244 .
2455 2230 2469 2245 .
2504 2232 2516 2244 .
2567 2184 2966 2259 principatum

346 2273 589 2347 superni
613 2272 828 2347 judicii
851 2272 1188 2330 sortiuntur
1211 2269 1559 2353 (discipuli),
1594 2276 1663 2330 ut
1696 2273 1822 2330 vice
1858 2272 1962 2330 Dei
1992 2272 2350 2347 quibusdam
2385 2276 2621 2346 peccata
2651 2273 2964 2341 retineant,

348 2362 702 2438 quibusdam
737 2361 1001 2418 relaxent
1034 2405 1045 2417 .
1082 2406 1093 2418 .
1128 2405 1142 2419 .
1176 2361 1402 2419 Horum
1437 2362 1698 2436 profecto
1731 2362 1794 2419 in
1817 2362 2074 2420 Ecclesia
2097 2361 2354 2437 episcopi
2390 2362 2584 2420 locum
2618 2364 2825 2420 tenent
2859 2406 2870 2418 .
2906 2408 2917 2419 .
2954 2406 2965 2417 .

349 2451 598 2510 Grandis
630 2451 835 2519 honor,
872 2450 973 2507 sed
1006 2469 1182 2525 grave
1216 2450 1447 2524 pondus
1484 2501 1493 2511 .
1531 2495 1543 2508 .
1578 2496 1590 2508 .
1626 2451 1844 2509 Causae
1877 2451 2215 2527 pensandae
2248 2455 2408 2520 sunt,
2457 2456 2516 2507 et
2563 2456 2708 2508 tunc
2739 2450 2964 2527 ligandi

348 2546 526 2616 atque
558 2539 827 2598 solvendi
859 2542 1122 2614 potestas
1165 2540 1530 2601 excercenda.
1596 2539 1949 2608 Videndum,
1999 2559 2150 2615 quae
2197 2540 2370 2614 culpa
2416 2541 2813 2613 praecesserit,
2862 2544 2969 2598 aut

348 2649 498 2707 quae
528 2630 608 2688 sit
638 2628 1003 2704 poenitentia
1035 2632 1236 2688 secuta
1269 2633 1406 2705 post
1438 2630 1687 2706 culpam,
1736 2633 1808 2688 ut
1854 2648 2001 2704 quos
2048 2629 2423 2705 omnipotens
2460 2629 2614 2688 Deus
2660 2647 2765 2704 per
2810 2648 2967 2688 com-

349 2719 691 2796 punctionis
724 2720 974 2795 gratiam
1011 2719 1232 2786 visitat,
1283 2719 1418 2776 illos
1454 2720 1709 2794 pastoris
1744 2719 2045 2778 sententia
2078 2719 2422 2786 absolvat;‘
2471 2724 2530 2777 et
2578 2719 2796 2777 iterum
2847 2715 2969 2800 (vel

349 2808 505 2867 alius
539 2812 742 2867 auctor
773 2808 1058 2882 antiquus
1098 2808 1136 2870 l.
1175 2819 1208 2868 3
1248 2808 1308 2865 in
1344 2808 1482 2883 Reg.
1517 2828 1573 2868 n.
1616 2803 1753 2890 13):
1805 2808 2105 2876 ,Afflictio
2152 2808 2553 2883 poenitentiae
2599 2808 2671 2866 ad
2721 2807 2969 2866 delenda

349 2900 587 2973 peccata
617 2900 748 2955 turn
780 2896 1016 2954 demum
1052 2896 1261 2954 idonea
1306 2902 1416 2966 est,
1467 2917 1599 2955 cum
1648 2897 1971 2956 sacerdotis
2010 2897 2238 2971 judicio
2273 2896 2453 2956 fuerit
2485 2897 2786 2972 imperata,
2837 2917 2968 2955 cum

349 2987 422 3044 ab
453 3005 521 3045 eo
554 2986 961 3044 confitentium
985 2985 1214 3043 actibus
1237 2986 1522 3044 discussis
1558 3006 1663 3062 pro
1697 3007 1751 3044 m
1771 2987 1907 3045 odo
1943 2986 2206 3044 criminis
2241 3005 2392 3044 onus
2425 2987 2478 3044 ei
2512 2986 2853 3044 decernitur
2884 2981 2990 3072 αἲξ

353 3076 690 3134 flictionis.‘³‘

526 3213 591 3280 3.
628 3212 762 3275 Hac
813 3213 891 3277 de
943 3230 1141 3276 causa
1187 3214 1558 3278 sacerdotes
1610 3213 1885 3277 clavium
1931 3221 2252 3295 potestate
2301 3214 2587 3277 instructi
2626 3213 2970 3296 judiceS,

352 3320 683 3400 potestatis
717 3319 1090 3384 exercitium
1127 3338 1165 3382 a
1198 3320 1489 3401 patribus
1517 3321 1926 3400 judicium
1959 3321 2269 3384 dicuntur.

530 3467 699 3525 Modo
731 3488 765 3525 a
796 3467 1168 3543 Gregorio
1203 3467 1306 3534 M.;
1343 3467 1428 3525 ita
1459 3488 1492 3525 a
1523 3468 2071 3544 chrysostomo
2105 3469 2175 3527 de
2209 3487 2318 3526 sac.
2343 3468 2446 3534 111,
2489 3477 2541 3528 5.
2579 3477 2644 3534 6;
2681 3486 2713 3524 a
2744 3467 2972 3524 Theo-

353 3556 624 3614 doreto
656 3556 717 3613 in
752 3556 852 3614 Ex.
886 3575 941 3631 q.
984 3567 1092 3618 15:
1147 3557 1356 3624 ,Sicut
1389 3557 1654 3616 sacerdos
1687 3558 1910 3632 lepram
1944 3557 2252 3632 dijudicat,
2300 3559 2384 3615 ita
2416 3560 2652 3631 oportet
2685 3555 2881 3631 ipsum
2915 3559 2975 3613 et

345 3645 606 3719 judicem
638 3664 761 3703 esse
794 3649 1163 3720 peccatorum
1198 3646 1502 3712 animae3‘
1551 3647 1623 3704 ab
1671 3647 2101 3714 AmbrosiO,
2151 3647 2253 3722 qui
2304 3646 2623 3720 explanans
2670 3645 2848 3702 verba
2880 3645 2971 3706 Ps.

358 3743 456 3803 38,
504 3744 610 3795 14:
660 3734 899 3792 Remitte
932 3735 1088 3811 mihi,
1128 3742 1187 3792 ut
1222 3736 1531 3811 refriqerer
1556 3738 1911 3812 priusquam
1944 3754 2070 3792 eam
2103 3744 2151 3792 et
2184 3737 2438 3807 amplius
2472 3752 2583 3790 non
2615 3752 2732 3806 erc,
2767 3733 2974 3790 scribit

352 3842 409 3881 n.
447 3832 559 3885 37:
610 3823 722 3890 ,H.
756 3842 804 3880 e.
839 3823 932 3880 hic
963 3824 1109 3882 mihi
1140 3825 1403 3894 remitte,
1451 3824 1555 3883 ubi
1602 3825 1851 3899 peccavi.
1915 3824 2048 3881 Nisi
2084 3825 2177 3881 hic
2209 3824 2353 3881 mihi
2389 3822 2702 3890 remiseris,
2751 3822 2834 3878 ibi
2882 3841 2971 3879 re-

353 3911 654 3970 missionis
688 3913 953 3987 requiem
988 3912 1255 3971 invenire
1288 3932 1406 3970 non
1439 3917 1677 3988 potero;
1713 3913 1872 3988 quod
1906 3913 2060 3971 enirn
2096 3913 2160 3970 in
2192 3916 2351 3970 terra
2383 3912 2637 3986 ligatum
2669 3911 2972 3978 manserit,

355 4001 609 4077 ligatum
641 4001 906 4059 manebit
951 4007 1011 4058 et
1061 4002 1121 4059 in
1168 4003 1358 4068 coelo;
1414 4003 1571 4077 quod
1606 4002 1872 4060 solutum
1904 4002 1968 4059 in
2000 4007 2159 4061 terra
2189 4001 2389 4070 fuerit,
2439 4000 2704 4057 solutum
2753 4000 2867 4057 erit
2912 3998 2974 4056 in

354 4089 531 4148 coelo.
577 4090 874 4166 Propheta
904 4093 1060 4148 enim
1093 4095 1154 4149 et
1184 4091 1552 4166 praedicator
1586 4091 1878 4148 Ecclesiae
1911 4090 2353 4168 congregendae
2387 4088 2727 4165 evangelico
2761 4087 2976 4162 spiritu

355 4178 759 4254 indulgentias
796 4179 1029 4237 Domini
1062 4180 1443 4255 praevidebat
1487 4184 1548 4238 et
1598 4180 2015 4256 praecipienda
2060 4180 2345 4256 apostolis
2391 4178 2444 4236 ei
2493 4178 2779 4235 Dominus
2811 4196 2974 4235 reve-

356 4267 544 4334 labat;
593 4268 711 4326 imo
744 4268 883 4326 haec
915 4271 1041 4325 erat
1073 4271 1244 4326 vetus
1279 4270 1597 4338 sententia,
1647 4272 1718 4326 ut
1750 4269 1857 4344 qui
1893 4288 1953 4327 se
1986 4270 2227 4344 ligasset
2261 4269 2321 4326 in
2353 4268 2548 4334 terris,
2596 4266 2831 4325 vinctus
2863 4266 2974 4324 mi-

354 4361 554 4433 graret
597 4377 631 4414 a
675 4375 935 4432 corpore.
1001 4356 1139 4415 Ideo
1188 4357 1489 4426 Dominus,
1543 4358 1700 4432 quod
1752 4362 1889 4416 ante
1939 4363 2066 4416 erat
2103 4357 2320 4431 judicii
2370 4356 2462 4414 sui
2496 4356 2661 4414 dedit
2693 4356 2978 4432 apostolis

355 4448 595 4520 peccata
625 4445 971 4504 remittendi
1003 4446 1300 4521 aequitate
1333 4447 1612 4505 solvenda
1661 4447 1785 4524 (sci¹
1856 4447 2201 4505 remittendi
2249 4449 2503 4521 peccata,
2553 4464 2703 4519 quae
2750 4445 2978 4504 solvere

356 4534 391 4596 i.
423 4553 469 4592 e.
501 4534 803 4593 remittere
836 4554 1091 4609 aequum
1124 4531 1321 4616 soret),
1371 4555 1443 4594 ne
1489 4536 1608 4594 cito
1649 4536 1929 4595 solvenda
1961 4536 2065 4593 diu
2099 4537 2285 4612 ligata
2317 4538 2640 4596 manerent.
2708 4527 2978 4609 Denique

356 4623 494 4682 audi
526 4623 849 4682 dicentem:
926 4625 1049 4682 Tibi
1080 4625 1226 4683 dabo
1257 4627 1436 4683 claves
1468 4627 1629 4702 reyni
1660 4627 1943 4683 coelorum
1977 4629 2085 4682 etc.
2160 4625 2302 4698 Tibi,
2354 4623 2570 4699 inquit,
2618 4624 2766 4681 dabo
2800 4625 2980 4680 claves

358 4714 517 4790 requi
546 4715 850 4786 coelorum,
885 4717 955 4772 ut
985 4717 1045 4772 et
1078 4714 1268 4773 solvas
1300 4719 1359 4772 et
1392 4714 1557 4791 ligeS.
1612 4714 1735 4772 Hoc
1757 4714 2124 4772 Novatianus
2159 4732 2276 4772 non
2311 4713 2556 4780 audivit,
2593 4713 2695 4770 sed
2718 4712 2980 4769 Ecclesia

361 4802 464 4859 Dei
486 4802 741 4860 audivit:
777 4802 908 4861 ideo
942 4804 1043 4861 ille
1077 4803 1139 4860 in
1172 4804 1363 4879 lapsu,
1399 4822 1506 4861 nos
1540 4804 1602 4861 in
1634 4803 2011 4861 remissione:
2047 4802 2149 4859 ille
2184 4803 2245 4861 in
2267 4801 2740 4878 impoenitentia,
2776 4819 2882 4858 nos
2919 4801 2982 4856 in
