3538 5364
621 295 751 360 690
1036 285 1222 340 Tract.
1249 286 1312 341 X.
1341 285 1410 339 de
1437 283 1554 339 Deo
1583 288 2054 342 consummatore.
2095 284 2176 340 De
2205 285 2366 340 cultu
2395 303 2464 340 ss,
2490 285 2825 357 imaginum.

621 473 800 532 verba
831 491 914 531 or.
953 483 979 535 1
1037 466 1230 554 (Mig.
1266 472 1367 541 94,
1412 466 1606 552 1163)
1656 470 2021 530 adversarios
2066 472 2288 531 ironice
2318 471 2403 530 ita
2434 472 2794 547 alloquitur:
2848 473 2976 541 ,Ex
3008 473 3241 549 duplici

619 566 834 622 natura
864 579 997 620 sum
1032 560 1339 619 conditus:
1407 560 1608 636 sicque
1640 560 1719 630 id,
1767 560 1929 635 quod
1959 561 2098 619 visu
2129 562 2409 632 cernitur,
2444 561 2758 636 aspicienS,
2806 561 2957 621 illud
2991 581 3241 621 veneror

619 670 740 710 non
783 653 1088 726 tamquam
1122 650 1329 721 Deum,
1383 649 1486 708 sed
1537 651 1841 725 tamquam
1891 649 2263 709 venerandae
2314 650 2400 709 rei
2446 649 2786 708 venerabile
2832 651 3241 713 simulacrum.

621 740 733 799 Sed
764 743 836 798 tu
867 738 1108 816 quidem
1140 739 1390 797 fort-asse
1423 738 1739 797 sublimior
1769 757 1834 797 es
1869 741 2049 813 atque
2070 758 2104 796 a
2124 740 2373 797 materia
2401 739 2703 809 remotior,
2736 758 2801 797 ac
2821 757 3005 816 supra
3023 759 3241 816 corpus

617 829 894 888 incedens
929 847 1036 887 ceu
1066 828 1235 886 nullo
1269 828 1460 886 carnis
1492 828 1750 903 pondere
1783 827 2004 904 gravis,
2039 827 2100 885 id
2133 846 2304 887 omne
2337 826 2609 903 despicis,
2644 828 2804 904 quod
2836 828 2900 887 in
2930 833 3242 906 aspectum

620 917 796 980 cadit.
828 918 953 994 Ego
989 935 1128 976 vero
1163 916 1338 975 homo
1371 934 1506 975 cum
1540 916 1652 974 sim
1686 920 1747 975 et
1784 934 2030 992 corpore
2062 916 2321 975 vestitus
2354 935 2490 975 cum
2521 916 2613 988 iis,
2646 935 2798 991 quae
2829 922 3032 977 sancta
3080 922 3241 989 sunt,

621 1026 860 1083 corpore
893 1006 1120 1066 versari
1166 1006 1340 1081 'cupio
1371 1024 1558 1081 eaque
1603 1006 1791 1064 oculis
1838 1005 2129 1064 contueri.
2193 1005 2283 1064 Tu
2327 1006 2434 1080 qui
2484 1006 2821 1080 praecelsus
2853 1024 2936 1077 ea,
2988 1008 3244 1066 humilis

620 1115 833 1155 sensus
865 1096 982 1155 mei
1014 1095 1304 1153 rationem
1351 1094 1517 1164 habe,
1566 1097 1639 1153 ut
1669 1098 1837 1153 tuam
1882 1095 2009 1169 ipse
2058 1113 2255 1153 serves
2299 1094 2791 1154 celsitudinemt‘
2858 1094 3044 1164 Quam
3090 1096 3245 1156 bene

619 1185 846 1244 dictum
879 1185 1060 1243 etiam
1090 1183 1153 1243 in
1184 1186 1605 1242 novatores
1645 1201 1756 1242 sec.
1790 1183 1955 1254 XVI„
1991 1184 2095 1258 qui
2128 1183 2458 1260 generatim
2492 1183 2556 1241 in
2588 1184 2715 1242 suis
2746 1184 3243 1244 innovationibus

620 1274 812 1333 cordis
842 1274 1211 1347 affectusque
1239 1273 1489 1331 humani
1521 1277 1666 1331 sunt
1697 1272 1939 1347 penitus
1976 1272 2169 1341 obliti,
2204 1272 2365 1331 unde
2398 1272 2591 1331 omnis
2624 1291 2825 1333 eorum
2859 1275 3063 1333 cultus
3084 1276 3243 1333 tetro

618 1362 887 1421 inficitur
916 1363 1156 1440 frigore.

795 1484 862 1550 2.
898 1481 1119 1565 Neque
1151 1479 1513 1561 spernenda
1546 1488 1647 1546 est
1678 1478 1974 1570 ratiossex
2016 1482 2305 1545 humana
2350 1481 2811 1545 consuetudine
2842 1498 3094 1563 usuque
3127 1500 3242 1564 pe-

619 1589 753 1667 tita,
785 1606 915 1671 qua
945 1588 1142 1652 utitur
1173 1605 1350 1651 conc.
1384 1606 1586 1652 oecu
1605 1590 2011 1651 menicum
2043 1587 2168 1651 Vll.
2203 1594 2324 1653 act.
2365 1595 2431 1656 1:
2471 1586 2577 1662 ,Si
2606 1601 2832 1666 regum
2863 1588 3159 1652 laureata
3178 1595 3243 1652 et

617 1696 841 1760 iconas
873 1694 1102 1759 missas
1134 1694 1217 1758 ad
1248 1694 1538 1760 civitates
1569 1694 1673 1758 vel
1702 1696 1995 1776 regiones
2028 1695 2201 1758 obvii
2232 1695 2473 1760 adeunt
2504 1694 2722 1775 populi
2754 1712 2903 1758 cum
2937 1696 3143 1758 cereis
3177 1702 3244 1760 et

617 1802 914 1880 incensiS,
975 1821 1105 1866 non
1167 1819 1319 1865 cera
1366 1801 1691 1882 perfusam
1742 1801 2052 1879 tabulam,
2117 1802 2232 1866 sed
2294 1803 2751 1883 imperatorem
2810 1802 3241 1866 honorantes:

619 1915 859 1992 quanto
905 1909 1108 1989 magis
1153 1913 1411 1989 oportet
1439 1908 1521 1971 ·in
1568 1909 1856 1974 ecclesiis
1890 1907 2121 1973 Christi
2156 1908 2414 1972 Domini
2444 1909 2649 1974 nostri
2694 1909 2952 1974 iconam
2984 1908 3245 1990 depingi

618 2013 970 2080 Salvatoris
1001 2014 1115 2080 Dei
1145 2015 1367 2091 nostri,
1402 2021 1466 2079 et
1498 2016 1927 2080 intemeratae
1969 2016 2197 2079 matris
2248 2016 2386 2097 eJus
2419 2016 2837 2098 omniumque
2867 2022 3243 2079 sanctorum

616 2129 681 2187 et
709 2122 1049 2187 beatorum
1080 2129 1342 2202 patrum
1375 2128 1439 2187 et
1470 2121 1908 2186 studiosorum
1938 2122 2226 2187 virorum
2240 2124 2308 2186 P<

800 2262 942 2315 741.
1007 2246 1357 2315 Scholion
1390 2247 1450 2317 1.
1512 2251 1573 2311 Si
1613 2251 1888 2326 excipias,
1938 2270 2095 2315 conc.
2145 2251 2837 2310 francofordiense
2885 2252 3098 2328 synodi
3146 2253 3241 2310 ni·

617 2359 828 2400 caenae
860 2341 934 2404 II.
968 2340 1375 2400 definitionem
1407 2340 1480 2399 de
1512 2359 1587 2400 ss,
1620 2340 1956 2417 imaginum
1990 2340 2165 2399 cultu
2192 2341 2555 2417 reprobasse,
2589 2343 2780 2411 notes,
2833 2358 2964 2399 eam
2996 2341 3242 2400 damna·

617 2430 839 2488 tionem
874 2433 1063 2489 ortam
1095 2449 1222 2489 esse
1254 2448 1325 2488 ex
1356 2447 1554 2489 errore
1586 2429 1748 2488 facti.
1811 2430 2056 2488 Putavit
2101 2429 2260 2489 enim
2306 2429 2408 2488 illa
2454 2430 2738 2506 synodus,
2789 2430 3044 2489 barbara
3080 2434 3242 2489 acto-

617 2538 752 2577 rum
782 2519 1053 2578 versione
1074 2519 1335 2594 deoepta‚
1369 2537 1502 2577 cum
1523 2517 1802 2594 pluribus
1836 2518 2319 2590 occidentalibuS,
2354 2518 2669 2577 concilium
2699 2518 3013 2578 nicaenum
3041 2519 3241 2578 decre-

618 2608 774 2667 visse
805 2626 878 2666 se.
912 2608 1277 2687 imaginibus
1319 2607 1725 2675 adorationem
1774 2607 2102 2666 secundum
2149 2608 2400 2678 latriam,
2453 2626 2603 2684 quae
2635 2607 2903 2666 defertur
2935 2625 3011 2666 ss.
3045 2608 3244 2667 Trini-

617 2698 748 2756 tati.
808 2697 1023 2757 Errore
1056 2699 1351 2773 patefacto
1383 2697 1529 2775 galli
1562 2702 1623 2756 et
1655 2698 1926 2774 germani
1959 2697 2259 2756 decretum
2292 2698 2607 2757 nicaenum
2638 2697 3017 2772 postmodum
3050 2696 3238 2756 admi-

618 2788 844 2845 serunt.
906 2787 987 2845 cf.
1020 2787 1156 2845 Nat.
1189 2786 1524 2845 Alexander
1554 2787 1691 2846 diss,
1729 2796 1763 2848 6
1800 2787 1863 2844 in
1897 2805 2011 2849 sec.
2044 2786 2200 2846 VIII.
2233 2819 2321 2829 -
2353 2785 2522 2855 Quod
2556 2786 2607 2844 si
2637 2786 2883 2861 quidam
2914 2786 3235 2846 occiden-

618 2876 850 2945 tales,
885 2879 957 2934 ut
987 2895 1077 2934 au
1095 2878 1262 2935 ctor
1293 2875 1587 2934 librorum
1619 2876 2015 2935 carolinorum
2037 2875 2167 2954 (qui
2189 2876 2398 2951 scripti
2418 2879 2580 2944 sunt,
2614 2881 2686 2934 ut
2704 2875 2961 2945 videtur,
2994 2877 3237 2934 nomine

617 2964 809 3023 Caroli
828 2965 921 3035 M„
953 2966 1352 3024 innotuerunt
1380 2982 1519 3023 vero
1551 2982 1662 3023 sec.
1692 2960 1872 3045 XVI),
1905 2966 2103 3023 minus
2135 2964 2451 3023 honorifice
2482 2964 2554 3023 de
2586 2983 2662 3026 ss.
2697 2964 3026 3041 imaginum
3059 2965 3234 3024 cultu

616 3055 950 3128 loquuntur
980 3072 1236 3129 eumque
1267 3053 1468 3112 minus
1516 3053 1789 3129 sapiunt:
1840 3053 1903 3112 id
1935 3057 2133 3114 ortum
2166 3058 2261 3111 est
2291 3072 2358 3112 ex
2392 3053 2783 3112 detestatione
2814 3054 3037 3112 erroris
3069 3057 3232 3113 certe

614 3144 831 3219 graviS,
882 3162 1058 3217 quem
1105 3161 1211 3217 per
1256 3136 1652 3220 ignorantiam
1702 3143 1926 3217 graecis
1980 3141 2351 3201 tribuebant:
2402 3161 2522 3201 non
2569 3146 2768 3201 autem
2813 3147 3131 3218 propterea
3168 3161 3234 3201 eo

614 3234 882 3307 tempore
913 3231 1169 3305 rejectus
1201 3231 1321 3290 fuit
1351 3232 1414 3289 in
1435 3231 1749 3290 Occidente
1783 3231 1976 3290 omnis
2008 3249 2156 3290 usus
2188 3232 2507 3306 cultusque
2540 3231 2870 3309 imaginum
2905 3232 3237 3291 secundum

615 3319 948 3395 genuinum
978 3320 1274 3379 Ecclesiae
1318 3338 1578 3390 sensum,
1626 3323 1698 3378 ut
1742 3323 1911 3395 patet
1941 3340 2010 3380 ex
2057 3320 2451 3395 scriptoribus
2497 3320 2664 3379 illius
2709 3321 3014 3396 temporis,
3063 3324 3135 3379 ut
3166 3339 3235 3378 ex

615 3409 915 3483 praeclaro
961 3409 1123 3467 Dun
1138 3409 1298 3486 gali
1342 3409 1561 3468 reclusi
1608 3409 1645 3466 l.
1686 3411 1897 3468 contra
1941 3409 2255 3468 Claudium
2300 3409 2710 3468 taurinensem
2756 3405 3040 3490 (Migne
3092 3420 3232 3478 105,

619 3492 1028 3577 459—529);
1093 3517 1164 3557 ex
1223 3498 1469 3575 liturgia
1528 3498 1675 3556 seria
1738 3497 1833 3556 VI.
1896 3497 2280 3556 hebdomadis
2347 3498 2588 3574 majoris
2652 3501 2799 3557 tunc
2863 3499 3107 3575 vigente
3173 3499 3235 3557 in

615 3586 958 3646 adoratione
1004 3589 1215 3658 crucia,
1267 3587 1340 3646 de
1373 3606 1491 3662 qua
1522 3587 2073 3650 cf.Amala1·ius
2122 3586 2193 3645 de
2239 3587 2443 3646 eccles.
2476 3587 2701 3658 offic.‘1,
2745 3597 2819 3649 14
2858 3583 2965 3668 (ib.
3009 3587 3234 3666 1028);

614 3695 685 3735 ex
717 3676 756 3734 J
773 3695 914 3735 ona
958 3676 1360 3739 aurelianensi
1391 3677 1429 3738 l.
1466 3685 1501 3739 3
1537 3676 1611 3734 de
1644 3676 1822 3753 imag.
1856 3675 2029 3735 cultu
2061 3671 2341 3757 (Migne
2385 3687 2524 3745 106,
2564 3686 2679 3739 331
2724 3673 2796 3754 e.)
2830 3681 2939 3739 etc.
3002 3677 3085 3736 cf.
3118 3677 3236 3739 KL.

623 3775 675 3835 7,
720 3774 855 3829 189.

797 3890 941 3953 742.
975 3885 1327 3954 Scholion
1359 3886 1458 3954 11.
1524 3884 1620 3950 De
1655 3887 1833 3968 siquo
1867 3887 2082 3953 crucis,
2115 3923 2201 3933 —
2232 3884 2377 3950 Jam
2423 3885 2575 3948 olim
2608 3903 2801 3950 verae
2835 3883 3075 3950 Christi
3106 3884 3235 3949 Do-

613 3992 768 4054 mini
799 3992 973 4054 cruci
1005 3991 1363 4073 impensum
1394 3989 1589 4056 fuisse
1621 3992 1885 4069 cultum,
1934 4010 2132 4073 supra
2161 3991 2435 4055 vidimus
2468 4012 2526 4055 n.
2565 3995 2709 4060 734.
2769 3991 3011 4055 Verum
3044 4011 3234 4074 prae-

616 4105 799 4163 terea
831 4116 872 4161 a
903 4099 1330 4163 remotissima
1366 4099 1504 4180 jam
1538 4105 1752 4163 aetate
1785 4098 2053 4162 invaluit
2082 4100 2224 4180 pius
2256 4099 2717 4180 religiosusque
2761 4117 2920 4161 usus
2951 4099 3112 4161 ima
3128 4099 3233 4178 gi-

614 4205 760 4281 niS‚
794 4206 858 4268 in
890 4204 1110 4287 primis
1158 4223 1310 4269 vero
1358 4206 1428 4270 si
1443 4207 1576 4285 gni
1628 4206 1852 4270 crucis,
1916 4205 2257 4270 Innumera
2301 4211 2450 4270 sunt
2496 4206 2576 4270 de
2606 4206 2731 4269 hoc
2762 4210 3018 4287 patrum
3051 4206 3233 4269 testi-

614 4313 850 4375 monia.
1599 4327 1602 4334 ⁴

797 4421 858 4485 l.
895 4418 1480 4500 Frequentiam
1511 4420 1701 4501 hujus
1732 4438 1889 4483 usus
1923 4425 2196 4484 testatur
2240 4419 2816 4483 Tertullianus
2863 4418 2943 4484 de
2990 4435 3233 4481 corona

615 4523 740 4585 mil.
775 4542 825 4586 c.
861 4529 928 4592 3:
999 4525 1134 4598 ,Ad
1168 4545 1425 4591 omnem
1458 4546 1872 4609 progressum
1907 4532 2099 4608 atque
2133 4533 2519 4607 promotum,
2562 4525 2645 4589 ad
2693 4543 2955 4590 omnem
2986 4524 3231 4588 aditum

615 4635 679 4693 et
713 4629 974 4706 exitum,
1008 4631 1090 4694 ad
1122 4633 1420 4697 vestitum
1454 4640 1518 4698 et
1550 4634 1927 4710 calceatum,
1961 4631 2043 4710 ad
2063 4631 2322 4696 lavacra
2343 4639 2407 4697 et
2427 4650 2703 4709 mensaS,
2739 4630 2821 4694 ad
2852 4631 3114 4708 lumina,
3148 4629 3229 4693 ad

615 4719 866 4812 cubilia,
901 4735 983 4799 ad
1015 4739 1256 4814 sedilia,
1291 4757 1715 4821 quaecunque
1762 4740 2172 4804 conversatio
2219 4757 2337 4803 nos
2384 4745 2661 4814 exercet,
2707 4737 2981 4802 frontem
3025 4738 3230 4801 crucis
3322 4777 3348 4802 ,τ
