3538 5364
555 310 686 375 224
1205 302 1389 356 Tract.
1418 303 1511 356 IX.
1537 302 1607 356 de
1634 303 2022 358 sacramentis.
2053 303 2544 358 Sacramentorum

556 482 785 548 Christi
832 503 982 549 vere
1029 484 1150 547 dici
1196 490 1452 565 poterat
1496 483 1996 549 instrumentum
2040 486 2395 549 sanationis
2441 484 2795 566 physicum,
2843 486 3013 567 quod
3058 505 3181 567 per

551 589 727 653 illam
749 589 1035 654 Christus
1067 608 1252 653 suam
1274 590 1571 654 virtutem
1591 589 1894 666 divinam,
1926 608 2093 672 quae
2116 609 2314 654 causa
2346 598 2486 655 erat
2504 591 2772 672 physica
2799 594 3180 669 sanationiS,

554 696 874 761 derivaret
905 697 969 760 in
1001 696 1338 773 infirmum,
1373 697 1431 761 ei
1463 697 2033 779 applicaretatque
2067 705 2408 763 exsereret.
2450 695 2666 773 ‚Sicut
2696 700 2762 762 in
2794 697 2936 762 aliis
2954 718 3183 763 sacra-

552 804 803 879 mentis,
837 803 1057 866 scribit
1089 802 1169 866 ad
1202 822 1340 867 rem
1373 824 1420 867 s.
1453 803 1560 866 Th
1580 822 1617 866 o
1637 823 1805 868 mas
1837 806 1903 868 in
1935 810 1993 871 4.
2027 806 2168 869 dist.
2206 811 2243 873 8
2265 825 2322 888 q.
2351 812 2383 874 1
2420 806 2535 869 sol.
2575 812 2605 874 1
2645 806 2725 869 ad
2749 814 2806 882 2,
2840 807 3180 871 materiale

556 911 943 975 elementum
977 928 1107 974 non
1140 917 1240 974 est
1271 928 1470 974 causa
1501 911 1771 988 virtutiS,
1807 930 1971 994 quae
2003 913 2068 975 in
2098 913 2239 994 ipso
2274 920 2388 989 est,
2434 932 2643 995 neque
2676 913 2943 994 alicujus
2988 914 3181 994 spiri-

555 1017 745 1081 tualis
779 1017 1042 1081 effectus
1092 1018 1157 1080 in
1188 1017 1448 1081 homine
1494 1019 1616 1082 nisi
1660 1019 1988 1085 mediante
2024 1020 2276 1094 virtute,
2329 1019 2682 1084 secundum
2718 1021 2891 1102 quod
2936 1039 3016 1083 ex
3047 1020 3185 1085 ele-

556 1130 773 1188 mento
807 1131 873 1189 et
890 1125 1123 1187 virtute
1145 1125 1329 1205 quasi
1361 1144 1557 1187 unum
1581 1124 1878 1188 efficitur:
1914 1124 2006 1188 ita
2037 1127 2100 1188 in
2121 1125 2246 1188 hoc
2266 1133 2676 1190 sacramento
2699 1127 3182 1213 (eucharistiae)

554 1230 801 1312 species
833 1249 965 1294 non
997 1238 1145 1294 sunt
1178 1249 1378 1294 causa
1408 1232 1696 1312 corporis
1730 1230 1964 1295 Christi
1996 1250 2204 1314 neque
2238 1231 2506 1313 alicujus
2539 1233 2802 1297 effectus
2834 1234 3187 1315 spiritualis

553 1337 676 1400 nisi
706 1337 1031 1403 mediante
1062 1355 1335 1419 corpore
1369 1336 1601 1402 Christi
1632 1357 1807 1416 ver0,
1855 1339 2210 1404 secundum
2244 1338 2420 1422 quod
2453 1359 2532 1404 ex
2564 1341 2900 1422 speciebus
2934 1348 2998 1405 et
3029 1358 3178 1405 cor-

555 1462 710 1525 pore
744 1441 975 1508 Christi
1005 1446 1075 1509 fit
1106 1465 1305 1510 unum
1336 1453 1829 1511 sacramentum.
1864 1446 2089 1511 Utrum
2124 1453 2343 1512 autem
2376 1449 2626 1530 species
2658 1447 2805 1514 illae
2826 1449 3183 1514 secundum

555 1570 625 1615 se
655 1551 941 1615 habeant
986 1553 1263 1636 aliquem
1310 1554 1608 1618 effectum
1653 1555 2065 1635 corporalem
2118 1556 2239 1641 (ex.
2275 1575 2361 1635 gr.
2395 1555 2763 1640 nutriendi),
2811 1556 2977 1619 sicut
3009 1574 3183 1638 aqua

555 1659 978 1739 corporaliter
1010 1661 1212 1724 abluit
1243 1662 1308 1724 in
1327 1661 1649 1742 baptismo
1671 1663 1867 1726 etiam
1888 1681 2021 1725 non
2041 1662 2366 1726 mediante
2400 1663 2712 1743 spirituali
2730 1663 2981 1739 virtute,
3011 1663 3181 1727 infra

557 1764 856 1829 dicetur«
898 1764 964 1830 Si
996 1767 1167 1831 hanc
1195 1768 1446 1832 virtutis
1479 1769 1733 1833 divinae
1763 1770 2273 1833 inexsistentiam
2306 1770 2370 1832 in
2401 1770 2524 1833 ritu
2545 1769 2775 1833 visibili
2807 1788 3183 1835 sacramen-

557 1872 666 1935 tali
710 1891 866 1953 prae
899 1873 1100 1938 oculis
1147 1875 1466 1952 habueris,
1513 1875 1697 1941 facile
1731 1874 2081 1957 explicabis
2128 1875 2351 1939 omnia
2397 1877 2769 1941 testimonia
2800 1877 2932 1941 sive
2966 1874 3183 1958 Scrip-

557 1985 740 2044 turae
772 1980 906 2045 sive
937 1981 1317 2060 traditioniS,
1350 2001 1515 2065 quae
1537 1988 1720 2046 tanta
1752 1982 2143 2047 confidentia
2160 1984 2418 2065 patroni
2448 1984 2843 2048 causalitatis
2875 1983 3183 2065 physicae

558 2094 1110 2154 sacramentorum
1141 2090 1460 2166 invocant,
1493 2109 1705 2172 neque
1737 2092 1907 2154 enim
1940 2092 2080 2172 plus
2113 2110 2306 2173 quam
2340 2092 2508 2154 hanc
2540 2092 2816 2171 exigunt.

737 2219 901 2277 Hanc
965 2221 1322 2278 sententiam
1385 2222 1685 2296 praeclare
1746 2221 2038 2296 expressit
2097 2221 2484 2278 Henricns
2547 2220 2795 2297 gandav.
2860 2216 2920 2301 (†
2986 2219 3184 2301 1293)

559 2307 823 2382 quodlib.
858 2308 937 2367 IV
970 2327 1069 2383 qu.
1107 2319 1220 2372 37:
1284 2310 1643 2377 ,Dicendum
1689 2314 1797 2381 est,
1846 2310 2004 2385 quod
2054 2314 2420 2368 sacramenta
2451 2310 2521 2367 N.
2554 2310 2617 2371 L.
2663 2310 2829 2367 nullo
2860 2309 3034 2367 modo
3066 2309 3178 2367 ali-

558 2397 702 2470 quid
737 2400 927 2474 agunt
955 2398 1030 2456 ad
1061 2399 1313 2475 gratiam
1347 2400 1675 2469 creandam,
1709 2419 1903 2474 neque
1934 2400 1996 2457 in
2029 2398 2279 2457 creanda
2309 2400 2621 2475 attingunt
2652 2417 2777 2456 eam
2810 2399 2968 2474 plus,
3001 2417 3182 2473 quam

561 2490 929 2545 sacramenta
959 2487 1025 2546 V.
1059 2488 1150 2555 L.;
1204 2488 1308 2546 sed
1356 2490 1544 2547 solum
1594 2489 1881 2548 dicuntur
1926 2508 2052 2548 esse
2099 2506 2303 2547 causae
2349 2487 2577 2565 gratiae
2608 2487 2953 2563 praesentiS,
3004 2489 3182 2562 cujus

559 2578 703 2633 sunt
733 2575 902 2653 signa
932 2576 994 2634 in
1026 2577 1150 2648 hoc,
1185 2578 1345 2653 quod
1378 2583 1520 2636 sunt
1552 2579 1893 2637 contentiva
1923 2579 2072 2654 ejuS,
2123 2577 2281 2652 quod
2327 2580 2420 2635 est
2463 2596 2569 2653 per
2614 2596 2673 2636 se
2719 2595 2895 2635 causa
2925 2577 3185 2635 creativa

558 2664 800 2742 gratiae,
835 2665 896 2724 in
931 2668 1225 2742 quantum
1258 2670 1416 2726 creat
1448 2687 1593 2727 eam.
1659 2669 1825 2727 Licet
1856 2668 2013 2727 enim
2047 2668 2224 2737 DeuS,
2273 2667 2377 2742 qui
2410 2670 2502 2725 est
2533 2670 2762 2726 creator
2792 2666 3037 2744 gratiae,
3078 2687 3186 2741 per

557 2755 873 2814 essentiam
905 2760 967 2814 et
1013 2756 1407 2814 substantiam
1457 2758 1523 2815 in
1567 2758 1841 2816 omnibus
1891 2760 1987 2827 sit,
2035 2760 2236 2815 tamen
2268 2757 2459 2831 quoad
2494 2757 2756 2830 aliquem
2788 2757 3065 2815 effectum
3096 2759 3189 2815 est

557 2844 620 2903 in
665 2863 786 2903 una
831 2864 896 2903 re
940 2845 1042 2915 ita,
1096 2846 1252 2918 quod
1301 2864 1420 2903 non
1466 2846 1531 2905 in
1576 2847 1704 2905 alia.
1773 2848 2111 2906 Secundum
2156 2847 2314 2921 quod
2349 2845 2550 2904 Deitas
2593 2847 2882 2905 exsistens
2915 2847 2980 2903 in
3011 2864 3186 2903 carne

558 2934 777 2992 Christi
809 2953 916 3008 per
948 2933 1201 3010 gratiam
1234 2934 1473 2993 unionis
1505 2936 1578 2994 ad
1613 2938 1840 2994 tactum
1874 2953 2089 2995 manus
2121 2937 2253 3010 ejus
2287 2935 2533 2993 curabat
2566 2936 2849 3010 leproso&
2884 2938 2958 2993 ut
2984 2935 3186 2993 Deitas

558 3023 790 3081 dicatur
821 3023 974 3080 illud
1007 3024 1214 3097 egisse,
1248 3042 1373 3081 non
1403 3027 1473 3082 ut
1506 3025 1706 3083 Deitas
1740 3030 1996 3096 tantum,
2044 3024 2147 3083 sed
2194 3028 2267 3082 ut
2298 3023 2590 3082 exsistens
2625 3024 2689 3082 in
2721 3043 2903 3082 manu
2935 3023 3183 3093 Christi3

558 3117 619 3170 et
651 3131 758 3187 per
788 3112 896 3169 hoc
929 3112 1088 3187 quod
1120 3112 1225 3169 illa
1256 3113 1544 3171 exsistens
1577 3114 1641 3171 in
1673 3134 1856 3172 manu
1878 3113 2097 3173 Christi
2130 3114 2374 3172 curabat
2406 3113 2579 3170 illum
2614 3114 2770 3172 sicut
2803 3131 2986 3189 agens
3019 3115 3187 3189 prin-

557 3201 762 3276 cipale,
800 3199 1036 3271 dicitur,
1071 3200 1229 3276 qnod
1265 3203 1516 3260 curabat
1546 3203 1744 3278 ipsum
1776 3223 1987 3261 manus
2022 3203 2240 3261 Christi
2275 3204 2346 3260 ut
2376 3220 2559 3278 agens
2592 3202 3068 3274 instrumentale,
3115 3205 3187 3260 ut

560 3289 889 3348 secundum
921 3290 1079 3348 hunc
1111 3291 1357 3349 modum
1389 3291 1675 3361 dicamus,
1724 3293 1887 3368 quod
1931 3294 2295 3349 sacramenta
2328 3291 2397 3348 N.
2430 3291 2494 3348 L.
2541 3295 2685 3350 sunt
2716 3309 2925 3349 causae
2957 3293 3184 3368 gratiae

557 3379 1114 3449 instrumentaliter,
1158 3399 1276 3438 non
1311 3381 1452 3455 qnia
1485 3381 1715 3456 aliquid
1747 3383 1938 3458 agunt
1969 3381 2033 3439 in
2066 3379 2445 3455 producendo
2478 3381 2733 3457 gratiam
2767 3425 2779 3438 .
2815 3427 2827 3439 .
2862 3424 2876 3438 .
2908 3380 3010 3439 sed
3042 3382 3185 3455 quia

559 3470 715 3527 Deus
749 3471 819 3526 ut
865 3467 1156 3527 exsistens
1202 3479 1294 3527 est
1338 3471 1401 3528 in
1447 3471 1595 3547 ipsis
1641 3471 1715 3528 ad
1761 3475 1991 3530 tactum
2023 3488 2229 3528 eorum
2262 3470 2415 3528 circa
2445 3471 2600 3540 illos,
2654 3470 2876 3545 quibus
2927 3470 3182 3528 admini-

560 3560 844 3629 strantur,
898 3557 1124 3617 confert
1173 3558 1428 3636 gratiam
1474 3560 1722 3618 creando
1769 3578 1899 3618 eam
1948 3560 2012 3617 in
2078 3559 2282 3633 ipsis.‘
2331 3591 2417 3602 --
2477 3559 2682 3634 Excipi
2742 3562 2942 3617 tamen
2986 3562 3185 3635 potest

559 3650 763 3705 contra
798 3646 948 3705 hanc
981 3648 1454 3722 explicationem,
1485 3650 1658 3724 juxta
1689 3668 1820 3708 eam
1853 3648 2238 3707 sacramentis
2271 3648 2437 3724 ipsis,
2472 3667 2622 3723 quae
2654 3652 2932 3707 constant
2960 3648 3185 3707 ritibus

560 3735 924 3807 visibilibuS,
945 3737 1187 3826 ’nullam
1222 3739 1458 3813 proprie
1493 3738 1707 3796 dictam
1743 3738 2155 3796 causalitatem
2188 3740 2537 3813 competere.
2602 3737 2685 3794 Ex
2732 3756 2800 3795 eo
2832 3737 2988 3795 enim
3024 3737 3185 3812 quod

561 3825 717 3882 Deus
749 3825 950 3884 divina
982 3826 1176 3884 virtus
1208 3827 1445 3900 speciali
1467 3828 1641 3885 modo
1662 3827 1967 3885 inexsistit
1995 3828 2141 3884 ritui
2174 3826 2418 3892 visibili,
2454 3845 2572 3884 non
2606 3827 2881 3901 sequitur
2910 3844 3048 3884 eum
3081 3844 3189 3884 seu

561 3918 996 3973 sacramentum
1010 3934 1205 3973 veram
1218 3915 1433 3973 habere
1444 3917 1731 3975 rationem
1746 3935 1955 3975 causae
1969 3916 2443 3974 instrumentalis
2457 3916 2516 3973 in
2534 3915 2925 3992 productione
2940 3915 3190 3991 gratiae,

739 4022 884 4085 263.
919 4017 1308 4081 Moralem
1355 4035 1508 4081 vero
1557 4018 2005 4082 causalitatem
2040 4017 2210 4080 haud
2244 4018 2433 4098 pauci
2481 4017 2765 4096 theologi
2798 4017 3191 4080 auctoritate

559 4121 748 4201 plane
781 4141 1007 4202 graves
1040 4130 1347 4200 statuunt,
1389 4130 1460 4188 ut
1493 4125 1789 4200 CanuS,
1838 4126 1945 4207 qui
1976 4126 2216 4205 primus
2269 4143 2412 4188 eam
2458 4125 2870 4205 proposuisse
2919 4123 3191 4191 videtur,

559 4227 953 4311 VasqueZ,
986 4229 3192 4313 Lugo,MastriuS,Frassen,Tournely.Arriaga,Palla-

561 4336 814 4399 vicini
849 4344 984 4412 etc,
1038 4359 1312 4422 quorum
1345 4341 1639 4404 doctrina
1690 4340 1774 4404 ad
1806 4342 1925 4404 has
1957 4341 2248 4406 revocari
2293 4346 2506 4420 potest
2537 4339 3010 4419 propositiones
3042 4356 3196 4400 cum

561 4443 1019 4521 Franzelin,
1055 4448 1160 4528 qui
1194 4466 1338 4510 eam
1371 4449 1659 4513 sollerter
1692 4449 2027 4528 expolivit:

740 4551 801 4619 I.
838 4549 1248 4618 Sacramenta
1281 4567 1425 4619 sunt
1458 4557 1839 4640 operationes
1872 4556 2144 4617 vicariae
2188 4553 2418 4617 Christi
2450 4552 2919 4633 RedemptoriS,
2953 4568 3116 4632 quas
3149 4568 3192 4613 a

562 4678 630 4722 se
663 4659 984 4723 institutas
1019 4660 1098 4723 ad
1133 4663 1450 4743 passionis
1501 4661 1740 4725 fructus
1790 4661 2053 4740 singulis
2088 4660 2503 4740 applicandos
2552 4678 2666 4740 per
2712 4658 3037 4721 ministros
3070 4674 3197 4720 sua

564 4765 946 4832 auctoritate
981 4767 1312 4850 fungentes
1347 4770 1733 4851 exsequitur.
1799 4766 1984 4846 Quod
2018 4767 2329 4847 colligitur
