3538 5364
1347 347 1430 398 est
1456 344 1525 397 N.
1554 344 1614 399 L.
1641 349 2075 398 sacramentum.
2887 351 3021 417 523

586 525 1019 594 Declaratio.
1082 523 1305 588 Thesis
1352 542 1502 590 vere
1554 525 1682 589 dici
1713 530 1927 608 potest
1958 531 2184 589 contra
2215 544 2258 588 n
2277 530 2669 591 ovatores
2700 542 2825 592 sec.
2858 524 3018 589 XVI.

404 628 918 695 fundamentalis.
982 627 1251 694 Sublato
1284 632 1454 695 enim
1488 632 1852 696 discrimine
1877 631 2039 713 juris
2071 632 2265 695 divini
2299 631 2468 697 inter
2500 632 2772 696 clericos
2805 637 2871 696 et
2900 631 3019 695 lai-

403 753 517 800 cos
536 741 944 801 sacramento
977 736 1380 818 imprimente
1412 738 1853 803 characterem
1882 737 2155 815 firmato,
2171 739 2412 802 corruit
2429 738 2793 802 hierarchia
2814 737 3019 802 eccle-

403 844 681 920 siastica,
714 861 880 926 quae
914 845 998 907 sit
1017 844 1179 925 juris
1210 842 1436 908 divini:
1483 850 1547 909 et
1592 864 1740 909 cum
1769 845 2096 910 Ecclesiae
2127 846 2489 910 hierarchia
2520 863 2617 927 ap
2637 863 2676 909 o
2695 861 2727 909 s
2745 850 2770 907 t
2788 844 3020 908 olici-

404 958 551 1026 taS,
599 951 663 1014 in
707 969 1035 1033 nunquam
1080 952 1436 1033 interrupta
1480 957 1818 1033 pastorum
1867 952 2030 1017 serie
2075 952 2452 1029 consistens,
2499 971 2694 1035 quam
2727 958 2798 1017 ut
2828 969 3024 1016 verae

404 1058 723 1123 Ecclesiae
754 1065 977 1123 notam
1011 1065 1227 1140 patres
1262 1065 1394 1121 tam
1427 1059 1659 1124 invicte
1704 1058 2022 1140 urgebant
2067 1059 2378 1124 adversus
2424 1060 2822 1135 haereticos;
2872 1077 3019 1123 cor-

404 1173 600 1230 ruunt
657 1165 980 1230 Ecclesiae
1032 1165 1320 1229 docentis
1367 1165 1878 1248 praerogativae,
1929 1164 2519 1231 infallibilitas
2567 1166 2632 1229 in
2681 1165 2905 1246 primis
2956 1174 3021 1230 et

405 1273 630 1335 indes
643 1272 1145 1346 ectibilitaS,
1199 1291 1275 1335 ac
1326 1271 1719 1338 subvertitur
1764 1272 2065 1338 universa
2113 1272 2439 1338 Ecclesiae
2488 1272 2684 1339 facies
2733 1290 2812 1337 ac
2863 1289 3019 1337 con-

403 1379 667 1456 stitutio,
713 1387 784 1443 ut
828 1378 1311 1444 deformationis
1357 1397 1480 1445 sec.
1511 1378 1672 1444 XVI.
1705 1376 2006 1461 sequelae
2039 1377 2378 1443 manifesto
2412 1378 2775 1444 ostendunt.
2840 1376 3022 1444 Sicut

404 1488 575 1551 enim
606 1486 888 1550 admissa
920 1487 1294 1563 hierarchia,
1328 1505 1494 1570 quae
1539 1486 1793 1551 divinae
1840 1487 1921 1550 sit
1954 1486 2231 1567 originiS,
2276 1486 2608 1569 praevalet
2638 1487 2704 1550 in
2735 1486 3021 1551 Ecclesia

404 1595 498 1657 vis
529 1594 889 1675 synthetica
922 1592 1194 1676 ideoque
1227 1595 1471 1659 unitas:
1518 1596 1611 1659 ita
1654 1602 1720 1659 et
1766 1593 2021 1675 abjecta
2051 1592 2387 1659 invalescit
2417 1594 2702 1676 analysis
2732 1594 2769 1656 i.
2804 1612 2856 1659 e.
2889 1593 3019 1657 dis-

402 1701 635 1764 solutio
670 1707 733 1764 et
764 1702 913 1764 hinc
943 1702 1287 1782 corruptio,
1319 1707 1392 1764 ut
1422 1701 1652 1783 probat
1682 1702 2187 1782 protestantismi
2217 1702 2501 1766 historia.
2535 1696 3020 1765 Ordinationem

403 1914 511 1995 qui
541 1914 619 1979 de
652 1915 775 1978 hac
805 1934 874 1979 re
907 1915 1086 1979 initio
1119 1916 1539 1990 haesitarunt,
1571 1915 1692 1978 sibi
1712 1914 2262 1992 contradixerunt,
2294 1914 2593 1996 ambigue
2626 1915 2822 1979 locuti
2852 1922 3020 2005 sunt.

402 2020 662 2084 demum
688 2022 845 2085 satis
875 1990 1553 2086 commumnsu
1582 2028 1900 2100 negarunt
1920 2021 2095 2085 illam
2114 2040 2256 2087 esse
2276 2040 2501 2086 verum
2521 2026 3019 2092 sacramentum.

402 2125 920 2190 Controversiam
970 2127 1401 2208 peremptorie
1447 2127 1699 2191 diremit
1723 2145 1923 2190 conc.
1974 2126 2387 2192 tridentinum
2418 2134 2710 2192 statuens
2740 2145 2895 2191 sess.
2934 2131 3022 2196 23

402 2250 539 2295 can.
575 2239 647 2302 3:
688 2230 967 2316 „Siquis
999 2233 1245 2311 dixerit,
1292 2233 1584 2299 ordinem
1603 2236 1644 2320 ¹)
1698 2235 1833 2298 sive
1882 2251 2138 2297 sacram
2188 2234 2663 2299 ordinationem
2711 2252 2844 2297 non
2877 2251 3022 2300 esse

403 2356 551 2403 vere
585 2347 649 2403 et
678 2341 933 2421 proprie
965 2348 1442 2405 sacramentum
1475 2359 1517 2403 a
1547 2339 1802 2404 Christo
1823 2339 1893 2404 D.
1928 2341 2303 2415 institutum,
2336 2341 2437 2404 vel
2470 2359 2615 2405 esse
2646 2340 3020 2421 figmentum

402 2444 726 2526 quoddam
759 2446 1110 2509 humanum
1133 2447 1566 2526 excogitatum
1601 2464 1640 2509 a
1671 2447 1822 2509 viris
1842 2465 2057 2511 rerum
2076 2447 2661 2511 ecclesiasticarum
2693 2447 3021 2528 imperitiS,

403 2557 515 2615 aut
548 2570 689 2617 esse
722 2559 972 2617 tantum
1002 2554 1192 2617 ritum
1246 2552 1567 2635 quendam
1619 2553 1890 2634 eligendi
1938 2553 2264 2617 ministros
2313 2553 2491 2618 verbi
2524 2552 2640 2618 Dei
2688 2560 2754 2619 et
2796 2570 3020 2616 sacra-

403 2664 788 2735 mentorum,
820 2659 891 2723 A.
927 2657 1025 2724 S.‹

582 2787 729 2851 549.
763 2784 1333 2854 Demonstratio.
1372 2786 1435 2852 1.
1470 2785 1693 2850 Thesis
1725 2785 2037 2867 probatur
2069 2805 2148 2850 ex
2168 2785 2396 2849 divinis
2416 2783 2634 2849 literis.
2667 2781 2840 2849 Sane
2860 2801 3018 2847 con·

407 2891 699 2954 sulantur
730 2893 867 2954 Act.
901 2897 961 2965 6,
996 2898 1064 2961 6:
1097 2891 1233 2955 Hos
1280 2893 1545 2978 (electos
1591 2893 1656 2955 in
1688 2891 2023 2979 diaconos)
2074 2900 2427 2957 statuerunt
2459 2898 2604 2956 ante
2633 2898 3016 2977 conspectum

405 2997 827 3080 apostolorum
859 3006 915 3061 et
947 3006 1196 3063 orantes
1232 3000 1654 3082 imposuerunt
1684 3001 1774 3061 eis
1810 3018 2071 3080 manu3,·
2107 3005 2206 3076 14,
2230 3001 2342 3067 22:
2374 2996 2457 3061 Et
2488 3018 2629 3062 cum
2665 2998 3020 3062 constituis·

403 3112 536 3168 sent
564 3106 692 3170 illis
699 3127 818 3191 per
833 3108 1116 3191 sinqulas
1144 3106 1425 3171 ecclesias
1453 3108 1861 3192 presbyteros,
1896 3124 2125 3189 graece
2159 3115 2687 3196 χειροτονήσαντες
2717 3106 2783 3172 δέ
2816 3103 3021 3180 αὐτοῖς

405 3213 542 3281 κατ’
576 3214 907 3301 ἐκκλησίαν
927 3219 1393 3301 πρεςβυτὲρουςς
1431 3222 1485 3282 1.
1518 3213 1675 3277 Tim.
1710 3219 1772 3288 4,
1810 3220 1921 3282 14:
1955 3212 2103 3279 Nola·
2137 3213 2438 3299 neqliqere
2462 3214 2746 3298 qratiam
2779 3213 3018 3301 (χαρίσ-

404 3322 641 3406 ματος),
690 3342 848 3404 quae
890 3323 957 3382 in
1002 3328 1059 3383 te
1090 3329 1196 3404 est,
1241 3342 1394 3404 quae
1439 3321 1594 3384 data
1641 3331 1723 3385 est
1768 3321 1880 3384 tibi
1902 3343 2023 3405 per
2043 3320 2444 3406 prophetiam
2479 3319 2713 3407 (sancti
2745 3316 3019 3400 Spiritus

401 3539 453 3575 a.
481 3526 513 3578 7
539 3540 595 3575 n.
631 3529 742 3577 101.
796 3522 877 3575 Cf.
909 3521 1246 3591 Phillips
1273 3522 1687 3577 Kirohenrecht
1709 3526 1750 3579 t.
1784 3531 1807 3576 l
1838 3533 1866 3590 5
1886 3530 1984 3583 33;
2011 3522 2399 3591 Kohlberg
2427 3521 2798 3591 Verfassung,
2820 3520 3023 3575 Cultus

400 3604 522 3657 und
548 3602 832 3673 Disciplin
859 3604 959 3657 der
985 3604 1201 3658 christl.
1228 3603 1476 3659 Kirchen
1502 3605 1648 3658 nach
1667 3605 1777 3658 den
1796 3604 2082 3659 Schriften
2099 3603 2461 3665 Tertullinus,
2478 3602 2840 3672 Braunsberg
2860 3608 3033 3663 18864-

400 3684 436 3737 S
454 3701 483 3737 c
501 3685 539 3738 h
555 3701 584 3737 e
603 3702 638 3737 n
657 3703 685 3737 z
711 3685 813 3738 das
839 3684 1034 3739 Laien·
1062 3686 1180 3738 und
1208 3686 1310 3739 das
1335 3684 1756 3738 hierarchische
1786 3684 2194 3738 Priesterthum
2228 3688 2426 3755 (1873).

626 3768 661 3835 ¹)
690 3765 734 3818 Ο
752 3782 780 3818 r
795 3765 832 3818 d
848 3764 868 3817 i
885 3783 922 3817 n
939 3766 958 3818 i
976 3783 1000 3818 s
1041 3781 1249 3819 nomen
1275 3765 1614 3836 multiplicis
1642 3769 1728 3819 est
1752 3764 2207 3836 significationis.
2238 3763 2539 3834 Significat
2562 3763 2716 3817 enim
2744 3767 2798 3820 1.
2824 3766 3020 3833 aptam

400 3862 592 3899 rerum
618 3846 654 3898 d
673 3845 693 3898 i
709 3864 787 3918 sp
805 3863 836 3900 o
854 3846 1039 3900 sitio
1055 3865 1094 3900 n
1110 3862 1140 3900 e
1157 3865 1246 3901 m:
1287 3850 1370 3901 est
1397 3847 1548 3902 enim
1576 3847 1732 3910 ordo,
1781 3849 1847 3900 ut
1871 3847 2038 3900 docet
2062 3846 2454 3900 Catechismus
2477 3844 2611 3898 trid.
2640 3846 2692 3898 11
2719 3862 2765 3898 c.
2793 3849 2825 3901 7
2853 3862 2910 3899 ιι.
2940 3852 3021 3907 19,

401 3926 450 3980 si
477 3926 767 3997 propriam
795 3928 918 3996 ejus
943 3926 1061 3980 vim
1087 3932 1148 3981 et
1172 3927 1465 3981 notionem
1490 3925 1858 3996 accipiamus,
1885 3925 2186 3996 dispositio
2214 3925 2574 3996 superiorum
2601 3928 2661 3978 et
2684 3923 3021 3977 inferiorum

400 4022 608 4070 rerum,
637 4022 783 4074 quae
813 4006 963 4059 inter
989 4023 1047 4059 se
1073 4006 1157 4059 ita.
1177 4009 1408 4076 aptatae
1436 4009 1589 4069 sunt,
1621 4008 1686 4059 ut
1704 4023 1821 4059 una
1846 4006 1918 4059 ad
1945 4006 2183 4059 alteram
2210 4007 2539 4059 reseratum·
2572 4004 2721 4058 Hinc
2748 4003 2884 4058 ordo
2912 4002 3020 4073 sig-

403 4085 599 4139 nificat
622 4090 679 4142 2.
705 4104 734 4138 r
748 4102 777 4138 e
794 4105 833 4155 g
849 4104 887 4138 u
905 4085 973 4138 la
987 4106 1044 4141 m
1070 4102 1442 4155 normamque
1469 4087 1654 4150 fixam,
1673 4086 1843 4154 juxta.
1869 4102 2042 4155 quam
2063 4101 2151 4139 res
2171 4085 2579 4155 disponantur:
2605 4086 2672 4138 ut
2690 4100 2820 4137 cum
2841 4100 3022 4137 sermo

403 4168 488 4218 est
512 4165 581 4218 de
610 4166 808 4219 ordine
836 4165 1062 4229 diurno,
1088 4165 1157 4219 de
1186 4166 1385 4219 ordine
1412 4165 1636 4229 missae,
1663 4165 1936 4219 festorum
1965 4168 2069 4219 etc.
2089 4185 2102 4224 ς
2126 4167 2183 4222 8.
2212 4167 2490 4218 statum
2517 4162 3020 4231 conditionemque

403 4243 667 4298 stabilem
694 4243 845 4300 intra
872 4244 1201 4298 societatem
1226 4244 1558 4310 humanam,
1595 4262 1709 4313 quo
1738 4262 1907 4298 sensu
1933 4243 2347 4313 distinguimus
2372 4242 2630 4297 ordinem
2657 4242 3022 4305 senatorium,

404 4326 740 4393 equestrem,
769 4325 1026 4378 ordinem
1054 4324 1451 4395 episcoporum
1478 4330 1585 4381 etc.
1614 4325 1931 4394 Utramque
1957 4326 2103 4378 hanc
2125 4324 2604 4395 significationem
2621 4322 3024 4393 complectitur

401 4409 458 4462 4.
484 4406 647 4460 notio
674 4405 892 4459 ordinis
919 4404 1194 4475 religiosi.
1219 4411 1275 4464 5.
1305 4405 1344 4460 C
1360 4422 1394 4458 a
1413 4425 1445 4459 u
1468 4406 1697 4460 salite
1714 4423 1742 4458 r
1767 4404 2016 4459 sumitur
2042 4405 2079 4464 i,
2108 4421 2154 4458 e.
2181 4422 2284 4475 pro
2311 4405 2447 4467 ritu,
2476 4420 2590 4472 quo
2611 4402 2895 4458 stabiliter
2913 4403 3023 4457 dis·

403 4488 716 4539 cernuntur
741 4484 933 4540 clerici
960 4485 1050 4538 vel
1077 4501 1111 4537 a.
1136 4485 1298 4539 laicis
1326 4485 1416 4540 vel
1444 4486 1596 4539 inter
1623 4502 1699 4550 se,
1726 4502 1842 4555 quo
1870 4501 2037 4538 sensu
2072 4483 2222 4538 idem
2270 4484 2560 4555 significat
2606 4500 2673 4538 ac
2718 4483 3023 4549 ordinatiO,

404 4564 550 4618 Hine
574 4569 631 4622 6.
661 4565 886 4619 ordines
914 4565 1358 4619 denominantur
1399 4566 1606 4629 libri,
1647 4566 1861 4634 quibus
1900 4565 2271 4619 continentur
2309 4564 2592 4635 ejusmodi
2633 4564 2778 4619 ritus
2805 4582 2903 4619 seu
2930 4565 3023 4619 de·

402 4644 731 4699 scribuntur
757 4644 1143 4699 caeremoniae
1171 4662 1359 4699 sacrae
1388 4645 1786 4699 ordinationis.
1831 4644 2071 4699 Demum
2101 4649 2154 4703 7.
2182 4644 2318 4700 ordo
2347 4645 2615 4714 designat
2640 4645 3022 4700 ordinationis

401 4726 666 4778 effectum
694 4723 730 4778 i.
759 4741 805 4778 e.
833 4740 1052 4777 sacram
1079 4728 1441 4795 potestatem,
1483 4741 1598 4793 qua.
1639 4723 1834 4778 clerici
1860 4741 1894 4777 a
1919 4723 2081 4780 laicis
2107 4723 2513 4779 discernuntur
2539 4726 2598 4778 et
2623 4739 2770 4792 quae
2798 4723 3021 4777 ordina-

402 4804 556 4858 tione
583 4803 802 4858 clericis
830 4804 1314 4859 communicatur:
1336 4822 1450 4873 quo
1478 4822 1646 4859 seusu
1673 4804 1921 4858 dicimus
1941 4804 2271 4875 episcopum
2294 4804 2549 4858 conferre
2570 4820 2757 4857 sacros
2778 4802 3020 4858 ordines,

3217 1693 3441 1803 ...θ’

402 1808 535 1871 sive
570 1808 862 1872 ordinem
896 1826 1038 1872 esse
1071 1815 1550 1872 sacramentum
1584 1809 1929 1871 statuimus
1962 1814 2191 1871 contra
2222 1815 2679 1873 novatores
2711 1826 2837 1872 sec.
2858 1806 3020 1880 XVI,
3039 1845 3112 1939 C
3106 1791 3255 1912 ⁹15⁸
