3538 5364
68 3014 424 3080 »νει-10

490 3001 530 3018 η

475 3026 528 3061 ss

588 290 723 355 434
965 279 1147 333 Tract.
1180 280 1270 332 IX.
1296 279 1366 332 de
1394 277 1771 350 poenitentia.
1801 278 1998 332 Thesis
2025 278 2308 333 CCXLIII.
2337 278 2589 333 Ecclesia
2617 280 2842 335 veniam

592 468 883 525 Dominus
916 465 1084 524 dedit
1117 464 1455 523 volentibus
1486 464 1558 522 ad
1592 463 1793 540 ipsum
1825 464 2165 522 convertiz‘
2200 482 2340 540 ergo
2361 465 2539 522 etiam
2561 465 2838 524 Ecclesia.
2874 467 3221 543 supponere

592 556 751 615 enim
782 574 905 615 non
935 555 1073 614 licet
1104 553 1475 629 disciplinam
1509 553 1823 622 Ecclesiae,
1873 572 2023 629 quae
2069 572 2174 628 pro
2207 553 2442 612 Christo
2474 554 2771 631 legatione
2804 555 3085 633 fungitur
3116 574 3214 615 no·

589 645 862 704 minatim
898 645 961 702 in
990 642 1491 702 reconciliationis
1523 642 1859 700 ministerio
1894 638 1979 722 (2.
2013 642 2137 701 Cor.
2175 652 2229 712 5,
2272 651 2346 705 18
2384 639 2505 725 ss‚).
2540 650 2661 701 tam
2694 648 2897 720 aperte
2929 646 3218 704 dissidere

593 735 666 792 ab
699 752 973 810 expressa
1005 733 1111 791 Dei
1146 733 1471 791 voluntate.
1519 732 1710 790 Testis
1741 730 2060 789 Hermae
2093 737 2296 807 pastor
2325 732 2521 790 mand.
2546 742 2602 801 4,
2637 734 2810 807 cujus
2843 735 3219 805 auctoritate,

589 824 701 883 etsi
735 841 805 881 ea
835 823 1107 882 videatur
1137 815 1376 880 nostrae
1410 819 1727 879 assertioni
1761 820 2062 879 contraria
2077 818 2141 900 ¹),
2191 820 2285 878 usi
2329 823 2476 878 sunt
2506 822 2779 880 catholici
2812 827 3020 881 contra
3049 843 3218 891 mon·

587 912 856 982 mistas,
890 914 963 970 ut
995 912 1225 969 constat
1257 929 1327 968 ex
1358 909 1726 968 Tertulliano
1762 909 1835 967 de
1869 908 2011 985 pud.
2033 927 2113 967 cc.
2146 920 2238 972 10.
2267 918 2380 980 203
2416 909 2903 987 Zephyrinus
2939 912 3034 970 vel
3066 912 3219 971 Cal-

588 1002 843 1059 lixtus
875 1020 1041 1076 papa,
1077 1000 1250 1076 cujus
1283 999 1544 1058 edictum
1575 999 1758 1057 refert
1788 997 2347 1056 Tertullianus
2380 999 2419 1057 l.
2453 1017 2498 1059 c.
2532 1017 2577 1057 c.
2616 1009 2684 1060 2:
2750 1000 2993 1072 ,Audio‚
3043 1001 3221 1060 etiam

588 1090 847 1149 edictum
884 1108 1014 1148 esse
1046 1088 1416 1164 propositum
1449 1091 1511 1146 et
1541 1088 1783 1164 quidem
1815 1087 2301 1163 peremptorium.
2349 1087 2624 1146 Pontifex
2645 1089 2957 1161 maximus,
2992 1090 3221 1165 episco-

587 1198 703 1256 pus
749 1179 1158 1255 episcoporum
1205 1177 1385 1235 dicit:
1436 1196 1546 1254 ego
1597 1180 1659 1235 et
1708 1176 2004 1236 moechiae
2050 1183 2113 1234 et
2157 1176 2566 1235 fornicationis
2599 1177 2819 1235 delicta
2850 1180 3225 1253 poenitentia

588 1268 812 1327 functis
845 1268 1085 1325 dimitto
1097 1265 1212 1348 2).‘
1262 1265 1457 1324 Testis
1492 1267 1861 1341 poenitentia
1881 1265 2195 1324 Marcionis
2226 1266 2567 1341 gravissimi
2598 1267 2867 1326 criminis
2898 1269 2986 1326 rei
3010 1269 3224 1326 Romae

589 1353 796 1439 actass),
831 1375 1063 1415 necnon
1095 1356 1465 1431 poenitentia
1494 1362 1557 1413 et
1586 1354 1985 1414 reconciliatio
2005 1355 2057 1412 N
2063 1354 2254 1425 atalia,
2288 1355 2397 1430 qui
2426 1355 2678 1430 pecunia
2709 1360 3029 1431 corruptus
3064 1376 3127 1415 se
3159 1357 3224 1414 in

590 1446 1019 1505 haereticorum
1040 1445 1383 1520 episcopum
1404 1443 1758 1519 permiserat
1777 1443 2119 1513 consecrari,
2143 1446 2213 1501 ut
2230 1443 2416 1501 refert
2435 1444 2480 1502 E
2499 1463 2540 1502 u
2555 1463 2582 1501 s
2600 1463 2630 1502 e
2647 1443 2686 1501 b
2703 1445 2723 1502 i
2740 1465 2781 1503 ιι
2800 1463 2827 1503 s
2849 1446 2921 1508 H.
2937 1446 3004 1503 E.
3025 1445 3094 1514 V,
3121 1454 3225 1509 28.

770 1567 842 1635 l).
877 1569 1138 1628 Eandem
1170 1568 1398 1645 praxim
1445 1567 1779 1626 obtinuisse
1826 1568 1890 1626 in
1936 1569 2185 1627 ecclesia
2231 1567 2751 1639 corinthiaca,
2804 1573 3042 1628 constat
3091 1576 3225 1628 tum

590 1678 659 1718 ex
691 1659 847 1717 facto
882 1658 1070 1728 Pauli,
1104 1657 1209 1733 qui
1240 1657 1583 1716 incestuoso
1613 1657 1845 1715 veniam
1882 1657 2050 1715 dedit
2088 1667 2140 1719 2.
2175 1657 2296 1716 Gor.
2334 1666 2391 1728 2,
2428 1667 2462 1718 6
2500 1675 2576 1716 ss.
2609 1658 2717 1718 col.
2760 1670 2783 1721 1
2824 1678 2914 1735 ep.
2955 1669 3010 1729 5,
3058 1671 3080 1722 l
3123 1677 3222 1729 ss„

590 1752 724 1806 tum
753 1767 822 1807 ex
858 1757 913 1810 2.
947 1748 1073 1805 Cor.
1114 1756 1209 1819 12,
1255 1755 1369 1808 21:
1430 1744 1621 1804 Timeo
1654 1791 1668 1803 .
1702 1792 1715 1806 .
1751 1790 1762 1801 .
1811 1765 1881 1803 ne
1926 1748 2136 1804 iterum
2181 1765 2312 1804 cum
2355 1765 2574 1817 venere,
2621 1748 2881 1805 humiliet
2927 1768 3019 1805 me
3067 1749 3226 1807 Deus

591 1838 753 1912 apud
784 1855 900 1909 voe,
933 1844 983 1894 et
1012 1837 1237 1912 luyeam
1267 1836 1476 1894 multos
1507 1854 1578 1893 ex
1607 1837 1699 1912 iia,
1735 1838 1838 1912 qui
1868 1844 2001 1894 ante
2025 1843 2402 1911 peccaverunt.
2433 1843 2486 1893 et
2517 1854 2632 1895 non
2663 1845 2894 1913 eyn-unt
2920 1839 3224 1912 poeniten·

592 1929 737 1985 tiam
769 1942 949 1998 super
992 1925 1361 1983 immunditia
1407 1932 1459 1982 et
1503 1926 1884 2001 fornicatione
1927 1933 1978 1982 et
2023 1926 2406 1999 impudicitia,
2455 1944 2629 2001 quam
2675 1934 2945 2002 eyerunt:
2991 1926 3225 2001 quibus

593 2014 787 2074 verbis
833 2015 983 2072 hanc
1029 2015 1093 2071 in
1139 2033 1261 2072 rem
1305 2014 1400 2072 usi
1433 2017 1577 2072 sunt
1600 2014 1727 2090 jam
1758 2031 1870 2072 sec.
1903 2014 1976 2073 H.
2011 2014 2393 2072 catholici
2427 2017 2577 2073 teste
2608 2013 3117 2073 Tertulliano
3149 2016 3224 2073 de

590 2103 787 2179 pudic.
833 2121 879 2163 c.
936 2114 1007 2167 15
1058 2107 1118 2161 et
1162 2103 1446 2162 adversus
1492 2102 1843 2162 novatianos
1892 2102 2332 2179 Cyprianus
2374 2120 2465 2178 ep.
2502 2112 2580 2165 52
2616 2122 2671 2163 n.
2713 2113 2823 2173 243
2876 2104 3223 2179 Epipha-

591 2194 771 2251 nius
803 2193 961 2251 haer.
999 2202 1078 2255 59
1113 2211 1170 2254 ιι.
1207 2203 1276 2263 5;
1328 2191 1893 2262 Theodoretus,
1926 2192 2126 2267 quiin
2158 2192 2214 2249 h.
2247 2192 2286 2250 l.
2321 2192 2559 2250 scribit:
2611 2192 2965 2260 ,Manifeste
3018 2213 3219 2269 repre·

594 2281 801 2340 hendit
831 2282 1103 2341 doctrina
1134 2281 1458 2357 apostolica
1486 2280 1705 2339 Novati
1739 2277 1896 2360 (lege
1931 2278 2280 2360 Novatiani)
2313 2282 2712 2357 arrogantiam
2732 2289 2789 2352 ς(
2827 2282 2981 2340 haer.
3017 2282 3132 2342 sab.
3153 2282 3224 2349 V,

597 2380 709 2441 283
743 2375 1015 2430 auctor
1046 2390 1142 2447 qq.
1175 2372 1239 2429 in
1271 2370 1336 2431 V.
1369 2372 1429 2430 et
1461 2370 1535 2434 N.
1566 2370 1630 2429 T.
1662 2379 1913 2445 q.102;
1963 2370 2394 2428 Primasius
2439 2376 2500 2427 et
2547 2371 3127 2430 Ambrosiaster
3158 2372 3224 2429 in

594 2461 650 2523 h.
682 2461 738 2531 l.,
781 2460 889 2536 qui
921 2459 1060 2518 inde
1091 2451 1365 2535 probant,
1411 2458 1819 2517 fornicationis
1852 2462 2185 2535 peccatum,
2233 2459 2329 2517 cui
2378 2459 2705 2517 secundum
2739 2459 3048 2536 theologos
3083 2460 3223 2518 illos

593 2549 656 2608 in
688 2549 948 2608 Ecclesia
978 2550 1224 2624 antiqua
1270 2549 1442 2607 venia
1486 2548 1604 2607 fuit
1648 2547 1957 2625 denegata,
2004 2548 2078 2605 ab
2124 2547 2391 2623 apostolo
2438 2548 2865 2623 poenitentiam
2899 2549 3222 2627 agentibus

592 2640 776 2699 fuisse
808 2639 1139 2698 remissum.
1203 2638 1463 2697 Eandem
1502 2637 1730 2713 praxim
1780 2638 1841 2696 in
1890 2636 1995 2696 illa
2039 2637 2280 2696 ecclesia
2312 2637 2664 2713 perdurasse
2698 2637 3037 2716 colligimus
3071 2657 3141 2697 ex
3173 2657 3221 2696 a.

594 2729 1019 2788 Clementis
1052 2727 1302 2803 epistola
1332 2727 1406 2785 ad
1439 2726 1605 2784 illam
1624 2726 1930 2785 ecclesiam
1966 2723 2178 2807 (supra
2210 2726 2302 2785 lit.
2324 2726 2436 2802 a.),
2472 2745 2624 2802 quae
2655 2730 2808 2786 teste
2845 2728 3221 2804 Dionysio

592 2818 1021 2877 corinthiorum
1054 2817 1329 2892 episcopo
1365 2816 1445 2896 (fl.
1479 2834 1525 2873 c.
1559 2835 1608 2872 a.
1650 2813 1799 2894 170)
1834 2815 1897 2873 in
1931 2815 2036 2873 illa
2067 2815 2313 2874 ecclesia
2344 2816 2582 2891 publice
2614 2816 2733 2892 legi
2765 2817 3009 2888 solebat,
3058 2817 3219 2876 ideo-

594 2926 710 2982 que
743 2925 984 2965 normae
1017 2906 1207 2963 instar
1237 2908 1298 2962 et
1328 2903 1465 2962 fidei
1498 2909 1559 2961 et
1591 2923 1820 2963 morum
1855 2905 2220 2972 habebatur3
2270 2909 2399 2963 tum
2434 2924 2502 2962 ex
2534 2905 2787 2979 epistola
2816 2907 3008 2980 ipsius
3041 2906 3217 2965 Dio·

592 2994 805 3071 nysii
838 2996 910 3054 ad
943 2993 1250 3069 episcopos
1284 2993 1480 3065 Ponti,
1527 2993 1593 3050 in
1625 3012 1744 3067 qua
1777 2993 2014 3062 ,multa
2046 2993 2117 3051 de
2150 2987 2383 3069 nuptiis
2417 2999 2477 3052 et
2507 2994 2781 3052 castitate
2813 2995 2898 3053 eis
2932 2995 3223 3072 praecipit

574 3070 1043 3153 muetos,
1092 3082 1196 3157 qui
1230 3101 1263 3139 a
1294 3082 1574 3156 quovis
1608 3082 1780 3157 lapsu
1814 3083 1938 3142 sive
1972 3082 2191 3141 delicto
2226 3083 2351 3141 sive
2383 3083 2561 3140 etiam
2594 3083 2670 3140 ab
2700 3083 2996 3142 haeretica
3025 3083 3217 3159 pravi-

596 3176 721 3230 tate
754 3172 1059 3242 desiliunt,
1093 3171 1351 3247 benigne
1384 3172 1608 3246 suscipi
1631 3171 1872 3247 jube†,‘
1907 3175 1980 3230 ut
2011 3171 2191 3230 refert
2223 3171 2568 3229 Eusebia
2588 3189 2615 3229 s
2648 3172 2719 3229 H.
2753 3173 2816 3245 Ε,
2849 3173 2946 3243 IV,
2987 3182 3088 3235 23.

774 3310 838 3358 ο.
888 3296 970 3354 De
1019 3294 1187 3371 praxi
1218 3295 1596 3354 ecclesiarum
1630 3297 1860 3354 Asiae
1893 3296 2142 3355 minoris
2170 3295 2439 3372 judicare
2471 3297 2613 3355 licet
2644 3315 2711 3354 ex
2745 3299 2923 3373 Apoc.
2966 3306 2999 3359 2
3036 3315 3100 3366 s..
3145 3295 3218 3354 ad

596 3403 748 3458 quae
780 3384 959 3442 etiam
990 3383 1262 3443 catholici
1292 3385 1706 3460 provocabant,
1741 3390 1813 3444 ut
1843 3389 2050 3444 contra
2080 3386 2473 3444 montanistas
2507 3389 2566 3444 et
2597 3387 2950 3444 novatianos
2982 3386 3218 3445 veniam

593 3473 893 3543 omnibus,
927 3474 1106 3532 etiam
1137 3473 1623 3550 gravissimorum
1659 3474 1972 3533 criminum
2004 3475 2143 3546 reis,
2178 3492 2306 3533 esse
2351 3474 2607 3532 dandam
2641 3474 2998 3545 evincerent,
3046 3474 3217 3533 testi-

817 3719 850 3786 Ι)
879 3714 962 3770 Cf.
990 3714 1087 3769 Fu
1108 3716 1199 3768 uk
1240 3716 1275 3769 l.
1318 3733 1363 3768 c.
1396 3717 1432 3780 l,
1476 3722 1578 3771 168
1603 3732 1703 3771 aa..
1755 3714 2092 3769 Batiffol
2133 3715 2389 3786 L'Eglise
2436 3716 2742 3770 naissante.
2794 3716 3031 3770 Hermas
3074 3718 3130 3769 et
3165 3716 3218 3769 le

593 3797 881 3866 probleme
908 3797 1092 3851 moral
1118 3814 1192 3849 au
1221 3796 1424 3851 second
1454 3795 1642 3858 siecle,
1671 3795 1866 3848 Revue
1900 3796 2037 3849 bibl.
2065 3796 2132 3860 X,
2159 3801 2426 3853 337—51.

811 3881 850 3947 ²)
878 3875 959 3928 De
999 3877 1109 3930 hoc
1150 3875 1336 3929 edicto
1378 3877 1615 3945 ejusque
1650 3878 1899 3940 auctore,
1941 3893 2070 3928 cum
2106 3875 2272 3931 illum
2311 3876 2354 3929 T
2372 3894 2401 3930 e
2417 3894 2445 3929 r
2462 3880 2486 3930 t
2501 3897 2538 3929 ιι
2557 3877 2577 3929 l
2594 3875 2650 3930 li
2671 3895 2703 3929 a
2719 3895 2758 3929 n
2777 3894 2813 3929 u
2831 3894 2855 3929 s
2895 3876 3218 3929 accuratius

596 3972 707 4009 non
735 3956 1013 4026 designet,
1042 3955 1291 4009 multum
1318 3955 1390 4008 ad
1420 3959 1672 4009 nostram
1715 3971 1896 4022 usque
1938 3959 2186 4010 aetatem
2225 3954 2528 4025 disputant
2567 3955 2798 4010 eruditi.
2851 3955 2934 4009 cf.
2979 3954 3218 4008 Frank

594 4035 735 4090 Tfib.
764 4035 1005 4100 Qtlschr.
1045 4041 1174 4092 1867
1201 4055 1255 4106 p.
1282 4040 1388 4091 397
1416 4053 1503 4098 ss„
1532 4034 1810 4089 Katholik
1841 4042 1994 4100 1876,
2026 4043 2127 4093 113
2154 4054 2224 4089 ss.
2275 4036 2405 4091 Non
2444 4036 2669 4099 desunt,
2699 4035 2802 4104 qui
2828 4035 2980 4089 illud
3007 4035 3217 4106 Zephy-

593 4115 718 4170 rino
746 4116 1099 4185 abjudicent,
1128 4119 1195 4169 ut
1219 4114 1297 4169 Ti
1317 4117 1419 4171 lle
1437 4135 1492 4168 m
1510 4133 1541 4168 o
1560 4136 1593 4169 n
1612 4116 1652 4180 t,
1680 4115 1719 4169 C
1738 4133 1769 4170 o
1787 4116 1845 4169 ll
1863 4119 1934 4170 et
1960 4117 2029 4170 de
2059 4116 2257 4184 poenis
2284 4136 2338 4187 p.
2368 4124 2398 4171 2
2425 4133 2475 4171 a.
2501 4125 2529 4170 5
2557 4118 2703 4186 post.
2727 4117 2857 4169 sect.
2882 4122 2915 4171 3
2935 4114 3070 4169 (lise.
3087 4114 3217 4168 hist.

595 4214 649 4248 n.
677 4202 811 4254 5102
838 4195 1071 4260 Rossi,
1100 4195 1160 4251 Β.
1187 4196 1220 4249 J
1239 4216 1276 4250 u
1296 4215 1453 4266 ngm
1475 4212 1560 4248 an
1580 4214 1616 4247 n
1645 4195 1779 4248 diss.
1807 4197 1902 4251 sel.
1925 4196 1986 4249 in
2006 4196 2140 4249 hist.
2162 4196 2293 4250 eccl.
2317 4197 2358 4260 1,
2380 4201 2475 4252 201
2510 4199 2569 4248 et
2595 4196 2636 4248 F
2657 4217 2691 4249 ι.
2711 4215 2747 4248 ιι
2768 4197 2804 4248 k
2831 4195 3217 4258 KL.11,1562‚

595 4273 696 4343 qui
724 4273 869 4330 illud
898 4275 1164 4329 tribuunt
1191 4275 1453 4330 Callixto.
1507 4275 1800 4345 Adjuncta
1839 4292 1970 4330 vero
2011 4275 2239 4329 interna
2279 4279 2339 4329 et
2376 4278 2609 4329 externa
2635 4277 2758 4345 ejus
2797 4275 3213 4347 genuinitatem

595 4355 795 4408 saltem
823 4357 1081 4418 suadent,
1110 4356 1372 4424 illudque
1400 4355 1682 4409 directum
1710 4354 1886 4408 fuisse
1923 4354 2154 4408 videtur
2194 4355 2465 4409 adversus
2511 4373 2604 4410 eos
2631 4356 2944 4427 episcopos,
2974 4372 3212 4424 quorum

595 4452 635 4486 s.
678 4433 719 4486 C
736 4452 772 4501 y
789 4455 825 4504 p
842 4453 869 4486 ι·
885 4434 905 4486 i
922 4451 955 4486 a.
974 4456 1010 4489 n
1028 4454 1064 4488 ιι
1084 4454 1108 4488 s
1148 4436 1239 4507 (cf.
1266 4452 1439 4505 supra
1469 4453 1521 4490 n.
1550 4440 1675 4506 451)
1722 4434 2072 4488 mentionem
2119 4435 2276 4488 facit.
2328 4435 2384 4486 Μ
2402 4451 2431 4488 e
2448 4454 2473 4488 s
2490 4455 2526 4488 n
2543 4453 2576 4488 a
2593 4454 2619 4488 r
2636 4439 2661 4488 t
2707 4436 2770 4488 in
2816 4454 2918 4489 sua
2966 4435 3214 4490 editione

595 4517 664 4576 (a.
699 4518 852 4584 1545)
883 4514 1056 4584 legit:
1088 4515 1240 4584 „Ego
1268 4518 1326 4568 et
1356 4514 1642 4568 moechiae
1670 4517 1728 4567 et
1752 4513 2151 4568 fornicationis
2177 4515 2342 4567 funes
2369 4514 2649 4569 dimitto.··
2706 4515 2788 4572 Cf.
2815 4516 2912 4570 Ro
2931 4517 2947 4570 l
2966 4517 2994 4570 f
3004 4517 3033 4570 f
3042 4535 3067 4569 s
3108 4515 3213 4568 Das

596 4593 1068 4664 Indulgenzedict
1102 4594 1199 4648 des
1240 4601 1378 4650 ιὸιιι.
1405 4593 1591 4649 Bisch.
1621 4592 1897 4647 Callixtus
1937 4593 2177 4646 kritisch
2222 4596 2559 4648 untersucht
2598 4596 2715 4648 und
2756 4597 3133 4650 reconstruirt
3156 4596 3212 4649 in

596 4673 643 4727 G
661 4691 690 4727 e
709 4674 797 4727 bh
816 4691 849 4726 a
865 4692 892 4727 r
908 4674 944 4727 d
974 4675 1091 4728 und
1122 4675 1171 4727 H
1188 4691 1219 4727 a
1237 4692 1263 4727 r
1280 4693 1315 4726 n
1333 4691 1363 4727 a
1383 4692 1412 4727 c
1427 4674 1467 4727 k
1495 4674 1668 4727 Texte
1697 4692 1750 4726 u.
1783 4673 2122 4727 Untersuch.
2154 4679 2289 4730 1893
2311 4675 2385 4727 XI
2411 4674 2544 4731 fasc.
2572 4683 2622 4731 3.

809 4759 851 4826 ³)
882 4755 964 4809 Cf.
993 4754 1536 4809 Tertullianus
1564 4755 1633 4809 de
1661 4772 1903 4825 praescr.
1931 4773 1978 4810 c.
2005 4762 2103 4812 30:
2135 4755 2430 4825 Epipha
2454 4756 2623 4810 nius
2652 4757 2804 4810 haer.
2833 4766 2900 4813 42
2931 4776 2982 4814 n.
3016 4766 3063 4812 1.
