3538 5364
1062 322 1260 379 unctio
1288 325 1375 378 est
1401 323 1473 378 N.
1511 322 1678 394 Legis
1706 326 2138 380 sacramentum.
2768 332 2903 398 517.

456 510 552 568 Ita
595 513 900 569 testantur
919 511 1044 586 jam
1078 510 1457 588 Origenes
1489 511 1645 571 hom.
1679 520 1714 573 2
1749 511 1812 571 in
1844 511 1977 576 Lev.
2010 529 2068 569 n.
2103 521 2163 584 4,
2212 510 2481 570 Victor
2510 510 2897 570 antiochenus

280 599 342 656 in
375 598 548 657 Marc.
586 610 642 669 6,
677 600 1274 677 Chrysostomus
1306 600 1378 664 de
1411 600 1629 659 sacerd.
1658 601 1764 672 111,
1802 611 1859 672 6,
1892 601 2080 659 ritum
2110 618 2145 658 a
2173 598 2394 660 Jacobo
2423 599 2907 662 commendatum.

280 687 437 763 apud
470 687 673 746 fideles
706 688 891 747 fuisse
923 689 985 747 in
1017 707 1151 748 usu.
1183 722 1272 731 —
1304 689 1485 758 ,Non
1518 691 1609 748 est
1641 690 1908 759 dubium,
1956 688 2277 765 respondet
2306 689 2820 747 Innocentius
2850 689 2897 749 I.

279 795 370 850 ep.
395 784 495 839 25.
527 777 806 836 Decentio
838 778 1043 852 plures
1075 779 1431 854 proponenti
1462 778 1836 855 quaestiones
1869 797 1913 837 c.
1948 787 2004 848 8,
2037 778 2109 836 de
2140 777 2417 837 fidelibus
2449 777 2897 856 aegrotantibus

279 864 460 941 accipi
506 866 599 924 vel
644 867 906 943 intelligi
951 867 1164 925 debere
1196 860 1402 949 (verba
1432 863 1683 948 Jacobi),
1731 868 1835 944 qui
1882 871 2085 926 sancto
2117 867 2245 926 oleo
2277 866 2614 926 chrismatis
2643 867 2899 944 perungi

280 959 552 1028 possunt,
600 955 758 1032 quod
805 956 878 1014 ab
923 957 1204 1033 episcopo
1244 958 1575 1015 confectum
1608 974 1729 1016 non
1761 958 1951 1017 solum
1987 956 2404 1026 sacerdotibus,
2453 955 2556 1014 sed
2603 959 2666 1014 et
2709 953 2899 1015 omni-

279 1043 392 1101 hus
425 1043 517 1101 uti
550 1039 889 1104 christianis
936 1045 1077 1104 licet
1119 1045 1184 1104 in
1229 1063 1342 1104 sua
1385 1048 1492 1104 aut
1535 1046 1600 1104 in‘
1645 1064 1888 1105 suorum
1921 1045 2273 1105 necessitate
2304 1043 2650 1123 ungendum
2663 1039 2780 1128 ι)“.
2814 1079 2896 1089 -

279 1134 329 1189 A
348 1135 573 1190 uctor
622 1134 907 1208 antiquus
957 1129 1376 1214 (probabiliter
1425 1154 1470 1193 s.
1518 1135 1931 1194 Caesarius
1961 1130 2157 1216 arel.):
2211 1133 2752 1210 ,Quotiescunque,
2802 1133 2897 1192 in-

278 1219 491 1295 quit2),
539 1221 740 1298 aliqua
782 1224 1094 1283 infirmitas
1126 1225 1552 1300 supervenerit,
1605 1242 1821 1300 corpus
1866 1226 1929 1283 e't
1950 1233 1955 1238 ’
1975 1223 2326 1301 sanguinem
2358 1223 2577 1282 Christi
2619 1222 2741 1292 ille,
2793 1223 2898 1300 qui

279 1307 563 1385 aegrotat,
597 1312 865 1386 accipiat,
899 1315 961 1371 et
992 1312 1130 1371 inde
1162 1314 1584 1389 corpusculum
1618 1323 1795 1373 suum
1827 1316 2032 1390 ungat,
2080 1315 2151 1372 ut
2196 1311 2366 1382 illud,
2413 1311 2573 1389 quod
2605 1312 2897 1387 scriptum

277 1391 393 1460 est.
427 1399 491 1457 in
523 1419 592 1459 eo
624 1401 975 1476 impleatur:
1026 1403 1375 1474 Infirmatm·
1405 1402 1621 1480 aliquis
1649 1406 1760 1462 etc.
1821 1402 2032 1461 Videte
2062 1401 2295 1470 fratres,
2328 1402 2471 1477 quia
2498 1399 2605 1477 qui
2638 1400 2701 1459 in
2732 1399 2898 1459 infir-

275 1487 491 1546 mitate
521 1489 593 1546 ad
628 1488 943 1550 Ecclesiam
978 1491 1361 1561 concurrerit,
1408 1495 1468 1550 et
1512 1492 1773 1568 corporis
1802 1492 2115 1550 sanitatem
2148 1490 2406 1567 recipere
2436 1491 2500 1549 et
2527 1493 2897 1565 peccatorum

274 1576 718 1653 indulgentiam
749 1579 1076 1639 merebitur
1106 1579 1392 1640 obtinere.
1411 1589 1438 1617 *
1481 1616 1552 1624 -
1590 1580 1900 1640 Accedunt
1929 1577 2191 1650 concilia,
2232 1598 2383 1655 quae
2413 1580 2572 1638 hunc
2602 1595 2897 1637 commen-

221 1731 222 1736 *
279 1666 432 1723 dant
461 1668 662 1725 ritum.
727 1669 823 1727 Ita
863 1686 1019 1728 conc.
1053 1668 1594 1729 cabillonense
1626 1690 1676 1730 a.
1712 1680 1837 1732 813
1873 1688 1997 1732 can.
2034 1678 2113 1732 48
2150 1668 2467 1746 praecipit:
2516 1667 2896 1736 ,Secundum

274 1755 335 1815 b.
370 1754 578 1814 Jacobi
611 1776 701 1832 ap.
735 1755 1177 1828 documentum,
1225 1758 1321 1817 cui
1356 1760 1536 1817 etiam
1569 1760 1923 1819 documenta
1955 1762 2198 1836 patrum
2228 1757 2627 1825 consentiunt,
2674 1755 2897 1816 infirmi

275 1844 427 1911 ole0,
476 1845 638 1920 quod
669 1847 743 1905 ab
776 1848 1065 1924 episcopis
1098 1847 1486 1918 benedicitur,
1533 1868 1566 1907 a
1610 1849 1979 1925 presbyteris
2011 1848 2158 1926 ungi
2190 1847 2468 1909 debent.‘
2534 1845 2697 1905 Idem
2728 1863 2897 1922 prae-

275 1932 517 2007 cipiunt
560 1952 719 1999 conc.
765 1937 1385 2013 aquisgranense
1423 1956 1472 1999 a.
1510 1946 1654 2006 836,
1702 1937 2244 2015 moguntinum
2277 1956 2328 2000 a,
2364 1945 2510 2006 847,
2558 1935 2894 2013 regini-

276 2040 355 2080 ce
372 2041 412 2079 n
430 2040 457 2080 s
474 2041 505 2081 e
537 2043 585 2086 a.
610 2034 734 2089 850
758 2044 881 2087 can.
906 2036 940 2089 8
977 2030 1039 2084 et
1067 2026 1185 2084 alia
1215 2026 1374 2102 apud
1408 2026 1444 2084 S
1462 2027 1799 2085 erarium
1831 2026 1892 2085 in
1925 2046 2033 2085 sua
2051 2026 2204 2101 disp.
2226 2026 2297 2083 de
2318 2028 2580 2084 extrema
2596 2025 2896 2083 unctione.

281 2109 585 2178 Quantum
616 2133 754 2172 vero
787 2115 1063 2174 nonnulli
1098 2115 1238 2174 huic
1267 2115 1415 2173 ritui
1447 2116 1790 2184 tribuerint,
1841 2117 2004 2192 patet
2048 2135 2116 2174 ex
2147 2114 2475 2192 Egberti
2522 2112 2896 2172 eboracensis

283 2203 415 2270 (sec.
449 2198 634 2284 VIII.)
680 2203 877 2262 verbis
922 2203 986 2262 in
1030 2204 1444 2280 poenitentiali
1485 2204 1522 2266 l.
1563 2215 1587 2267 1
1631 2224 1689 2280 p.
1724 2214 1759 2266 2
1796 2223 1842 2268 c.
1884 2215 1955 2267 15
1997 2198 2276 2287 (Migne
2312 2212 2412 2273 89,
2450 2197 2639 2283 416):
2689 2202 2898 2270 ,Hanc

284 2290 627 2349 unctionem
661 2290 809 2370 (Jao.
848 2303 902 2362 5,
942 2302 1021 2355 14
1055 2288 1128 2375 s.)
1161 2293 1420 2369 quilibet
1463 2292 1674 2363 fidelis,
1727 2293 1780 2352 si
1826 2293 2032 2369 possit,
2083 2293 2387 2369 acquirere
2432 2291 2547 2350 sibi
2593 2290 2786 2359 debet,
2836 2292 2899 2348 et

281 2381 528 2448 statuta,
564 2399 715 2456 quae
747 2381 821 2438 ad
852 2401 982 2440 eam
1014 2382 1336 2458 pertinent,
1379 2381 1656 2458 quoniam
1689 2383 1981 2458 scriptum
2027 2386 2135 2452 est,
2184 2381 2343 2457 quod
2375 2380 2718 2457 quicunque
2749 2379 2899 2438 hanc

280 2466 659 2544 disciplinam
693 2470 985 2538 habuerit,
1034 2470 1230 2529 anima
1260 2472 1390 2546 ejus
1423 2489 1608 2546 aeque
1640 2490 1791 2547 pura
1824 2470 1906 2529 sit
1934 2474 2073 2547 post
2102 2469 2332 2530 obitum
2374 2488 2441 2528 ac
2478 2469 2745 2538 infantis,
2790 2467 2897 2545 qui

277 2556 488 2614 statim
522 2563 659 2634 post
689 2559 987 2636 baptisma
1018 2560 1332 2623 moritur.‘
1384 2559 1645 2619 Eandem
1677 2560 1905 2636 praxim
1941 2559 2279 2637 colligimus
2310 2578 2379 2618 ex
2411 2557 2677 2634 antiquis
2709 2555 2913 2616 sacra-'

509 2798 543 2863 ¹)
571 2793 718 2848 Hinc
743 2812 858 2848 non
886 2795 1164 2863 sequitur,
1189 2812 1385 2850 omnes
1412 2795 1605 2849 fideles
1629 2794 1885 2864 potuisse
1905 2795 2013 2849 hoc
2032 2796 2448 2849 sacramentum
2468 2792 2900 2851 administraret

280 2888 417 2926 cum
446 2891 576 2928 mox
605 2877 823 2946 probet,
851 2875 1025 2930 etiam
1051 2875 1349 2946 episcopos
1379 2892 1539 2946 posse
1566 2878 1831 2945 aegrotos
1856 2876 2154 2946 inungere,
2182 2875 2338 2942 quod
2363 2875 2515 2929 certe
2542 2872 2901 2944 probandum

277 2970 399 3007 non
427 2953 646 3019 fuisset,
674 2955 722 3010 si
749 2956 1013 3011 omnibus
1041 2955 1304 3010 fidelibus
1331 2959 1470 3011 tunc
1496 2955 1556 3010 id
1585 2956 1859 3010 licuisset.
1888 2955 2072 3021 Quare
2088 2972 2286 3010 sensus
2300 2958 2402 3021 eet,
2419 2971 2534 3010 non
2549 2953 2732 3008 solum
2752 2968 2901 3024 pies-

279 3034 518 3102 byteris,
545 3036 649 3103 qui
675 3036 930 3091 infirmos
954 3036 1268 3106 inungunt,
1306 3035 1476 3091 licere
1515 3036 1625 3091 hoc
1658 3038 2076 3092 sacramentum
2121 3036 2389 3107 recipere,
2432 3034 2530 3089 sed
2556 3036 2615 3089 et
2638 3031 2903 3089 omnibus

278 3112 614 3168 christianis
642 3132 968 3170 concessum
996 3132 1112 3170 esse
1139 3116 1248 3170 hoc
1274 3124 1432 3169 sacro
1459 3115 1627 3171 oleo
1611 3115 1842 3207 inungi.
1867 3116 2112 3170 Videtur
2137 3118 2330 3169 autem
2358 3131 2423 3169 ex
2444 3111 2766 3169 Innocentii
2785 3128 2904 3166 ver·

282 3193 372 3246 bis
398 3194 690 3265 consequi,
715 3197 856 3251 tunc
874 3196 1047 3251 moris
1073 3195 1266 3260 fuisse,
1294 3197 1360 3250 ut
1386 3196 1575 3251 fideles
1604 3196 1815 3267 passim
1841 3196 1903 3250 in
1928 3195 2046 3250 suis
2074 3196 2302 3261 morbis,
2328 3194 2552 3250 etiamsi
2576 3212 2693 3250 non
2719 3195 2908 3248 essent

278 3289 504 3344 graves,
530 3274 979 3345 inungerentur:
1007 3276 1088 3329 ita
1103 3278 1310 3337 tamen,
1337 3278 1404 3329 ut
1428 3275 1688 3330 inunctio
1716 3293 1833 3331 non
1861 3278 2006 3330 esset
2030 3275 2474 3339 sacramentalis,
2501 3274 2598 3329 sed
2624 3291 2760 3328 usus
2792 3266 2903 3328 olei

279 3352 431 3409 sacri
456 3355 531 3408 ab
556 3354 806 3409 Ecclesia
831 3356 1137 3421 benedicti,
1165 3373 1230 3410 ea
1264 3356 1505 3421 ratione,
1553 3372 1668 3425 qua
1697 3356 1872 3410 etiam
1902 3356 2116 3410 modo
2101 3374 2162 3409 ιιι
2189 3356 2404 3410 morbis
2437 3357 2684 3408 utuntur
2710 3352 2906 3407 fideles

278 3450 439 3502 aqua
465 3434 712 3503 aliisque
736 3437 907 3490 rebus
934 3436 1267 3490 benedictis.
1321 3436 1450 3490 Ideo
1477 3435 1631 3490 enirn
1658 3435 1922 3506 pontifex
1948 3435 2214 3505 subjicit:
2256 3434 2724 3498 „Poenitentibus
2750 3432 2915 3509 istud

278 3514 495 3585 (oleum
523 3519 764 3587 sacrum)
792 3516 1026 3570 infundi
1065 3533 1181 3571 non
1220 3518 1425 3587 potest,
1467 3516 1607 3584 quia
1632 3532 1818 3585 genus
1841 3519 1929 3570 est
1952 3515 2311 3571 sacramenti.
2359 3515 2508 3570 Nam
2543 3514 2755 3583 quibus
2778 3514 2909 3567 reli-

281 3612 402 3665 qua
429 3600 782 3651 sacramenta
808 3601 1110 3668 negantur,
1137 3597 1425 3667 quomodo
1451 3615 1633 3653 unum
1658 3614 1841 3668 genus
1866 3600 2110 3688 putatur
2134 3614 2299 3668 posse
2325 3596 2560 3651 concedi
2574 3603 2628 3650 i’*
2677 3595 2921 3649 Certum·

282 3680 479 3732 autem
508 3681 610 3741 est,
639 3680 704 3731 ut
728 3695 792 3731 ex
821 3679 1018 3732 eadem
1045 3682 1209 3749 patet
1233 3678 1496 3771 epistola,
1525 3676 1999 3771 poenitentibus
1984 3696 2046 3730 ιιι
2072 3677 2327 3749 periculo
2354 3676 2553 3731 mortis
2579 3674 2908 3729 constitutis

286 3773 552 3812 concessa
577 3757 752 3812 fuisse
778 3758 893 3811 alia
921 3761 1273 3814 sacramenta
1299 3759 1532 3830 proprie
1557 3758 1728 3812 dicta.

433 3842 473 3907 ·)
501 3839 676 3892 Serm.
703 3845 807 3895 265
833 3838 894 3891 in
915 3856 1048 3909 app.
1076 3855 1240 3892 serm.
1270 3857 1311 3892 s.
1341 3840 1489 3909 Aug.
1519 3857 1574 3895 n.
1601 3846 1651 3895 3.
1703 3838 1812 3893 Pro
1858 3837 2097 3892 ecclesia
2118 3837 2387 3891 orientali
2418 3800 2612 3890 afferri
2645 3834 2791 3888 forte
2810 3848 2914 3904 poa

283 3921 424 3973 sunt
449 3919 623 3972 verba
649 3920 812 3972 Isaa
828 3936 858 3972 c
875 3918 896 3972 i
921 3919 1175 3973 antioch.
1200 3922 1248 3986 (†
1274 3934 1321 3975 c.
1348 3922 1473 3991 460)
1501 3918 1561 3972 in
1589 3917 1830 3987 disquis.
1870 3919 1941 3972 de
1967 3920 2174 3989 potest.
2198 3916 2460 3972 diaboli
2443 3934 2506 3969 ιιι
2531 3914 2764 3970 homine
2790 3914 2910 3965 ten-

282 3998 465 4056 tando
493 4004 606 4069 (op.
637 4006 684 4062 l,
717 4004 814 4054 187
842 3998 930 4055 ed.
958 3998 1034 4052 Β
1019 4017 1040 4052 ι
1057 3999 1312 4070 okell)·
1301 4042 1314 4053 .
1367 3999 1759 4061 „Sacerdotem
1800 3998 2150 4054 visitatorem
2193 4014 2310 4052 non
2348 3996 2655 4066 probatum
2695 3993 2913 4047 habent

282 4080 501 4135 stultae
528 4079 851 4150 (mulieres),
879 4080 1122 4148 ideoque
1140 4079 1522 4150 signationem
1553 4081 1677 4149 ejus
1705 4082 2114 4136 contemnunt:
2140 4079 2238 4131 sed
2268 4078 2439 4131 talem
2456 4076 2757 4144 quaerunt,
2774 4090 2909 4141 qua·

284 4163 402 4217 lem
429 4176 603 4231 supra
630 4158 1051 4227 descripsimus,
1079 4159 1182 4228 qui
1209 4160 1383 4214 etiam
1411 4161 1694 4231 extemplo
1722 4159 1979 4225 advenit,
2006 4162 2072 4213 ut
2098 4159 2252 4229 ipsas
2292 4158 2495 4227 signet.
2540 4158 2618 4209 At
2639 4153 2850 4224 potius,
2876 4169 2910 4207 o

284 4242 514 4305 mulier,
543 4240 759 4296 donum
786 4240 1015 4308 quidem
1058 4242 1246 4295 tribue
1285 4241 1524 4305 recluso,
1569 4242 1665 4295 sed
1711 4240 2094 4311 signationem
2139 4255 2174 4292 a
2216 4237 2506 4293 sacerdote
2546 4241 2647 4290 tuo
2687 4233 2911 4303 accipe:

285 4324 485 4379 cibum
511 4323 650 4374 affer
675 4320 968 4384 monacho,
998 4320 1094 4373 sed
1122 4321 1311 4375 oleum
1338 4324 1653 4390 martyrum
1681 4322 1866 4392 (forte,
1894 4336 1962 4373 ex
1988 4318 2354 4388 lampadibus
2380 4332 2568 4371 coram
2594 4318 2911 4382 martyrum

283 4403 567 4475 sepulcris
606 4400 962 4473 ardentibus)
1005 4402 1083 4455 sit
1123 4401 1230 4456 tibi
1258 4441 1271 4455 .
1299 4442 1311 4454 .
1343 4441 1356 4455 .
1401 4400 1671 4456 Crucifixi
1712 4402 1941 4455 tantum
1986 4400 2172 4453 oleum
2219 4397 2295 4452 sit
2332 4396 2437 4451 tibi
2482 4399 2541 4451 et
2564 4413 2598 4449 a
2623 4396 2912 4450 sacerdote

287 4482 677 4555 signationem
705 4482 901 4550 accipe
930 4524 941 4535 .
972 4522 984 4535 .
1013 4521 1026 4534 .
1069 4480 1404 4552 Negligitur
1430 4480 1617 4535 oleum
1642 4480 2033 4551 apostolorum
2061 4481 2119 4532 et
2144 4480 2473 4546 martyrum,
2503 4476 2605 4545 qui
2630 4494 2734 4547 pro
2773 4475 2914 4530 veri-

286 4567 409 4618 tate
437 4565 673 4616 mortem
700 4560 854 4633 passi
881 4565 1033 4626 sunt,
1060 4566 1117 4615 et
1142 4560 1330 4615 oleum
1351 4560 1714 4615 mendacium
1734 4559 2000 4628 splendet
2018 4558 2081 4612 in
2102 4557 2299 4612 oribus
2318 4572 2729 4629 perversarum.
2755 4556 2914 4610 Servi

285 4642 503 4699 Christi
530 4645 590 4696 et
614 4642 920 4698 orthodoxi
946 4643 1146 4696 afferre
1173 4644 1359 4698 solent
1377 4644 1641 4711 aegrotos
1667 4643 1727 4694 et
1751 4640 2008 4693 infirmos
2047 4638 2121 4692 ad
2148 4640 2424 4711 {sanctum
2451 4637 2650 4701 altare,
2678 4653 2793 4691 non
2817 4653 2915 4690 au-

285 4730 405 4779 tem
432 4723 547 4796 ipsi
573 4727 759 4781 oleum
786 4724 1056 4779 conficere
1082 4723 1313 4788 audent,
1341 4740 1411 4776 ne
1439 4723 1669 4777 domum
1695 4720 2041 4791 expiationis
2066 4722 2423 4775 contemnere
2449 4717 2770 4779 videantur,
2797 4716 2917 4770 sed·

289 4805 392 4861 ubi
419 4806 677 4861 sacerdos
705 4808 791 4860 est
814 4822 1015 4875 regens
1042 4805 1282 4875 plebem,
1312 4805 1616 4858 observant
1641 4802 1870 4857 ordines
1889 4800 2203 4870 justitiae.··
2258 4799 2343 4855 cf.
2364 4800 2398 4854 S
2414 4815 2443 4852 c
2460 4799 2498 4852 h
2514 4815 2548 4851 a
2564 4817 2603 4851 n
2619 4817 2648 4855 z
2673 4807 2702 4864 5
2727 4801 2813 4853 46.
