3538 5364
590 297 718 362 262
863 290 1047 343 Tract.
1075 289 1166 342 lx,
1193 289 1262 342 de
1290 286 1674 347 sacramentis,
1702 287 1784 340 De
1809 303 2046 342 numero
2074 288 2554 340 sacramentorum
2583 286 2926 355 septenario.

589 472 874 547 tentiam,
907 470 1077 533 unde
1111 469 1347 532 factum
1382 474 1496 544 est,
1529 473 1600 531 ut
1630 467 1694 530 in
1728 466 2299 531 administrationis
2331 466 2556 530 ritibus
2589 466 2754 529 adeo
2772 466 3050 532 subinde
3073 468 3202 530 dis-

588 580 895 659 crepent?
942 576 1039 640 Ad
1070 594 1208 641 rem
1238 574 1761 639 Tertullianu
1783 594 1814 636 s
1847 574 1926 639 de
1958 590 2235 654 praescr.
2268 592 2328 636 n.
2362 571 2479 640 28:
2552 572 2828 654 ,Ecquid
2859 572 3201 637 verisimile

588 691 704 759 est,
736 684 959 765 inquit,
990 690 1062 746 ut
1093 688 1192 746 tot
1221 700 1299 746 ac
1331 688 1551 746 tantae
1587 681 1901 746 ecclesiae
1934 681 2001 744 in
2034 698 2269 744 unam
2301 680 2491 744 fidem
2524 678 2928 744 erraverint?
2981 678 3198 743 Nullus

585 792 750 856 inter
779 788 1018 854 multos
1052 796 1318 854 eventus
1350 808 1518 852 unus
1551 793 1647 852 est
1679 788 1903 852 exitus.
1968 787 2271 853 Variasse
2317 787 2630 852 debuerat
2662 804 2840 851 error
2873 787 3202 852 doctrinae

585 898 1030 962 ecclesiarum:
1064 903 1348 962 ceterum
1383 896 1552 978 quod
1575 896 1746 976 apud
1766 893 2004 958 multos
2037 914 2235 958 unum
2256 894 2593 969 invenitur,
2628 912 2760 957 non
2781 900 2876 960 est
2900 901 3203 959 erratum.

584 1004 698 1067 sed
730 1004 1088 1068 traditum«

760 1129 828 1197 4.
862 1126 1133 1193 Constat
1163 1127 1286 1190 hac
1317 1126 1855 1209 praescriptione:
1885 1125 2166 1190 Eatenus
2200 1131 2449 1189 tantum
2483 1124 2841 1190 deserenda
2873 1133 3051 1189 esset
3086 1125 3201 1187 do-

583 1237 791 1300 ctrina
821 1235 901 1299 de
932 1252 1200 1299 numero
1235 1240 1808 1309 sacramentorum,
1845 1251 2042 1315 quam
2074 1232 2358 1297 Ecclesia
2391 1231 2708 1296 catholica
2747 1231 3016 1313 pacifice
3048 1250 3201 1313 pos-

581 1343 746 1406 sedit
776 1360 891 1423 per
921 1339 1107 1422 plura
1138 1339 1356 1405 secula
1387 1346 1535 1403 ante
1571 1344 1748 1403 ortas
1783 1340 1862 1404 de
1896 1338 2126 1404 eadem
2159 1355 2283 1403 sec.
2316 1337 2476 1402 XVI.
2510 1338 3007 1415 controversiaS‚
3042 1357 3202 1420 qua-

583 1456 768 1514 tenus
799 1454 1143 1512 novatores
1174 1464 1299 1511 sec.
1332 1445 1492 1510 XVI.
1525 1446 1696 1525 digni
1728 1452 1961 1521 essent,
2008 1446 2115 1527 qui
2149 1446 2495 1509 audiantur
2529 1452 2593 1510 et
2626 1446 2856 1528 quibus
2888 1452 3029 1510 tuto
3063 1462 3201 1510 cre-

580 1554 732 1619 dere
763 1555 1098 1636 possimuS.
1162 1553 1356 1635 Atqui
1387 1560 1737 1617 novatores
1788 1571 1913 1618 sec.
1947 1552 2106 1617 XVI.
2140 1553 2569 1635 undequaque
2618 1560 2768 1617 sunt
2799 1553 3061 1633 indigni.
3096 1554 3202 1634 qui

579 1661 645 1724 in
676 1666 867 1727 rebus
900 1659 1047 1724 fidei
1079 1661 1438 1737 audiantur,
1473 1661 1649 1723 omni
1680 1667 1904 1724 carent
1936 1660 2335 1724 auctoritate.
2400 1659 2567 1740 Ergo
2615 1667 2857 1725 temere
2888 1658 3203 1724 deseritur

579 1774 841 1850 propter
872 1786 1097 1833 eorum
1128 1773 1380 1831 asserta
1410 1767 1734 1831 Ecclesiae
1766 1766 1943 1831 fides.
2010 1767 2082 1830 Et
2117 1785 2273 1831 sane
2305 1773 2739 1848 protestantes
2785 1786 2866 1831 ne
2899 1765 3201 1830 audiendi

578 1875 836 1957 quidem
885 1881 1036 1939 sunt
1083 1897 1146 1943 a.
1200 1875 1352 1956 quia
1382 1882 1606 1940 carent
1638 1875 1814 1938 omni
1863 1874 2283 1950 missione,
2334 1880 2407 1938 ut·
2455 1873 2594 1938 fuse
2646 1873 3045 1939 ostendimus
3081 1882 3121 1938 t.
3163 1874 3199 1936 Ι.

577 2002 637 2046 n.
689 1987 886 2057 3272:
939 1985 1005 2051 b.
1058 1985 1206 2065 quia
1256 1982 1420 2045 inter
1469 1999 1540 2046 se
1589 1981 1901 2046 dissident
1950 1982 2031 2046 de
2082 2001 2352 2047 numero
2402 1988 2993 2046 sacramentorum:
3046 1999 3196 2044 nam

579 2090 873 2170 quamvis
904 2089 1099 2154 modo
1132 2089 1260 2153 duo
1294 2094 1546 2152 tantum
1580 2088 1939 2163 admittant,
1988 2086 2141 2151 olim
2188 2107 2319 2151 non
2365 2087 2720 2163 defuerunt,
2767 2089 2877 2170 qui
2922 2088 3067 2163 tria.
3102 2087 3203 2151 vel

579 2202 873 2277 quatuor,
905 2196 1036 2260 imo
1071 2203 1135 2260 et
1165 2196 1444 2278 quinque
1477 2195 1924 2259 admitterent:
1956 2194 2395 2275 magisterium
2430 2202 2648 2259 autem
2668 2195 2732 2257 in
2754 2214 2823 2259 se
2844 2194 3199 2269 dissonum,

577 2321 723 2366 cum
755 2303 962 2384 agitur
993 2304 1072 2368 de
1105 2303 1297 2368 rebus
1327 2302 1491 2380 fidei,
1512 2308 1690 2368 caret
1725 2301 2141 2377 auctoritate;
2176 2321 2239 2369 c.
2276 2302 2425 2383 quia
2457 2302 2838 2366 dissentiunt
2860 2300 3203 2367 manifesto

577 2428 617 2472 a
664 2415 921 2490 patrum
965 2410 1258 2475 doctrina
1307 2429 1419 2475 seu
1472 2408 1556 2472 ab
1588 2409 1871 2473 Ecclesia
1916 2426 2038 2472 sec.
2074 2408 2172 2472 IV.
2207 2415 2271 2473 et
2302 2409 2393 2484 V„
2443 2427 2611 2490 quae
2657 2408 2986 2473 evidenter
3016 2410 3203 2490 plura

575 2533 771 2597 quam
803 2516 933 2579 duo
968 2516 1227 2582 admisit
1258 2522 1701 2591 sacramenta:
1755 2518 1909 2598 quia
1960 2518 2026 2585 d.
2077 2516 2461 2580 dissentiunt
2503 2535 2543 2579 a
2584 2516 2877 2580 doctrina
2908 2516 3201 2581 omnium

574 2629 876 2688 coetuum
906 2623 1203 2701 fidelium,
1225 2624 1334 2707 qui
1347 2624 1498 2688 huic
1517 2622 1995 2688 controversiae
2028 2623 2599 2705 praeexstiterunt:
2636 2623 2800 2689 inter
2830 2623 3048 2689 varios
3084 2641 3199 2687 au-

573 2737 703 2796 tem
737 2738 961 2797 coetus
992 2730 1133 2795 illos
1168 2729 1282 2795 fuit
1314 2738 1490 2796 certo
1525 2730 1719 2794 etiam
1752 2748 1909 2794 vera
1946 2730 2247 2807 Ecclesia,
2281 2748 2428 2794 cum
2476 2749 2556 2796 ea
2605 2731 2688 2795 sit
2718 2730 3197 2802 indefectibilis:

574 2839 724 2919 quia
756 2858 815 2907 e.
848 2839 1038 2901 nimis
1072 2837 1348 2901 terrifica
1380 2842 1531 2900 sunt
1562 2835 1801 2901 Christi
1834 2838 2035 2902 verba
2066 2836 2289 2902 Matth.
2330 2838 2428 2914 18,
2468 2844 2580 2907 17:
2614 2839 2685 2903 Si
2705 2836 3051 2902 Ecclesiam
3074 2859 3199 2899 uon.

574 2946 871 3027 audierit,
902 2946 982 3008 sit
1013 2946 1121 3008 tibi
1151 2947 1308 3008 sicut
1342 2946 1619 3008 ethnicus
1650 2951 1706 3006 et
1729 2945 2157 3028 publicanu8‚·
2203 2952 2268 3010 et
2300 2946 2497 3010 verba
2537 2945 2720 3009 Pauli
2753 2944 2887 3009 Gal.
2927 2951 2983 3020 1,
3018 2949 3093 3013 9:
3129 2947 3197 3011 Si

572 3053 710 3135 quis
739 3050 905 3113 vobis
936 3051 1446 3134 ειάηρεῑὶεαυενίι
1469 3062 1725 3135 praeter
1762 3052 1844 3125 id,
1881 3054 2046 3135 quod
2077 3055 2422 3139 ‹tecepisti3,
2457 3054 2791 3118 anathema
2824 3054 2918 3117 sit.
2970 3050 3201 3133 Neque

573 3156 790 3220 dicant
820 3163 1170 3221 novatores
1202 3177 1325 3223 sec.
1361 3158 1536 3233 XVI..
1583 3177 1653 3222 se
1699 3157 1854 3222 nihil
1886 3159 2037 3222 novi
2072 3162 2484 3237 annunciare,
2532 3161 2643 3225 sed
2676 3177 2911 3242 purum
2943 3166 3197 3222 tantum

575 3262 984 3343 Evangelium
1017 3271 1417 3329 restaurare:
1469 3283 1620 3328 nam
1653 3292 1709 3331 α.
1742 3266 1908 3329 haec
1943 3267 2214 3330 assertio
2250 3274 2363 3342 est,
2396 3285 2528 3330 non
2559 3265 2889 3347 probatio;
2940 3273 3004 3329 et
3054 3268 3198 3348 qui-

572 3369 720 3433 dem
754 3376 805 3455 β.
839 3371 1114 3435 assertio
1148 3372 1445 3435 omnibus
1476 3371 1818 3436 haereticis
1853 3373 2243 3447 c‹›mmunis;
2293 3381 2356 3438 et
2386 3401 2436 3456 γ.
2472 3373 2801 3438 evidenter
2831 3372 3013 3450 falsa,
3049 3392 3199 3437 cum

572 3474 700 3539 alia
730 3483 922 3558 atque
956 3478 1082 3542 alia
1114 3486 1409 3542 asserant
1440 3479 1673 3542 diversi
1705 3485 2061 3543 novatores
2109 3478 2275 3543 illius
2322 3482 2661 3560 temporis:
2708 3498 2927 3562 quare,
2981 3500 3066 3546 ne
3100 3483 3197 3544 in-

572 3582 759 3663 digne
791 3583 1015 3662 ferant,
1046 3586 1101 3649 si
1133 3604 1246 3650 eos
1278 3604 1595 3666 rogamus,
1629 3592 1699 3649 ut
1731 3586 1912 3667 prius
1947 3587 2118 3651 inter
2150 3606 2220 3651 se
2240 3588 2664 3662 consentiant,
2698 3592 3055 3668 antequam
3081 3605 3191 3650 ca-

571 3690 845 3754 tholicos
879 3692 1220 3780 turbentt).

753 3829 895 3884 299.
929 3822 1132 3882 Solent
1174 3823 1438 3900 theologi
1482 3824 1784 3900 inquirere
1830 3825 1893 3883 in
1937 3826 2194 3884 rationes
2244 3826 2664 3910 congruentiae
2712 3825 2948 3884 numeri
2998 3831 3197 3900 septe·

570 3910 723 3968 narii
757 3915 1259 3970 sacramentorum
1292 3916 1472 3988 atque
1517 3913 1665 3971 alias
1711 3914 1978 3989 aliasque
2022 3922 2387 3989 proponunt.
2448 3913 2890 3973 Alexander
2935 3914 3197 3974 halensis

569 3999 608 4056 l.
656 4008 694 4060 4
743 4016 1005 4058 summae
1048 4001 1382 4077 theologiae
1415 4021 1469 4077 q.
1505 4011 1540 4066 8
1591 4003 1842 4061 membri
1880 4015 1911 4066 7
1948 4024 1997 4065 a.
2034 4013 2068 4065 2
2119 4007 2181 4062 et
2212 4022 2255 4062 s,
2289 4005 2844 4062 Bonaventura
2888 4003 3196 4078 compend.

569 4088 827 4165 theolog.
859 4089 1029 4149 verit.
1063 4092 1100 4154 l.
1138 4101 1171 4152 6
1207 4109 1256 4152 c.
1292 4100 1324 4153 5
1361 4094 1422 4148 et
1451 4092 1821 4167 Breviloquii
1852 4093 1950 4162 VI,
2003 4103 2036 4155 3
2086 4093 2267 4168 hujus
2312 4093 2547 4151 numeri
2589 4093 2881 4152 rationem
2910 4097 3195 4169 repetunt

793 4283 826 4346 ¹)
858 4276 939 4330 Cf.
968 4278 1295 4348 Perpetuite
1323 4279 1390 4332 de
1419 4279 1476 4331 la
1504 4279 1582 4333 foi
1612 4283 1650 4335 t.
1679 4289 1711 4335 4
1739 4280 1774 4332 l.
1809 4287 1901 4340 10:
1956 4280 2143 4333 Fran
2163 4300 2189 4333 z
2209 4280 2367 4334 elin
2396 4282 2476 4334 th.
2506 4286 2584 4335 18.
2638 4280 3006 4349 Quadruplex
3056 4279 3196 4334 haec

570 4355 832 4423 probatio
861 4373 915 4411 n.
945 4361 1045 4412 207
1075 4358 1368 4427 proposita
1411 4360 1551 4412 bene
1593 4362 1841 4422 notetur,
1883 4376 2014 4413 cum
2056 4376 2120 4413 ea
2162 4377 2327 4430 saepe
2374 4362 2460 4414 uti
2489 4361 2804 4429 possimus:
2841 4360 3012 4428 plane
3042 4359 3197 4413 enim

569 4437 770 4491 efficax
798 4438 885 4490 est
907 4437 980 4490 ad
1008 4438 1198 4492 omnia
1225 4441 1340 4493 fere
1368 4439 1638 4509 dogmata
1677 4456 1710 4491 a
1756 4441 2210 4508 protestantibus
2254 4443 2461 4510 reiecta
2507 4439 2960 4511 comprobanda:
3006 4454 3195 4506 neque

568 4517 731 4570 aliud
757 4517 1005 4587 alicujus
1032 4520 1302 4572 momenti
1334 4523 1531 4573 contra
1577 4537 1701 4574 eam
1746 4521 2006 4589 excipere
2052 4525 2309 4590 possunt,
2354 4523 2467 4574 nisi
2512 4539 2641 4575 cum
2681 4520 3060 4574 rationalistis
3101 4521 3193 4573 vel

571 4596 755 4664 prima
782 4595 914 4651 fidei
942 4598 1286 4652 christianae
1313 4599 1640 4654 rudimenta
1667 4603 1993 4655 subvertere
2023 4601 2205 4655 velint
2230 4604 2402 4669 atque
2440 4601 2500 4653 in
2541 4601 2778 4656 dubium
2819 4616 3020 4655 voc-are
3050 4600 3193 4652 divi·

571 4678 826 4743 nitatem,
854 4678 968 4733 imo
999 4683 1056 4733 et
1082 4680 1423 4751 sapientiam
1453 4681 1660 4736 Christi
1693 4683 2107 4752 promittentis,
2137 4700 2192 4735 se
2225 4683 2531 4736 Ecclesiam
2561 4700 2721 4736 suam
2749 4683 3189 4736 aedificaturum

568 4776 685 4812 esse
716 4777 827 4812 non
857 4777 1026 4828 super
1052 4777 1300 4824 arenam,
1329 4763 1424 4814 sed
1455 4779 1625 4831 super
1650 4765 1890 4831 petram.
