3538 5364
880 236 1077 293 Thesis
1102 235 1533 302 cxcv1.,1‹*ides
1560 238 1875 292 necessaria
1902 236 2235 291 necessitate
2262 237 2456 294 medii.
2844 246 2977 321 125

340 440 574 514 gantur
605 435 673 498 in
702 453 888 516 spem
926 434 1267 512 ,fidentes
1283 433 1487 499 Deum
1533 435 1654 499 sibi
1700 444 1960 517 propter
2005 433 2334 501 Christum
2378 437 2723 519 propitium
2766 438 2962 504 fore.‹
2969 488 2977 501 ,

344 538 431 604 Cf.
464 540 653 604 Rom.
684 528 745 618 4,
778 545 854 618 53
887 541 1025 606 Act.
1066 548 1164 618 13,
1197 547 1281 621 3¹3
1314 550 1431 617 etc.

475 746 483 752 .
525 671 673 737 140
706 667 963 738 'rhesis
1002 667 1300 738 CXCVI.
1363 693 1510 759 Quo
1547 704 1711 745 vero
1747 694 2160 746 accuratius
2177 693 2638 759 definiantur,
2670 707 2852 761 quae
2882 697 2970 749 de

334 776 474 839 tlde
531 779 632 832 ad
654 777 1230 844 justificationem
1280 781 1687 837 necessaria
1736 782 2046 835 tenenda
2081 786 2270 846 eunt,
2323 783 2624 836 dictmue
2660 781 2720 836 1.
2750 784 2976 851 fidem,

343 880 488 922 em
523 856 1002 925 &cessariam
1050 882 1195 923 non
1230 873 1512 923 tantum
1554 872 1957 925 necessttate
2007 874 2395 938 praecepa,
2446 873 2569 926 sed
2606 876 2673 926 ct
2708 874 2972 939 medii,-

341 957 408 1010 2.
447 970 593 1011 non
628 959 951 1025 sufficere
978 959 1195 1023 fidem
1245 957 1490 1010 latiori
1540 970 1751 1011 censu
1793 963 2178 1026 acceptam,
2212 962 2336 1015 sed
2372 962 2642 1027 requiri
2673 962 2970 1027 proprie

341 1047 635 1112 didam,
656 1061 946 1116 eamque
983 1048 1053 1101 3.
1092 1062 1165 1101 ee
1206 1049 1581 1102 extendere
1625 1048 1874 1103 debere
1918 1050 2176 1103 virtute
2214 1051 2499 1118 quidem
2535 1054 2600 1104 ct
2629 1050 2967 1117 implicite

345 1137 443 1190 ad
477 1137 725 1189 omnia
760 1137 1070 1190 revelata
1100 1150 1234 1204 per
1272 1135 1667 1202 Christum5
1701 1141 1865 1191 actu
1904 1142 2145 1192 autem
2173 1139 2242 1192 4.
2269 1143 2334 1193 et
2359 1139 2690 1206 explicite
2712 1141 2976 1207 sanctu,

340 1226 439 1281 aa
474 1227 817 1285 vet-uates,
847 1226 982 1279 Det
1017 1227 1413 1279 exsistentis
1447 1229 1513 1280 ct
1551 1228 2142 1280 remuneratoris.

522 1330 942 1397 Declamatio
966 1329 1135 1413 .p..1.
1163 1384 1169 1388 .
1199 1331 1533 1391 Necessitas
1577 1332 1983 1408 praecepti
2028 1333 2222 1392 oritur
2252 1348 2315 1398 a.
2345 1352 2415 1392 ex
2447 1334 2755 1393 voluntate
2788 1353 2968 1412 supe·

339 1424 519 1483 rior-is
552 1423 897 1499 obligantis,
927 1421 1171 1498 respicit
1200 1418 1268 1486 b.
1299 1421 1461 1481 entia
1489 1421 1808 1480 rationalia
1837 1424 2183 1499 spectatque
2227 1423 2302 1482 ad
2346 1423 2615 1482 ordinem
2661 1424 2970 1495 moralem,

340 1517 405 1572 et
435 1513 582 1588 quia
610 1527 676 1577 (2.
710 1513 864 1589 ligat
891 1511 1262 1570 voluntatem
1292 1511 1592 1570 mediante
1622 1511 1870 1581 ratione,
1906 1530 2026 1586 qua
2070 1517 2454 1588 praeceptum
2499 1513 2839 1583 innotescit,
2872 1513 2971 1590 ig«

338 1608 555 1661 norata
584 1605 854 1660 excusat.-
896 1601 1167 1677 neglecta
1199 1619 1336 1660 vero
1365 1596 1433 1665 d.
1466 1600 1683 1659 fundat
1714 1600 1970 1676 culpam.
2032 1601 2366 1661 Necessitas
2400 1621 2454 1660 m
2473 1601 2560 1660 ed
2580 1601 2637 1660 ii
2669 1617 2734 1666 a.
2769 1603 2970 1661 eritne

338 1710 407 1749 ex
436 1692 733 1750 relatione
764 1685 1125 1772 (objectiva),
1177 1707 1296 1764 qua
1343 1709 1534 1749 unum
1574 1689 1657 1748 ad
1706 1690 1962 1748 alterum
2013 1693 2315 1765 tamquam
2348 1691 2608 1750 medium
2660 1692 2736 1749 ad
2783 1691 2968 1749 finem

339 1780 831 1856 consequendum
860 1780 1131 1848 refertur,
1182 1778 1435 1854 ideoque
1468 1775 1539 1841 b.
1571 1781 1801 1853 spectat
1830 1778 1903 1836 ad
1936 1778 2208 1838 ordinem
2240 1779 2644 1856 ontologicum
2678 1783 2741 1839 et
2769 1781 2966 1857 objec-

338 1872 553 1939 tivnm‚
586 1872 685 1928 cui
716 1869 897 1927 etiam
931 1867 1183 1928 obnoxia
1202 1872 1357 1925 *sunt
1387 1868 1550 1927 entia
1578 1867 1979 1925 irrationalia:
2027 1871 2089 1926 et
2134 1868 2276 1944 quia
2319 1883 2381 1932 c.
2425 1869 2524 1927 hic
2556 1870 2963 1945 independens

338 1963 429 2017 est
457 1980 494 2017 a
522 1961 734 2018 nostra
763 1957 1118 2034 cognitione,
1166 1957 1438 2033 ignorata
1479 1975 1601 2014 non
1647 1962 1921 2015 excusat:
1967 1957 2241 2033 neglecta
2286 1977 2424 2016 vero
2467 1953 2537 2023 d.
2584 1977 2703 2017 non
2735 1976 2970 2034 sempev

338 2048 555 2106 fundat
585 2048 841 2122 culpam,
875 2047 978 2105 sed
1009 2046 1271 2121 aliquam
1301 2045 1715 2122 impotentiam
1747 2046 2149 2122 consequendi
2179 2046 2357 2106 finem
2390 2048 2707 2107 intentum.
2754 2048 2961 2106 Multi-

338 2138 473 2212 plex
504 2141 602 2196 est
633 2137 955 2196 necessitas
986 2135 1188 2196 medii.
1250 2135 1310 2193 Si
1354 2135 1515 2193 enim
1559 2154 1745 2194 unum
1795 2134 1922 2193 sine
1954 2135 2143 2194 altero
2184 2137 2439 2195 obtineri
2472 2138 2712 2211 quidem
2745 2141 2964 2212 potest,

338 2226 443 2285 sed
472 2244 613 2285 cnm
645 2244 863 2302 magna
891 2224 1260 2295 difficultate,
1294 2224 1547 2283 habetur
1572 2224 1891 2283 necessitas
1922 2224 2103 2282 medii
2136 2224 2334 2283 latiori
2368 2243 2551 2285 sensu
2581 2230 2821 2302 accepta
2852 2245 2962 2285 seu

340 2334 399 2373 m
418 2315 686 2384 oralis,
718 2333 873 2390 qnae
904 2314 1125 2372 iterum
1156 2331 1298 2372 suos
1329 2312 1509 2372 habet
1539 2314 1773 2390 gradus.
1837 2313 1899 2371 Si
1942 2330 2132 2371 unum
2175 2314 2303 2373 sine
2334 2315 2522 2373 altero
2553 2316 2824 2373 absolute
2855 2315 2962 2374 ob-

337 2405 520 2464 tineri
553 2405 784 2480 nequit,
817 2402 1071 2461 habetur
1099 2403 1419 2461 necessitas
1452 2403 1632 2461 medii
1663 2402 1900 2479 proprie
1932 2402 2109 2472 dicta,
2140 2408 2204 2460 et
2233 2403 2374 2462 haec
2405 2404 2625 2479 pendet
2657 2406 2752 2462 vel
2781 2424 2816 2462 a
2836 2406 2967 2463 sola

340 2494 652 2553 voluntate
685 2493 851 2551 illius
883 2493 984 2569 qui
1023 2491 1292 2550 ordinem
1325 2492 1611 2560 instituit,
1646 2492 1740 2550 vel
1772 2509 1842 2549 ex
1875 2494 2093 2549 natura
2123 2491 2210 2549 rei
2243 2491 2372 2551 sive
2402 2491 2644 2569 physica
2675 2492 2802 2551 sive
2837 2512 2961 2551 me-

339 2583 672 2660 taphysica,
704 2582 845 2641 hinc
873 2582 1194 2641 necessitas
1224 2581 1318 2640 vel
1369 2581 1559 2657 phys
1578 2580 1693 2638 ica
1739 2580 1979 2651 dicitur,
2014 2598 2164 2655 qnae
2197 2581 2431 2639 nonnisi
2463 2600 2570 2657 per
2603 2581 2960 2641 miraculum

340 2671 776 2748 dispensationi
808 2674 898 2731 est
928 2670 1211 2740 obnoxia;
1243 2670 1338 2730 vel
1369 2690 1475 2730 me
1495 2670 1908 2746 taphysica
1940 2673 2000 2729 et
2027 2670 2203 2745 plane
2222 2670 2722 2747 indispensabilis,
2756 2673 2959 2747 cujus-

341 2762 504 2821 modi
534 2765 631 2820 est
659 2781 748 2820 ex.
779 2781 867 2839 gr.
899 2761 1220 2820 necessitas
1251 2777 1460 2819 causae
1491 2759 1565 2818 ad
1596 2760 1872 2818 effectum
1918 2759 2273 2822 habendum.
2337 2760 2447 2818 Est
2477 2762 2724 2837 insuper
2753 2779 2960 2819 neces-

338 2852 490 2910 sitas
509 2851 691 2910 medii
721 2850 962 2928 propria
993 2850 1215 2908 ordinis
1238 2849 1729 2925 supernaturalis,
1763 2868 1946 2924 quam
1979 2849 2523 2926 privilegiatam
2554 2851 2748 2909 dicere
2781 2851 2957 2920 licet3

338 2942 394 2999 si
424 2941 658 3000 scilicet
688 2941 748 2999 vi
778 2941 1032 3016 alicujus
1063 2939 1364 3016 privilegii
1393 2938 1658 2997 medium
1676 2938 1944 3014 alioquin
1964 2939 2236 2998 absolute
2257 2941 2653 2998 necessarium
2675 2940 2796 2998 alio
2817 2957 2963 3016 sup*

338 3031 494 3105 pleri
544 3033 762 3106 potest,
813 3033 884 3087 ut
930 3033 1021 3088 est
1067 3028 1386 3087 necessitas
1435 3026 1737 3103 baptismi,
1790 3027 1894 3103 qui
1948 3028 2217 3102 suppleri
2269 3032 2468 3105 potest
2515 3029 2801 3103 martyrio
2847 3033 2961 3098 etc,

338 3119 548 3179 Fidem
579 3119 965 3178 necessariam
996 3135 1305 3176 censemus
1336 3117 1687 3175 necessitate
1717 3116 1954 3175 medii
1987 3116 2285 3190 pendente
2317 3137 2351 3175 a
2381 3119 2691 3176 voluntate
2725 3118 2830 3176 Dei
2863 3118 2963 3176 in-

336 3209 649 3267 stitutoris
680 3207 907 3266 ordinis
938 3206 1409 3284 supernaturalis
1440 3205 1687 3265 fundata
1718 3205 2155 3280 quadamtenus
2187 3205 2250 3263 in
2281 3209 2498 3264 natura
2528 3207 2634 3277 rei,
2689 3207 2783 3264 nti
2828 3225 2960 3265 mox

338 3317 387 3356 s.
418 3298 772 3356 'rhomam
801 3297 1109 3354 docentem
1140 3295 1466 3353 audiemus.
1530 3295 1613 3354 cf.
1645 3294 1813 3371 Lngo
1846 3294 1920 3353 de
1950 3294 2117 3355 euch.
2151 3294 2207 3353 d.
2243 3305 2279 3356 3
2313 3313 2358 3356 s.
2401 3307 2450 3357 l.

528 3421 671 3484 141.
691 3416 1239 3483 Demonstratlo
1262 3432 1327 3499 p.
1349 3416 1407 3485 Ι.
1444 3413 1663 3478 Fidem
1693 3414 2125 3478 necessariam
2159 3431 2305 3478 esse
2332 3414 2718 3479 necessitate
2745 3428 2963 3497 prae:

337 3542 374 3586 c
390 3541 429 3587 e
443 3543 485 3604 p
506 3530 533 3585 t
546 3524 584 3597 i,
606 3522 867 3587 evidens
887 3528 984 3588 est
1004 3542 1082 3587 ex
1103 3519 1332 3585 divinis
1352 3521 1567 3598 literiS,
1588 3538 1755 3603 quae
1777 3519 1951 3584 illam
1972 3537 2168 3602 saepe
2178 3520 2280 3584 vel
2292 3521 2691 3603 praecipiunt
2711 3523 2810 3586 vel
2827 3521 2964 3587 exi-

336 3636 513 3712 gunt„
577 3628 792 3708 Quare
838 3628 1147 3694 damnata
1191 3635 1289 3695 est
1338 3647 1593 3711 propos,
1629 3633 1712 3696 16
1745 3627 1829 3691 ab
1863 3627 2358 3691 Innocentio
2391 3627 2507 3691 XI:
2576 3628 2801 3702 ,Fides
2831 3648 2963 3693 non

334 3742 641 3802 censetur
669 3735 903 3800 cadere
933 3735 1056 3799 sub
1087 3742 1500 3817 praeceptum
1532 3729 1812 3817 speciale
1860 3742 1923 3799 et
1970 3734 2327 3799 secundum
2359 3749 2482 3799 sest
2555 3735 2712 3798 Eam
2745 3741 2962 3799 autem

334 3842 785 3907 necessariam
815 3860 958 3907 esse
987 3843 1379 3908 necessitate
1410 3842 1674 3919 medii,
1708 3843 1898 3907 docet
1929 3840 2166 3905 Paulus
2199 3842 2281 3905 ad
2317 3839 2522 3906 Galat.
2546 3846 2604 3916 2,
2629 3846 2740 3915 16;
2773 3840 2961 3907 Hebr.

340 3955 444 4027 11,
478 3956 520 4018 6
554 3949 851 4015 absolute
894 3950 1345 4031 pronuncianS,
1391 3951 1524 4012 sine
1551 3950 1676 4032 fide
1705 3948 2083 4032 impossibile
2113 3970 2240 4012 esse
2263 3951 2517 4033 placere
2547 3947 2724 4025 De0,·
2773 3948 2966 4014 docet

333 4056 685 4120 concilium
719 4056 898 4120 trid
932 4075 1088 4122 sess.
1121 4063 1161 4126 6
1183 4074 1234 4120 c.
1257 4062 1292 4125 7
1330 4063 1652 4122 statuens:
1693 4054 1883 4130 ,Sine
1915 4055 2038 4120 fide
2071 4054 2226 4120 nulli
2257 4073 2544 4137 unquam
2577 4054 2843 4135 contigit
2856 4055 2961 4136 ju-

333 4162 710 4239 stificati03‘
750 4163 1073 4228 etiterum
1103 4182 1156 4227 c.
1191 4170 1250 4241 8,
1297 4163 1406 4228 ubi
1438 4182 1803 4246 provocans
1852 4163 1932 4227 ad
1965 4168 2348 4245 perpetuum
2379 4161 2703 4228 Ecclesiae
2735 4162 2961 4225 catho-

332 4267 503 4334 licae
536 4287 943 4345 consensum,
976 4272 1201 4335 statuit
1244 4270 1366 4336 fide
1412 4271 1555 4336 ideo
1597 4270 1936 4353 justificari
1967 4271 2280 4346 homineS,
2329 4269 2483 4351 quia
2523 4268 2679 4334 fides
2712 4274 2810 4335 est
2840 4269 2960 4333 hu-

334 4394 576 4452 manae
609 4374 837 4440 salutis
868 4376 1134 4456 initium,
1168 4377 1654 4444 fundamentum
1687 4385 1752 4443 et
1784 4378 1969 4442 radix
1989 4377 2201 4441 omnis
2214 4376 2746 4458 justificationis<
2783 4375 2965 4456 Quae

320 4485 555 4549 denuo
588 4484 869 4550 inculcat
899 4486 1236 4550 concilium
1266 4486 1659 4550 vaticanu
1680 4504 1746 4548 m
1781 4503 1944 4549 sess.
1980 4489 2020 4552 3
2053 4502 2104 4547 c.
2138 4489 2211 4550 2.
2251 4481 2606 4562 ,Quoniam
2638 4502 2791 4548 vero
2824 4484 2964 4550 sine

333 4590 463 4657 fide
494 4590 895 4697 impossibile
926 4599 1024 4657 est
1054 4593 1306 4674 placere
1328 4593 1460 4657 Deo
1495 4599 1559 4658 et
1590 4592 1672 4656 ad
1704 4592 1979 4655 filiorum
2013 4590 2149 4671 ejus
2181 4590 2580 4653 consortium
2610 4591 2961 4670 pervenire,

334 4703 486 4767 ideo
514 4702 759 4779 nemini
790 4716 1075 4783 unquam
1124 4701 1260 4767 sine
1308 4697 1416 4764 illa
1466 4700 1731 4781 contigit
1774 4698 2164 4780 justificatio,
2216 4714 2336 4763 nec
2385 4698 2568 4774 ulluS,
2614 4696 2737 4760 nisi
2785 4698 2850 4760 in
2875 4716 2965 4774 ca
