3538 5364
518 224 651 288 480
1113 215 1298 269 Tract.
1327 216 1416 269 IX.
1445 215 1515 269 de
1542 216 1915 286 poenitentia.
1946 215 2209 269 Gratiani
2233 213 2510 269 doctrina.

518 402 660 461 dum
712 402 904 460 carnis
947 401 1271 478 fragilitate
1321 404 1613 476 peccatur,
1668 401 1875 460 solerti
1923 401 2304 478 indagatione
2353 400 2572 459 debent
2620 400 2847 475 inquiri
2896 401 2958 457 in
3009 400 3139 475 ipsa

516 494 769 566 peccata,
801 496 871 549 ut
903 509 973 548 ex
1005 491 1280 565 utrisque
1313 492 1489 566 plena
1519 492 1598 548 sit
1629 491 1935 550 confessio.
2002 491 2080 548 Ut
2130 490 2353 549 scilicet
2402 510 2469 548 ea
2519 489 2928 557 confiteantur,
2981 508 3136 564 quae

515 599 621 655 per
651 599 863 655 corpus
895 584 1065 656 gesta
1096 581 1256 651 sunt,
1288 582 1350 638 et
1380 599 1463 649 ea,
1513 579 1733 654 quibus
1766 580 1887 638 sola
1922 580 2280 656 cogitatione
2312 579 2689 653 delinquitur
2719 581 2872 637 etc.‘
2942 576 3136 645 Quare

516 669 831 728 dicendum
876 671 970 726 est
1013 665 1081 731 2.
1128 669 1236 727 hoc
1280 687 1500 727 canone
1532 668 1930 727 commendari
1960 669 2200 744 quidem
2233 669 2556 727 utilitatem
2589 667 2977 726 confessionis
3014 667 3137 724 Deo

515 758 832 824 faciendae,
897 776 1017 815 non
1064 761 1262 816 tamen
1313 758 1517 834 negari
1570 758 1955 816 confessionis
2008 759 2300 816 sacerdoti
2351 757 2650 815 faciendae
2699 757 3135 815 necessitatem.

513 846 640 905 Imo
673 845 735 911 3.
768 851 859 905 sat
889 848 1042 905 clare
1073 847 1243 905 docet
1273 849 1588 921 utramque
1621 864 1747 905 esse
1781 848 2273 923 conjungendam,
2321 866 2440 922 quo
2486 846 2637 905 nihil
2680 847 2899 908 verius.
2965 844 3135 912 Quod

515 936 567 993 si
597 931 665 997 4.
699 955 798 995 eos
830 954 950 994 non
983 936 1239 1006 damnat,
1276 937 1380 1010 qui
1414 935 1788 994 affirmabant
1808 937 1929 994 Deo
1964 935 2333 994 solummodo
2365 954 2495 993 esse
2529 935 2945 1003 confitendum,
2980 934 3135 991 ratio

515 1024 769 1094 videtur,
816 1026 912 1083 vel
943 1024 1101 1100 quod
1133 1028 1293 1084 esset
1324 1025 1592 1099 quaestio
1624 1026 1829 1100 potius
1862 1025 1933 1082 de
1966 1025 2218 1092 nomine,
2267 1026 2360 1084 vel
2394 1024 2554 1100 quod
2587 1024 2649 1095 ii,
2694 1024 2797 1099 qui
2830 1023 3132 1090 errabant,

514 1131 634 1172 non
683 1117 806 1171 tam
856 1114 1223 1172 contumacia
1270 1133 1450 1188 quam
1499 1114 1878 1188 simplicitate
1928 1132 2033 1172 seu
2083 1114 2421 1190 ignorantia
2469 1117 2767 1172 errarent:
2819 1116 2999 1188 atque
3049 1111 3137 1168 ita

513 1203 713 1277 potius
762 1202 1155 1261 instructione
1204 1203 1554 1279 indigerent,
1619 1222 1798 1278 quam
1847 1204 2221 1261 anathemate
2271 1206 2474 1262 essent
2523 1202 2863 1261 damnandi.
2943 1201 3135 1259 Deum

513 1294 713 1350 autem
746 1289 807 1356 ὃ.
842 1291 1058 1354 salutis
1088 1310 1216 1350 esse
1248 1295 1544 1350 auctorem
1591 1296 1653 1351 et
1697 1293 1847 1350 hanc
1886 1291 2165 1367 praebere
2200 1311 2339 1351 suae
2370 1293 2671 1367 potentiae
2703 1290 2997 1350 invisibili
3030 1289 3136 1348 ad·

512 1381 951 1439 ministratione
984 1381 1326 1455 praesertim
1376 1380 1471 1454 iis,
1519 1381 1625 1456 qui
1670 1384 1816 1439 sunt
1859 1400 1994 1439 vere
2042 1382 2304 1450 contriti,
2354 1382 2606 1456 ideoque
2645 1382 2823 1439 etiam
2857 1379 3133 1456 dispositi

513 1470 587 1527 ad
631 1470 915 1528 servanda
960 1470 1173 1540 omnia,
1221 1487 1614 1545 quaecunque
1662 1474 1806 1528 sunt
1847 1474 2175 1545 praecepta,
2223 1470 2507 1529 incolumi
2540 1471 2815 1547 dogmate
2847 1467 3134 1526 catholico

512 1559 793 1618 affirmari
826 1578 944 1617 non
977 1559 1169 1617 solum
1199 1561 1412 1634 potest,
1461 1559 1563 1617 sed
1609 1563 1668 1617 et
1713 1559 1905 1621 debet.
1942 1594 2029 1601 —
2060 1561 2130 1618 In
2163 1560 2419 1619 eundem
2451 1559 2573 1619 fere
2607 1577 2849 1616 sensum
2883 1557 3133 1632 explica-

512 1666 665 1718 ωας,
715 1667 868 1724 quae
918 1667 989 1705 ex
1034 1648 1391 1706 Gratiani
1436 1648 1669 1709 decreto
1713 1669 1768 1725 p.
1808 1657 1841 1709 2
1890 1666 2047 1710 cauS.
2083 1658 2162 1712 33
2198 1649 2255 1710 d.
2296 1660 2319 1711 1
2362 1668 2407 1709 c.
2446 1656 2699 1711 34——37
2739 1650 2801 1705 et
2834 1657 2911 1711 89
2950 1665 2994 1704 s.
3028 1645 3133 1705 ob-

504 1737 820 1812 jiciuntur.
880 1737 1148 1796 Aliorum
1180 1737 1338 1795 euim
1370 1737 1613 1795 adducit
1642 1737 2010 1807 testimonia,
2057 1738 2277 1812 quibus
2310 1742 2563 1814 urgetur
2593 1737 2982 1806 contritionis
3003 1734 3130 1794 effi·

512 1826 668 1885 cacia
698 1829 759 1885 et
788 1825 1109 1885 necessitas
1142 1828 1280 1885 ante
1313 1826 1757 1896 confessionem,
1797 1826 1941 1885 adeo
1974 1830 2045 1884 ut
2077 1827 2294 1886 inferat
2324 1846 2372 1890 c.
2408 1834 2520 1889 36:
2572 1828 2759 1895 ,Cum
2806 1844 2944 1902 ergo
2990 1829 3131 1883 ante

511 1915 954 1988 confessionem,
1006 1920 1078 1974 ut
1127 1917 1441 1992 probatum
1489 1919 1594 1984 est,
1645 1933 1854 1974 sumus
1885 1916 2226 1974 resuscitati
2271 1935 2377 1992 per
2421 1917 2673 1993 gratiam
2719 1919 2780 1973 et
2826 1915 2932 1972 filii
2978 1914 3129 1972 lucis

510 2004 668 2074 facti,
703 2004 1150 2063 evidentissime
1180 2008 1443 2082 apparet,
1484 2005 1641 2080 quod
1675 2005 1800 2062 sola
1831 2004 2025 2062 cordis
2058 2006 2414 2064 contritione
2447 2005 2575 2063 sine
2607 2003 2979 2063 confessione
3012 2003 3128 2062 oris

509 2096 816 2168 peccatum
848 2095 1240 2152 remittitur.‘
1307 2094 1440 2152 Non
1486 2096 1685 2152 tamen
1717 2097 2030 2169 propterea
2059 2097 2238 2170 negat
2270 2094 2655 2153 confessionis
2689 2093 3128 2150 necessita-

510 2186 688 2253 tem,
722 2182 843 2240 imo
875 2183 1104 2241 iteratis
1135 2182 1363 2241 vicibus
1395 2201 1522 2241 eam
1556 2183 1845 2258 supponit
1877 2187 1937 2240 et
1969 2183 2155 2254 docet,
2192 2187 2261 2241 ut
2292 2202 2337 2241 c.
2363 2193 2442 2246 89
2477 2204 2533 2258 p.
2569 2180 2601 2249 ἕ
2638 2193 2706 2244 9:
2744 2183 2972 2248 ‚Porro
3004 2181 3131 2238 sine

511 2270 873 2330 confessione
905 2271 1042 2341 oris,
1078 2272 1129 2330 si
1157 2272 1409 2330 facultas
1443 2271 1760 2330 confitendi
1793 2290 1913 2329 non
1937 2271 2216 2343 defuerit,
2251 2272 2492 2347 aliquod
2512 2290 2694 2349 grave
2714 2271 3003 2329 delictum
3032 2289 3127 2329 ex-

507 2360 657 2435 piari
688 2361 1029 2420 auctoritati
1060 2362 1303 2437 penitus
1335 2361 1626 2435 probatur
1655 2360 1969 2418 adversum
1988 2369 2015 2398 (
2050 2365 2160 2423 etc.
2210 2361 2278 2419 Id
2311 2379 2499 2420 unum
2533 2361 2741 2436 liquet,
2778 2360 3119 2418 Gratianum

508 2467 879 2509 coacervasse
911 2451 1178 2526 plurium
1211 2453 1518 2509 auctorum
1549 2449 1898 2508 testimonia
1930 2450 2057 2508 sine
2082 2449 2311 2525 judicio
2343 2450 2568 2521 criti00‚
2610 2469 2678 2508 ea
2710 2468 2826 2507 non
2858 2449 3116 2524 potuisse

506 2539 581 2596 ad
612 2539 978 2597 harmoniam
1012 2558 1297 2611 revocare,
1331 2540 1473 2614 quia
1505 2540 1691 2597 claras
1724 2557 1847 2597 non
1879 2539 2089 2597 habuit
2119 2540 2395 2598 notiones
2426 2538 2746 2614 potestatis
2779 2537 3038 2596 clavium
3071 2541 3125 2595 et

508 2628 858 2687 sacramenti
890 2629 1308 2704 poenitentiae,
1361 2628 1497 2686 hinc
1542 2647 1661 2687 non
1707 2628 1987 2687 obstante
2033 2647 2138 2687 sua
2173 2630 2395 2704 jactata
2439 2627 2737 2688 evidentia
2782 2646 2902 2686 nou
2949 2626 3124 2686 audet

507 2718 781 2777 dirimere
815 2718 1293 2786 controversiam,
1341 2720 1550 2775 utrum
1595 2736 1827 2793 semper
1857 2718 2214 2776 contritione
2247 2719 2506 2792 perfecta
2552 2718 2647 2775 via
2692 2716 2994 2776 ordinaria
3036 2735 3123 2774 re-

507 2807 826 2864 mittantur
844 2811 1099 2881 peccata,
1135 2826 1208 2864 an
1242 2806 1419 2864 etiam
1453 2807 1518 2865 in
1549 2806 1912 2865 confessione
1933 2826 2040 2882 per
2060 2807 2382 2866 sacerdotis
2406 2806 2861 2874 absolutionem,
2896 2805 3124 2864 etiamsi

506 2913 627 2954 non
660 2895 920 2953 adfuerit
947 2896 1206 2971 perfecta
1238 2895 1535 2954 contriti0.
1610 2896 1756 2962 ,Cui
1803 2899 2001 2954 autem
2048 2897 2257 2955 harum
2303 2896 2505 2972 iuquit
2543 2916 2589 2958 c,
2625 2904 2730 2965 89,
2777 2894 2982 2970 potius
3027 2893 3123 2951 ad·

505 2984 872 3042 haerendum
918 2984 1014 3053 sit,
1062 2984 1300 3044 lectoris
1340 2984 1568 3060 judicio
1614 2988 1968 3046 reservatur.
2031 2985 2294 3059 Utraque
2326 2986 2485 3043 enim
2519 2984 2778 3043 fautores
2811 2984 2990 3041 habet
3038 3002 3123 3040 sa-

508 3074 738 3147 pientes
771 3077 831 3131 et
862 3073 1173 3149 religiosos
1204 3074 1376 3131 viros.
1395 3081 1422 3110 (
1487 3073 1598 3131 Sed
1639 3075 1824 3132 lector
1856 3073 1985 3131 sani
2010 3073 2225 3149 judicii
2259 3076 2470 3132 saltem
2502 3075 2640 3149 post
2669 3072 2988 3132 concilium
3021 3070 3122 3128 tri·

508 3161 817 3219 dentinum
838 3165 899 3219 et
919 3182 1003 3232 ea,
1038 3181 1187 3236 quae
1206 3163 1491 3221 hactenus
1515 3163 2071 3233 demonstravimuS,
2093 3181 2214 3221 non
2233 3163 2501 3221 haerebit
2520 3163 2582 3220 in
2611 3162 2856 3221 ferendo
2881 3160 3123 3237 judicio,

1594 3352 2019 3439 caputlw

1442 3478 1547 3542 De
1595 3477 2207 3543 satisfactione.

685 3604 831 3668 496.
864 3600 931 3662 In
965 3601 1086 3664 hac
1120 3602 1496 3683 quaestione
1532 3602 2160 3666 satisfactionis
2193 3603 2460 3668 nomine
2493 3604 2866 3684 designatur
2898 3603 3124 3667 volun·

509 3707 674 3771 taria
705 3726 954 3789 poenae
990 3706 1255 3789 alicujus
1289 3706 1582 3772 toleratio
1616 3716 1751 3772 tum
1786 3710 1867 3772 ad
1901 3710 2455 3792 compensandam
2490 3710 2785 3794 injuriam
2806 3709 2941 3774 Deo
2975 3727 3123 3791 pec-

507 3823 655 3879 cato
689 3814 949 3891 illatam,
1003 3821 1137 3878 tum
1177 3815 1257 3877 ad
1309 3815 1747 3879 redimendam
1800 3835 2079 3897 poenam
2131 3816 2549 3897 temporalem
2596 3822 2743 3897 post
2787 3816 3121 3879 remissum

506 3928 842 4002 peccatum
863 3897 2702 4003 reliquaffissffiffis‘ffissmracsfflm
2718 3922 2871 3998 Deo,
2897 3928 3123 4003 sponte

508 4047 626 4091 sua
658 4029 943 4109 sequitur
976 4047 1054 4092 ex
1086 4035 1405 4110 conceptu
1453 4030 1741 4093 sincerae
1784 4030 2234 4110 poenitentiae,
2282 4047 2449 4110 quae
2500 4030 2637 4093 sine
2688 4029 2905 4110 aliqua
2938 4030 3123 4092 satis-

507 4133 784 4199 factione
816 4134 1058 4198 offenso
1094 4135 1379 4199 exhibita
1410 4137 1676 4217 cogitari
1708 4136 1945 4217 nequit,
1979 4136 2126 4198 hinc
2158 4154 2353 4216 saepe
2384 4154 2499 4217 per
2532 4154 2729 4216 opera
2762 4134 3123 4201 satisfacto-

509 4241 605 4302 ria
637 4239 1014 4304 describitur
1047 4241 1146 4328 (cf.
1184 4242 1307 4307 Job
1347 4248 1451 4319 42,
1493 4248 1549 4310 3.
1590 4244 1693 4327 6);
1746 4250 1809 4306 et
1860 4260 1936 4306 ex
1970 4242 2271 4321 dogmate
2304 4242 2384 4307 de
2415 4244 2810 4323 purgatorio,
2844 4261 2965 4307 nec
2996 4261 3122 4307 non

510 4365 588 4411 ex
633 4348 976 4411 universali
1019 4351 1410 4431 perennique
1443 4347 1761 4413 Ecclesiae
1808 4349 2008 4430 praxi,
2057 4368 2223 4431 quae
2269 4368 2597 4431 nunquam
2647 4351 2785 4414 sine
2832 4351 3122 4413 satisfac-

508 4454 684 4517 tione
716 4454 813 4518 vel
847 4455 1075 4518 saltem
1109 4456 1244 4536 ejus
1276 4458 1606 4537 proposito
1641 4474 2033 4538 quemquam
2069 4456 2533 4521 absolvendum
2568 4458 2829 4521 censuit.
2863 4458 3025 4521 Hinc
3044 4477 3120 4521 ne

510 4579 784 4624 censura
815 4562 1186 4642 evangelica
1215 4562 1588 4628 solveretur.
1641 4564 1891 4627 Romae
1943 4570 2008 4626 et
2059 4562 2446 4643 Carthagine
2498 4570 2732 4643 negata
2783 4563 2899 4627 fuit
2940 4564 3121 4628 venia

509 4667 722 4748 lapsiS,
755 4669 862 4749 qui
893 4669 1134 4733 nullam
1181 4669 1390 4732 adhuc
1438 4670 1860 4735 exhibuerant
1909 4670 2434 4747 satisfactionem,
2482 4671 2773 4753 quamvis
2808 4679 3119 4754 martyres
