3538 5364
572 269 699 333 154
866 257 1050 314 Tract.
1081 257 1227 311 VIII.
1255 255 1325 309 de
1344 253 1778 325 Justificatione.
1806 251 2003 307 Thesis
2029 252 2213 308 CCIII.
2240 255 2271 308 J
2278 252 2679 310 ustificationis
2707 253 2883 307 notio,

753 449 893 510 181.
926 440 981 503 A
1014 438 1212 502 verbo
1239 436 1592 519 Justificare
1643 436 1972 499 derivatur
2009 435 2671 517 justificationis
2717 432 2972 511 nomen,
3008 434 3202 517 cujus

565 546 854 630 acceptio
874 546 1115 629 pariter
1134 543 1463 626 multiplex
1485 550 1601 607 est.
1634 539 1906 605 Omissis
1926 542 2001 606 iis
2022 539 2607 623 significationibus,
2639 541 2994 606 secundum
3026 559 3199 622 quas

565 655 857 736 designat
903 654 943 716 d
962 650 1435 717 eclaration
1454 669 1569 714 em
1608 649 1895 731 justitiae
1928 658 2040 714 aut
2071 650 2382 714 translate
2426 649 2687 729 legem
2734 646 3037 727 divinam,
3066 667 3198 712 no-

563 780 709 826 men
745 741 869 824 hoc
901 759 1003 822 vel
1035 757 1250 821 active
1274 757 1376 820 vel
1407 756 1663 837 passive
1685 755 1889 837 accipi
1922 762 2150 837 potest
2184 755 2472 820 Active
2505 763 2843 849 acceptum
2875 755 3204 837 significat

564 869 665 969 vel
697 868 1085 951 singularem
1117 865 1562 947 operationem
1595 863 1726 938 Dei,
1761 879 1891 946 qua
1921 865 2245 961 completa
2276 863 2555 928 hominis
2589 863 3006 945 dispositione
3039 881 3195 945 eum

566 960 645 1039 ex
676 981 854 1039 statu
884 974 1234 1055 injustitiae
1265 972 1363 1037 ad
1382 980 1626 1045 statum
1652 958 1850 1038 verae
1878 968 2164 1055 justitiae
2185 972 2577 1048 inhaerentis
2599 970 2915 1046 transfert
2936 962 3039 1035 vel
3060 988 3198 1071 qua

566 1082 896 1149 hominem
916 1082 1164 1163 justum
1199 1079 1353 1144 facit
1377 1079 1735 1161 justiorem,
1768 1080 1870 1144 vel
1902 1098 2161 1144 omnem
2194 1081 2636 1161 operationem
2657 1078 2770 1144 Dei
2790 1096 2831 1141 a
2848 1078 3058 1159 prima
3076 1094 3191 1141 sa-

564 1188 756 1253 lutari
772 1188 1198 1253 illustratione
1228 1205 1432 1269 usque
1467 1186 1549 1250 ad
1581 1186 1967 1251 infusionem
2011 1187 2210 1268 ipsius
2250 1186 2555 1267 Justitiae.
2616 1185 2996 1251 Justiticatio
3029 1202 3192 1249 vero

560 1315 603 1377 p
621 1313 662 1383 a
676 1315 708 1358 s
723 1315 755 1358 s
770 1295 793 1358 i
806 1315 849 1358 v
865 1313 900 1359 e
921 1300 1190 1375 accepta
1211 1293 1507 1358 effectum
1528 1291 1798 1357 denotat
1809 1292 2281 1375 justificationis
2301 1294 2569 1358 activae.
2591 1291 2998 1375 Quapropter
3017 1292 3200 1355 sicut'

563 1379 761 1483 hujus
785 1408 884 1467 est
914 1401 1216 1482 triplex
1249 1400 1450 1475 noti0,
1483 1401 1573 1463 ita
1607 1406 1670 1464 et
1701 1398 1883 1501 illius.

740 1530 1342 1593 Cf.B011arminus
1374 1530 1447 1588 de
1472 1530 1714 1605 justific.
1748 1531 1795 1603 Ι,
1839 1543 1903 1598 1;
1948 1488 2206 1591 Suarez
2238 1530 2366 1599 VII,
2411 1540 2448 1590 6
2483 1529 2638 1588 etin
2671 1529 2882 1605 primis
2917 1527 3193 1588 Wiener

563 1621 733 1682 Pauli
765 1621 876 1696 Ap.
908 1619 1182 1678 doctrina
1212 1618 1284 1677 de
1307 1618 1553 1693 justific.
1586 1623 1618 1691 ἕ
1658 1631 1730 1682 17
1768 1638 1865 1689 ss„
1908 1620 2015 1696 qui
2045 1620 2325 1679 omnibus
2358 1619 2520 1687 Ionia,
2556 1618 2628 1677 ad
2658 1637 2810 1693 quos
2843 1621 3046 1694 protes
3051 1620 3186 1677 tan·

561 1714 652 1769 tes
684 1728 790 1784 pro
823 1728 930 1767 sua
962 1707 1395 1784 significatione
1428 1711 1765 1784 provocant,
1813 1712 2084 1785 expensis
2116 1709 2201 1766 ita
2232 1706 2265 1775 ἓ
2308 1717 2382 1771 18
2416 1728 2474 1772 ιι.
2517 1718 2589 1770 10
2626 1707 2958 1766 concludit:
3008 1707 3193 1777 ,Sinz

562 1798 721 1872 gulis
754 1799 900 1856 satis
933 1796 1342 1865 considerati&
1384 1816 1676 1871 quaenam
1719 1798 1802 1856 sit
1834 1816 2065 1858 summa
2096 1798 2168 1856 de
2200 1797 2345 1856 locis
2379 1815 2622 1855 sensum
2646 1795 2993 1871 judicialem
3027 1797 3190 1855 vocis

562 1888 827 1951 δικαιουν
870 1886 1296 1954 indicantibus,
1349 1874 1598 1945 dubium
1644 1905 1775 1946 esse
1820 1888 2048 1963 nequit,
2099 1886 2380 1946 videlicet
2424 1886 2565 1945 haec
2610 1888 2731 1944 est:
2783 1900 2847 1949 a.
2896 1884 3190 1943 vocabula

563 1977 847 2048 δικαιοῦν,
882 1976 1201 2058 δικαίωμα,
1237 1974 1505 2037 δικαίοισι
1489 1996 1541 2046 ς
1590 1995 1629 2033 ιι
1649 1995 1681 2033 0
1699 1996 1796 2034 nn
1814 1996 1905 2034 un
1924 1997 1961 2052 q
1979 1997 2141 2035 uam
2177 1979 2285 2034 aut
2314 1978 2473 2039 certo
2505 1977 2611 2034 aut
2640 1973 3032 2049 probabiliter
3060 1992 3184 2032 ac·

562 2070 720 2130 tum
758 2064 1106 2139 judicialem
1151 2062 1516 2140 significare3
1570 2066 1673 2123 sed
1724 2062 1794 2130 b.
1846 2066 2005 2126 hunc
2050 2071 2250 2124 actum
2286 2064 2634 2142 judicialem
2664 2082 2972 2138 nunquam
3003 2063 3187 2121 talem

562 2173 705 2224 esse,
740 2157 813 2212 ut.
843 2154 971 2212 sine
1004 2172 1068 2212 re
1101 2156 1161 2211 et
1192 2153 1536 2213 veritate
1568 2153 1703 2224 fiat:
1738 2154 1844 2213 sed
1876 2169 1940 2219 c.
1977 2153 2346 2213 solummodo
2366 2154 2563 2222 talem,
2599 2156 2670 2211 ut
2693 2150 3187 2229 justificationem

562 2240 869 2302 foimalem
896 2242 1289 2316 justitiaeque
1320 2242 1726 2301 exsistentiam
1761 2262 1991 2319 semper
2021 2246 2386 2319 supponat.‘
2450 2243 2528 2301 Et
2560 2237 2592 2307 ἓ
2633 2252 2707 2305 19
2755 2262 2814 2300 n.
2856 2252 2931 2304 10
2969 2241 3188 2300 statuit

560 2332 809 2390 thesim:
861 2331 1071 2400 ,Locis
1119 2330 1372 2407 singulis
1422 2331 1485 2388 in
1532 2349 1641 2389 sua
1684 2334 1899 2390 natura
1943 2352 2167 2407 suoque
2213 2334 2493 2391 contextu
2538 2330 2860 2407 diligenter
2903 2329 3183 2400 definitis,

560 2421 703 2479 haec
748 2420 819 2478 de
863 2439 1003 2479 voce
1050 2419 1314 2483 δικαιοῦν
1359 2420 1424 2478 in
1469 2421 1737 2496 epistolis
1785 2422 1959 2480 Pauli
2005 2422 2264 2481 indicata
2309 2419 2837 2495 deprehendimus:
2885 2435 2948 2485 a.
2993 2419 3186 2477 multo

562 2511 763 2585 plures
795 2528 925 2569 esse
958 2511 1137 2583 10008,
1191 2510 1296 2583 qui
1341 2528 1581 2567 sensum
1619 2510 2062 2586 justificationis
2110 2509 2504 2581 formalis,
2557 2528 2735 2584 quam
2785 2508 2891 2584 qui
2941 2526 3187 2567 sensnm

553 2598 996 2675 justificationis
1029 2598 1372 2658 forensis
1407 2616 1547 2672 prae
1579 2617 1640 2656 se
1671 2599 1903 2670 ferunt3
1937 2597 2007 2663 b.
2043 2600 2281 2663 nullum
2299 2599 2511 2668 locum,
2545 2598 2649 2673 qui
2672 2597 3187 2673 dejustificatione

560 2689 790 2749 formali
822 2685 963 2766 agit,
998 2707 1331 2763 supponere
1361 2689 1679 2750 forensem:
1719 2707 1924 2748 omnes
1956 2693 2155 2747 autem
2188 2689 2364 2760 locos,
2398 2688 2505 2763 qui
2537 2689 2608 2747 de
2632 2687 3061 2762 justificatione
3094 2686 3182 2745 fo·

560 2779 722 2837 rensi
741 2784 948 2855 agunt,
984 2795 1317 2852 supponere
1329 2776 1816 2850 justificationem
1840 2778 2175 2837 formalem:
2211 2792 2275 2841 c.
2308 2777 2569 2854 phrases,
2595 2775 2916 2852 justificari
2951 2796 3020 2834 ex
3051 2775 3185 2845 fide,

552 2867 870 2942 justificari
916 2868 1103 2942 gratis
1149 2869 1211 2924 et
1254 2865 1461 2941 gratia,
1509 2885 1818 2942 nunquam
1868 2885 2108 2926 sensum
2156 2868 2466 2938 sorensem,
2513 2867 2614 2924 sed
2663 2884 2898 2941 semper
2943 2883 3187 2924 sensum

558 2957 866 3022 formalem
886 2954 1177 3013 indicare:
1212 2949 1283 3016 (l.
1316 2957 1684 3013 momentum
1695 2956 2147 3031 justificationis
2168 2955 2432 3014 formalis
2453 2955 2671 3031 duplex
2692 2955 2993 3024 exsistere,
3026 2954 3188 3030 posi-

560 3045 755 3104 tivum
785 3042 1187 3125 renovationis
1221 3043 1437 3101 mentis
1460 3039 1633 3124 (Eph.
1657 3054 1712 3117 4,
1739 3041 1849 3127 24)
1883 3049 1944 3104 et
1974 3044 2320 3122 negativum
2350 3044 2715 3103 remissionis
2747 3046 3184 3120 peccatorum‘

739 3161 899 3226 Cum
932 3180 1082 3242 ergo
1116 3162 1403 3239 dicimus
1455 3163 1701 3244 gratiae
1751 3164 1820 3228 in
1863 3164 2325 3246 justificatione
2374 3163 2625 3229 infusae
2671 3181 2813 3228 esse
2857 3162 3186 3226 hominem

564 3270 832 3335 reddere
858 3269 1182 3351 justum,
1229 3270 1676 3351 significamus,
1725 3272 1893 3335 illius
1941 3291 2083 3337 esse
2129 3271 2404 3337 reddere
2453 3271 2783 3335 hominem
2813 3288 2945 3332 non
2979 3269 3188 3332 solum

564 3379 913 3442 immunem
947 3394 988 3439 a
1017 3382 1287 3457 peccato
1321 3377 1516 3458 gravi,
1564 3378 1676 3442 sed
1711 3379 1905 3442 etiam
1957 3378 2123 3442 bene
2156 3379 2536 3459 dispositum
2568 3376 2652 3440 ad
2686 3394 2877 3443 omne
2909 3393 3185 3457 operan-

563 3484 733 3558 dum,
765 3483 938 3565 quod
970 3500 1250 3566 aequum
1284 3484 1697 3567 debitumque
1732 3491 1832 3550 est
1865 3485 2217 3549 secundum
2254 3485 2400 3549 fidei
2432 3484 2667 3548 lumen.
2699 3483 2939 3547 Verum
2971 3499 3186 3546 secer-

563 3595 754 3654 natur
785 3589 1084 3671 duplex
1117 3592 1426 3672 quaestio.
1460 3590 1652 3655 Aliud
1685 3599 1786 3656 est
1816 3609 2145 3674 quaerere,
2178 3609 2334 3654 num
2354 3608 2583 3655 revera
2602 3589 2812 3671 gratia
2839 3586 3187 3654 habitualis

562 3696 795 3760 reddat
821 3696 1148 3760 hominem
1173 3696 1451 3777 justum3
1487 3696 1678 3773 aliud,
1712 3698 2041 3780 quomodo
2064 3716 2211 3761 eum
2232 3697 2590 3762 constituat
2609 3697 2775 3761 bene
2806 3697 3187 3778 dispositum

564 3804 645 3868 ad
671 3805 845 3886 juste
877 3803 1211 3884 agendum.
1245 3791 1336 3867 De
1368 3804 1563 3884 priori
1596 3805 1845 3885 agimus
1876 3805 2000 3868 hac
2033 3805 2098 3867 in
2128 3810 2350 3885 parte:
2413 3804 2494 3867 de
2544 3804 2750 3868 altera
2798 3821 3012 3868 sermo
3046 3803 3186 3878 erit,

564 3928 711 3975 cum
742 3911 1079 3993 loquemur
1110 3911 1191 3978 de
1222 3910 1562 3975 virtutibus
1598 3911 1841 3985 infusis,
1874 3929 2042 3994 quae
2067 3918 2396 3993 tamquam
2429 3912 2858 3992 proprietates
2890 3916 2956 3974 et
2987 3909 3188 3973 facul-

564 4023 733 4082 tates
765 4017 848 4081 ab
875 4016 1351 4099 Justificationis
1384 4018 1591 4097 gratia
1623 4020 1962 4100 exiguntur
1994 4025 2058 4084 et
2091 4037 2236 4083 eam
2270 4024 2774 4101 consequuntur.

748 4162 890 4228 182.
924 4160 1471 4228 Demonstratio
1504 4182 1573 4246 p.
1610 4162 1747 4229 111.
1815 4160 2239 4226 Pec'catorem
2283 4162 2345 4225 in
2372 4161 2831 4243 justificatione
2862 4159 3041 4224 reddi
3067 4162 3190 4243 ju-

566 4272 794 4343 stum,
843 4272 1025 4347 patet
1080 4269 1139 4335 1.
1193 4285 1273 4331 ex
1324 4267 1464 4349 ipso
1496 4268 1695 4333 verbo
1721 4268 2090 4349 justificare,
2142 4270 2311 4351 quod
2365 4270 2566 4350 accipi
2599 4268 2794 4333 debet
2824 4286 3020 4332 sensu
3052 4266 3186 4332 Deo

565 4374 756 4454 digno
792 4374 877 4460 (n.
913 4375 1099 4460 180);
1146 4376 1207 4442 2.
1244 4394 1321 4440 ex
1355 4375 1606 4440 concilii
1652 4376 1831 4439 trid.
1865 4376 2178 4452 doctrina,
2214 4375 2548 4441 formalem
2581 4394 2846 4440 causam
2873 4373 3187 4456 justifica·

568 4480 761 4543 tionis
795 4499 937 4546 esse
962 4480 1276 4561 justitiam
1310 4482 1441 4559 Dei,
1475 4502 1670 4566 quam
1702 4482 1786 4545 ab
1820 4483 1959 4564 ipso
1997 4482 2374 4564 accipimus
2409 4492 2474 4549 et
2506 4502 2635 4568 qua
2665 4485 2799 4565 ipse
2831 4502 2953 4546 nos
2979 4484 3188 4564 justos

568 4585 719 4673 facit
739 4588 822 4675 (n.
847 4587 996 4673 164)
1016 4611 1030 4663 ;
1052 4588 1117 4655 3.
1142 4607 1221 4653 ex
1236 4595 1497 4671 patrum
1516 4589 1894 4654 testimoniis
1913 4588 2012 4675 (cf.
2035 4589 2083 4652 B
2097 4589 2363 4653 ellarm
2377 4591 2450 4654 in
2465 4611 2545 4655 us
2565 4590 2631 4666 ΙΙ,
2655 4592 2741 4677 8).
2781 4590 3031 4665 ,Multis
3048 4592 3189 4674 qui·

567 4692 713 4757 clem
735 4693 1003 4770 videtur,
1024 4694 1229 4777 inquit
1263 4693 1601 4776 Chryses
1617 4701 1866 4759 tomus
1899 4695 2070 4758 hom.
2090 4696 2172 4759 ad
2193 4697 2442 4777 neoph.‚
2465 4697 2810 4762 coelestem
2832 4697 3104 4776 gratiam
3127 4696 3188 4759 in
