3538 5364
597 258 731 324 240
1040 251 1226 305 'Pr-act.
1259 250 1446 315 lX.,de
1473 251 1861 306 sacramentis.
1888 250 2192 307 Char-aeter
2219 252 2388 321 quale
2414 251 2489 304 sit
2515 252 2761 322 signum.

594 436 995 507 entitativum,
1027 438 1504 509 constitutivum,
1536 437 2054 515 configurativum,
2088 438 2515 515 potestativum
2543 443 2606 496 et
2629 438 2767 497 binc
2785 442 3208 513 consequenter

595 526 1027 586 distinctivum.

771 650 838 717 6.
889 653 1198 711 Character
1227 671 1368 729 ergo
1400 651 1667 711 ordinem
1698 652 1880 711 habet
1924 652 1995 710 ad
2042 653 2314 729 gratiam,
2363 656 2662 727 quatenus
2696 654 2869 723 Deus,
2917 656 3211 729 quantum

592 743 684 799 est
728 759 796 799 ex
842 760 924 810 se,
971 741 1254 818 dignitati
1299 745 1360 800 et
1404 741 1638 800 muneri
1670 741 1973 816 spirituali
2003 741 2254 818 gratiam
2288 759 2520 817 semper
2551 759 2870 801 connexam
2902 760 3027 801 esse
3059 742 3207 812 vult,

590 830 665 888 ut
692 847 762 888 eo
793 830 959 900 bene,
993 830 1300 907 condigne,
1334 831 1638 889 meritorie
1658 830 2009 908 fungamur:
2042 829 2296 905 ideoque
2316 831 2619 889 character
2636 832 2865 891 animae
2886 831 3208 908 impressus

589 918 902 994 dispositio
932 925 1023 978 est
1052 920 1125 978 ad
1156 919 1413 997 gratiam
1442 920 1602 978 sicut
1631 919 2013 997 organismus
2045 919 2118 977 ad
2150 920 2354 992 vitam,
2400 919 2787 996 ordinemque
2817 921 2999 980 etiam
3030 920 3211 979 habet

590 1011 654 1066 et
683 1026 1008 1085 congruam
1024 1009 1370 1068 relationem
1401 1012 1535 1067 tum
1567 1010 1640 1068 ad
1671 1010 1995 1068 obtinenda
2013 1008 2307 1084 adjutoria
2325 1009 2576 1078 interna,
2610 1014 2741 1068 tum
2773 1010 2845 1068 ad
2878 1009 3209 1068 custodiam

590 1096 903 1172 specialem
935 1098 1228 1157 bonorum
1262 1098 1611 1175 angelorum
1642 1101 1703 1157 et
1734 1098 1809 1157 ad
1840 1099 2120 1156 arcendas
2152 1098 2514 1157 tentationes
2546 1098 2918 1168 daemonum,
2956 1105 3028 1157 ut
3059 1098 3209 1157 satis

589 1190 744 1244 clare
775 1186 1085 1264 colligitur
1114 1206 1146 1245 e
1177 1192 1419 1262 patrum
1449 1187 1660 1257 effatis,
1708 1187 1814 1263 qui
1846 1188 2242 1246 characterem
2277 1206 2453 1264 saepe
2484 1186 2865 1246 considerant
2894 1188 2957 1246 in
2987 1188 3211 1246 actuali

589 1275 1005 1350 conjunctione
1036 1295 1171 1333 curn
1199 1276 1395 1353 gratia
1424 1295 1490 1335 ac
1522 1276 1771 1352 proinde
1796 1278 1996 1352 plene:
2026 1276 2305 1353 quocirca
2322 1277 2658 1352 loquuntur
2687 1277 2760 1334 de
2791 1277 3211 1355 obsignatione

586 1382 695 1438 per
723 1363 995 1441 gratiam.
1063 1365 1417 1433 ,character
1447 1364 1671 1425 directe
1701 1365 1944 1441 quidem
1990 1370 2053 1424 et
2096 1366 2444 1441 propinque,
2491 1366 2693 1442 inquit
2724 1384 2769 1424 s.
2801 1366 3118 1425 Thomas
3155 1376 3212 1428 3.

586 1472 645 1528 p.
678 1472 734 1528 q.
769 1462 849 1515 63
883 1473 934 1511 a.
969 1464 1005 1515 4
1038 1454 1112 1512 ad
1153 1465 1205 1524 1,
1238 1453 1504 1530 disponit
1522 1455 1778 1513 animam
1812 1455 1886 1513 ad
1918 1474 2003 1524 ea,
2037 1472 2188 1530 quae
2208 1461 2353 1513 sunt
2373 1454 2562 1514 divini
2582 1455 2784 1513 cultus
2804 1455 3212 1531 exsequenda:

588 1542 651 1599 et
680 1542 823 1617 quia
851 1542 991 1601 haec
1023 1543 1233 1602 idonee
1262 1561 1385 1602 non
1414 1542 1573 1601 fiunt
1603 1544 1732 1603 sino
1764 1544 1988 1602 auxilio
2018 1543 2242 1621 gratiae
2275 1544 2442 1622 (quia
2472 1548 2545 1603 ut
2574 1544 2800 1603 dicitur
2817 1545 2988 1608 Joan.
3012 1554 3069 1613 4,
3096 1553 3213 1606 24:

588 1630 724 1706 Eos,
759 1633 861 1708 qui
890 1632 1141 1690 adorant
1171 1633 1380 1710 Deum,
1423 1635 1488 1691 in
1517 1634 1736 1707 spiritu
1765 1640 1817 1692 et
1848 1635 2080 1691 veritate
2112 1634 2365 1692 adorare
2396 1636 2655 1711 oportet),
2703 1652 2775 1692 ex
2818 1634 3214 1709 consequenti

587 1719 791 1778 divina
822 1721 1066 1797 largitas
1099 1720 1526 1796 recipientibus
1547 1723 1939 1782 characterem
1960 1721 2218 1798 largitur
2234 1723 2505 1800 gratiam,
2537 1742 2645 1798 per
2673 1741 2853 1798 quam
2885 1722 3065 1800 digne
3097 1723 3217 1780 im·

586 1808 793 1884 pleant
820 1827 905 1877 ea,
940 1809 1013 1868 ad
1046 1830 1198 1886 quae
1230 1810 1657 1886 deputantur.‘
1708 1811 1837 1870 Huc
1867 1810 2075 1870 referri
2107 1816 2375 1887 possunt,
2413 1830 2565 1885 quae
2597 1812 2870 1871 scribunt
2902 1816 2949 1870 A
2968 1810 3215 1870 mbro-

587 1897 754 1956 sius
785 1893 941 1979 (sup.
973 1919 1030 1961 n.
1067 1894 1252 1981 272²)
1285 1903 1348 1959 et
1378 1900 1795 1959 Cornelius
1841 1901 1914 1959 ad
1945 1900 2273 1959 Fabianum
2303 1900 2377 1959 de
2410 1901 2738 1960 Novatiano
2772 1897 2976 1983 (XVII,
3023 1895 3209 1981 131):

589 1985 744 2057 ,Sed
763 2006 957 2061 neque
977 1990 1290 2064 postquam
1309 1988 1600 2048 liberatus
1631 1992 1722 2049 est
1752 2009 1788 2047 a
1818 1989 2040 2060 morbo,
2074 1989 2308 2064 reliqua
2326 1990 2608 2067 percepit,
2641 2009 2792 2065 quae
2814 1989 2991 2066 juxta
3019 1990 3213 2048 eccle-

587 2075 887 2134 siasticam
930 2081 1200 2154 regulam
1244 2077 1466 2154 percipi
1512 2078 1761 2138 debent:
1809 2097 2002 2154 neque
2048 2078 2123 2136 ab
2166 2079 2445 2154 episcopo
2476 2079 2862 2157 consignatus
2904 2083 3014 2138 est.
3081 2078 3212 2137 1:100

585 2168 785 2223 autem
817 2166 1122 2243 signaculo
1154 2166 1399 2226 minime
1431 2174 1727 2244 percepto,
1762 2186 1882 2243 quo
1911 2166 2152 2225 tandem
2185 2158 2358 2227 modo
2379 2168 2669 2245 Spiritum
2702 2170 2972 2227 sanctum
3004 2168 3216 2242 potuit

585 2253 846 2329 accipere
868 2252 994 2337 ¹)'?‘

766 2374 828 2440 7.
864 2370 1235 2457 Subjectum
1270 2376 1662 2441 characteris
1686 2376 1875 2457 juxta
1903 2377 2105 2442 verba
2135 2394 2313 2441 conc.
2347 2377 2672 2443 tridentini
2704 2377 2790 2463 (n.
2813 2377 2967 2463 270)
2989 2394 3209 2458 neque

582 2479 882 2544 voluntas
903 2488 1018 2557 est,
1053 2500 1261 2566 neque
1295 2481 1672 2560 intellectuS,
1706 2483 1821 2547 sed
1854 2483 1995 2565 ipsa
2027 2484 2275 2548 anima:
2320 2485 2423 2547 cui
2454 2484 2557 2548 ille
2589 2503 2722 2548 non
2753 2503 2928 2549 mere
2960 2483 3208 2549 extrin-

582 2603 768 2651 secus
801 2587 1128 2666 adhaeret,
1161 2589 1276 2654 sed
1309 2608 1503 2673 quam
1535 2590 1916 2654 intrinsecus
1949 2590 2144 2654 afficit
2174 2597 2238 2656 et
2269 2590 2524 2655 Christo
2556 2596 2837 2673 coaptat.

759 2716 825 2783 8.
861 2713 1048 2779 Circa
1079 2715 1472 2781 characteris
1504 2736 1545 2797 p
1564 2735 1598 2782 e
1613 2736 1647 2779 r
1661 2735 1701 2798 p
1719 2735 1754 2780 e
1772 2723 1855 2780 tu
1870 2717 1891 2780 i
1905 2722 1933 2780 t
1947 2736 1988 2781 a
2005 2724 2031 2781 t
2047 2736 2082 2783 e
2098 2737 2163 2780 m
2195 2719 2427 2782 saltem
2448 2717 2778 2782 definitum
2798 2723 2913 2793 est,
2934 2716 3210 2780 charac-

577 2827 785 2885 terem
815 2822 1016 2886 semel
1048 2828 1378 2903 receptum
1409 2823 1475 2886 in
1506 2823 1631 2886 hac
1677 2823 1812 2887 vita
1856 2825 2062 2888 amitti
2105 2843 2238 2889 non
2283 2843 2506 2907 posse:
2552 2825 2999 2906 theologorum
3043 2841 3206 2889 vero

579 2927 899 2992 sententia
930 2933 1029 2991 est
1058 2930 1417 2994 communis
1462 2948 1667 3013 eaque
1712 2938 1968 3012 patrum
2004 2931 2548 3014 conciliorumque
2597 2930 3026 2995 locutionibus
3057 2948 3207 2994 om-

578 3032 732 3096 nino
767 3033 1132 3111 conformis,
1166 3051 1362 3117 quam
1392 3054 1695 3118 respuere
1727 3056 1862 3100 non
1892 3037 2058 3114 licet,
2081 3056 2228 3103 eum
2249 3055 2628 3119 permanere
2648 3037 2844 3102 etiam
2864 3037 3206 3119 posthanc

578 3140 779 3203 vitam
812 3147 878 3204 et
909 3140 1182 3223 quidem,
1216 3146 1288 3205 ut
1320 3141 1508 3206 docet
1538 3163 1587 3208 s,
1620 3144 1973 3208 Thomas
2006 3149 2062 3213 3.
2085 3163 2141 3226 p.
2164 3164 2220 3227 q.
2243 3148 2330 3213 65
2353 3162 2408 3207 a.
2432 3148 2491 3221 5,
2533 3144 2636 3218 ‚in
2665 3144 2852 3207 bonis
2873 3144 2957 3208 ad
2976 3162 3206 3208 eorum

579 3245 848 3326 gloriam
882 3252 947 3311 et
978 3247 1044 3310 in
1075 3247 1263 3311 malis
1296 3247 1379 3311 ad
1402 3267 1623 3313 eorum
1646 3249 2121 3316 confusionem:
2155 3251 2320 3314 sicut
2338 3251 2533 3316 etiam
2553 3250 2844 3315 militaris
2864 3248 3210 3314 character

574 3359 871 3417 remanet
905 3354 971 3417 in
1002 3353 1312 3420 militibus
1343 3363 1495 3437 post
1525 3358 1829 3440 adeptam
1860 3358 2229 3422 victoriam:
2276 3366 2341 3424 et
2372 3359 2438 3422 in
2468 3359 2586 3435 his,
2637 3359 2747 3442 qui
2775 3358 3087 3434 vicerunt.
3119 3360 3210 3423 ad

577 3460 864 3541 gloriam,
898 3469 964 3526 et
994 3462 1061 3526 in
1092 3462 1208 3538 his,
1241 3463 1350 3546 qui
1381 3468 1532 3527 sunt
1565 3464 1731 3541 victi,
1765 3465 1849 3528 ad
1881 3477 2215 3545 poenam.‘
2274 3463 2361 3527 Cf.
2395 3464 2605 3545 Lugo
2640 3463 2698 3528 d.
2735 3472 2776 3535 6
2808 3485 2866 3529 n.
2902 3470 2985 3534 66
3018 3483 3066 3528 s.

756 3589 904 3655 278.
937 3586 1289 3656 Scholion
1332 3590 1385 3655 1.
1450 3588 1549 3652 De
1591 3591 2000 3654 sacramentis
2048 3588 2112 3652 V.
2156 3588 2220 3658 T.
2255 3629 2342 3637 ——
2374 3590 2454 3654 Iis
2501 3590 2857 3665 declaratis,
2905 3606 3071 3671 quae
3119 3589 3207 3653 ad

576 3699 1132 3758 sacramentorum
1165 3714 1373 3761 novae
1406 3696 1589 3778 Legis
1622 3697 1927 3763 virtutem
1960 3705 2024 3764 et
2055 3697 2315 3764 effectus
2347 3699 2687 3780 pertinent,
2712 3698 2851 3780 jam
2885 3698 3067 3763 facile
3099 3698 3200 3762 di-

575 3798 826 3864 rimitur
874 3803 1169 3884 quaestio
1222 3803 1301 3867 de
1351 3802 1845 3870 differentia
1896 3812 2451 3871 sacramentorum
2502 3805 2572 3869 N.
2606 3805 2669 3869 L.
2704 3824 2745 3869 a
2774 3805 3208 3870 sacramentis

573 3907 808 3972 veteris
839 3907 1036 3988 Legis.
1101 3909 1284 3975 Initio
1320 3911 1578 3993 quidem
1610 3912 1962 3978 tenendum
1998 3920 2126 3978 est:

796 4158 832 4224 ¹)
860 4153 941 4209 Cf.
971 4155 1015 4208 Ο
1033 4173 1057 4208 s
1074 4174 1123 4209 w
1141 4156 1264 4210 ald
1293 4155 1396 4210 Die
1423 4158 1675 4228 dogmat.
1703 4159 1882 4213 Lehre
1913 4178 2023 4213 von
2049 4162 2160 4215 den
2187 4161 2244 4216 h.
2269 4162 2668 4215 Sacrameuten
2688 4179 2740 4230 p.
2762 4164 2795 4215 7
2817 4177 2863 4215 c.
2888 4167 2935 4222 2,
2964 4158 3146 4227 quin.
3172 4167 3205 4215 3

574 4233 867 4288 occasione
896 4238 1196 4290 verborum
1219 4237 1384 4293 Pauli
1409 4249 1467 4292 ut
1494 4245 1766 4294 resuscites
1787 4246 2025 4309 qratiam
2046 4249 2094 4296 2.
2109 4240 2253 4294 Tim.
2275 4251 2321 4306 1,
2339 4249 2372 4297 6
2387 4243 2583 4294 notat:
2613 4240 2813 4310 „Liegt
2828 4239 2991 4293 nicht
3008 4239 3198 4303 datin,

574 4314 719 4377 dass,
748 4331 910 4370 wenn
935 4317 1085 4371 auch
1113 4316 1205 4372 die
1234 4317 1430 4373 Gnade
1457 4320 1557 4374 der
1584 4320 1790 4374 Weihe
1831 4321 2009 4376 selbst
2045 4322 2168 4376 sich
2209 4321 2472 4375 mindern
2518 4320 2635 4374 und
2680 4319 2973 4375 erloschen
3014 4320 3203 4385 sollte,

573 4394 834 4448 dennoch
861 4394 955 4448 ein
981 4397 1246 4451 Substrat
1269 4398 1565 4454 derselben
1594 4401 1788 4464 bleibt,
1815 4401 1916 4456 das
1944 4405 2081 4456 stets
2102 4402 2453 4465 verbanden,
2481 4420 2591 4456 nur
2618 4401 2826 4455 wieder
2853 4399 3103 4454 erweckt
3127 4419 3201 4454 zu

573 4476 799 4528 werden
819 4477 1062 4530 braucht
1075 4486 1098 4530 ‘e
1123 4478 1235 4532 Das
1253 4485 1399 4533 ware
1416 4481 1570 4534 claun
1593 4481 1692 4535 der
1713 4480 2075 4536 Charakterst‘
2108 4482 2188 4537 Cf.
2212 4482 2254 4535 F
2271 4501 2298 4535 ι·
2312 4499 2343 4536 a
2361 4501 2399 4535 n
2417 4501 2444 4536 z
2461 4482 2521 4536 el
2539 4482 2614 4535 in
2643 4482 2726 4537 th.
2748 4489 2810 4538 13
2829 4504 2841 4544 ;
2868 4482 2911 4534 L
2927 4480 2947 4534 i
2965 4500 3001 4532 n
3016 4500 3056 4550 g
3071 4498 3101 4534 e
3118 4499 3158 4534 n
3178 4500 3204 4534 s

571 4555 676 4610 Die
702 4557 900 4611 innere
928 4557 1239 4615 Schonheit
1265 4562 1362 4616 des
1390 4562 1736 4617 Christenth.
1765 4582 1820 4634 p.
1848 4568 1879 4616 2
1908 4582 1949 4617 s.
1981 4572 2011 4619 2
2037 4574 2064 4631 ς
2100 4571 2117 4617 l
2149 4582 2280 4635 pag.
2310 4573 2379 4621 94
2404 4582 2505 4628 ss.;
2545 4580 2681 4634 prae
2707 4563 2908 4634 primis
2946 4563 3080 4618 Sch
3099 4579 3202 4617 ee-

573 4638 708 4691 ben
736 4638 1042 4706 Mysterien
1071 4641 1167 4694 des
1196 4641 1542 4696 Christeuth.
1571 4653 1598 4710 §
1622 4651 1709 4700 84.
1738 4643 2001 4698 Aliorum
2030 4645 2428 4715 theologorum
2459 4645 2681 4699 scholae
2699 4643 3017 4697 doctrinam
3040 4646 3203 4713 apud

572 4718 920 4772 Schazler
947 4718 1126 4771 Lehre
1153 4737 1266 4773 von
1294 4721 1393 4774 der
1421 4721 1631 4775 Wirks.
1661 4724 1760 4776 der
1788 4723 1942 4777 Sacr.
1970 4733 1997 4790 ξ
2032 4730 2093 4780 17
2119 4742 2160 4779 s.
