3538 5364
1269 279 1766 348 indulgentiarum
1795 283 2047 336 effectus.
2833 292 2911 356 51
2933 293 2959 353 l

344 461 552 536 stiani,
587 461 838 525 etiamsi
888 461 1100 525 adhuc
1147 460 1451 538 vigerent,
1501 461 1576 523 iis
1627 461 1912 525 obnoxia
1958 481 2087 526 non
2135 464 2231 526 sit.
2294 464 2448 540 lmo,
2482 470 2553 527 ut
2585 464 2749 530 bene
2781 472 2965 529 notat

342 568 694 632 Thomas
727 568 866 631 l.c.:
906 567 1224 642 ‚Ecclesia
1241 567 1605 648 hujusmodi
1641 568 2065 649 indulgentias
2104 569 2342 635 faciens
2366 572 2567 652 magis
2589 571 2964 636 damnifica-

345 684 459 752 ret,
492 694 686 758 quam
721 676 1070 756 adjuvaret,
1105 676 1257 758 quia
1285 676 1644 740 remitteret
1677 675 1759 738 ad
1794 677 2118 755 graviores
2135 696 2397 759 poenae,
2432 679 2561 742 scil.
2594 681 2964 760 purgatorii,

342 783 741 848 absolvendo
777 800 816 844 a
849 781 1254 863 poenitentiis
1287 781 1642 862 injunctis<

522 893 585 957 3.
618 888 879 953 Certum
931 895 1029 952 est
1076 887 1503 968 indulgentias
1555 887 1866 969 applicari
1916 907 2109 970 posse
2159 890 2505 966 defunctis;
2568 911 2760 957 nemo
2811 911 2964 956 vero

341 998 594 1061 animas
626 995 1071 1060 defunctorum
1104 994 1271 1059 dicet
1301 995 1617 1059 obnoxias
1649 995 1875 1076 poenis
1907 995 2027 1059 soli
2057 995 2380 1061 Ecclesiae
2413 999 2844 1063 exsolvendis,

520 1102 587 1169 4.
623 1098 970 1183 Oppositus
1002 1120 1181 1166 error
1212 1101 1372 1165 falso
1404 1102 1690 1165 innititur
1721 1103 2069 1183 suppositO,
2104 1105 2530 1185 poenitentias
2564 1106 2648 1170 ab
2682 1106 2965 1172 Ecclesia

346 1210 586 1293 injungi
619 1215 867 1274 tantum
900 1209 983 1273 ad
1015 1208 1537 1273 satisfaciendum
1572 1209 1708 1290 ipsi,
1744 1227 1875 1273 non
1907 1227 2060 1273 vero
2094 1211 2286 1274 etiam
2320 1212 2483 1276 Deo:
2534 1231 2662 1295 quo
2715 1213 2799 1276 nil
2847 1213 2964 1277 fal-

339 1319 492 1394 siuS,
541 1335 693 1380 nam
724 1316 1007 1380 Ecclesia
1055 1315 1205 1379 illud
1257 1316 1322 1379 in
1373 1315 1594 1396 primis
1646 1316 1932 1392 intendit,
1986 1323 2055 1380 ut
2104 1326 2405 1399 peccator
2452 1336 2739 1400 congrua
2772 1321 2963 1384 satis-

343 1424 620 1488 factione
654 1422 938 1488 exhibita
968 1423 1068 1487 vel
1100 1421 1327 1486 saltem
1380 1422 1696 1503 promissa
1740 1424 2190 1489 reconcilietur
2221 1425 2372 1502 Dec,
2421 1445 2613 1508 quem
2659 1429 2723 1490 in
2773 1427 2963 1492 finem

339 1530 592 1611 accepit
623 1529 896 1593 clavium
928 1535 1333 1610 potestatem.
1399 1528 1585 1608 Quod
1631 1531 1684 1592 si
1714 1529 2002 1595 Ecclesia
2048 1532 2112 1594 in
2164 1532 2391 1596 dandis
2425 1532 2828 1614 indulgentiis
2860 1553 2963 1599 re-

339 1638 528 1719 spicit
558 1637 827 1702 subinde
859 1636 1287 1717 poenitentias
1321 1637 1686 1712 canonicaS,
1735 1643 1807 1700 ut
1853 1654 2001 1700 cum
2046 1638 2485 1702 conceduntur
2533 1639 2964 1721 indulgentiae

339 1749 588 1824 septem
623 1761 959 1820 annorum,
995 1743 1555 1825 quadragenarum
1577 1750 1714 1818 etc,
1749 1744 2140 1824 significatur
2172 1745 2429 1827 quidem
2460 1745 2829 1811 immediate
2862 1766 2963 1811 re-

344 1850 509 1914 mitti
541 1857 792 1914 tantum
824 1850 1259 1932 poenitentiae
1296 1850 1675 1924 canonicae,
1698 1850 1977 1915 mediate
1998 1871 2151 1916 vero
2174 1858 2421 1916 tautum
2443 1870 2694 1934 poenae
2713 1861 2963 1935 tempo-

341 1957 493 2021 ralis
525 1957 789 2021 dimissa
821 1956 1010 2037 culpa
1042 1956 1296 2021 divinae
1322 1956 1607 2038 justitiae
1645 1955 1918 2032 debitae,
1954 1963 2263 2038 quantum
2298 1958 2727 2024 remitteretur
2745 1960 2822 2036 ei,
2856 1962 2964 2041 qui

343 2065 804 2146 poenitentiam
838 2063 1222 2127 canonicam
1270 2069 1520 2144 septem
1573 2081 1893 2126 annorum
1939 2069 2054 2128 etc.
2102 2072 2336 2144 ageret.
2402 2062 2468 2128 Si
2500 2083 2652 2128 vero
2685 2065 2965 2130 dabatur

347 2172 735 2252 indulgentia
755 2171 834 2235 de
854 2170 1261 2252 poenitentiis
1284 2169 1605 2247 injunctis,
1629 2168 1775 2234 illae
1794 2170 2228 2250 poenitentiae
2249 2171 2780 2251 intelligebantur,
2800 2191 2962 2255 quas

346 2278 716 2343 confessarii
749 2278 1079 2359 imponere
1111 2283 1415 2358 poterant
1448 2275 1547 2340 vel
1580 2275 1904 2340 debebant
1944 2276 2299 2341 secundum
2331 2279 2609 2360 rigorem
2641 2297 2962 2344 canonum

350 2385 917 2467 poenitentialium.
981 2382 1068 2447 Cf.
1102 2383 1464 2448 Perrone
1495 2403 1585 2465 pr.
1621 2389 1677 2451 2.

525 2497 672 2561 533.
707 2492 1060 2561 Scholion
1094 2493 1156 2558 1.
1221 2489 1538 2554 Fomnales
1578 2491 2113 2573 indulyentiarum
2161 2493 2341 2558 ratic.
2392 2532 2479 2539 —
2524 2491 2866 2572 Quaeritur
2897 2494 2960 2556 in

343 2618 472 2680 quo
521 2598 834 2662 consistat
884 2598 1165 2662 formalis
1215 2598 1383 2662 ratio
1437 2597 1884 2678 indulgentiae.
1948 2595 2112 2662 Sunt
2155 2600 2263 2681 qui
2312 2599 2606 2675 doceant,
2653 2618 2799 2665 eam
2844 2619 2960 2681 pro

343 2706 636 2771 fidelibus
656 2707 814 2770 vivis
829 2707 1167 2787 judiciaria
1189 2713 1381 2788 atque
1401 2705 1775 2770 authentica
1809 2706 2121 2771 contineri
2156 2706 2646 2772 absolutione
2680 2725 2719 2770 a
2750 2726 2963 2789 poena

344 2812 680 2895 temporali
711 2832 825 2895 per
856 2814 1132 2877 clavium
1165 2819 1571 2894 potestatem.
1635 2812 1760 2876 Alii
1792 2820 2074 2889 censent,
2122 2832 2267 2879 eam
2313 2816 2567 2896 proprie
2612 2816 2961 2880 consistere

342 2922 408 2983 in
440 2941 472 2983 s
487 2939 527 2984 o
543 2921 564 2984 l
579 2940 621 2984 u
638 2926 664 2983 t
679 2921 697 2983 i
715 2939 753 2984 o
772 2940 814 2984 n
837 2939 888 2997 e,
922 2941 1036 2986 seu
1058 2921 1122 2983 in
1142 2920 1673 3001 compensatione
1694 2938 1944 3001 poenae
1966 2921 2338 3002 temporalis
2357 2939 2473 3002 per
2491 2921 2962 2986 satisfactiones

341 3028 575 3092 Christi
620 3035 686 3093 et
729 3035 1102 3093 sanctorum
1150 3028 1540 3108 competenti
1588 3028 1976 3092 auctoritate
2010 3026 2143 3091 Deo
2191 3046 2307 3109 pro
2353 3028 2644 3094 fidelibus
2690 3027 2962 3097 oblatas

340 3134 465 3198 Alii
496 3135 721 3199 melius
753 3152 901 3199 cum
947 3133 1451 3200 Bellarmino
1501 3140 1843 3215 utrumque
1889 3135 2349 3216 conjungentes
2395 3136 2781 3200 elementum
2826 3142 2961 3199 sta-

343 3248 547 3319 tuunt,
579 3242 1037 3323 indulgentiam
1069 3259 1211 3305 esse
1244 3240 1716 3305 absolutionem
1740 3240 2171 3322 Judiciariam,
2193 3260 2359 3324 quae
2379 3261 2701 3308 annexam
2722 3243 2963 3308 habeat

339 3349 724 3413 solutionem
760 3368 837 3415 ex
870 3349 1177 3413 thesauro
1211 3347 1730 3412 satisfactionum
1763 3346 1998 3412 Christi
2031 3354 2097 3412 et
2127 3356 2514 3413 sanctorum.

521 3478 669 3537 Sane
699 3479 772 3537 ad
797 3479 1081 3537 rationem
1104 3477 1513 3554 indulgentiae
1532 3476 1758 3551 requiri
1790 3477 1877 3534 ab
1898 3476 2369 3536 solutionem
2394 3478 2759 3554 judicialem,
2794 3481 2961 3538 evin-

338 3568 499 3626 citur
530 3570 660 3626 tum
693 3587 760 3626 ex
807 3585 892 3637 ee,
940 3567 1099 3643 quod
1138 3568 1240 3642 jus
1288 3565 1645 3625 concedendi
1678 3564 2087 3641 indulgentias
2118 3571 2429 3626 revocatur
2458 3568 2532 3626 ad
2565 3568 2821 3627 clavium
2852 3588 2959 3646 po·

336 3659 650 3726 testatem3
695 3659 827 3715 tum
858 3676 927 3716 ex
959 3676 1044 3727 e0,
1093 3655 1251 3732 quod
1283 3655 1552 3730 alioquin
1583 3654 1735 3712 ratio
1766 3654 1937 3712 reddi
1969 3655 2199 3729 nequit,
2232 3676 2413 3731 quare
2445 3657 2649 3715 fideles
2682 3676 2822 3715 suas
2856 3678 2960 3733 pro

340 3747 471 3805 aliis
507 3745 803 3805 offerendo
824 3745 1260 3804 satisfactiones
1281 3743 1720 3822 indulgentiam
1752 3761 1871 3801 non
1905 3744 2227 3803 concedant
2243 3742 2308 3826 ¹),
2343 3749 2404 3804 et
2434 3765 2615 3821 quare
2648 3747 2960 3805 animabus

338 3835 401 3893 in
433 3835 780 3911 purgatorio
813 3834 1219 3912 indulgentiae
1253 3834 1472 3892 directe
1504 3835 1565 3892 et
1595 3832 1934 3891 immediate
1954 3833 2208 3891 conferri
2239 3840 2555 3910 nequeant,
2590 3835 2690 3893 sed
2722 3838 2959 3894 tantum

295 3983 310 3997 ‚
337 3924 574 3998 possint
618 3943 723 4000 per
765 3924 1005 3983 modum
1052 3923 1320 3999 suffragii
1363 3921 1667 3999 applicari.
1701 3956 1788 3964 ——
1821 3921 2064 3996 Requiri
2098 3927 2296 3982 autem
2328 3928 2631 4000 praeterea
2661 3925 2958 3999 quandam

340 4013 813 4071 solutionem
833 4057 847 4083 ,
896 4033 1012 4089 qua
1058 4032 1162 4088 pro
1201 4012 1400 4071 debito
1431 4013 1578 4088 ejus,
1613 4011 1719 4085 qui
1752 4012 2020 4069 lucratur
2050 4011 2474 4089 indulgentiae,
2508 4012 2744 4072 divinae
2769 4015 2958 4089 justi-

339 4100 454 4160 tiae
500 4102 766 4170 satisfiat,
815 4103 1028 4161 docent
1070 4101 1292 4178 passim
1339 4101 1559 4160 summi
1593 4100 1860 4177 theologi
1894 4118 2027 4158 cum
2061 4119 2106 4159 S.
2139 4102 2444 4173 Thema,
2492 4102 2595 4176 qui
2641 4103 2681 4160 1.
2713 4121 2759 4161 c.
2793 4102 2866 4160 ad
2904 4113 2957 4165 2.

341 4192 585 4250 statuit:
638 4191 806 4261 ,111e‚
856 4191 959 4266 qui
992 4191 1401 4266 indulgentias
1437 4190 1712 4264 suscipit,
1758 4208 1879 4248 non
1912 4190 2246 4249 absolvitur
2278 4191 2629 4266 simpliciter
2659 4192 2959 4267 loquendo

560 4356 595 4423 ¹)
625 4353 845 4407 Fideles
872 4369 1001 4405 suas
1028 4351 1446 4406 satisfactiones
1484 4350 1615 4404 aliis
1654 4351 2022 4421 applicando,
2062 4352 2111 4404 si
2149 4352 2289 4407 haec
2329 4352 2643 4423 applicatio
2668 4369 2701 4406 a
2727 4352 2844 4406 Deo
2871 4370 2958 4406 ac·

339 4436 618 4502 ceptatur,
643 4436 904 4487 auctores
931 4435 1083 4495 sunt,
1112 4434 1177 4484 ut
1202 4448 1289 4485 res
1316 4448 1416 4485 seu
1445 4432 1680 4485 effectus
1706 4431 2105 4500 indulgentiae
2132 4432 2172 4484 i.
2199 4450 2245 4485 e.
2273 4434 2548 4487 relaxatio
2577 4449 2792 4503 poenae
2820 4437 2958 4488 tem·

339 4514 550 4583 poi-alis
569 4513 701 4567 aliis
726 4513 1044 4582 proveniat,
1072 4513 1167 4567 sed
1196 4512 1425 4583 proprie
1452 4512 1873 4582 indulgentiam
1910 4529 2024 4565 non
2051 4512 2386 4576 concedunt,
2416 4531 2543 4566 cum
2590 4513 2957 4568 manifestum

338 4591 426 4657 sit,
453 4592 876 4663 indulgentiam
906 4594 1058 4657 dare,
1097 4592 1416 4662 indulgere,
1442 4592 1694 4645 relaxare
1722 4591 1982 4645 debitum
2009 4591 2241 4647 divinae
2260 4593 2524 4661 justitiae
2552 4594 2957 4650 exsolvendum

338 4688 453 4726 esse
480 4675 708 4726 tantum
736 4673 841 4728 Dei
866 4689 964 4727 seu
981 4674 1121 4742 ejus,
1149 4672 1253 4740 qui
1271 4672 1343 4725 ad
1365 4673 1471 4725 hoc
1492 4688 1525 4723 a
1545 4671 1660 4726 Deo
1681 4671 1966 4742 acceperit
1990 4674 2330 4742 potestatem
2358 4690 2423 4726 ac
2444 4692 2545 4744 pro
2574 4691 2638 4728 eo
2667 4675 2955 4744 legatione

340 4753 635 4824 fungatur.
686 4754 768 4807 Cf.
795 4753 1306 4808 Bellarminus
1334 4753 1374 4817 1,
1405 4763 1451 4809 5.
