3538 5364
1127 284 1377 353 potestas
1404 281 1752 338 concedendi
1779 282 2189 352 indulgentias.
2831 289 2962 354 505

348 468 391 554 ἢ
424 464 739 552 ἀφαιρεῖν),
772 480 969 544 penes
1001 463 1176 544 ipsos
1208 463 1328 527 erit
1358 469 1644 543 potestas
1662 465 1762 549 ¹).‘
1833 462 2007 527 Haec
2054 480 2207 528 vero
2254 463 2564 527 relaxatio
2598 463 2820 528 habita
2852 462 2967 526 fuit

349 571 562 635 valida
593 586 818 635 coram
849 569 1001 644 Dec,
1046 569 1460 652 aequivalens
1505 568 1636 633 scil.
1685 569 2067 634 relaxationi
2112 587 2364 650 poenae
2408 570 2779 650 temporalis
2832 569 2965 633 Deo

345 677 621 742 debitae.
684 676 906 760 Neque
956 677 1124 741 enim
1177 676 1384 740 forum
1417 675 1739 741 Ecclesiae
1792 695 1833 739 a
1883 675 2020 739 foro
2054 676 2167 741 Dei
2211 683 2565 758 separatur,
2599 694 2744 740 cum
2777 676 2966 758 hujus

350 786 523 850 vices
554 790 764 865 gerat;
816 802 1025 866 neque
1073 801 1310 864 scopus
1360 781 1796 862 poenitentiae
1846 783 2201 847 canonicae
2248 790 2314 847 et
2359 784 2713 862 generatim
2759 784 2967 847 omnis

348 891 781 974 poenitentiae
832 897 896 954 et
945 889 1398 954 satisfactionis
1451 889 1790 970 impositae
1841 895 1934 953 est
1983 890 2354 954 satisfacere
2386 889 2592 954 solum
2628 887 2966 964 Ecclesiae,
3034 907 3039 912 ·

352 1008 420 1065 ut
452 998 735 1062 nonnulli
771 998 1143 1079 opinantur:
1194 997 1308 1062 sed
1358 997 1421 1060 in
1472 997 1690 1078 primis
1741 995 2113 1062 satisfacere
2146 996 2299 1070 Deo,
2348 1004 2416 1061 ut
2461 1005 2717 1061 constat
2762 1016 2840 1061 ex
2873 1003 2970 1061 tot

352 1106 744 1188 Cypriani
791 1104 1075 1185 epistolis
1111 1104 1174 1166 in
1208 1122 1406 1167 causa
1438 1103 1786 1184 lapsorum.
1850 1103 2144 1185 Episcopi
2177 1122 2328 1184 ergo
2362 1104 2711 1168 relaxando
2743 1105 2968 1185 poeni-

348 1213 604 1289 tentius,
637 1213 727 1276 ita
759 1220 829 1274 ut
872 1211 1034 1274 haec
1081 1211 1376 1275 remissio
1425 1218 1566 1274 rata
1611 1210 1961 1274 haberetur
1993 1228 2033 1274 a
2066 1210 2218 1284 De0,
2265 1211 2397 1275 veri
2430 1212 2704 1275 nominis
2737 1229 2969 1276 conce-

352 1323 592 1388 debant
623 1321 1096 1402 indulgentiam.
1161 1319 1249 1385 Cs.
1284 1319 1531 1385 Sasse
1565 1321 1609 1383 ll
1647 1321 1805 1386 thes.
1842 1326 1942 1390 38.
1976 1319 2154 1401 prob.
2190 1327 2247 1389 ⁶2.

528 1453 674 1517 526.
709 1447 930 1511 Altera
961 1447 1182 1528 praxis
1218 1453 1357 1510 erat
1389 1445 1719 1510 relaxandi
1740 1446 2202 1527 poenitentiam
2225 1447 2459 1511 intuitu
2497 1444 2971 1509 intercessionis

349 1563 704 1637 martyrum
738 1574 851 1619 seu
884 1553 1263 1627 libellorum,
1296 1571 1462 1634 quos
1495 1571 1535 1616 a
1566 1553 1961 1633 martyribus
1982 1552 2198 1617 fideles
2230 1553 2633 1634 poenitentes
2665 1552 2972 1633 impetra-

347 1663 524 1738 bant,
559 1680 752 1743 quam
784 1661 1033 1742 praxim
1065 1661 1288 1741 paucis
1320 1660 1796 1723 illustrabimuS.

531 1806 598 1855 a.
631 1785 870 1850 Notum
904 1785 1346 1866 supponimuS,
1399 1784 1614 1865 lapsos
1666 1785 2130 1865 persecutionis
2177 1791 2465 1866 tempore
2512 1801 2590 1848 ac
2621 1784 2975 1865 generatim

345 1893 641 1973 gravium
672 1892 1012 1956 criminum
1043 1910 1195 1956 reos
1230 1890 1598 1955 diuturnam
1631 1891 2025 1974 rigidamque
2057 1891 2276 1957 subire
2308 1892 2605 1957 debuisse
2640 1892 2973 1973 poeniten-

353 1999 531 2073 tiam,
565 2006 912 2082 antequam
943 1998 1134 2080 plene
1164 1998 1564 2061 reconciliati
1586 1998 1668 2062 ad
1690 1999 2148 2062 eucharistiam
2171 1999 2647 2080 perfectamque
2670 1998 2974 2062 ecclesia-

355 2107 555 2170 sticae
588 2106 1058 2169 communionis
1090 2104 1589 2169 admitterentur
1619 2105 2196 2186 participationem.

532 2215 604 2281 b.
641 2212 723 2277 Ut
754 2213 916 2293 lapsi
948 2218 1083 2275 tam
1114 2212 1330 2292 gravis
1365 2213 1801 2293 poenitentiae
1833 2212 2295 2277 relaxationem
2329 2212 2411 2276 ab
2434 2212 2754 2277 Ecclesiae
2786 2229 2976 2293 prae-

361 2319 601 2384 sulibus
635 2320 1068 2400 impetrarent,
1101 2326 1457 2401 martyrum
1490 2327 1751 2401 propter
1783 2318 1927 2384 fidei
1960 2319 2429 2384 confessionem
2462 2320 2827 2383 carceribus
2859 2320 2972 2382 dc-

358 2433 682 2492 tentorum
715 2425 1089 2491 ambiebant
1121 2427 1664 2491 intercessionem.

536 2556 731 2632 Hujus
764 2556 1213 2615 consuetudinis
1245 2557 1419 2614 testis
1452 2557 1802 2615 luculentus
1835 2562 1924 2615 est
1956 2575 2001 2614 s.
2034 2557 2467 2633 Cyprianus
2502 2556 2717 2632 passim
2753 2557 2814 2614 in
2848 2555 2975 2614 suis

353 2646 639 2722 epistolis.
706 2646 892 2716 ‚Cum
924 2646 1356 2721 comperissem,
1390 2646 1476 2704 ita
1504 2646 1608 2705 ille
1639 2665 1729 2723 ep.
1761 2655 1837 2709 14
1870 2665 1926 2704 n.
1965 2655 2018 2710 2.
2051 2664 2168 2717 ece,
2217 2646 2321 2722 qui
2355 2645 2656 2723 sacrilegis
2689 2647 2976 2706 contacti-

359 2737 474 2794 bus
507 2755 718 2794 manus
753 2754 890 2794 suas
924 2739 1102 2811 atque
1134 2754 1235 2795 ora
1266 2736 1664 2795 maculassent
1707 2737 1804 2794 vel
1847 2736 2119 2794 nefandis
2158 2735 2383 2795 libellis
2414 2735 2804 2794 nihilominus
2836 2753 2977 2795 con-

359 2825 669 2884 scientiam
701 2824 1075 2900 polluissent,
1122 2825 1417 2884 exambire
1464 2826 1535 2883 ad
1583 2828 1874 2901 martyres
1919 2825 2157 2900 passim,
2204 2824 2565 2884 confessores
2597 2843 2834 2900 quoque
2867 2825 2979 2882 im-

359 2918 619 2989 portuna
665 2922 725 2972 et
770 2915 1032 2990 gratiosa
1063 2912 1477 2988 deprecatione
1522 2932 1915 2989 corrumpere,
1964 2918 2035 2972 ut
2079 2915 2208 2973 sine
2252 2914 2377 2972 ullo
2425 2912 2766 2971 discrimine
2799 2917 2977 2989 atque

354 3003 627 3062 examine
657 3003 1032 3079 singulorum
1064 3002 1347 3061 darentur
1379 3003 1642 3078 quotidie
1684 3003 2024 3062 libellorum
2069 3003 2258 3061 millia
2301 3008 2505 3061 contra
2538 3002 2847 3080 Evangelii
2893 3003 2976 3061 le-

360 3111 524 3169 gem:
575 3093 778 3150 literas
812 3092 940 3160 feci,
975 3092 1198 3167 quibus
1231 3095 1523 3167 martyres
1555 3096 1619 3151 et
1649 3091 2006 3151 confessores
2039 3093 2287 3151 consilio
2320 3111 2470 3162 mec,
2518 3096 2810 3167 quantum
2843 3110 2981 3167 pos-

361 3200 502 3245 sem.
549 3181 624 3239 ad
668 3181 959 3240 dominica
1002 3184 1312 3256 praecepta
1358 3189 1755 3240 revocarem.‘
1824 3181 1964 3239 Eam
2015 3201 2150 3240 vero
2196 3181 2689 3241 consuetudinem
2720 3184 2981 3240 testatur

358 3290 450 3346 ep.
496 3281 567 3333 10
617 3270 884 3346 viguisse
907 3270 1031 3344 jam
1064 3270 1175 3328 sub
1208 3270 1680 3328 antecessoribus
1715 3269 1860 3333 suis.
1928 3270 2402 3329 Pulcherrimum
2434 3271 2847 3329 testimonium
2891 3274 2982 3329 est

356 3360 616 3435 epistola
647 3358 985 3416 Celerini
1023 3352 1208 3439 (inter
1238 3378 1329 3433 ep.
1363 3378 1405 3417 s,
1439 3358 1807 3435 Cypriani
1844 3354 1972 3440 20),
2007 3378 2125 3434 qua
2155 3380 2259 3435 pro
2292 3359 2593 3419 sororibus
2617 3360 2743 3418 suis
2764 3361 2979 3419 Romae

361 3448 547 3525 lapsis
594 3466 796 3523 pacem
841 3466 876 3505 a
919 3448 1359 3506 confessoribus
1393 3447 1945 3524 carthaginensibus
1978 3448 2147 3524 petit.
2182 3482 2267 3491 —-
2301 3449 2497 3523 Hujus
2531 3448 2981 3507 consuetudinis

357 3537 535 3596 testis
565 3541 658 3596 est
688 3537 1239 3595 Tertullianus
1275 3538 1338 3595 in
1370 3537 1592 3596 exhort.
1626 3537 1698 3594 ad
1732 3542 1903 3595 mart.
1936 3555 1984 3598 c.
2031 3549 2050 3598 l
2079 3558 2092 3594 ε
2146 3537 2377 3607 ,Quam
2409 3557 2610 3613 pacem
2642 3537 2885 3613 quidam
2917 3537 2981 3595 in

360 3626 620 3685 Ecclesia
649 3645 766 3685 non
799 3625 1082 3684 habentes
1115 3645 1150 3683 a
1181 3627 1542 3701 martyribus
1587 3627 1650 3684 in
1697 3644 1929 3684 carcere
1975 3645 2213 3686 exorare
2258 3631 2770 3695 consueverunt3‘
2821 3645 2978 3684 eam-

361 3733 478 3790 que
510 3715 772 3792 graviter
802 3720 939 3790 post
983 3733 1148 3773 suam
1195 3715 1268 3773 ad
1313 3715 1704 3774 montanistas
1738 3715 2129 3773 defectionem
2173 3717 2362 3792 carpit
2406 3715 2479 3773 de
2525 3716 2720 3791 pudic.
2769 3734 2812 3777 c.
2867 3724 2980 3776 22:

366 3806 487 3872 ,At
517 3812 588 3862 tu
625 3806 750 3879 jam
783 3807 843 3861 et
875 3803 936 3860 in
970 3806 1260 3879 martyres
1295 3810 1430 3862 tuos
1464 3804 1719 3863 effundis
1753 3804 1903 3862 hanc
1933 3808 2288 3880 potestatem
2326 3802 2566 3887 (delicta
2595 3800 2983 3883 remittendi).

361 3893 441 3950 Ut
483 3893 736 3969 quisque
782 3911 850 3949 ex
897 3892 1262 3952 confessione
1294 3893 1532 3952 vincula
1564 3894 1762 3951 induit
1797 3892 1988 3951 adhuc
2020 3894 2223 3951 mollia
2255 3895 2317 3951 in
2350 3912 2503 3953 novo
2537 3892 2843 3951 custodiae
2875 3911 2980 3950 no-

361 3982 541 4051 mine,
576 3981 781 4040 statim
812 3981 1085 4039 ambiunt
1119 3982 1361 4050 moechi,
1406 3983 1609 4040 statim
1642 3982 1865 4040 adeunt
1897 3982 2296 4054 fornicatoreS,
2336 3985 2459 4059 jam
2494 4001 2694 4057 preces
2728 3983 2980 4040 circum-

364 4074 593 4139 sonant,
618 4072 741 4145 jam
776 4071 1070 4146 lacrymae
1103 4070 1613 4148 circumstagnant
1644 4071 1925 4130 maculati
1958 4073 2263 4146 cujusque,
2312 4090 2421 4129 nec
2465 4072 2576 4129 ulli
2622 4071 2812 4147 magis
2855 4070 2982 4128 adi·

363 4163 494 4217 tum
539 4160 788 4218 carceris
833 4159 1153 4229 redimunt,
1202 4180 1380 4236 quam
1428 4160 1534 4235 qui
1582 4159 1901 4218 Ecclesiam
1933 4160 2368 4236 perdiderunt.
2405 4204 2417 4215 .
2454 4205 2465 4216 .
2514 4179 2715 4235 pacem
2766 4160 2839 4217 ab
2890 4159 2983 4217 his

365 4254 680 4323 quaerunt,
715 4248 820 4323 qui
853 4248 927 4306 de
960 4267 1067 4306 sua
1097 4249 1576 4324 periclitantur.‘

546 4388 606 4436 c.
639 4367 1043 4448 Exigebatur,
1078 4374 1149 4431 ut
1169 4376 1414 4450 martyr
1437 4368 1597 4433 illos
1636 4388 1751 4450 pro
1789 4370 2019 4450 quibus
2052 4369 2219 4450 apud
2257 4371 2591 4449 episcopos
2627 4370 2984 4433 interi-ede-

371 4472 499 4545 bat,
534 4473 898 4555 designaret
930 4474 1328 4549 nominatim,
1351 4495 1589 4557 eosque
1612 4482 1863 4539 tautum
1884 4477 2384 4551 commendaret.
2408 4496 2568 4557 quos
2587 4476 2750 4540 bene
2768 4486 2985 4540 nosset

588 4681 622 4725 Ι»
651 4674 733 4727 Cf.
762 4692 886 4730 can.
915 4685 975 4735 5:
1004 4693 1157 4732 conc.
1189 4677 1296 4730 nic.
1319 4694 1442 4730 can.
1477 4683 1568 4735 122
1611 4680 1654 4728 ti
1676 4677 1985 4745 regoriu
2005 4696 2028 4729 s
2058 4696 2330 4745 nyssenus
2358 4696 2446 4745 ep.
2473 4678 2543 4729 ad
2576 4677 2834 4745 Letojuni
2864 4696 2909 4729 c.
2940 4688 2986 4733 5,

366 4755 448 4808 cf.
479 4754 724 4807 Frank
753 4756 790 4808 l.
817 4760 850 4809 6
879 4775 923 4810 c.
958 4764 982 4812 1
1014 4774 1086 4815 e.;
1119 4756 1438 4811 Perrone
1468 4774 1627 4827 prop.
1663 4766 1721 4815 1:
1751 4757 2113 4810 l‘almicri
2142 4760 2175 4812 l.
2205 4776 2249 4813 c.
2278 4772 2303 4821 ,ξ
2330 4766 2379 4813 2.
