3538 5364
1215 270 1387 329 quam
1416 260 1824 317 subministrat
1845 258 2049 330 gratia.
2851 269 2938 335 89

313 450 642 518 mutentur,
675 446 1041 522 principium
1062 450 1260 506 tamen
1282 447 1526 506 eliciens
1550 450 1749 505 actum
1771 446 2096 505 salutarem
2115 464 2244 505 esse
2275 448 2743 520 supernaturale,
2778 448 2939 522 quod

312 537 626 595 facultates
660 537 969 595 naturales
1005 536 1174 595 illum
1221 536 1481 605 eliciant,
1530 540 1824 611 quatenus
1868 535 2240 612 complentur
2283 534 2383 593 illa
2426 536 2772 594 assistentia
2803 536 2939 612 Spi-

312 626 471 684 ritus
504 644 571 694 s.,
606 644 759 700 quae
791 643 914 684 non
946 629 1039 684 est
1068 624 1294 685 ordinis
1315 626 1626 694 naturalis,
1660 625 1765 684 sed
1786 643 2026 700 prorsus
2046 624 2316 683 indebita
2346 626 2408 683 et
2436 626 2939 701 supernaturalis;

313 715 384 771 ad
418 715 528 773 hoc
560 719 761 773 autem
815 718 887 773 ut
930 715 1130 788 aliqua
1161 733 1338 773 causa
1368 713 1450 773 sit
1494 715 1983 790 supernaturalis,
2030 732 2151 772 non
2196 714 2540 788 requiritur,
2590 719 2659 771 ut
2706 714 2941 791 singula

315 804 479 861 illius
525 803 826 862 elementa
869 803 992 862 sint
1040 804 1535 879 supernaturalia,
1586 803 1690 862 sed
1743 802 1984 871 sufficit,
2037 806 2106 861 ut
2155 802 2398 878 aliquod
2445 803 2942 880 comprincipium

311 892 556 969 physice
571 897 633 951 et
648 911 718 951 ex
735 893 1051 969 hypothesi
1070 892 1427 969 requisitum
1449 892 1531 951 sit
1549 893 2021 969 supernaturale.
2037 893 2267 950 ——Non
2291 891 2528 961 desunt,
2545 893 2650 968 qui
2670 893 2944 968 rejiciant

312 978 708 1041 elevationem
747 983 1125 1041 intrinsecam
1173 996 1280 1058 per
1326 982 1649 1057 qualitates
1694 982 2067 1041 inhaerentes
2114 981 2471 1057 realiterque
2521 1001 2555 1039 a
2603 980 2942 1041 substantia

313 1071 544 1130 animae
577 1071 894 1130 distinctas
925 1072 1252 1131 sententiae
1284 1070 1539 1147 primae;
1585 1062 1816 1130 necnon
1862 1074 1921 1128 et
1967 1070 2357 1129 elevationem
2390 1069 2771 1129 extrinsecam
2806 1090 2940 1130 sen·

313 1160 538 1219 tentiae
572 1160 886 1229 secundae,
920 1166 1217 1236 quatenus
1249 1161 1391 1219 haec
1422 1178 1544 1218 non
1563 1163 1758 1219 mutat
1778 1159 2123 1218 facultates:
2158 1159 2481 1234 opinentur
2511 1179 2648 1219 vero
2681 1160 2785 1218 has
2818 1179 2941 1218 mo-

314 1248 541 1307 dificari
576 1251 699 1308 Deo
732 1250 1052 1309 assistente
1084 1249 1522 1309 modificatione
1555 1250 1905 1317 interna,
1955 1249 2058 1307 sed
2092 1247 2576 1307 indistincta
2606 1248 2681 1308 ab
2714 1250 2944 1308 animae

313 1338 589 1409 entitate,
638 1340 734 1398 vel
773 1339 922 1414 ipsis
955 1338 1188 1397 actibus
1220 1339 1776 1415 supernaturalibus
1808 1338 2218 1397 indeliberatis
2250 1338 2523 1396 tribuant
2552 1336 2672 1396 vim
2701 1339 2943 1415 physice

315 1427 695 1487 confortandi
728 1428 1099 1486 voluntatem
1134 1427 1205 1486 ad
1239 1428 1541 1504 ponendos
1573 1431 1742 1486 actus
1775 1428 2081 1487 salutares.
2138 1427 2219 1485 Cf.
2252 1427 2617 1486 Mazzella
2648 1428 2705 1486 d.
2749 1441 2765 1490 l
2799 1449 2849 1491 a.
2874 1439 2942 1497 ὃς

318 1517 558 1575 Pesch
592 1518 640 1576 V
673 1537 729 1576 n.
765 1528 844 1579 47
882 1535 960 1575 ss.

495 1658 600 1724 98.
636 1654 773 1723 111.
805 1653 1006 1717 Porro
1039 1654 1203 1719 haec
1234 1655 1452 1730 virtUS,
1484 1653 1602 1717 hae
1631 1656 1814 1736 vire3,
1848 1674 2007 1739 quas
2032 1656 2249 1738 qratia
2282 1654 2660 1737 suppeditat,
2695 1660 2947 1717 nostrae

311 1762 473 1842 siunt
512 1767 581 1824 et
613 1760 779 1826 inter
810 1761 976 1826 vires
994 1762 1342 1825 voluntatis
1376 1761 1669 1843 proprias
1701 1766 1852 1824 sunt
1882 1760 2334 1825 recensendae.
2368 1760 2526 1824 Hinc
2559 1760 2869 1849 August
2915 1796 2945 1812 ·

320 1886 359 1929 n
378 1887 418 1930 u
433 1887 465 1930 s
498 1867 745 1949 passim
778 1886 891 1933 eas
923 1875 1114 1932 vocat
1145 1888 1186 1931 n
1204 1886 1242 1931 o
1260 1889 1290 1931 s
1308 1874 1377 1932 tr
1392 1885 1432 1931 a
1448 1865 2077 1956 S,{vires{voluntatis
2111 1886 2150 1930 n
2170 1886 2207 1931 o
2226 1887 2256 1930 s
2275 1874 2344 1931 tr
2368 1885 2408 1930 a
2423 1885 2474 1930 e.

495 2016 589 2074 Ita
620 2035 870 2074 narrans
902 2016 1196 2092 quomodo
1231 2018 1387 2075 Deus
1420 2016 1824 2074 Abrahamum
1867 2014 2209 2091 probaverit
2240 2011 2411 2094 (Gen.
2447 2012 2574 2093 22),
2621 2016 2829 2075 scribit
2874 2015 2947 2075 de

318 2106 423 2162 civ.
461 2106 569 2163 Dei
602 2104 754 2175 XVI,
805 2114 919 2168 32:
972 2106 1370 2182 ‚Plerumque
1414 2105 1591 2164 aliter
1634 2104 1871 2163 animus
1917 2104 2213 2162 humanus
2259 2104 2374 2161 sibi
2419 2103 2531 2179 ipsi
2579 2105 2947 2165 innotescere

323 2213 440 2252 non
473 2198 695 2269 potest,
744 2195 863 2253 nisi
897 2195 1051 2253 vires
1080 2213 1223 2253 suas
1254 2195 1371 2252 sibi
1403 2213 1524 2253 non
1556 2194 1757 2261 verbe,
1807 2192 1908 2251 sed
1955 2193 2375 2269 experimento,
2422 2195 2753 2253 tentatione
2798 2213 2947 2269 quo-

323 2283 637 2343 dammodo
670 2284 1095 2361 interrogante,
1128 2285 1500 2360 respondeat.
1571 2283 1681 2341 Ubi
1729 2284 1781 2341 si
1829 2282 1935 2340 Dei
1979 2300 2199 2340 munus
2245 2283 2576 2358 agnoverit,
2623 2288 2768 2342 tunc
2812 2284 2948 2359 pius

323 2378 429 2441 est,
459 2376 613 2431 tunc
646 2373 940 2431 solidatur
969 2373 1251 2431 firmitate
1281 2373 1583 2449 gratiae3‘
1616 2378 1677 2431 et
1708 2392 1797 2447 ep.
1842 2380 1955 2434 186
1992 2388 2049 2428 n.
2089 2380 2160 2432 5:
2198 2371 2472 2439 ,Bonum
2505 2372 2695 2447 igitur
2724 2377 2814 2431 est
2845 2373 2947 2431 ho-

324 2462 486 2529 mini,
521 2465 596 2519 ut
628 2480 761 2519 cum
796 2463 941 2521 totis
973 2462 1204 2521 viribus
1237 2461 1416 2520 liberi
1459 2461 1697 2520 arbitrii
1729 2460 1825 2519 sui
1859 2460 2049 2519 dicat:
2110 2459 2534 2518 Fortitudinem
2567 2480 2750 2518 meam
2789 2462 2867 2519 ad
2898 2470 2950 2519 te

322 2552 643 2609 custodiam
676 2550 795 2629 (Ps.
834 2561 933 2620 58,
981 2546 1145 2629 10),<ἰ
1184 2545 1613 2609 fortitudinem'
1644 2550 1772 2608 scil.
1805 2550 2001 2623 gratia
2030 2554 2346 2624 acceptam,
2397 2568 2515 2608 non
2560 2557 2775 2608 natura
2807 2550 2948 2610 insi·

324 2648 458 2711 tam,
506 2641 781 2717 alioquin
813 2640 1139 2717 propositio
1172 2644 1329 2700 esset
1356 2640 1686 2718 pelagiana.
1751 2638 1981 2698 Iterum
2031 2638 2095 2697 in
2147 2638 2238 2700 Ps.
2295 2647 2413 2701 102
2464 2657 2634 2698 serm.
2691 2650 2712 2701 l
2769 2658 2826 2700 n.
2877 2650 2945 2703 7:

329 2729 552 2805 ‚Cujus
587 2730 819 2788 viribus
855 2725 1143 2812 (luctatus
1175 2726 1306 2809 es)?
1354 2730 1514 2800 Tuis,
1561 2730 1671 2788 sed
1708 2730 1782 2787 ab
1829 2729 1933 2787 illo
1967 2727 2382 2787 ministratis.‘
2417 2761 2506 2772 —
2538 2728 2678 2786 Illas
2724 2728 2950 2787 confert

328 2818 764 2878 Richardus
795 2839 830 2876 a
862 2838 909 2877 8.
931 2819 1164 2878 Victore
1197 2819 1510 2888 militibus,
1547 2819 1652 2892 qui
1684 2819 1757 2876 ad
1790 2817 2164 2893 imperatoris
2197 2823 2340 2876 sunt
2369 2823 2603 2883 nutum,
2638 2817 2674 2879 l.
2694 2835 2738 2875 c.
2760 2835 2807 2877 c.
2840 2827 2947 2880 16:

332 2907 594 2982 ‚Incipit
612 2927 754 2983 ergo
778 2927 946 2983 posse
969 2906 1247 2987 (liberum
1269 2904 1613 2988 arbitrium)
1649 2927 1714 2966 ex
1750 2906 1956 2965 divino
1978 2905 2292 2981 adjutoris,
2330 2906 2488 2981 quod
2521 2925 2638 2963 non
2656 2909 2858 2981 potest
2877 2906 2950 2965 de

328 2995 539 3072 seipso,
574 3001 636 3054 et
668 2997 827 3072 quod
853 2999 977 3072 jam
1012 3015 1131 3056 non
1164 3001 1366 3072 potest
1397 3015 1504 3072 per
1524 3000 1818 3066 naturam,
1855 2995 2070 3071 accipit
2099 2996 2317 3053 bonum
2344 3013 2513 3071 posse
2543 3014 2650 3072 per
2680 2995 2949 3071 gratiam.

329 3083 604 3152 Quotidie
637 3088 847 3144 crescit
877 3086 947 3144 ad
982 3085 1224 3155 bonum,
1273 3086 1543 3161 quotidie
1575 3086 1892 3144 roboratur
1923 3086 2128 3142 contra
2161 3085 2399 3143 malum.
2466 3084 2682 3142 Crescit
2725 3083 2800 3142 ad
2845 3084 2949 3142 bo-

327 3192 486 3242 num,
521 3175 608 3233 ita
642 3177 713 3234 ut
734 3175 860 3250 jam
892 3175 957 3232 in
990 3177 1287 3250 potestate
1325 3175 1657 3234 consistens
1692 3177 1753 3232 et
1785 3173 2007 3232 habens
2040 3171 2152 3231 sub
2185 3190 2249 3230 se
2281 3173 2506 3231 milites
2540 3173 2729 3249 possit
2759 3173 2952 3232 dicere

328 3263 498 3321 huic:
535 3264 685 3323 vade
715 3269 777 3322 et
809 3265 970 3323 vadit
1003 3264 1166 3341 (Luc.
1204 3275 1259 3335 7,
1297 3259 1362 3345 8)
1400 3269 1510 3323 etc.
1557 3263 1635 3322 Et
1665 3267 1959 3340 quantum
1991 3262 2100 3321 hoc
2133 3279 2261 3320 esse
2293 3267 2590 3337 putamuS,
2623 3280 2794 3338 posse
2826 3281 2950 3321 om·

328 3370 429 3411 nes
458 3353 717 3411 rebelles
748 3353 978 3412 animae
1023 3357 1224 3412 motus
1268 3353 1590 3429 reprimere
1636 3359 1697 3411 et
1740 3353 1815 3410 ab
1861 3360 1999 3411 actu
2043 3352 2331 3420 cohibere,
2379 3351 2652 3426 quamvis
2700 3353 2952 3410 necllum

330 3444 517 3515 possit
547 3461 753 3501 omnes
781 3442 1040 3517 perfecte
1072 3443 1269 3502 delere
1313 3446 1374 3501 et
1415 3461 1667 3519 regnum
1700 3459 1876 3501 suum
1923 3441 1996 3499 acl
2042 3441 2274 3517 plenam
2310 3459 2509 3516 pacem
2543 3440 2947 3499 reformare?‘

332 3530 477 3590 Hinc
508 3531 844 3590 secundum
877 3532 1075 3606 ipsum
1107 3532 1167 3590 vi
1199 3531 1427 3608 gratiae
1473 3536 1567 3590 est
1613 3530 1810 3600 ,liber
1854 3531 1957 3588 ille
1989 3529 2221 3588 arbitrii
2254 3548 2573 3589 consensus
2607 3534 2700 3588 tot
2730 3529 2952 3606 cogita-

332 3619 583 3690 tionum,
616 3623 710 3678 tot
741 3620 1135 3692 affectionum,
1168 3620 1564 3697 appetituum,
1600 3639 1886 3678 sensuum
1920 3620 2238 3695 imperator
2271 3623 2330 3677 et
2361 3618 2704 3678 dominu8.‘

502 3761 608 3824 99.
644 3757 767 3825 IV.
801 3758 1013 3835 Quare
1039 3760 1257 3841 qratia
1288 3759 1665 3821 voluntatem
1690 3760 2013 3842 praevenit
2046 3764 2101 3822 et
2111 3758 2573 3843 praeveniendo
2595 3763 2953 3842 praeparat

332 3884 451 3925 non
481 3862 685 3927 solum
717 3863 1001 3948 objectire
1032 3872 1085 3929 et
1116 3868 1457 3948 moraliter,
1490 3867 1599 3929 sed
1630 3872 1685 3928 et
1717 3865 2039 3946 subjective
2069 3872 2124 3928 et
2150 3865 2406 3949 physice
2439 3863 2578 3949 (seu
2611 3864 2953 3945 dynamice

335 3979 396 4034 et
425 3972 835 4057 energetice).
867 3971 1056 4036 Hisce
1090 3973 1453 4037 continetur
1472 3972 1887 4054 praecipuum
1939 3972 2280 4035 discrimen
2331 3972 2496 4036 inter
2540 3971 2809 4050 gratiam
2841 3990 2951 4035 ca-

334 4078 712 4142 tholicorum
748 4085 813 4143 et
844 4080 1117 4159 gratiam
1149 4080 1634 4161 pelagianorum
1667 4080 1758 4165 (et
1792 4080 1986 4144 etiam
2019 4078 2708 4162 semipelagianorum),
2743 4078 2866 4160 qui,
2900 4079 2953 4141 si

334 4184 616 4267 aliquam
649 4185 1075 4249 admittebant
1106 4186 1397 4266 gratiam,
1431 4203 1577 4249 eam
1610 4191 1861 4250 tantum
1884 4184 2344 4258 concedebant,
2367 4203 2532 4266 quae
2557 4185 2951 4248 extrinsecus

334 4299 616 4369 vocaret,
647 4292 964 4367 invitaret,
996 4292 1296 4368 alliceret,
1329 4292 1649 4368 suaderet,
1699 4310 1830 4374 qua
1873 4292 2125 4356 ratione
2173 4292 2368 4356 etiam
2399 4291 2592 4354 homo
2628 4290 2954 4355 hominem

326 4396 571 4479 juvare,
604 4398 841 4463 docere
873 4407 989 4463 etc.
1022 4400 1255 4481 possit:
1308 4400 1742 4465 abhorrebant
1795 4417 1949 4465 vero
2003 4398 2085 4462 ab
2137 4417 2217 4463 ea
2262 4399 2481 4479 gratia,
2530 4416 2695 4480 quae
2727 4398 2953 4461 intrin-

333 4522 517 4569 secus
551 4512 839 4570 mentem
870 4506 1395 4589 voluntatemque
1427 4506 1862 4571 indeliberatis
1897 4506 2423 4570 illustrationibus
2456 4512 2649 4586 atque
2681 4504 2953 4586 inspira·

336 4612 618 4676 tionibus
652 4631 692 4676 a
724 4612 858 4677 Deo
892 4614 958 4676 in
987 4613 1176 4677 nobis
1207 4614 1344 4679 sine
1375 4613 1562 4677 nohis
1594 4613 1924 4695 productis
1968 4612 2248 4678 afficeret
2279 4619 2342 4678 et
2372 4610 2708 4690 refingeret
2740 4611 2953 4676 eleva-

332 4727 555 4802 retque
587 4719 1076 4786 subministrata
1107 4721 1340 4786 virtute
1372 4721 1455 4784 ad
1490 4721 1786 4785 altiorem
1834 4720 2143 4801 operandi
2191 4725 2448 4794 statum,
2501 4716 2664 4781 adeo
2699 4722 2768 4779 ut
2799 4715 2952 4779 sub-
