3538 5364
1121 341 1394 413 Exceptio
1423 358 1489 395 ex
1515 359 1558 395 s.
1586 341 1873 412 Cypriane
1900 340 2161 396 solvitur.
2814 347 2945 414 489

332 545 474 590 esse
506 525 838 589 ministros
872 524 1248 600 ordinariOS,
1282 524 1395 589 sed
1429 530 1494 587 et
1525 523 1700 587 solos
1731 522 1922 604 hujus
1954 523 2310 603 potestatis,
2362 524 2704 588 Rationem
2736 523 2946 586 diver-

331 631 538 695 sitatis
569 630 737 695 inter
767 630 1100 712 utriusque
1131 630 1521 693 sacramenti
1553 629 1916 693 ministrum
1946 647 2078 692 non
2110 629 2427 694 immerito
2460 630 2690 711 repetit
2708 649 2756 692 S.
2777 629 2949 693 Tho-

331 756 475 801 mas
505 738 706 819 suppl.
739 757 796 819 q.
831 743 870 808 8
905 756 961 801 a.
1000 744 1030 804 1
1070 756 1148 802 ex
1181 735 1551 800 diversitate
1599 735 2039 800 necessitatis:
2089 754 2243 799 nam
2290 736 2480 816 longe
2526 736 2951 800 universalior

330 843 636 925 baptismi
669 849 768 909 est
798 845 1167 918 necessitaS,
1203 860 1280 906 ac
1309 842 1595 923 plurimis
1627 843 1692 905 in
1725 841 1982 906 casibus
2014 840 2188 906 nullo
2241 842 2367 906 alio
2414 849 2628 924 potest
2672 842 2950 924 suppleri

333 951 562 1026 medio,
583 968 730 1014 cum
751 957 969 1015 tamen
991 949 1316 1014 absolutio
1338 949 1712 1031 plerumque
1734 948 2017 1030 suppleri
2037 948 2240 1029 possit
2260 949 2644 1015 contritione
2665 948 2950 1031 perfecta

336 1059 446 1142 (th.
481 1059 656 1143 245).
720 1055 806 1121 Cf.
842 1055 1160 1121 Schanz
1192 1055 1348 1120 Tiib.
1383 1054 1652 1135 Qtlschr.
1692 1059 1860 1124 1897
1896 1076 1954 1137 p.
1989 1058 2270 1126 27—70.

518 1196 662 1250 508.
696 1181 1047 1250 Scholion
1080 1182 1140 1250 Ῑ.
1187 1186 1631 1259 Exceptionibue
1659 1187 1888 1257 satisfit.
1924 1219 2009 1228 —
2042 1185 2215 1244 Haud
2246 1184 2394 1243 levis
2414 1189 2615 1244 tamen
2635 1183 2950 1243 difficultas

337 1276 530 1335 oritur
575 1294 644 1333 ex
691 1275 890 1334 verbis
922 1274 1297 1352 Cypriani
1331 1294 1421 1350 ep.
1462 1284 1537 1338 12
1572 1274 1646 1333 ad
1677 1275 1901 1333 clerum
1934 1274 1998 1332 in
2031 1275 2332 1349 lapsorum
2363 1292 2570 1333 causa:
2620 1272 2951 1343 ,Quoniam

335 1364 507 1423 video
540 1364 884 1424 facultatem
917 1364 1194 1424 veniendi
1226 1363 1300 1422 ad
1331 1381 1436 1423 vos
1465 1364 1733 1423 nondum
1764 1382 1909 1431 esse,
1944 1365 2006 1421 et
2028 1365 2152 1438 jam
2172 1366 2459 1423 aestatem
2480 1365 2759 1438 coepisse,
2791 1362 2952 1437 quod

335 1461 574 1530 tempus
605 1454 1057 1513 infirmitatibus
1089 1453 1345 1512 assiduis
1393 1455 1456 1511 et
1498 1452 1782 1529 gravibus
1814 1452 2153 1521 infestatur,
2200 1452 2624 1511 occurrendum
2657 1456 2805 1528 puto
2836 1452 2953 1509 fra-

341 1543 541 1601 tribus
571 1543 809 1612 nostris,
858 1547 929 1601 ut
970 1543 1075 1618 qui
1106 1542 1343 1601 libellos
1374 1561 1410 1600 a
1438 1541 1806 1617 martyribus
1834 1545 2188 1616 acceperunt
2218 1545 2280 1599 et
2310 1540 2719 1617 praerogativa
2747 1559 2952 1599 eorum

335 1631 493 1707 apud
529 1632 715 1690 Deum
751 1632 1019 1705 adjuvari
1048 1634 1317 1708 possunt,
1363 1632 1413 1690 si
1444 1629 1814 1690 incommodo
1846 1630 2046 1705 aliquo
2078 1632 2140 1688 et
2168 1630 2532 1689 infirmitatis
2563 1629 2825 1705 periculo
2857 1647 2951 1688 oc-

336 1721 534 1796 cupati
566 1720 812 1789 fuerint,
846 1739 965 1779 non
997 1722 1330 1796 exspectata
1361 1720 1695 1796 praesentia
1725 1728 1948 1788 nostra,
1984 1719 2144 1794 apud
2174 1719 2597 1795 presbyterum
2628 1736 2953 1793 quemcun-

333 1829 453 1885 que
483 1813 872 1885 praesentem,
905 1811 998 1869 vel
1031 1810 1083 1868 si
1113 1810 1425 1886 presbyter
1452 1811 1725 1884 repertus
1754 1827 1876 1867 non
1905 1807 2088 1867 fuerit
2117 1811 2178 1867 et
2208 1827 2419 1885 urgere
2450 1808 2645 1866 exitus
2677 1807 2953 1883 coeperit,

334 1898 494 1974 apud
525 1898 694 1957 diac
712 1918 934 1958 onum
966 1917 1204 1975 quoque
1224 1897 1663 1973 exomologesin
1686 1898 1877 1957 facere
1896 1895 2105 1956 delicti
2137 1896 2235 1954 sui
2269 1898 2528 1973 possint;
2562 1900 2633 1955 ut
2663 1915 2848 1954 manu
2867 1897 2953 1955 eis

334 1990 399 2046 in
430 1988 859 2064 poenitentiam
891 1987 1177 2063 imposita
1208 1988 1454 2045 veniant
1484 1986 1558 2045 ad
1579 1987 1902 2045 Dominum
1932 2004 2067 2045 cum
2097 2005 2259 2062 pace,
2294 2006 2472 2062 quam
2506 1985 2632 2044 dari
2662 1989 2953 2062 martyres

335 2077 527 2135 literis
560 2075 633 2134 ad
665 2095 771 2135 nos
805 2077 974 2136 factis
1005 2076 1553 2135 desideraverunt.‘
1619 2076 1701 2133 Er
1732 2075 1956 2152 quibus
1989 2075 2406 2150 similibusque
2437 2075 2566 2133 aliis
2598 2075 2807 2141 effatis,
2859 2093 2953 2133 re-

340 2165 615 2223 centioris
648 2170 850 2224 tamen
882 2165 1113 2232 aetatis,
1160 2165 1341 2224 infert
1383 2166 1730 2223 Mox-inus
1763 2163 1921 2233 VIII,
1973 2173 2051 2226 22
2101 2183 2232 2223 cum
2276 2164 2359 2221 Ri
2432 2163 2630 2222 altio
2661 2164 2725 2221 iu
2756 2163 2953 2225 adnot.
3201 2167 3395 2198 ω’·

344 2254 406 2311 in
434 2255 489 2316 h.
522 2273 632 2330 ep.,
677 2255 946 2330 potuisse
978 2254 1311 2329 antiquitus
1344 2253 1618 2313 diaconos
1663 2272 1728 2311 in
1776 2271 1916 2312 casu
1945 2250 2317 2311 necessitatis
2349 2245 2721 2328 poenitentes
2754 2273 2788 2309 a
2818 2270 2953 2328 pec·
3003 2251 3430 2354 fissan-uua

343 2344 485 2402 catis
517 2343 834 2406 absolvere.
886 2344 1045 2402 Haec
1075 2347 1276 2401 tamen
1307 2343 1488 2401 verba
1517 2361 1637 2401 non
1667 2346 1910 2419 cogunt,
1943 2345 2016 2401 ut
2046 2343 2204 2401 hunc
2223 2341 2516 2418 Cypriano
2548 2341 2952 2400 adscribamus
3018 2324 3397 2416 ndu-&72

338 2450 614 2493 errorem.
664 2433 809 2492 Cum
841 2432 999 2491 enim
1030 2432 1269 2490 nullum
1299 2431 1549 2507 proferri
1578 2432 1773 2507 possit
1803 2432 2024 2489 factum
2057 2431 2287 2489 diaconi
2319 2430 2822 2489 sacramentaliter
2851 2431 2954 2488 ab·
2983 2456 3273 2546 0233*
3285 2485 3323 2514 ‚
3351 2441 3385 2515 ι

335 2520 623 2579 solventis
654 2541 688 2579 a
719 2522 997 2596 peccatis,
1031 2521 1268 2580 nullum
1299 2539 1538 2597 quoque
1570 2523 1760 2579 exstet
1791 2520 2079 2578 disertum
2112 2519 2494 2595 antiquitatis
2526 2519 2954 2583 testimonium,
3000 2547 3126 2636 aa
3354 2571 3436 2619 ὠ

334 2628 454 2686 quo
488 2610 630 2668 haec
659 2613 921 2687 potestas
954 2610 1161 2669 saltem
1194 2610 1259 2667 in
1290 2628 1427 2669 casu
1471 2609 1842 2668 necessitatis
1890 2608 2149 2668 diaconis
2198 2608 2533 2667 vindicetur
2579 2605 2757 2688 (quae
2793 2608 2951 2666 enim
3142 2573 3317 2631 *μ
3508 2629 3509 2632 ’

333 2699 738 2775 proferuntur,
792 2703 938 2759 sunt
966 2700 1064 2758 vel
1097 2699 1389 2775 sequioris
1419 2698 1636 2758 aetatis
1668 2698 2038 2774 minorisque
2068 2698 2461 2767 auctoritatis,
2508 2698 2602 2756 vel
2648 2702 2839 2773 agunt
2884 2681 3225 2755 de“··⁴“
3278 2681 3363 2719 Ψ
3387 2686 3421 2702 “’

335 2789 680 2864 excipienda
699 2789 1076 2848 morientium
1102 2789 1408 2865 petitione,
1441 2787 1799 2864 imponenda
1824 2787 1922 2846 vel
1941 2787 2254 2846 relaxanda
2273 2787 2643 2862 poenitentia
2662 2786 2959 2855 canonica,
2988 2777 3203 2825 Μ
3228 2750 3419 2818 ‘w
3508 2836 3509 2841 ,

341 2877 809 2936 administranda
827 2878 1185 2937 eucharistia
1214 2881 1341 2948 eto„
1376 2877 1450 2936 ad
1480 2896 1633 2953 quae
1651 2896 1758 2953 per
1787 2895 1848 2935 se
1867 2876 2125 2935 clavium
2143 2878 2409 2952 potestas
2428 2894 2549 2934 non
2568 2870 2922 2957 requirit-ur)
2944 2894 2958 2932 ε
2982 2860 3047 2987 sp
3069 2881 3103 2934 Ι
3125 2860 3218 2930 ὣ
3233 2868 3323 2933 *s

342 2984 462 3024 non
494 2966 736 3025 videtur
764 2966 1083 3044 probabile,
1125 2967 1317 3025 solum
1348 2967 1701 3042 Cyprianum
1736 2968 1857 3023 tam
1890 2966 2243 3041 singularem
2272 2964 2537 3024 tenuisse
2569 2964 2921 3023 sententiam
2946 2984 2959 3021 :
2988 2987 3423 3049 wasa-
3451 3002 3476 3022 .

342 3074 496 3129 quae
540 3074 608 3114 eo
648 3056 848 3114 minus
882 3057 998 3132 ipsi
1028 3059 1123 3115 est
1150 3054 1484 3123 tribuenda,
1532 3055 1690 3129 quod
1724 3055 1904 3113 verba
1936 3058 2030 3113 sat
2060 3054 2363 3113 commode
2394 3054 2629 3129 possint
2659 3054 2833 3112 aliter
2864 3053 2956 3110 in-

341 3144 554 3220 telligi.
619 3144 696 3202 Et
743 3145 804 3202 in
855 3145 1063 3222 primis
1112 3146 1164 3204 si
1213 3144 1619 3220 supponimus,
1671 3144 2121 3219 poenitentibus
2164 3161 2301 3202 mox
2350 3146 2491 3218 post
2535 3142 2957 3201 confessionem

343 3233 542 3291 datam
571 3232 757 3292 fuisse
789 3233 1223 3293 absolutionem
1256 3234 1337 3310 (n.
1375 3242 1492 3296 501
1512 3232 1537 3271 ²
1557 3228 1652 3315 a.)‚
1700 3232 1891 3291 omnis
1923 3231 2157 3291 sublata
2187 3236 2277 3291 est
2307 3231 2648 3291 difficultas,
2713 3231 2796 3289 Ea
2842 3249 2959 3290 non

343 3322 669 3397 supposita,
702 3322 974 3391 dicimus,
1021 3322 1485 3398 cyprianum
1514 3322 1861 3397 permittere
1892 3321 2012 3379 illis
2044 3321 2107 3379 in
2138 3321 2456 3397 angustiis,
2503 3325 2575 3379 ut
2618 3320 2850 3379 diaconi
2893 3338 2962 3378 ea

340 3410 572 3469 ratione
603 3411 710 3470 bos
741 3415 1076 3487 peccatores
1107 3410 1581 3484 reconciliarent,
1628 3429 1748 3485 qua
1791 3412 2085 3486 poterant.
2149 3410 2436 3469 Poterant
2467 3415 2667 3468 autem
2699 3409 2961 3468 sincerae

339 3499 742 3574 poenitentiae
761 3500 1185 3575 professionem
1218 3503 1280 3558 et
1311 3500 1485 3576 signa
1502 3500 1787 3575 excipere,
1820 3498 1960 3557 hinc
1989 3518 2088 3558 eos
2107 3499 2365 3575 recipere
2386 3498 2545 3557 inter
2563 3499 2866 3573 poenitent
2877 3516 2958 3567 ee,

341 3589 721 3648 reconciliare
769 3608 903 3648 cum
948 3590 1209 3648 Ecclesia
1252 3607 1321 3647 ex
1368 3588 1630 3664 episcopi
1676 3587 2067 3665 delegatione,
2111 3607 2248 3646 nam
2295 3587 2528 3647 cuidam
2559 3587 2961 3647 excommuni-

341 3677 564 3736 cationi
614 3682 783 3736 erant
830 3678 1087 3748 obnoxii,
1136 3680 1347 3753 utpote
1395 3677 1683 3736 Ecclesiae
1733 3679 2149 3736 communione
2197 3676 2335 3752 plus
2383 3677 2657 3735 minusve
2706 3676 2959 3751 privati:
3508 3708 3509 3741 χ

342 3767 595 3840 ideoque
625 3767 804 3826 etiam
836 3768 1102 3827 tribuere
1143 3767 1374 3826 intuitu
1419 3765 1859 3825 intercessionis
1888 3770 2221 3841 martyrum
2251 3766 2673 3824 relaxationem
2702 3765 2963 3839 reliquae
3508 3774 3509 3807 l

341 3856 744 3931 poenitentiae
789 3856 1156 3933 peragendae
1201 3874 1310 3914 seu
1354 3855 1791 3932 indulgentiam
1823 3850 1921 3935 (cf.
1951 3855 2105 3913 infra
2134 3873 2191 3914 n.
2228 3849 2400 3935 526).
2462 3855 2555 3912 Ita
2597 3853 2962 3913 reconciliati
3506 3814 3510 3915 Ι

341 3947 620 4019 poterant
649 3945 886 4004 admitti
916 3944 990 4003 ad
1021 3962 1243 4004 sacram
1273 3944 1686 4003 eucharistiam
1719 3940 1805 4025 (n.
1840 3942 2045 4022 507²),
2096 3962 2232 4002 cum
2278 3946 2519 4018 possent
2563 3943 2624 4001 in
2668 3944 2839 4001 tanta
2868 3960 2961 4001 sa·
3507 3920 3509 3961 ⁴

345 4032 490 4091 lutis
522 4034 875 4093 necessitate
907 4034 1162 4110 supponi
1194 4034 1442 4092 contriti
1487 4037 1549 4092 et
1588 4034 1725 4092 hinc
1756 4033 2123 4092 sufficienter
2152 4032 2430 4107 dispositi
2446 4028 2524 4113 ¹):
2571 4032 2727 4090 sicut
2771 4049 2961 4090 sacer·
3506 4016 3510 4129 ι

568 4251 604 4318 ¹)
633 4247 751 4301 Hoc
777 4248 839 4302 in
856 4264 989 4302 casu
1005 4247 1360 4302 necessitatis
1377 4246 1727 4318 permittunt
1750 4249 2150 4302 Theodorus
2178 4264 2283 4301 sec.
2307 4247 2453 4299 Vlll.
2476 4247 2539 4299 in
2560 4246 2963 4315 poenitentiali

346 4344 391 4381 c.
419 4333 483 4383 31
529 4327 605 4395 (Μ
624 4327 639 4380 i
660 4347 715 4398 g.
741 4334 827 4393 99,
855 4331 978 4399 946)
1017 4327 1235 4397 aliique
1259 4331 1521 4382 auctores
1546 4329 1802 4399 ejusdem
1828 4331 1888 4382 et
1912 4326 2276 4397 sequentium
2305 4327 2624 4381 seculorum
2651 4327 2963 4399 (lx-XII).

349 4406 430 4460 Cf.
448 4406 540 4459 La
556 4425 593 4460 u
611 4424 638 4458 r
654 4407 778 4460 ain
819 4407 900 4461 De
920 4407 1350 4462 l'intervention
1376 4408 1474 4461 des
1498 4408 1738 4475 laiques,
1765 4408 1864 4461 des
1892 4406 2110 4461 diacres
2146 4407 2207 4460 et
2239 4406 2337 4459 des
2361 4407 2620 4460 abbesses
2664 4406 2807 4459 dans
2830 4406 2964 4461 l'ad-

346 4486 738 4541 ministration
765 4487 834 4541 de
862 4488 917 4541 la
946 4487 1265 4558 penitence,
1293 4487 1453 4541 Paris
1487 4494 1639 4552 1897,
1666 4506 1797 4558 pag.
1826 4492 1893 4543 78
1921 4505 1991 4540 ss.
2020 4487 2290 4557 Expresse
2319 4502 2451 4540 vero
2476 4486 2742 4540 additur:
2772 4486 2966 4545 ..Sicut

348 4566 499 4622 enim
525 4566 864 4622 sacrificium
892 4569 1089 4622 offerre
1117 4585 1233 4622 non
1259 4568 1470 4623 debent
1483 4566 1599 4620 nisi
1618 4568 1874 4637 episcopi
1896 4567 1986 4620 vel
2007 4567 2341 4636 presbyteri,
2363 4566 2578 4634 quibus
2597 4567 2781 4620 claves
2800 4583 2964 4636 regni

348 4646 608 4701 coelestis
636 4647 880 4701 traditae
907 4650 1060 4711 sunt,
1087 4648 1166 4701 sic
1192 4664 1296 4701 nec
1322 4647 1744 4717 poenitentium
1765 4646 1991 4715 judicia
2017 4646 2122 4700 alii
2148 4663 2423 4716 usurpare
2449 4646 2678 4701 debent.
2717 4648 2851 4700 Can.
2878 4653 2963 4701 31.

348 4743 502 4781 conc.
529 4726 863 4783 triburiensi
887 4744 938 4780 a.
963 4732 1069 4784 895
1097 4728 1297 4781 saltem
1324 4730 1499 4796 prout
1522 4727 1738 4797 legitur
1782 4727 1842 4780 in
1889 4727 2062 4780 variis
2106 4743 2387 4782 canonum
2431 4726 2864 4781 collectionibus
2907 4734 2965 4778 et

349 4806 502 4877 apud
531 4809 749 4859 veteres
776 4805 1114 4863 canonistas.
1143 4806 1348 4860 deinde
1375 4805 1640 4876 pluribus
1679 4805 1735 4858 in
1765 4805 2025 4859 conciliis
2065 4822 2169 4861 sec.
2200 4806 2362 4869 xm„
2405 4805 2683 4860 tribuitur
2708 4805 2963 4858 diaconis

286 4913 1228 5043 hana-‚scedqssf
1315 4926 1817 5025 Qu*
1931 4910 2345 4997 rqaess*

407 5080 919 5174 ”Ld‘wb
1060 5078 1237 5146 μά
1312 5070 1594 5157 2411&
1663 5066 1891 5161 cst«
1969 5022 2483 5145 CUM

591 5195 1180 5301 namt..
1271 5182 1747 5275 naas-...15
1820 5194 2014 5256 ⁴20*-
