3538 5364
1293 365 1420 401 vere
1447 347 1692 401 remittit
1718 351 1966 417 peccata.
2813 360 2939 424 421

323 540 559 607 habere,
608 556 743 595 cum
780 535 1065 593 Dominus
1103 536 1207 593 hoc
1242 535 1415 595 dicat.
1478 535 1698 593 Dicunt
1743 553 1842 593 eos
1888 536 2305 595 tantummodo
2338 537 2554 595 babere
2586 542 2943 615 potestatem

325 633 650 702 utrumque
669 624 1041 691 ostendendi,
1077 643 1212 682 cum
1232 624 1523 682 Dominus
1558 625 1663 682 hoc
1695 642 1813 682 non
1847 624 2020 683 dicat.
2057 626 2313 697 Quorum
2334 629 2690 703 remiseritis,
2726 629 2944 704 inquit,

314 725 573 793 peccata,
622 733 743 774 non
790 732 1045 789 quorum
1091 713 1336 771 remissa
1367 714 1771 782 ostenderitis,
1823 715 2194 771 remittuntur
2242 718 2381 774 eis.‘
2447 716 2749 781 Praeclare
2798 718 2942 775 item

326 807 638 865 Werner
667 804 819 873 abb„
853 804 958 877 qui
992 803 1148 861 iuter
1177 803 1293 860 alia
1322 805 1519 861 notat:
1556 803 1719 871 ,Nos
1754 802 2061 861 verissime
2095 804 2443 878 profitemur
2472 806 2801 865 sacerdotes
2836 807 2946 865 Dei

327 897 391 954 in
424 895 682 953 Ecclesia
711 895 1068 969 potestatem
1101 891 1312 950 habere
1346 891 1570 968 ligandi
1604 893 1784 965 atque
1818 892 2105 962 solvendi,
2152 911 2271 951 non
2318 894 2717 967 perfunctorie
2757 896 2945 954 inusi-

322 988 454 1044 tato
486 983 738 1059 quodam
774 1000 988 1058 genere
1022 980 1305 1057 loquendi
1338 981 1747 1058 significatam,
1784 981 1884 1039 sed
1918 982 2204 1040 veraciter
2235 1001 2268 1039 a
2291 983 2407 1039 Deo
2428 1001 2778 1054 concessam,
2813 985 2948 1059 qui-

216 1092 235 1111 ·
327 1076 441 1133 bus
476 1074 701 1132 dictum
748 1074 870 1130 est:
920 1072 1177 1143 Quorum
1209 1072 1546 1128 remiseritis
1592 1073 1700 1127 etc.
1765 1070 1877 1129 Sed
1919 1071 2070 1129 forte
2103 1071 2238 1146 quis
2270 1076 2546 1148 opponet,
2581 1072 2724 1148 quia
2757 1092 2946 1131 sacer·

329 1164 497 1222 dotes
528 1163 749 1220 multos
784 1162 975 1237 ligant
1006 1160 1068 1217 in
1101 1159 1379 1230 Ecclesia,
1427 1159 1531 1234 qui
1573 1159 1729 1234 apud
1763 1160 1953 1218 Deum
1983 1178 2103 1218 non
2135 1159 2434 1236 ligantur;
2482 1161 2746 1236 itemque
2792 1163 2944 1220 mul·

324 1256 420 1311 tos
452 1252 711 1320 solvunt,
746 1250 848 1325 qui
879 1248 1036 1325 apud
1075 1249 1258 1306 Deum
1292 1249 1461 1325 ligati
1494 1251 1859 1324 permanent.
1912 1248 2023 1307 Sed
2058 1267 2232 1324 saepe
2266 1252 2326 1306 et
2357 1249 2701 1308 innocentes
2736 1250 2945 1327 ligant,

326 1344 389 1399 et
420 1343 482 1399 in
513 1344 681 1399 reatu
712 1342 1126 1415 permanentes
1159 1338 1493 1405 absolvunt,
1528 1342 1587 1395 et
1620 1338 1703 1395 sic
1736 1338 1951 1396 iterum
1986 1356 2106 1396 nou
2138 1338 2279 1396 erit:
2323 1340 2580 1410 Quorum
2608 1341 2950 1399 remiseritis

329 1434 439 1490 etc.
505 1430 615 1488 Sed
649 1428 955 1487 sciendum
988 1431 1080 1485 est
1110 1426 1267 1501 quod
1300 1445 1464 1485 sacra
1489 1427 1799 1502 Scriptura
1831 1426 1916 1484 sic
1949 1427 2019 1484 de
2053 1446 2113 1485 re
2145 1427 2348 1501 aliqua
2379 1428 2666 1503 loquitur,
2702 1442 2770 1487 ut
2802 1429 2948 1504 quid

333 1519 470 1578 inde
503 1522 824 1577 venturum
855 1516 935 1575 sit
967 1517 1356 1591 pronunciare
1390 1516 1678 1584 videatur,
1728 1518 1789 1574 et
1833 1522 2033 1574 tamen
2073 1516 2357 1574 virtutem
2390 1518 2520 1593 ejus
2555 1518 2740 1595 magis
2772 1537 2949 1593 quam

330 1613 610 1667 eventum
645 1607 951 1683 exprimat,
987 1606 1126 1680 quia
1156 1623 1275 1663 non
1309 1605 1451 1679 quid
1474 1606 1709 1663 evenire
1730 1605 1957 1674 debeat,
1993 1605 2092 1663 sed
2115 1606 2258 1680 quid
2282 1606 2519 1664 evenire
2542 1607 2729 1681 possit
2750 1612 2948 1666 osten-

331 1698 449 1759 dat.
514 1697 687 1754 Verbi
723 1695 914 1771 gratia
943 1694 1095 1752 dicit
1140 1694 1396 1769 quodam
1442 1695 1568 1752 loco
1616 1694 1950 1768 Scriptura:
2011 1695 2120 1765 Qui
2169 1696 2475 1753 crediderit
2525 1704 2574 1753 et
2625 1696 2950 1771 baptizatus

311 1788 525 1867 fuerit,
560 1786 754 1843 salvus
786 1786 893 1842 erit
928 1779 1128 1864 (Marc.
1173 1793 1266 1854 16,
1309 1778 1446 1863 16);
1494 1787 1554 1841 et
1586 1787 1784 1841 tamen
1816 1783 2054 1853 scimuS,
2089 1784 2231 1857 quia
2262 1784 2440 1842 multi
2471 1785 2774 1843 credentes
2807 1786 2951 1861 bap-

333 1877 571 1934 tismum
610 1875 928 1950 accipiunt,
963 1873 1069 1947 qui
1102 1878 1308 1947 postea
1339 1873 1529 1947 culpis
1565 1873 1689 1930 suis
1723 1872 2096 1946 exigentibus
2130 1873 2429 1947 reprobati
2463 1874 2536 1932 ad
2571 1874 2822 1932 salutem
2857 1894 2950 1933 ae-

332 1970 562 2023 ternam
596 1983 717 2021 non
748 1963 1104 2038 pertingunt
1120 1959 1182 2041 ¹).
1198 1971 1225 1998 ⁴¹

510 2085 574 2151 2.
606 2082 779 2146 Idem
816 2081 1126 2161 colligitur
1159 2081 1239 2143 ad
1274 2079 1661 2143 evidentiam
1695 2097 1899 2160 usque
1933 2098 2010 2143 ex
2032 2082 2474 2144 controversia
2494 2082 2954 2145 catholicorum

332 2210 482 2253 cum
516 2189 918 2253 montanistis
971 2194 1035 2253 et
1083 2188 1445 2251 novatianis
1496 2205 1619 2251 sec.
1665 2186 1727 2249 11.
1777 2193 1840 2251 et
1886 2187 2202 2267 deinceps,
2269 2187 2489 2270 Neque
2523 2191 2692 2254 enim
2722 2211 2789 2259 a.
2824 2188 2955 2254 ulla

332 2296 773 2360 controversia
806 2302 961 2372 erat,
997 2314 1149 2357 num
1181 2294 1464 2359 Ecclesia
1495 2302 1914 2375 peccatorum
1959 2295 2402 2359 remissionem
2452 2297 2859 2361 credentibus
2893 2304 2956 2361 et

335 2402 815 2484 poenitentibus
862 2403 1273 2478 annunciare,
1321 2401 1434 2466 sed
1483 2422 1635 2465 num
1682 2420 1828 2465 eam
1875 2402 2077 2483 possit
2124 2402 2482 2467 concedere
2529 2422 2640 2468 seu
2688 2403 2954 2468 efficere.

336 2509 771 2573 Affirmabant
805 2509 1118 2584 catholici,
1152 2508 1477 2589 negabant
1509 2509 1818 2573 haeretici
1847 2509 1947 2573 vel
1983 2507 2276 2573 absolute
2296 2508 2393 2572 vel
2415 2510 2765 2574 secundum
2789 2510 2957 2592 quid,

335 2623 402 2681 et
433 2616 577 2680 ideo
611 2615 815 2679 habiti
849 2623 998 2679 sunt
1030 2615 1349 2679 haeretici.
1381 2614 1542 2696 Ergo
1576 2633 1701 2678 sec.
1729 2615 1866 2696 jam
1899 2614 1963 2678 ΙΙ.
1997 2615 2385 2678 credendum
2419 2622 2576 2693 erat,
2609 2615 2957 2681 Ecclesiam

336 2743 469 2786 non
503 2723 714 2787 solum
747 2741 938 2804 posse
972 2723 1385 2797 annunciare,
1432 2723 1543 2787 sed
1594 2723 1788 2788 etiam
1823 2723 2177 2788 concedere
2223 2723 2512 2788 fidelibus
2544 2731 2958 2806 peccatorum

338 2830 800 2894 remissionem.
865 2828 1050 2909 Quod
1083 2832 1150 2898 b.
1185 2831 1601 2894 confirmatur
1648 2829 1998 2912 praecipuo
2045 2831 2514 2894 haereticorum
2562 2839 2957 2912 argumentO,

335 2938 443 3019 qui
478 2937 627 3002 ideo
662 2937 990 3017 negabant
1035 2937 1138 3000 vel
1183 2937 1605 3000 coarctabant
1648 2943 2038 3018 potestatem
2085 2936 2374 3013 clavium,
2410 2938 2581 3019 quod
2614 2938 2813 3001 solius
2846 2938 2957 3003 Dei

334 3046 417 3110 sit
451 3046 780 3109 remittere
818 3050 1089 3126 peccata
1123 3046 1185 3108 in
1219 3045 1425 3125 ipsum
1458 3045 1822 3107 commissa.
1887 3042 2339 3108 Controversia
2372 3063 2522 3125 ergo
2557 3063 2687 3108 non
2708 3051 2848 3108 erat
2878 3045 2958 3109 de

334 3158 662 3233 potestate
700 3158 948 3216 tantum
982 3152 1392 3225 declarativa,
1424 3152 1537 3216 sed
1559 3152 1638 3216 de
1660 3170 1755 3225 ea,
1779 3169 1944 3232 quae
1967 3150 2247 3216 efficeret
2267 3153 2707 3218 remissionem
2727 3171 2957 3234 pecca-

335 3264 577 3322 torum.
614 3258 1044 3323 Confirmatur
1077 3279 1141 3327 c.
1177 3278 1255 3323 ex
1289 3258 1749 3321 catholicorum
1784 3259 2219 3339 responsione,
2242 3278 2408 3340 quae
2429 3259 2594 3322 adeo
2627 3259 2959 3340 splendida

336 3374 436 3428 est
467 3372 664 3447 atque
697 3364 1071 3440 decretoria,
1106 3372 1178 3428 ut
1207 3365 1451 3428 nullum
1484 3364 1562 3427 de
1598 3365 1898 3445 dogmate
1930 3365 2132 3445 possit
2165 3384 2308 3430 esse
2341 3365 2623 3429 dubium.

520 3494 975 3569 Respondebant
1006 3495 1180 3565 enim,
1216 3494 1511 3552 Ecclesiae
1542 3494 1850 3552 ministros
1884 3494 1941 3550 id
1974 3511 2094 3552 non
2141 3514 2206 3552 ex
2255 3513 2334 3565 se,
2384 3495 2487 3552 sed
2519 3497 2811 3570 potestate
2845 3495 2960 3553 sibi

335 3584 646 3641 commissa
678 3602 868 3659 posse.
933 3584 1145 3653 ‚Solus
1180 3584 1304 3651 hoc,
1354 3583 1606 3658 inquies,
1641 3584 1799 3641 Deus
1829 3584 2109 3658 poterit,‘
2158 3584 2244 3642 ita
2276 3584 2657 3642 Pacianus
2691 3604 2778 3658 ep.
2822 3595 2843 3645 l
2886 3585 2959 3643 ad

340 3672 839 3748 Sympronianum
870 3673 1255 3732 novatianum
1285 3692 1342 3731 n.
1379 3682 1433 3734 6.
1487 3672 1749 3740 ,Verum
1784 3683 1892 3741 est,
1928 3673 2179 3748 reponit,
2215 3673 2316 3731 sed
2348 3677 2408 3730 et
2440 3673 2599 3747 quod
2631 3692 2737 3748 per
2768 3691 2957 3731 sacer-

335 3761 505 3819 dotes
539 3780 679 3820 suos
712 3761 866 3832 facit,
899 3762 1087 3838 ipsius
1121 3765 1378 3837 potestas
1413 3763 1563 3822 est.‘
1600 3763 1797 3835 Atque
1829 3762 2045 3819 iterum
2079 3781 2169 3836 ep.
2196 3773 2230 3824 3
2267 3782 2320 3823 n.
2349 3773 2415 3823 7:
2452 3762 2763 3829 ‚Ceterum
2798 3762 2957 3836 quod

338 3868 448 3925 ego
480 3850 647 3921 facio,
697 3851 758 3908 id
803 3869 921 3908 non
955 3870 1084 3909 meo
1110 3852 1267 3926 jure,
1302 3851 1403 3909 sed
1440 3850 1701 3908 Domini:
1750 3851 1861 3908 Dei
1890 3870 2091 3909 sunaus
2124 3851 2432 3925 adjutores,
2483 3850 2682 3924 inquit
2715 3849 2799 3931 (1.
2832 3850 2958 3910 Cor.

342 3948 398 4007 3,
427 3935 489 4018 (a)
517 3982 528 3994 .
552 3985 563 3996 .
586 3985 597 3996 .
633 3939 822 4008 Quare
845 3940 968 3998 sive
989 3939 1375 4016 baptizamuS,
1399 3940 1522 3998 sive
1544 3939 1616 3997 ad
1637 3939 2063 4015 poeniteutiam
2086 3941 2352 4016 cogimus
2373 3959 2478 3998 seu
2499 3939 2725 3997 veniam
2750 3941 2979 4015 peten·.

337 4027 503 4085 tibus
535 4029 883 4096 relaxamus,
919 4029 1151 4088 Christo
1184 4028 1245 4085 id
1280 4031 1518 4087 auctore
1550 4032 1890 4087 tractamus.
1923 4028 2053 4087 Tibi
2087 4028 2408 4087 videndum
2443 4032 2546 4096 est,
2582 4048 2657 4086 an
2689 4028 2960 4086 Christus

340 4117 448 4175 hoc
486 4118 686 4192 possit,
737 4137 812 4176 an
846 4118 1115 4177 Christus
1149 4117 1256 4176 hoc
1288 4118 1551 4176 fecerit.‘
1605 4151 1692 4161 ——
1738 4118 1830 4176 Ita
1875 4123 1935 4176 et
1982 4119 2431 4176 Ambrosius
2478 4118 2548 4176 de
2593 4118 2814 4193 poenit.
2847 4117 2885 4180 l.
2929 4130 2951 4179 l

335 4223 386 4262 c.
430 4217 463 4266 8
501 4225 557 4266 n.
596 4216 708 4269 34:
763 4207 949 4275 ,vult
981 4208 1267 4266 Dominus
1300 4208 1627 4281 plurimum
1662 4226 1835 4282 posse
1868 4207 2193 4282 discipulos
2239 4225 2404 4265 suos:
2454 4206 2584 4265 vult
2628 4227 2661 4263 a
2707 4206 2961 4265 servulis

338 4293 463 4352 suis
497 4313 563 4352 ea
595 4296 718 4353 fieri
753 4296 815 4353 in
849 4297 1084 4355 nomine
1116 4314 1240 4366 su0,
1290 4315 1441 4370 qnae
1475 4296 1727 4354 faciebat
1760 4296 1888 4372 ipse
1921 4296 2144 4372 positus
2179 4296 2240 4353 in
2271 4296 2466 4354 terris.
2530 4296 2799 4370 Denique
2844 4296 2958 4354 ait:

340 4383 418 4440 Ec
454 4385 683 4457 majora
716 4386 805 4442 his
831 4386 1059 4457 faciete's
1092 4381 1286 4467 (Joan.
1333 4396 1425 4454 14,
1472 4382 1590 4466 12).
1657 4385 1850 4452 Dedit,
1885 4388 1956 4443 ut
1988 4388 2250 4442 mortuos
2286 4385 2670 4442 suscitarent:
2721 4389 2781 4442 et
2826 4403 2959 4442 cum

339 4472 470 4546 ipse
507 4473 686 4531 Saulo
718 4474 962 4533 reddere
998 4477 1198 4550 posset
1230 4493 1408 4532 usum
1442 4473 1701 4543 videndi,
1750 4492 1885 4531 eum
1939 4478 2134 4531 tamen
2167 4474 2239 4531 ad
2273 4474 2560 4531 Ananiam
2596 4473 2961 4550 discipulum

561 4655 595 4718 Ι)
626 4652 688 4704 In
715 4651 905 4705 defior.
933 4670 1003 4706 ss.
1030 4655 1258 4722 patrum
1288 4654 1324 4704 l.
1352 4657 1383 4705 2
1413 4653 1473 4706 iu
1500 4653 1649 4706 dom.
1684 4659 1745 4708 19
1773 4654 1901 4721 post
1921 4651 2144 4705 Pentec.
2173 4650 2341 4724 (Mig
2359 4670 2395 4704 n
2414 4668 2442 4704 e
2476 4657 2592 4714 167,
2621 4657 2791 4722 1185),
2814 4668 2960 4719 quae

336 4741 614 4808 leguntur
641 4741 813 4794 etiam
839 4740 995 4809 apud
1025 4741 1075 4793 H
1094 4758 1233 4811 ugo
1254 4758 1335 4793 ne
1354 4761 1407 4795 m
1434 4758 1466 4792 a
1496 4759 1535 4793 s.
1566 4739 1794 4794 Victore
1822 4739 1890 4792 de
1909 4757 2048 4794 sacr.
2075 4743 2110 4794 l.
2139 4745 2169 4792 2
2199 4758 2253 4809 p.
2289 4749 2349 4796 14
2376 4758 2421 4794 c.
2450 4747 2482 4794 8
2511 4739 2672 4808 Mig.
2709 4744 2821 4800 176.
2841 4743 2959 4794 566.

339 4827 460 4876 568.
509 4819 590 4873 Cf.
620 4820 750 4872 Nat.
780 4821 1207 4874 Alexander
1249 4821 1381 4873 diss.
1428 4829 1493 4875 14
1533 4819 1591 4872 in
1634 4836 1739 4872 sec.
1769 4819 1914 4871 XIII.
1943 4822 2001 4871 et
2027 4819 2171 4875 XlV.
2214 4829 2328 4885 §12
2372 4818 2706 4873 Morinus
2733 4818 2882 4880 VIII,
2911 4825 2960 4874 6.
