<?xml version="1.0" encoding="UTF-8"?>
<!DOCTYPE html PUBLIC "-//W3C//DTD XHTML 1.0 Transitional//EN"
    "http://www.w3.org/TR/xhtml1/DTD/xhtml1-transitional.dtd">
<html xmlns="http://www.w3.org/1999/xhtml" xml:lang="en" lang="en">
 <head>
  <title>
</title>
<meta http-equiv="Content-Type" content="text/html;charset=utf-8" />
  <meta name='ocr-system' content='tesseract 3.04.00' />
  <meta name='ocr-capabilities' content='ocr_page ocr_carea ocr_par ocr_line ocrx_word'/>
</head>
<body>
  <div class='ocr_page' id='page_1' title='image "./theologiaedogma00hurtgoog_0262.png"; bbox 0 0 3538 5364; ppageno 0'>
   <div class='ocr_carea' id='block_1_1' title="bbox 582 244 2959 320">
    <p class='ocr_par' dir='ltr' id='par_1_1' title="bbox 582 244 2959 320">
     <span class='ocr_line' id='line_1_1' title="bbox 582 244 2959 320; baseline 0 -19"><span class='ocrx_word' id='word_1_1' title='bbox 582 256 713 320; x_wconf 73' lang='grc'><strong>250</strong></span> <span class='ocrx_word' id='word_1_2' title='bbox 820 247 1005 300; x_wconf 74' lang='lat' dir='ltr'><strong>Tract.</strong></span> <span class='ocrx_word' id='word_1_3' title='bbox 1035 248 1125 299; x_wconf 86' lang='lat' dir='ltr'><strong>IX.</strong></span> <span class='ocrx_word' id='word_1_4' title='bbox 1154 247 1223 299; x_wconf 90' lang='lat' dir='ltr'><strong>de</strong></span> <span class='ocrx_word' id='word_1_5' title='bbox 1252 246 1636 302; x_wconf 59' lang='lat' dir='ltr'><strong>sacramentis</strong></span> <span class='ocrx_word' id='word_1_6' title='bbox 1664 246 1766 301; x_wconf 81' lang='lat' dir='ltr'><strong>Th,</strong></span> <span class='ocrx_word' id='word_1_7' title='bbox 1798 247 1978 301; x_wconf 79' lang='lat' dir='ltr'><strong>CCXI.</strong></span> <span class='ocrx_word' id='word_1_8' title='bbox 2007 244 2267 299; x_wconf 82' lang='lat' dir='ltr'><strong>Christus</strong></span> <span class='ocrx_word' id='word_1_9' title='bbox 2292 249 2379 299; x_wconf 78' lang='lat' dir='ltr'><strong>eet</strong></span> <span class='ocrx_word' id='word_1_10' title='bbox 2401 246 2601 299; x_wconf 81' lang='lat' dir='ltr'><strong>auctor</strong></span> <span class='ocrx_word' id='word_1_11' title='bbox 2623 250 2959 303; x_wconf 77' lang='lat' dir='ltr'>sacrament.</span> 
     </span>
    </p>
   </div>
   <div class='ocr_carea' id='block_1_2' title="bbox 573 431 3198 1133">
    <p class='ocr_par' dir='ltr' id='par_1_2' title="bbox 573 431 3198 1133">
     <span class='ocr_line' id='line_1_2' title="bbox 578 431 3196 508; baseline -0 -17"><span class='ocrx_word' id='word_1_12' title='bbox 578 436 901 503; x_wconf 75' lang='lat' dir='ltr'><strong>testamur3</strong></span> <span class='ocrx_word' id='word_1_13' title='bbox 944 434 1075 492; x_wconf 86' lang='lat' dir='ltr'><strong>ideo</strong></span> <span class='ocrx_word' id='word_1_14' title='bbox 1107 433 1442 492; x_wconf 87' lang='lat' dir='ltr'><strong>secundo</strong></span> <span class='ocrx_word' id='word_1_15' title='bbox 1475 433 1550 491; x_wconf 84' lang='lat' dir='ltr'><strong>ad</strong></span> <span class='ocrx_word' id='word_1_16' title='bbox 1580 435 1940 508; x_wconf 84' lang='lat' dir='ltr'><strong>potestatem</strong></span> <span class='ocrx_word' id='word_1_17' title='bbox 1970 432 2372 501; x_wconf 77' lang='lat' dir='ltr'><strong>excellentiae,</strong></span> <span class='ocrx_word' id='word_1_18' title='bbox 2416 451 2594 507; x_wconf 86' lang='lat' dir='ltr'><strong>qnam</strong></span> <span class='ocrx_word' id='word_1_19' title='bbox 2628 431 2895 491; x_wconf 86' lang='lat' dir='ltr'><strong>Christus</strong></span> <span class='ocrx_word' id='word_1_20' title='bbox 2928 433 3107 491; x_wconf 85' lang='lat' dir='ltr'><strong>nabet</strong></span> <span class='ocrx_word' id='word_1_21' title='bbox 3137 433 3196 490; x_wconf 89' lang='lat' dir='ltr'><strong>in</strong></span> 
     </span>
     <span class='ocr_line' id='line_1_3' title="bbox 580 520 3196 598; baseline 0 -19"><span class='ocrx_word' id='word_1_22' title='bbox 580 523 982 592; x_wconf 77' lang='lat' dir='ltr'><strong>sacramentiS,</strong></span> <span class='ocrx_word' id='word_1_23' title='bbox 1015 523 1294 598; x_wconf 80' lang='lat' dir='ltr'><strong>pertinet,</strong></span> <span class='ocrx_word' id='word_1_24' title='bbox 1331 521 1489 598; x_wconf 89' lang='lat' dir='ltr'><strong>qnod</strong></span> <span class='ocrx_word' id='word_1_25' title='bbox 1521 522 1586 579; x_wconf 90' lang='lat' dir='ltr'><strong>in</strong></span> <span class='ocrx_word' id='word_1_26' title='bbox 1618 522 1747 598; x_wconf 86' lang='lat' dir='ltr'><strong>ejus</strong></span> <span class='ocrx_word' id='word_1_27' title='bbox 1776 522 2016 580; x_wconf 90' lang='lat' dir='ltr'><strong>nomine</strong></span> <span class='ocrx_word' id='word_1_28' title='bbox 2050 525 2416 580; x_wconf 80' lang='lat' dir='ltr'><strong>sacramenta</strong></span> <span class='ocrx_word' id='word_1_29' title='bbox 2447 520 2927 592; x_wconf 80' lang='lat' dir='ltr'><strong>sanctificantur3</strong></span> <span class='ocrx_word' id='word_1_30' title='bbox 2966 525 3028 580; x_wconf 88' lang='lat' dir='ltr'><strong>et</strong></span> <span class='ocrx_word' id='word_1_31' title='bbox 3060 522 3196 597; x_wconf 80' lang='lat' dir='ltr'><strong>quia</strong></span> 
     </span>
     <span class='ocr_line' id='line_1_4' title="bbox 579 609 3195 688; baseline -0.001 -18"><span class='ocrx_word' id='word_1_32' title='bbox 579 631 646 670; x_wconf 86' lang='lat' dir='ltr'><strong>ex</strong></span> <span class='ocrx_word' id='word_1_33' title='bbox 680 613 809 688; x_wconf 88' lang='lat' dir='ltr'><strong>ejus</strong></span> <span class='ocrx_word' id='word_1_34' title='bbox 840 612 1227 671; x_wconf 86' lang='lat' dir='ltr'><strong>institutione</strong></span> <span class='ocrx_word' id='word_1_35' title='bbox 1261 613 1627 670; x_wconf 84' lang='lat' dir='ltr'><strong>sacramenta</strong></span> <span class='ocrx_word' id='word_1_36' title='bbox 1655 610 1945 669; x_wconf 86' lang='lat' dir='ltr'><strong>virtutem</strong></span> <span class='ocrx_word' id='word_1_37' title='bbox 1977 610 2270 681; x_wconf 79' lang='lat' dir='ltr'><strong>obtinent,</strong></span> <span class='ocrx_word' id='word_1_38' title='bbox 2318 609 2456 669; x_wconf 91' lang='lat' dir='ltr'><strong>inde</strong></span> <span class='ocrx_word' id='word_1_39' title='bbox 2502 613 2596 669; x_wconf 87' lang='lat' dir='ltr'><strong>est</strong></span> <span class='ocrx_word' id='word_1_40' title='bbox 2641 610 2801 685; x_wconf 91' lang='lat' dir='ltr'><strong>quod</strong></span> <span class='ocrx_word' id='word_1_41' title='bbox 2846 611 3096 669; x_wconf 89' lang='lat' dir='ltr'><strong>tertio</strong></span> <span class='ocrx_word' id='word_1_42' title='bbox 3129 612 3195 667; x_wconf 81' lang='lat' dir='ltr'><strong>ad</strong></span> 
     </span>
     <span class='ocr_line' id='line_1_5' title="bbox 579 699 3198 777; baseline -0 -19"><span class='ocrx_word' id='word_1_43' title='bbox 579 701 990 760; x_wconf 84' lang='lat' dir='ltr'><strong>excellentiam</strong></span> <span class='ocrx_word' id='word_1_44' title='bbox 1022 700 1338 777; x_wconf 80' lang='lat' dir='ltr'><strong>potestatis</strong></span> <span class='ocrx_word' id='word_1_45' title='bbox 1372 700 1589 760; x_wconf 85' lang='lat' dir='ltr'><strong>Christi</strong></span> <span class='ocrx_word' id='word_1_46' title='bbox 1620 700 1902 776; x_wconf 84' lang='lat' dir='ltr'><strong>pertinet,</strong></span> <span class='ocrx_word' id='word_1_47' title='bbox 1950 699 2110 774; x_wconf 91' lang='lat' dir='ltr'><strong>quod</strong></span> <span class='ocrx_word' id='word_1_48' title='bbox 2143 700 2284 775; x_wconf 89' lang='lat' dir='ltr'><strong>ipse,</strong></span> <span class='ocrx_word' id='word_1_49' title='bbox 2331 700 2437 775; x_wconf 89' lang='lat' dir='ltr'><strong>qui</strong></span> <span class='ocrx_word' id='word_1_50' title='bbox 2484 699 2646 758; x_wconf 87' lang='lat' dir='ltr'><strong>dedit</strong></span> <span class='ocrx_word' id='word_1_51' title='bbox 2690 700 2982 758; x_wconf 81' lang='lat' dir='ltr'><strong>virtutem</strong></span> <span class='ocrx_word' id='word_1_52' title='bbox 3012 718 3198 758; x_wconf 77' lang='lat' dir='ltr'><strong>sacra·</strong></span> 
     </span>
     <span class='ocr_line' id='line_1_6' title="bbox 579 788 3195 867; baseline -0 -19"><span class='ocrx_word' id='word_1_53' title='bbox 579 790 814 860; x_wconf 87' lang='lat' dir='ltr'><strong>mentis,</strong></span> <span class='ocrx_word' id='word_1_54' title='bbox 853 790 1055 867; x_wconf 89' lang='lat' dir='ltr'><strong>potuit</strong></span> <span class='ocrx_word' id='word_1_55' title='bbox 1087 790 1404 849; x_wconf 82' lang='lat' dir='ltr'><strong>instituere</strong></span> <span class='ocrx_word' id='word_1_56' title='bbox 1437 792 1820 852; x_wconf 85' lang='lat' dir='ltr'><strong>sacramenta.</strong></span> <span class='ocrx_word' id='word_1_57' title='bbox 1881 789 1958 846; x_wconf 89' lang='lat' dir='ltr'><strong>Et</strong></span> <span class='ocrx_word' id='word_1_58' title='bbox 2003 789 2142 864; x_wconf 82' lang='lat' dir='ltr'><strong>qnia</strong></span> <span class='ocrx_word' id='word_1_59' title='bbox 2171 806 2349 847; x_wconf 82' lang='lat' dir='ltr'><strong>causa</strong></span> <span class='ocrx_word' id='word_1_60' title='bbox 2378 807 2500 847; x_wconf 91' lang='lat' dir='ltr'><strong>non</strong></span> <span class='ocrx_word' id='word_1_61' title='bbox 2532 788 2825 865; x_wconf 81' lang='lat' dir='ltr'><strong>dependet</strong></span> <span class='ocrx_word' id='word_1_62' title='bbox 2856 789 2932 847; x_wconf 84' lang='lat' dir='ltr'><strong>ab</strong></span> <span class='ocrx_word' id='word_1_63' title='bbox 2964 788 3195 857; x_wconf 84' lang='lat' dir='ltr'><strong>effectu,</strong></span> 
     </span>
     <span class='ocr_line' id='line_1_7' title="bbox 580 877 3195 954; baseline -0.001 -18"><span class='ocrx_word' id='word_1_64' title='bbox 580 879 682 937; x_wconf 85' lang='lat' dir='ltr'><strong>sed</strong></span> <span class='ocrx_word' id='word_1_65' title='bbox 701 880 905 954; x_wconf 86' lang='lat' dir='ltr'><strong>potins</strong></span> <span class='ocrx_word' id='word_1_66' title='bbox 937 899 967 938; x_wconf 91' lang='lat' dir='ltr'><strong>e</strong></span> <span class='ocrx_word' id='word_1_67' title='bbox 1000 897 1296 948; x_wconf 78' lang='lat' dir='ltr'><strong>converSO,</strong></span> <span class='ocrx_word' id='word_1_68' title='bbox 1329 879 1461 937; x_wconf 91' lang='lat' dir='ltr'><strong>ideo</strong></span> <span class='ocrx_word' id='word_1_69' title='bbox 1494 880 1776 954; x_wconf 82' lang='lat' dir='ltr'><strong>quarto</strong></span> <span class='ocrx_word' id='word_1_70' title='bbox 1809 877 1884 936; x_wconf 83' lang='lat' dir='ltr'><strong>ad</strong></span> <span class='ocrx_word' id='word_1_71' title='bbox 1916 877 2328 936; x_wconf 81' lang='lat' dir='ltr'><strong>excellentiam</strong></span> <span class='ocrx_word' id='word_1_72' title='bbox 2350 878 2659 953; x_wconf 85' lang='lat' dir='ltr'><strong>potestatis</strong></span> <span class='ocrx_word' id='word_1_73' title='bbox 2679 878 2898 936; x_wconf 86' lang='lat' dir='ltr'><strong>Christi</strong></span> <span class='ocrx_word' id='word_1_74' title='bbox 2919 878 3195 954; x_wconf 83' lang='lat' dir='ltr'><strong>pertinet,</strong></span> 
     </span>
     <span class='ocr_line' id='line_1_8' title="bbox 580 966 3195 1044; baseline 0 -18"><span class='ocrx_word' id='word_1_75' title='bbox 580 968 738 1043; x_wconf 91' lang='lat' dir='ltr'><strong>quod</strong></span> <span class='ocrx_word' id='word_1_76' title='bbox 768 969 898 1044; x_wconf 88' lang='lat' dir='ltr'><strong>ipse</strong></span> <span class='ocrx_word' id='word_1_77' title='bbox 934 969 1136 1044; x_wconf 89' lang='lat' dir='ltr'><strong>potuit</strong></span> <span class='ocrx_word' id='word_1_78' title='bbox 1167 969 1440 1026; x_wconf 81' lang='lat' dir='ltr'><strong>effectum</strong></span> <span class='ocrx_word' id='word_1_79' title='bbox 1473 971 1971 1026; x_wconf 83' lang='lat' dir='ltr'><strong>sacramentorum</strong></span> <span class='ocrx_word' id='word_1_80' title='bbox 2005 966 2134 1025; x_wconf 88' lang='lat' dir='ltr'><strong>sine</strong></span> <span class='ocrx_word' id='word_1_81' title='bbox 2165 966 2440 1025; x_wconf 83' lang='lat' dir='ltr'><strong>exteriori</strong></span> <span class='ocrx_word' id='word_1_82' title='bbox 2474 971 2838 1026; x_wconf 85' lang='lat' dir='ltr'><strong>sacramento</strong></span> <span class='ocrx_word' id='word_1_83' title='bbox 2872 966 3195 1027; x_wconf 81' lang='lat' dir='ltr'><strong>conferre.‘</strong></span> 
     </span>
     <span class='ocr_line' id='line_1_9' title="bbox 573 1057 1371 1133; baseline 0.006 -22"><span class='ocrx_word' id='word_1_84' title='bbox 573 1057 658 1119; x_wconf 79' lang='lat' dir='ltr'><strong>Cf.</strong></span> <span class='ocrx_word' id='word_1_85' title='bbox 694 1057 1072 1133; x_wconf 88' lang='lat' dir='ltr'><strong>Stentrup</strong></span> <span class='ocrx_word' id='word_1_86' title='bbox 1105 1057 1189 1115; x_wconf 89' lang='lat' dir='ltr'><strong>th.</strong></span> <span class='ocrx_word' id='word_1_87' title='bbox 1232 1066 1371 1119; x_wconf 84' lang='lat'><strong>124.</strong></span> 
     </span>
    </p>
   </div>
   <div class='ocr_carea' id='block_1_3' title="bbox 577 1192 3201 2130">
    <p class='ocr_par' dir='ltr' id='par_1_3' title="bbox 577 1192 3201 2130">
     <span class='ocr_line' id='line_1_10' title="bbox 683 1192 3197 1264; baseline -0.002 -3"><span class='ocrx_word' id='word_1_88' title='bbox 683 1212 689 1217; x_wconf 79' lang='grc'><strong><em>’</em></strong></span> <span class='ocrx_word' id='word_1_89' title='bbox 758 1195 1511 1264; x_wconf 78' lang='lat' dir='ltr'><strong>286.1)emonstratio.</strong></span> <span class='ocrx_word' id='word_1_90' title='bbox 1578 1194 1902 1258; x_wconf 84' lang='lat' dir='ltr'><strong>Christum</strong></span> <span class='ocrx_word' id='word_1_91' title='bbox 1948 1212 2080 1257; x_wconf 92' lang='lat' dir='ltr'><strong>non</strong></span> <span class='ocrx_word' id='word_1_92' title='bbox 2125 1192 2334 1256; x_wconf 90' lang='lat' dir='ltr'><strong>solum</strong></span> <span class='ocrx_word' id='word_1_93' title='bbox 2366 1192 2721 1257; x_wconf 87' lang='lat' dir='ltr'><strong>mediate</strong></span> <span class='ocrx_word' id='word_1_94' title='bbox 2768 1195 2990 1257; x_wconf 88' lang='lat' dir='ltr'><strong>omnia</strong></span> <span class='ocrx_word' id='word_1_95' title='bbox 3021 1195 3197 1257; x_wconf 87' lang='lat' dir='ltr'><strong>insti-</strong></span> 
     </span>
     <span class='ocr_line' id='line_1_11' title="bbox 583 1300 3197 1384; baseline -0 -21"><span class='ocrx_word' id='word_1_96' title='bbox 583 1301 777 1365; x_wconf 79' lang='lat' dir='ltr'><strong>tuisse</strong></span> <span class='ocrx_word' id='word_1_97' title='bbox 812 1308 1241 1378; x_wconf 88' lang='lat' dir='ltr'><strong>sacramenta,</strong></span> <span class='ocrx_word' id='word_1_98' title='bbox 1275 1301 1447 1384; x_wconf 90' lang='lat' dir='ltr'><strong>quod</strong></span> <span class='ocrx_word' id='word_1_99' title='bbox 1482 1302 1711 1365; x_wconf 89' lang='lat' dir='ltr'><strong>saltem</strong></span> <span class='ocrx_word' id='word_1_100' title='bbox 1743 1302 1823 1367; x_wconf 93' lang='lat' dir='ltr'><strong>de</strong></span> <span class='ocrx_word' id='word_1_101' title='bbox 1844 1300 1968 1365; x_wconf 87' lang='lat' dir='ltr'><strong>fide</strong></span> <span class='ocrx_word' id='word_1_102' title='bbox 1988 1306 2084 1364; x_wconf 90' lang='lat' dir='ltr'><strong>est</strong></span> <span class='ocrx_word' id='word_1_103' title='bbox 2106 1301 2463 1365; x_wconf 90' lang='lat' dir='ltr'><strong>secundum</strong></span> <span class='ocrx_word' id='word_1_104' title='bbox 2477 1300 2731 1364; x_wconf 90' lang='lat' dir='ltr'><strong>concilii</strong></span> <span class='ocrx_word' id='word_1_105' title='bbox 2761 1300 2929 1364; x_wconf 90' lang='lat' dir='ltr'><strong>trid.</strong></span> <span class='ocrx_word' id='word_1_106' title='bbox 2964 1319 3120 1365; x_wconf 86' lang='lat' dir='ltr'><strong>sess.</strong></span> <span class='ocrx_word' id='word_1_107' title='bbox 3146 1307 3197 1369; x_wconf 72' lang='grc' dir='ltr'><strong>ἶ.</strong></span> 
     </span>
     <span class='ocr_line' id='line_1_12' title="bbox 578 1404 3198 1491; baseline 0 -22"><span class='ocrx_word' id='word_1_108' title='bbox 578 1425 716 1471; x_wconf 88' lang='lat' dir='ltr'><strong>can.</strong></span> <span class='ocrx_word' id='word_1_109' title='bbox 756 1414 823 1476; x_wconf 85' lang='lat'><strong>1:</strong></span> <span class='ocrx_word' id='word_1_110' title='bbox 865 1407 969 1482; x_wconf 77' lang='lat' dir='ltr'><strong>„Si</strong></span> <span class='ocrx_word' id='word_1_111' title='bbox 1000 1409 1143 1491; x_wconf 89' lang='lat' dir='ltr'><strong>quis</strong></span> <span class='ocrx_word' id='word_1_112' title='bbox 1177 1409 1423 1485; x_wconf 83' lang='lat' dir='ltr'><strong>dixerit,</strong></span> <span class='ocrx_word' id='word_1_113' title='bbox 1456 1414 1870 1474; x_wconf 86' lang='lat' dir='ltr'><strong>sacramenta</strong></span> <span class='ocrx_word' id='word_1_114' title='bbox 1902 1407 1975 1471; x_wconf 91' lang='lat' dir='ltr'><strong>N.</strong></span> <span class='ocrx_word' id='word_1_115' title='bbox 2010 1407 2075 1471; x_wconf 91' lang='lat' dir='ltr'><strong>L.</strong></span> <span class='ocrx_word' id='word_1_116' title='bbox 2121 1426 2254 1471; x_wconf 90' lang='lat' dir='ltr'><strong>non</strong></span> <span class='ocrx_word' id='word_1_117' title='bbox 2300 1405 2492 1471; x_wconf 85' lang='lat' dir='ltr'><strong>fuisse</strong></span> <span class='ocrx_word' id='word_1_118' title='bbox 2535 1408 2755 1470; x_wconf 88' lang='lat' dir='ltr'><strong>omnia</strong></span> <span class='ocrx_word' id='word_1_119' title='bbox 2786 1425 2827 1471; x_wconf 90' lang='lat' dir='ltr'><strong>a</strong></span> <span class='ocrx_word' id='word_1_120' title='bbox 2855 1407 2907 1472; x_wconf 91' lang='lat' dir='ltr'><strong>J.</strong></span> <span class='ocrx_word' id='word_1_121' title='bbox 2941 1404 3198 1470; x_wconf 89' lang='lat' dir='ltr'><strong>Christo</strong></span> 
     </span>
     <span class='ocr_line' id='line_1_13' title="bbox 578 1512 3201 1596; baseline 0 -20"><span class='ocrx_word' id='word_1_122' title='bbox 578 1513 646 1577; x_wconf 90' lang='lat' dir='ltr'><strong>D.</strong></span> <span class='ocrx_word' id='word_1_123' title='bbox 681 1512 751 1576; x_wconf 94' lang='lat' dir='ltr'><strong>N.</strong></span> <span class='ocrx_word' id='word_1_124' title='bbox 788 1515 1075 1579; x_wconf 87' lang='lat' dir='ltr'><strong>instituta</strong></span> <span class='ocrx_word' id='word_1_125' title='bbox 1108 1566 1119 1579; x_wconf 94' lang='lat'><strong>.</strong></span> <span class='ocrx_word' id='word_1_126' title='bbox 1156 1567 1167 1579; x_wconf 93' lang='lat'><strong>.</strong></span> <span class='ocrx_word' id='word_1_127' title='bbox 1203 1566 1214 1578; x_wconf 93' lang='lat'><strong>.</strong></span> <span class='ocrx_word' id='word_1_128' title='bbox 1278 1515 1350 1579; x_wconf 84' lang='lat' dir='ltr'><strong>A.</strong></span> <span class='ocrx_word' id='word_1_129' title='bbox 1385 1513 1517 1591; x_wconf 78' lang='lat' dir='ltr'><strong>S.;«</strong></span> <span class='ocrx_word' id='word_1_130' title='bbox 1558 1516 1674 1580; x_wconf 88' lang='lat' dir='ltr'><strong>sed</strong></span> <span class='ocrx_word' id='word_1_131' title='bbox 1726 1516 1923 1580; x_wconf 90' lang='lat' dir='ltr'><strong>etiam</strong></span> <span class='ocrx_word' id='word_1_132' title='bbox 1970 1514 2463 1591; x_wconf 83' lang='lat' dir='ltr'><strong>immediate,</strong></span> <span class='ocrx_word' id='word_1_133' title='bbox 2511 1515 2598 1578; x_wconf 89' lang='lat' dir='ltr'><strong>ita</strong></span> <span class='ocrx_word' id='word_1_134' title='bbox 2644 1522 2890 1580; x_wconf 87' lang='lat' dir='ltr'><strong>certum</strong></span> <span class='ocrx_word' id='word_1_135' title='bbox 2923 1521 3022 1580; x_wconf 88' lang='lat' dir='ltr'><strong>est</strong></span> <span class='ocrx_word' id='word_1_136' title='bbox 3053 1523 3201 1596; x_wconf 91' lang='lat' dir='ltr'><strong>post</strong></span> 
     </span>
     <span class='ocr_line' id='line_1_14' title="bbox 578 1621 3197 1704; baseline 0 -21"><span class='ocrx_word' id='word_1_137' title='bbox 578 1621 746 1685; x_wconf 92' lang='lat' dir='ltr'><strong>idem</strong></span> <span class='ocrx_word' id='word_1_138' title='bbox 780 1622 1135 1698; x_wconf 87' lang='lat' dir='ltr'><strong>concilium,</strong></span> <span class='ocrx_word' id='word_1_139' title='bbox 1169 1630 1240 1686; x_wconf 89' lang='lat' dir='ltr'><strong>ut</strong></span> <span class='ocrx_word' id='word_1_140' title='bbox 1271 1622 1435 1687; x_wconf 89' lang='lat' dir='ltr'><strong>forte</strong></span> <span class='ocrx_word' id='word_1_141' title='bbox 1467 1623 1678 1686; x_wconf 89' lang='lat' dir='ltr'><strong>nullus</strong></span> <span class='ocrx_word' id='word_1_142' title='bbox 1710 1622 2158 1703; x_wconf 83' lang='lat' dir='ltr'><strong>theologorum</strong></span> <span class='ocrx_word' id='word_1_143' title='bbox 2179 1622 2279 1699; x_wconf 92' lang='lat' dir='ltr'><strong>sit,</strong></span> <span class='ocrx_word' id='word_1_144' title='bbox 2312 1622 2504 1704; x_wconf 89' lang='lat' dir='ltr'><strong>quiid</strong></span> <span class='ocrx_word' id='word_1_145' title='bbox 2523 1622 2623 1686; x_wconf 85' lang='lat' dir='ltr'><strong>vel</strong></span> <span class='ocrx_word' id='word_1_146' title='bbox 2642 1629 2835 1702; x_wconf 87' lang='lat' dir='ltr'><strong>neget</strong></span> <span class='ocrx_word' id='word_1_147' title='bbox 2852 1621 2955 1687; x_wconf 79' lang='lat' dir='ltr'><strong>vel</strong></span> <span class='ocrx_word' id='word_1_148' title='bbox 2978 1624 3197 1702; x_wconf 87' lang='lat' dir='ltr'><strong>negari</strong></span> 
     </span>
     <span class='ocr_line' id='line_1_15' title="bbox 579 1712 3196 1812; baseline 0.001 -22"><span class='ocrx_word' id='word_1_149' title='bbox 579 1746 770 1808; x_wconf 89' lang='lat' dir='ltr'><strong>posse</strong></span> <span class='ocrx_word' id='word_1_150' title='bbox 803 1728 1151 1793; x_wconf 86' lang='lat' dir='ltr'><strong>concedat:</strong></span> <span class='ocrx_word' id='word_1_151' title='bbox 1185 1730 1478 1812; x_wconf 85' lang='lat' dir='ltr'><strong>quamvis</strong></span> <span class='ocrx_word' id='word_1_152' title='bbox 1510 1730 1677 1794; x_wconf 91' lang='lat' dir='ltr'><strong>inter</strong></span> <span class='ocrx_word' id='word_1_153' title='bbox 1708 1748 1779 1794; x_wconf 89' lang='lat' dir='ltr'><strong>se</strong></span> <span class='ocrx_word' id='word_1_154' title='bbox 1811 1712 2152 1810; x_wconf 67' lang='lat' dir='ltr'><strong>disputent,</strong></span> <span class='ocrx_word' id='word_1_155' title='bbox 2198 1748 2353 1792; x_wconf 89' lang='lat' dir='ltr'><strong>num</strong></span> <span class='ocrx_word' id='word_1_156' title='bbox 2399 1729 2769 1793; x_wconf 89' lang='lat' dir='ltr'><strong>immediata</strong></span> <span class='ocrx_word' id='word_1_157' title='bbox 2818 1745 3196 1792; x_wconf 87' lang='lat' dir='ltr'><strong>sacramen-</strong></span> 
     </span>
     <span class='ocr_line' id='line_1_16' title="bbox 578 1835 3199 1917; baseline 0 -21"><span class='ocrx_word' id='word_1_158' title='bbox 578 1842 786 1897; x_wconf 88' lang='lat' dir='ltr'><strong>torum</strong></span> <span class='ocrx_word' id='word_1_159' title='bbox 820 1835 1133 1900; x_wconf 88' lang='lat' dir='ltr'><strong>institutio</strong></span> <span class='ocrx_word' id='word_1_160' title='bbox 1167 1836 1537 1902; x_wconf 85' lang='lat' dir='ltr'><strong>definitione</strong></span> <span class='ocrx_word' id='word_1_161' title='bbox 1569 1836 2037 1901; x_wconf 86' lang='lat' dir='ltr'><strong>tridentina</strong></span> <span class='ocrx_word' id='word_1_162' title='bbox 2067 1836 2667 1917; x_wconf 80' lang='lat' dir='ltr'><strong>comprehendatur,</strong></span> <span class='ocrx_word' id='word_1_163' title='bbox 2703 1842 2767 1900; x_wconf 92' lang='lat' dir='ltr'><strong>et</strong></span> <span class='ocrx_word' id='word_1_164' title='bbox 2798 1841 3113 1917; x_wconf 82' lang='lat' dir='ltr'><strong>quantum</strong></span> <span class='ocrx_word' id='word_1_165' title='bbox 3137 1835 3199 1897; x_wconf 89' lang='lat' dir='ltr'><strong>in</strong></span> 
     </span>
     <span class='ocr_line' id='line_1_17' title="bbox 577 1940 3198 2024; baseline 0.001 -21"><span class='ocrx_word' id='word_1_166' title='bbox 577 1940 836 2022; x_wconf 80' lang='lat' dir='ltr'><strong>singulis</strong></span> <span class='ocrx_word' id='word_1_167' title='bbox 871 1943 1293 2007; x_wconf 78' lang='lat' dir='ltr'><strong>sacramentis</strong></span> <span class='ocrx_word' id='word_1_168' title='bbox 1326 1942 1540 2024; x_wconf 91' lang='lat' dir='ltr'><strong>quoad</strong></span> <span class='ocrx_word' id='word_1_169' title='bbox 1575 1943 1912 2007; x_wconf 85' lang='lat' dir='ltr'><strong>materiam</strong></span> <span class='ocrx_word' id='word_1_170' title='bbox 1946 1949 2011 2006; x_wconf 89' lang='lat' dir='ltr'><strong>et</strong></span> <span class='ocrx_word' id='word_1_171' title='bbox 2042 1941 2315 2006; x_wconf 85' lang='lat' dir='ltr'><strong>formam</strong></span> <span class='ocrx_word' id='word_1_172' title='bbox 2348 1944 2713 2007; x_wconf 80' lang='lat' dir='ltr'><strong>accuratius</strong></span> <span class='ocrx_word' id='word_1_173' title='bbox 2760 1944 3198 2008; x_wconf 87' lang='lat' dir='ltr'><strong>determinan-</strong></span> 
     </span>
     <span class='ocr_line' id='line_1_18' title="bbox 577 2047 1927 2130; baseline 0.001 -21"><span class='ocrx_word' id='word_1_174' title='bbox 577 2047 726 2111; x_wconf 88' lang='lat' dir='ltr'><strong>dam</strong></span> <span class='ocrx_word' id='word_1_175' title='bbox 758 2049 1140 2130; x_wconf 85' lang='lat' dir='ltr'><strong>permissum</strong></span> <span class='ocrx_word' id='word_1_176' title='bbox 1174 2050 1258 2114; x_wconf 89' lang='lat' dir='ltr'><strong>sit</strong></span> <span class='ocrx_word' id='word_1_177' title='bbox 1289 2049 1612 2114; x_wconf 87' lang='lat' dir='ltr'><strong>Ecclesiae</strong></span> <span class='ocrx_word' id='word_1_178' title='bbox 1644 2050 1927 2113; x_wconf 73' lang='lat' dir='ltr'><strong>arbitrio</strong></span> 
     </span>
    </p>
   </div>
   <div class='ocr_carea' id='block_1_4' title="bbox 576 2156 3201 3110">
    <p class='ocr_par' dir='ltr' id='par_1_4' title="bbox 606 2156 3201 2256">
     <span class='ocr_line' id='line_1_19' title="bbox 606 2156 3201 2256; baseline 0 -19"><span class='ocrx_word' id='word_1_179' title='bbox 606 2226 609 2229; x_wconf 66' lang='lat'><strong>,</strong></span> <span class='ocrx_word' id='word_1_180' title='bbox 709 2217 713 2221; x_wconf 91' lang='lat'><em>-</em></span> <span class='ocrx_word' id='word_1_181' title='bbox 759 2172 818 2238; x_wconf 90' lang='lat'><strong>1.</strong></span> <span class='ocrx_word' id='word_1_182' title='bbox 851 2172 1164 2238; x_wconf 86' lang='lat' dir='ltr'><strong>Institutio</strong></span> <span class='ocrx_word' id='word_1_183' title='bbox 1196 2174 1566 2238; x_wconf 88' lang='lat' dir='ltr'><strong>immediata</strong></span> <span class='ocrx_word' id='word_1_184' title='bbox 1611 2174 1926 2255; x_wconf 85' lang='lat' dir='ltr'><strong>colligitur</strong></span> <span class='ocrx_word' id='word_1_185' title='bbox 1958 2194 2035 2239; x_wconf 86' lang='lat' dir='ltr'><strong>ex</strong></span> <span class='ocrx_word' id='word_1_186' title='bbox 2069 2192 2207 2237; x_wconf 89' lang='lat' dir='ltr'><strong>can.</strong></span> <span class='ocrx_word' id='word_1_187' title='bbox 2241 2156 2457 2250; x_wconf 76' lang='lat' dir='ltr'><strong>citam,</strong></span> <span class='ocrx_word' id='word_1_188' title='bbox 2489 2193 2617 2256; x_wconf 91' lang='lat' dir='ltr'><strong>quo</strong></span> <span class='ocrx_word' id='word_1_189' title='bbox 2652 2174 2947 2239; x_wconf 87' lang='lat' dir='ltr'><strong>definitur</strong></span> <span class='ocrx_word' id='word_1_190' title='bbox 2977 2193 3201 2238; x_wconf 86' lang='lat' dir='ltr'><strong>sacra·</strong></span> 
     </span>
    </p>

    <p class='ocr_par' dir='ltr' id='par_1_5' title="bbox 576 2279 3201 3110">
     <span class='ocr_line' id='line_1_20' title="bbox 578 2279 3201 2362; baseline 0.001 -22"><span class='ocrx_word' id='word_1_191' title='bbox 578 2285 938 2344; x_wconf 90' lang='lat' dir='ltr'><strong>mentorum</strong></span> <span class='ocrx_word' id='word_1_192' title='bbox 973 2280 1285 2345; x_wconf 88' lang='lat' dir='ltr'><strong>institutio</strong></span> <span class='ocrx_word' id='word_1_193' title='bbox 1337 2298 1452 2361; x_wconf 90' lang='lat' dir='ltr'><strong>per</strong></span> <span class='ocrx_word' id='word_1_194' title='bbox 1484 2279 1835 2355; x_wconf 85' lang='lat' dir='ltr'><strong>Christum;</strong></span> <span class='ocrx_word' id='word_1_195' title='bbox 1882 2281 2061 2362; x_wconf 87' lang='lat' dir='ltr'><strong>atqui</strong></span> <span class='ocrx_word' id='word_1_196' title='bbox 2105 2280 2185 2345; x_wconf 88' lang='lat' dir='ltr'><strong>de</strong></span> <span class='ocrx_word' id='word_1_197' title='bbox 2230 2280 2627 2344; x_wconf 89' lang='lat' dir='ltr'><strong>institutione</strong></span> <span class='ocrx_word' id='word_1_198' title='bbox 2673 2281 2956 2345; x_wconf 86' lang='lat' dir='ltr'><strong>mediata</strong></span> <span class='ocrx_word' id='word_1_199' title='bbox 3005 2299 3201 2346; x_wconf 89' lang='lat' dir='ltr'><strong>nemo</strong></span> 
     </span>
     <span class='ocr_line' id='line_1_21' title="bbox 577 2387 3200 2468; baseline 0.002 -21"><span class='ocrx_word' id='word_1_200' title='bbox 577 2403 859 2467; x_wconf 89' lang='lat' dir='ltr'><strong>unquam</strong></span> <span class='ocrx_word' id='word_1_201' title='bbox 893 2387 1235 2462; x_wconf 86' lang='lat' dir='ltr'><strong>dubitavit;</strong></span> <span class='ocrx_word' id='word_1_202' title='bbox 1287 2387 1554 2452; x_wconf 89' lang='lat' dir='ltr'><strong>dubium</strong></span> <span class='ocrx_word' id='word_1_203' title='bbox 1603 2407 1756 2452; x_wconf 89' lang='lat' dir='ltr'><strong>vero</strong></span> <span class='ocrx_word' id='word_1_204' title='bbox 1810 2388 1974 2452; x_wconf 89' lang='lat' dir='ltr'><strong>inter</strong></span> <span class='ocrx_word' id='word_1_205' title='bbox 2021 2388 2359 2468; x_wconf 87' lang='lat' dir='ltr'><strong>theologos</strong></span> <span class='ocrx_word' id='word_1_206' title='bbox 2411 2387 2656 2452; x_wconf 85' lang='lat' dir='ltr'><strong>exstitit</strong></span> <span class='ocrx_word' id='word_1_207' title='bbox 2687 2387 2767 2453; x_wconf 89' lang='lat' dir='ltr'><strong>de</strong></span> <span class='ocrx_word' id='word_1_208' title='bbox 2800 2388 3200 2452; x_wconf 87' lang='lat' dir='ltr'><strong>institutione</strong></span> 
     </span>
     <span class='ocr_line' id='line_1_22' title="bbox 577 2492 3197 2576; baseline 0.002 -23"><span class='ocrx_word' id='word_1_209' title='bbox 577 2492 1069 2558; x_wconf 89' lang='lat' dir='ltr'><strong>immediata.</strong></span> <span class='ocrx_word' id='word_1_210' title='bbox 1133 2493 1363 2575; x_wconf 87' lang='lat' dir='ltr'><strong>Quare,</strong></span> <span class='ocrx_word' id='word_1_211' title='bbox 1410 2513 1493 2558; x_wconf 92' lang='lat' dir='ltr'><strong>ne</strong></span> <span class='ocrx_word' id='word_1_212' title='bbox 1540 2514 1752 2558; x_wconf 88' lang='lat' dir='ltr'><strong>canon</strong></span> <span class='ocrx_word' id='word_1_213' title='bbox 1799 2494 1883 2560; x_wconf 88' lang='lat' dir='ltr'><strong>sit</strong></span> <span class='ocrx_word' id='word_1_214' title='bbox 1914 2495 2104 2576; x_wconf 89' lang='lat' dir='ltr'><strong>plane</strong></span> <span class='ocrx_word' id='word_1_215' title='bbox 2137 2493 2390 2571; x_wconf 84' lang='lat' dir='ltr'><strong>inutilis,</strong></span> <span class='ocrx_word' id='word_1_216' title='bbox 2424 2495 2504 2560; x_wconf 93' lang='lat' dir='ltr'><strong>de</strong></span> <span class='ocrx_word' id='word_1_217' title='bbox 2535 2493 2934 2559; x_wconf 86' lang='lat' dir='ltr'><strong>institutione</strong></span> <span class='ocrx_word' id='word_1_218' title='bbox 2967 2495 3197 2559; x_wconf 88' lang='lat' dir='ltr'><strong>imme-</strong></span> 
     </span>
     <span class='ocr_line' id='line_1_23' title="bbox 576 2599 3196 2685; baseline 0.001 -24"><span class='ocrx_word' id='word_1_219' title='bbox 576 2599 753 2663; x_wconf 87' lang='lat' dir='ltr'><strong>diata</strong></span> <span class='ocrx_word' id='word_1_220' title='bbox 786 2607 882 2664; x_wconf 91' lang='lat' dir='ltr'><strong>est</strong></span> <span class='ocrx_word' id='word_1_221' title='bbox 915 2601 1176 2664; x_wconf 90' lang='lat' dir='ltr'><strong>omnino</strong></span> <span class='ocrx_word' id='word_1_222' title='bbox 1224 2600 1699 2681; x_wconf 83' lang='lat' dir='ltr'><strong>intelligendus3</strong></span> <span class='ocrx_word' id='word_1_223' title='bbox 1748 2603 1922 2685; x_wconf 89' lang='lat' dir='ltr'><strong>quod</strong></span> <span class='ocrx_word' id='word_1_224' title='bbox 1968 2602 2163 2667; x_wconf 90' lang='lat' dir='ltr'><strong>etiam</strong></span> <span class='ocrx_word' id='word_1_225' title='bbox 2206 2621 2435 2667; x_wconf 88' lang='lat' dir='ltr'><strong>sensus</strong></span> <span class='ocrx_word' id='word_1_226' title='bbox 2480 2603 2617 2684; x_wconf 89' lang='lat' dir='ltr'><strong>ipse</strong></span> <span class='ocrx_word' id='word_1_227' title='bbox 2663 2601 2931 2665; x_wconf 91' lang='lat' dir='ltr'><strong>canonis</strong></span> <span class='ocrx_word' id='word_1_228' title='bbox 2965 2601 3196 2665; x_wconf 86' lang='lat' dir='ltr'><strong>obvius</strong></span> 
     </span>
     <span class='ocr_line' id='line_1_24' title="bbox 577 2707 3199 2792; baseline 0.001 -22"><span class='ocrx_word' id='word_1_229' title='bbox 577 2708 783 2788; x_wconf 84' lang='lat' dir='ltr'><strong>exigit.</strong></span> <span class='ocrx_word' id='word_1_230' title='bbox 846 2707 1119 2787; x_wconf 88' lang='lat' dir='ltr'><strong>Quando</strong></span> <span class='ocrx_word' id='word_1_231' title='bbox 1172 2709 1340 2773; x_wconf 89' lang='lat' dir='ltr'><strong>enim</strong></span> <span class='ocrx_word' id='word_1_232' title='bbox 1393 2709 1621 2792; x_wconf 86' lang='lat' dir='ltr'><strong>aliquis</strong></span> <span class='ocrx_word' id='word_1_233' title='bbox 1668 2711 1759 2774; x_wconf 89' lang='lat' dir='ltr'><strong>rei</strong></span> <span class='ocrx_word' id='word_1_234' title='bbox 1809 2710 2145 2792; x_wconf 85' lang='lat' dir='ltr'><strong>cujusdam</strong></span> <span class='ocrx_word' id='word_1_235' title='bbox 2191 2709 2420 2773; x_wconf 90' lang='lat' dir='ltr'><strong>dicitur</strong></span> <span class='ocrx_word' id='word_1_236' title='bbox 2470 2710 2814 2786; x_wconf 89' lang='lat' dir='ltr'><strong>institutor,</strong></span> <span class='ocrx_word' id='word_1_237' title='bbox 2847 2728 3104 2790; x_wconf 86' lang='lat' dir='ltr'><strong>semper</strong></span> <span class='ocrx_word' id='word_1_238' title='bbox 3136 2711 3199 2773; x_wconf 94' lang='lat' dir='ltr'><strong>id</strong></span> 
     </span>
     <span class='ocr_line' id='line_1_25' title="bbox 577 2813 3200 2896; baseline 0.001 -19"><span class='ocrx_word' id='word_1_239' title='bbox 577 2815 742 2880; x_wconf 89' lang='lat' dir='ltr'><strong>solet</strong></span> <span class='ocrx_word' id='word_1_240' title='bbox 773 2813 1031 2896; x_wconf 76' lang='lat' dir='ltr'><strong>intelligi</strong></span> <span class='ocrx_word' id='word_1_241' title='bbox 1063 2816 1143 2880; x_wconf 94' lang='lat' dir='ltr'><strong>de</strong></span> <span class='ocrx_word' id='word_1_242' title='bbox 1174 2815 1540 2881; x_wconf 89' lang='lat' dir='ltr'><strong>institutore</strong></span> <span class='ocrx_word' id='word_1_243' title='bbox 1571 2816 1963 2882; x_wconf 90' lang='lat' dir='ltr'><strong>immediato.</strong></span> <span class='ocrx_word' id='word_1_244' title='bbox 2029 2816 2231 2882; x_wconf 91' lang='lat' dir='ltr'><strong>Nemo</strong></span> <span class='ocrx_word' id='word_1_245' title='bbox 2281 2817 2452 2881; x_wconf 91' lang='lat' dir='ltr'><strong>enim</strong></span> <span class='ocrx_word' id='word_1_246' title='bbox 2484 2817 2713 2881; x_wconf 80' lang='lat' dir='ltr'><strong>dixerit</strong></span> <span class='ocrx_word' id='word_1_247' title='bbox 2743 2816 3067 2880; x_wconf 88' lang='lat' dir='ltr'><strong>Christum</strong></span> <span class='ocrx_word' id='word_1_248' title='bbox 3100 2818 3200 2880; x_wconf 90' lang='lat' dir='ltr'><strong>in-</strong></span> 
     </span>
     <span class='ocr_line' id='line_1_26' title="bbox 576 2920 3201 3005; baseline 0.001 -22"><span class='ocrx_word' id='word_1_249' title='bbox 576 2922 937 2986; x_wconf 82' lang='lat' dir='ltr'><strong>stitutorem</strong></span> <span class='ocrx_word' id='word_1_250' title='bbox 971 2920 1295 2999; x_wconf 84' lang='lat' dir='ltr'><strong>festorum,</strong></span> <span class='ocrx_word' id='word_1_251' title='bbox 1322 2923 1726 3004; x_wconf 76' lang='lat' dir='ltr'><strong>JeJuniorum,</strong></span> <span class='ocrx_word' id='word_1_252' title='bbox 1777 2924 2313 3004; x_wconf 88' lang='lat' dir='ltr'><strong>indulgentiarum</strong></span> <span class='ocrx_word' id='word_1_253' title='bbox 2347 2930 2480 3000; x_wconf 77' lang='lat' dir='ltr'><strong>etc,</strong></span> <span class='ocrx_word' id='word_1_254' title='bbox 2529 2941 2690 3005; x_wconf 88' lang='lat' dir='ltr'><strong>quas</strong></span> <span class='ocrx_word' id='word_1_255' title='bbox 2722 2923 3007 2988; x_wconf 83' lang='lat' dir='ltr'><strong>Ecclesia</strong></span> <span class='ocrx_word' id='word_1_256' title='bbox 3045 2943 3201 2987; x_wconf 73' lang='lat' dir='ltr'><strong>auc-</strong></span> 
     </span>
     <span class='ocr_line' id='line_1_27' title="bbox 580 3027 1975 3110; baseline 0.001 -19"><span class='ocrx_word' id='word_1_257' title='bbox 580 3029 836 3092; x_wconf 91' lang='lat' dir='ltr'><strong>toritate</strong></span> <span class='ocrx_word' id='word_1_258' title='bbox 870 3027 952 3090; x_wconf 88' lang='lat' dir='ltr'><strong>ab</strong></span> <span class='ocrx_word' id='word_1_259' title='bbox 986 3029 1124 3109; x_wconf 90' lang='lat' dir='ltr'><strong>ipso</strong></span> <span class='ocrx_word' id='word_1_260' title='bbox 1160 3036 1431 3110; x_wconf 88' lang='lat' dir='ltr'><strong>accepta</strong></span> <span class='ocrx_word' id='word_1_261' title='bbox 1462 3031 1751 3094; x_wconf 85' lang='lat' dir='ltr'><strong>instituit.</strong></span> <span class='ocrx_word' id='word_1_262' title='bbox 1815 3031 1975 3094; x_wconf 89' lang='lat' dir='ltr'><strong>Hinc</strong></span> 
     </span>
    </p>
   </div>
   <div class='ocr_carea' id='block_1_5' title="bbox 575 3151 3200 3769">
    <p class='ocr_par' dir='ltr' id='par_1_6' title="bbox 575 3151 3200 3769">
     <span class='ocr_line' id='line_1_28' title="bbox 751 3151 3199 3221; baseline 0.001 -4"><span class='ocrx_word' id='word_1_263' title='bbox 751 3153 818 3220; x_wconf 77' lang='lat'><strong>2.</strong></span> <span class='ocrx_word' id='word_1_264' title='bbox 854 3153 907 3214; x_wconf 90' lang='lat' dir='ltr'><strong>si</strong></span> <span class='ocrx_word' id='word_1_265' title='bbox 939 3151 1279 3217; x_wconf 88' lang='lat' dir='ltr'><strong>concilium</strong></span> <span class='ocrx_word' id='word_1_266' title='bbox 1312 3153 1567 3217; x_wconf 88' lang='lat' dir='ltr'><strong>Christo</strong></span> <span class='ocrx_word' id='word_1_267' title='bbox 1612 3155 1924 3219; x_wconf 88' lang='lat' dir='ltr'><strong>voluisset</strong></span> <span class='ocrx_word' id='word_1_268' title='bbox 1968 3155 2319 3219; x_wconf 89' lang='lat' dir='ltr'><strong>mediatam</strong></span> <span class='ocrx_word' id='word_1_269' title='bbox 2369 3161 2620 3219; x_wconf 88' lang='lat' dir='ltr'><strong>tantum</strong></span> <span class='ocrx_word' id='word_1_270' title='bbox 2653 3174 2943 3221; x_wconf 86' lang='lat' dir='ltr'><strong>asserere</strong></span> <span class='ocrx_word' id='word_1_271' title='bbox 2975 3173 3199 3220; x_wconf 88' lang='lat' dir='ltr'><strong>sacra-</strong></span> 
     </span>
     <span class='ocr_line' id='line_1_29' title="bbox 576 3259 3196 3344; baseline 0.003 -24"><span class='ocrx_word' id='word_1_272' title='bbox 576 3264 937 3323; x_wconf 86' lang='lat' dir='ltr'><strong>mentorum</strong></span> <span class='ocrx_word' id='word_1_273' title='bbox 951 3259 1434 3337; x_wconf 88' lang='lat' dir='ltr'><strong>institutionem,</strong></span> <span class='ocrx_word' id='word_1_274' title='bbox 1452 3262 2006 3326; x_wconf 87' lang='lat' dir='ltr'><strong>caeremoniarum</strong></span> <span class='ocrx_word' id='word_1_275' title='bbox 2025 3281 2278 3344; x_wconf 87' lang='lat' dir='ltr'><strong>quoque</strong></span> <span class='ocrx_word' id='word_1_276' title='bbox 2293 3262 2761 3327; x_wconf 87' lang='lat' dir='ltr'><strong>institutionem</strong></span> <span class='ocrx_word' id='word_1_277' title='bbox 2778 3263 2836 3327; x_wconf 91' lang='lat' dir='ltr'><strong>ei</strong></span> <span class='ocrx_word' id='word_1_278' title='bbox 2854 3263 3196 3328; x_wconf 84' lang='lat' dir='ltr'><strong>tribuisset.</strong></span> 
     </span>
     <span class='ocr_line' id='line_1_30' title="bbox 575 3365 3197 3451; baseline 0.002 -24"><span class='ocrx_word' id='word_1_279' title='bbox 575 3383 736 3446; x_wconf 82' lang='lat' dir='ltr'><strong>quas</strong></span> <span class='ocrx_word' id='word_1_280' title='bbox 770 3365 1052 3430; x_wconf 88' lang='lat' dir='ltr'><strong>Ecclesia</strong></span> <span class='ocrx_word' id='word_1_281' title='bbox 1082 3385 1199 3448; x_wconf 91' lang='lat' dir='ltr'><strong>pro</strong></span> <span class='ocrx_word' id='word_1_282' title='bbox 1232 3374 1554 3449; x_wconf 82' lang='lat' dir='ltr'><strong>potestate</strong></span> <span class='ocrx_word' id='word_1_283' title='bbox 1586 3387 1628 3432; x_wconf 92' lang='lat' dir='ltr'><strong>a</strong></span> <span class='ocrx_word' id='word_1_284' title='bbox 1660 3367 1915 3434; x_wconf 89' lang='lat' dir='ltr'><strong>Christo</strong></span> <span class='ocrx_word' id='word_1_285' title='bbox 1950 3369 2070 3433; x_wconf 89' lang='lat' dir='ltr'><strong>sibi</strong></span> <span class='ocrx_word' id='word_1_286' title='bbox 2103 3370 2343 3434; x_wconf 90' lang='lat' dir='ltr'><strong>tradita</strong></span> <span class='ocrx_word' id='word_1_287' title='bbox 2374 3370 2719 3435; x_wconf 80' lang='lat' dir='ltr'><strong>constituit</strong></span> <span class='ocrx_word' id='word_1_288' title='bbox 2753 3369 2947 3451; x_wconf 88' lang='lat' dir='ltr'><strong>Atqui</strong></span> <span class='ocrx_word' id='word_1_289' title='bbox 2967 3370 3197 3434; x_wconf 85' lang='lat' dir='ltr'><strong>harum</strong></span> 
     </span>
     <span class='ocr_line' id='line_1_31' title="bbox 578 3471 3200 3558; baseline 0.002 -24"><span class='ocrx_word' id='word_1_290' title='bbox 578 3471 1040 3537; x_wconf 84' lang='lat' dir='ltr'><strong>institutionem</strong></span> <span class='ocrx_word' id='word_1_291' title='bbox 1075 3473 1293 3537; x_wconf 89' lang='lat' dir='ltr'><strong>tribuit</strong></span> <span class='ocrx_word' id='word_1_292' title='bbox 1313 3474 1655 3552; x_wconf 89' lang='lat' dir='ltr'><strong>Ecclesiae,</strong></span> <span class='ocrx_word' id='word_1_293' title='bbox 1688 3476 1792 3539; x_wconf 89' lang='lat' dir='ltr'><strong>cui</strong></span> <span class='ocrx_word' id='word_1_294' title='bbox 1812 3476 2091 3556; x_wconf 89' lang='lat' dir='ltr'><strong>denegat</strong></span> <span class='ocrx_word' id='word_1_295' title='bbox 2109 3494 2303 3540; x_wconf 91' lang='lat' dir='ltr'><strong>omne</strong></span> <span class='ocrx_word' id='word_1_296' title='bbox 2317 3476 2422 3558; x_wconf 77' lang='lat' dir='ltr'><strong>J&#39;us</strong></span> <span class='ocrx_word' id='word_1_297' title='bbox 2443 3477 2614 3541; x_wconf 90' lang='lat' dir='ltr'><strong>circa</strong></span> <span class='ocrx_word' id='word_1_298' title='bbox 2633 3477 3022 3541; x_wconf 88' lang='lat' dir='ltr'><strong>sacramenti</strong></span> <span class='ocrx_word' id='word_1_299' title='bbox 3043 3478 3200 3540; x_wconf 88' lang='lat' dir='ltr'><strong>sub-</strong></span> 
     </span>
     <span class='ocr_line' id='line_1_32' title="bbox 575 3579 3200 3662; baseline 0.003 -20"><span class='ocrx_word' id='word_1_300' title='bbox 575 3579 880 3642; x_wconf 82' lang='lat' dir='ltr'><strong>stantiam</strong></span> <span class='ocrx_word' id='word_1_301' title='bbox 911 3597 1065 3643; x_wconf 90' lang='lat' dir='ltr'><strong>sess.</strong></span> <span class='ocrx_word' id='word_1_302' title='bbox 1102 3585 1203 3648; x_wconf 81' lang='lat'><strong>21.</strong></span> <span class='ocrx_word' id='word_1_303' title='bbox 1237 3599 1375 3662; x_wconf 89' lang='lat' dir='ltr'><strong>cap.</strong></span> <span class='ocrx_word' id='word_1_304' title='bbox 1411 3587 1466 3649; x_wconf 83' lang='grc'><strong>2.</strong></span> <span class='ocrx_word' id='word_1_305' title='bbox 1518 3581 1683 3662; x_wconf 91' lang='lat' dir='ltr'><strong>Ergo</strong></span> <span class='ocrx_word' id='word_1_306' title='bbox 1705 3601 1920 3646; x_wconf 92' lang='lat' dir='ltr'><strong>canon</strong></span> <span class='ocrx_word' id='word_1_307' title='bbox 1953 3601 2084 3646; x_wconf 93' lang='lat' dir='ltr'><strong>non</strong></span> <span class='ocrx_word' id='word_1_308' title='bbox 2117 3583 2197 3647; x_wconf 89' lang='lat' dir='ltr'><strong>de</strong></span> <span class='ocrx_word' id='word_1_309' title='bbox 2231 3583 2533 3660; x_wconf 85' lang='lat' dir='ltr'><strong>mediata,</strong></span> <span class='ocrx_word' id='word_1_310' title='bbox 2567 3584 2679 3650; x_wconf 92' lang='lat' dir='ltr'><strong>sed</strong></span> <span class='ocrx_word' id='word_1_311' title='bbox 2713 3585 2791 3647; x_wconf 91' lang='lat' dir='ltr'><strong>de</strong></span> <span class='ocrx_word' id='word_1_312' title='bbox 2826 3584 3200 3650; x_wconf 83' lang='lat' dir='ltr'><strong>immediata</strong></span> 
     </span>
     <span class='ocr_line' id='line_1_33' title="bbox 575 3687 2106 3769; baseline 0.003 -20"><span class='ocrx_word' id='word_1_313' title='bbox 575 3692 1134 3751; x_wconf 83' lang='lat' dir='ltr'><strong>sacramentorum</strong></span> <span class='ocrx_word' id='word_1_314' title='bbox 1166 3687 1429 3769; x_wconf 90' lang='lat' dir='ltr'><strong>intelligi</strong></span> <span class='ocrx_word' id='word_1_315' title='bbox 1461 3688 1654 3753; x_wconf 89' lang='lat' dir='ltr'><strong>debet</strong></span> <span class='ocrx_word' id='word_1_316' title='bbox 1685 3689 2106 3754; x_wconf 88' lang='lat' dir='ltr'><strong>institutione.</strong></span> 
     </span>
    </p>
   </div>
   <div class='ocr_carea' id='block_1_6' title="bbox 575 3811 3201 4093">
    <p class='ocr_par' dir='ltr' id='par_1_7' title="bbox 575 3811 3201 4093">
     <span class='ocr_line' id='line_1_34' title="bbox 753 3811 3201 3897; baseline 0 -19"><span class='ocrx_word' id='word_1_317' title='bbox 753 3813 819 3880; x_wconf 79' lang='lat'><strong>3.</strong></span> <span class='ocrx_word' id='word_1_318' title='bbox 855 3811 1014 3876; x_wconf 90' lang='lat' dir='ltr'><strong>Cum</strong></span> <span class='ocrx_word' id='word_1_319' title='bbox 1047 3813 1325 3878; x_wconf 85' lang='lat' dir='ltr'><strong>maxime</strong></span> <span class='ocrx_word' id='word_1_320' title='bbox 1357 3813 1553 3876; x_wconf 90' lang='lat' dir='ltr'><strong>dubia</strong></span> <span class='ocrx_word' id='word_1_321' title='bbox 1587 3819 1725 3877; x_wconf 87' lang='lat' dir='ltr'><strong>erat</strong></span> <span class='ocrx_word' id='word_1_322' title='bbox 1756 3814 2132 3879; x_wconf 87' lang='lat' dir='ltr'><strong>immediata</strong></span> <span class='ocrx_word' id='word_1_323' title='bbox 2166 3820 2491 3878; x_wconf 84' lang='lat' dir='ltr'><strong>extremae</strong></span> <span class='ocrx_word' id='word_1_324' title='bbox 2524 3815 2845 3879; x_wconf 86' lang='lat' dir='ltr'><strong>unctionis</strong></span> <span class='ocrx_word' id='word_1_325' title='bbox 2876 3833 2990 3897; x_wconf 90' lang='lat' dir='ltr'><strong>per</strong></span> <span class='ocrx_word' id='word_1_326' title='bbox 3012 3815 3201 3880; x_wconf 87' lang='lat' dir='ltr'><strong>Chri-</strong></span> 
     </span>
     <span class='ocr_line' id='line_1_35' title="bbox 575 3919 3201 4004; baseline 0.003 -24"><span class='ocrx_word' id='word_1_327' title='bbox 575 3925 745 3981; x_wconf 88' lang='lat' dir='ltr'><strong>stum</strong></span> <span class='ocrx_word' id='word_1_328' title='bbox 778 3919 1110 3996; x_wconf 90' lang='lat' dir='ltr'><strong>institutio,</strong></span> <span class='ocrx_word' id='word_1_329' title='bbox 1160 3919 1330 3983; x_wconf 89' lang='lat' dir='ltr'><strong>hanc</strong></span> <span class='ocrx_word' id='word_1_330' title='bbox 1376 3921 1612 3986; x_wconf 84' lang='lat' dir='ltr'><strong>diserte</strong></span> <span class='ocrx_word' id='word_1_331' title='bbox 1659 3940 1814 3985; x_wconf 79' lang='lat' dir='ltr'><strong>sess,</strong></span> <span class='ocrx_word' id='word_1_332' title='bbox 1855 3926 1935 3988; x_wconf 87' lang='lat'><strong>14</strong></span> <span class='ocrx_word' id='word_1_333' title='bbox 1971 3939 2110 3984; x_wconf 89' lang='lat' dir='ltr'><strong>can.</strong></span> <span class='ocrx_word' id='word_1_334' title='bbox 2147 3927 2181 3989; x_wconf 91' lang='lat'>1</span> <span class='ocrx_word' id='word_1_335' title='bbox 2219 3922 2339 4002; x_wconf 91' lang='lat' dir='ltr'><strong>ipsi</strong></span> <span class='ocrx_word' id='word_1_336' title='bbox 2374 3920 2617 3986; x_wconf 86' lang='lat' dir='ltr'><strong>asserit.</strong></span> <span class='ocrx_word' id='word_1_337' title='bbox 2683 3922 2737 3985; x_wconf 84' lang='lat' dir='ltr'>A</span> <span class='ocrx_word' id='word_1_338' title='bbox 2772 3923 3011 3987; x_wconf 88' lang='lat' dir='ltr'><strong>fortiori</strong></span> <span class='ocrx_word' id='word_1_339' title='bbox 3045 3942 3201 4004; x_wconf 84' lang='lat' dir='ltr'><strong>ergo</strong></span> 
     </span>
     <span class='ocr_line' id='line_1_36' title="bbox 576 4026 2862 4093; baseline 0.002 -6"><span class='ocrx_word' id='word_1_340' title='bbox 576 4026 846 4088; x_wconf 89' lang='lat' dir='ltr'><strong>aliorum</strong></span> <span class='ocrx_word' id='word_1_341' title='bbox 878 4034 1431 4092; x_wconf 86' lang='lat' dir='ltr'><strong>sacramentorum</strong></span> <span class='ocrx_word' id='word_1_342' title='bbox 1464 4027 1874 4092; x_wconf 90' lang='lat' dir='ltr'><strong>immediatus</strong></span> <span class='ocrx_word' id='word_1_343' title='bbox 1905 4029 2264 4093; x_wconf 90' lang='lat' dir='ltr'><strong>censendus</strong></span> <span class='ocrx_word' id='word_1_344' title='bbox 2297 4035 2395 4092; x_wconf 91' lang='lat' dir='ltr'><strong>est</strong></span> <span class='ocrx_word' id='word_1_345' title='bbox 2426 4039 2668 4093; x_wconf 86' lang='lat' dir='ltr'><strong>auctor.</strong></span> <span class='ocrx_word' id='word_1_346' title='bbox 2701 4030 2862 4093; x_wconf 89' lang='lat' dir='ltr'><strong>Hinc</strong></span> 
     </span>
    </p>
   </div>
   <div class='ocr_carea' id='block_1_7' title="bbox 575 4152 3202 4545">
    <p class='ocr_par' dir='ltr' id='par_1_8' title="bbox 575 4152 3202 4545">
     <span class='ocr_line' id='line_1_37' title="bbox 752 4152 3202 4236; baseline 0.001 -20"><span class='ocrx_word' id='word_1_347' title='bbox 752 4154 815 4220; x_wconf 77' lang='lat'><strong>4.</strong></span> <span class='ocrx_word' id='word_1_348' title='bbox 848 4153 912 4214; x_wconf 93' lang='lat' dir='ltr'><strong>in</strong></span> <span class='ocrx_word' id='word_1_349' title='bbox 945 4153 1325 4234; x_wconf 88' lang='lat' dir='ltr'><strong>antiquitate</strong></span> <span class='ocrx_word' id='word_1_350' title='bbox 1373 4153 1574 4216; x_wconf 88' lang='lat' dir='ltr'><strong>altum</strong></span> <span class='ocrx_word' id='word_1_351' title='bbox 1622 4153 1702 4218; x_wconf 90' lang='lat' dir='ltr'><strong>de</strong></span> <span class='ocrx_word' id='word_1_352' title='bbox 1748 4154 2139 4218; x_wconf 89' lang='lat' dir='ltr'><strong>sacramenti</strong></span> <span class='ocrx_word' id='word_1_353' title='bbox 2171 4152 2440 4236; x_wconf 86' lang='lat' dir='ltr'><strong>alicujus</strong></span> <span class='ocrx_word' id='word_1_354' title='bbox 2486 4173 2600 4236; x_wconf 85' lang='lat' dir='ltr'><strong>per</strong></span> <span class='ocrx_word' id='word_1_355' title='bbox 2633 4154 2982 4220; x_wconf 88' lang='lat' dir='ltr'><strong>Ecclesiam</strong></span> <span class='ocrx_word' id='word_1_356' title='bbox 3018 4157 3202 4219; x_wconf 82' lang='lat' dir='ltr'><strong>insti-</strong></span> 
     </span>
     <span class='ocr_line' id='line_1_38' title="bbox 577 4258 3202 4342; baseline 0.003 -22"><span class='ocrx_word' id='word_1_357' title='bbox 577 4258 819 4321; x_wconf 88' lang='lat' dir='ltr'><strong>tutione</strong></span> <span class='ocrx_word' id='word_1_358' title='bbox 851 4258 1190 4336; x_wconf 89' lang='lat' dir='ltr'><strong>silentium,</strong></span> <span class='ocrx_word' id='word_1_359' title='bbox 1222 4279 1432 4341; x_wconf 89' lang='lat' dir='ltr'><strong>neque</strong></span> <span class='ocrx_word' id='word_1_360' title='bbox 1464 4279 1748 4342; x_wconf 87' lang='lat' dir='ltr'><strong>unquam</strong></span> <span class='ocrx_word' id='word_1_361' title='bbox 1780 4262 2065 4327; x_wconf 87' lang='lat' dir='ltr'><strong>Ecclesia</strong></span> <span class='ocrx_word' id='word_1_362' title='bbox 2093 4281 2239 4327; x_wconf 89' lang='lat' dir='ltr'><strong>eam</strong></span> <span class='ocrx_word' id='word_1_363' title='bbox 2258 4263 2381 4325; x_wconf 90' lang='lat' dir='ltr'><strong>sibi</strong></span> <span class='ocrx_word' id='word_1_364' title='bbox 2399 4263 2761 4327; x_wconf 86' lang='lat' dir='ltr'><strong>vindicavit.</strong></span> <span class='ocrx_word' id='word_1_365' title='bbox 2795 4261 3009 4342; x_wconf 88' lang='lat' dir='ltr'><strong>Quare</strong></span> <span class='ocrx_word' id='word_1_366' title='bbox 3038 4280 3202 4327; x_wconf 88' lang='lat' dir='ltr'><strong>con-</strong></span> 
     </span>
     <span class='ocr_line' id='line_1_39' title="bbox 575 4363 3199 4453; baseline 0.003 -27"><span class='ocrx_word' id='word_1_367' title='bbox 575 4363 843 4428; x_wconf 89' lang='lat' dir='ltr'><strong>fidenter</strong></span> <span class='ocrx_word' id='word_1_368' title='bbox 875 4371 1168 4429; x_wconf 89' lang='lat' dir='ltr'><strong>auctor</strong></span> <span class='ocrx_word' id='word_1_369' title='bbox 1200 4385 1300 4447; x_wconf 89' lang='lat' dir='ltr'><strong>op.</strong></span> <span class='ocrx_word' id='word_1_370' title='bbox 1335 4367 1414 4430; x_wconf 93' lang='lat' dir='ltr'><strong>de</strong></span> <span class='ocrx_word' id='word_1_371' title='bbox 1448 4369 1870 4431; x_wconf 87' lang='lat' dir='ltr'><strong>sacramentis</strong></span> <span class='ocrx_word' id='word_1_372' title='bbox 1902 4368 2002 4444; x_wconf 94' lang='lat' dir='ltr'><strong>IV,</strong></span> <span class='ocrx_word' id='word_1_373' title='bbox 2035 4373 2110 4435; x_wconf 90' lang='lat'><strong>4:</strong></span> <span class='ocrx_word' id='word_1_374' title='bbox 2152 4369 2430 4442; x_wconf 76' lang='lat' dir='ltr'><strong>,Auctor</strong></span> <span class='ocrx_word' id='word_1_375' title='bbox 2467 4376 3021 4435; x_wconf 88' lang='lat' dir='ltr'><strong>sacramentorum</strong></span> <span class='ocrx_word' id='word_1_376' title='bbox 3056 4373 3199 4453; x_wconf 90' lang='lat' dir='ltr'><strong>quis</strong></span> 
     </span>
     <span class='ocr_line' id='line_1_40' title="bbox 576 4470 2761 4545; baseline 0.004 -13"><span class='ocrx_word' id='word_1_377' title='bbox 576 4475 688 4545; x_wconf 87' lang='lat' dir='ltr'><strong>est,</strong></span> <span class='ocrx_word' id='word_1_378' title='bbox 721 4471 841 4533; x_wconf 91' lang='lat' dir='ltr'><strong>nisi</strong></span> <span class='ocrx_word' id='word_1_379' title='bbox 873 4470 1182 4535; x_wconf 89' lang='lat' dir='ltr'><strong>Dominus</strong></span> <span class='ocrx_word' id='word_1_380' title='bbox 1212 4473 1444 4537; x_wconf 76' lang='lat' dir='ltr'><strong>Jesus?</strong></span> <span class='ocrx_word' id='word_1_381' title='bbox 1476 4474 1555 4538; x_wconf 88' lang='lat' dir='ltr'><strong>de</strong></span> <span class='ocrx_word' id='word_1_382' title='bbox 1587 4473 1768 4538; x_wconf 91' lang='lat' dir='ltr'><strong>coelo</strong></span> <span class='ocrx_word' id='word_1_383' title='bbox 1803 4475 1927 4537; x_wconf 91' lang='lat' dir='ltr'><strong>ista</strong></span> <span class='ocrx_word' id='word_1_384' title='bbox 1959 4482 2367 4539; x_wconf 86' lang='lat' dir='ltr'><strong>sacramenta</strong></span> <span class='ocrx_word' id='word_1_385' title='bbox 2396 4484 2761 4541; x_wconf 51' lang='lat' dir='ltr'><strong>venerunt!</strong></span> 
     </span>
    </p>
   </div>
   <div class='ocr_carea' id='block_1_8' title="bbox 576 4615 3197 4788">
    <p class='ocr_par' dir='ltr' id='par_1_9' title="bbox 576 4615 3197 4788">
     <span class='ocr_line' id='line_1_41' title="bbox 755 4615 3197 4701; baseline 0.002 -22"><span class='ocrx_word' id='word_1_386' title='bbox 755 4615 818 4680; x_wconf 75' lang='grc' dir='ltr'><strong>ὅ.</strong></span> <span class='ocrx_word' id='word_1_387' title='bbox 852 4619 1118 4695; x_wconf 89' lang='lat' dir='ltr'><strong>Denique</strong></span> <span class='ocrx_word' id='word_1_388' title='bbox 1147 4639 1265 4679; x_wconf 94' lang='lat' dir='ltr'><strong>non</strong></span> <span class='ocrx_word' id='word_1_389' title='bbox 1285 4620 1504 4679; x_wconf 87' lang='lat' dir='ltr'><strong>desunt</strong></span> <span class='ocrx_word' id='word_1_390' title='bbox 1521 4621 1783 4680; x_wconf 85' lang='lat' dir='ltr'><strong>rationes</strong></span> <span class='ocrx_word' id='word_1_391' title='bbox 1804 4624 2225 4700; x_wconf 83' lang='lat' dir='ltr'><strong>congruentiae</strong></span> <span class='ocrx_word' id='word_1_392' title='bbox 2258 4644 2366 4700; x_wconf 84' lang='lat' dir='ltr'><strong>pro</strong></span> <span class='ocrx_word' id='word_1_393' title='bbox 2398 4626 2740 4685; x_wconf 80' lang='lat' dir='ltr'><strong>immediata</strong></span> <span class='ocrx_word' id='word_1_394' title='bbox 2767 4644 2876 4701; x_wconf 89' lang='lat' dir='ltr'><strong>per</strong></span> <span class='ocrx_word' id='word_1_395' title='bbox 2895 4626 3197 4686; x_wconf 89' lang='lat' dir='ltr'><strong>Christum</strong></span> 
     </span>
     <span class='ocr_line' id='line_1_42' title="bbox 576 4709 3197 4788; baseline 0.004 -25"><span class='ocrx_word' id='word_1_396' title='bbox 576 4710 1080 4766; x_wconf 83' lang='lat' dir='ltr'><strong>sacramentorum</strong></span> <span class='ocrx_word' id='word_1_397' title='bbox 1111 4709 1524 4769; x_wconf 85' lang='lat' dir='ltr'><strong>institutione:</strong></span> <span class='ocrx_word' id='word_1_398' title='bbox 1572 4726 1638 4773; x_wconf 79' lang='lat' dir='ltr'><strong>a.</strong></span> <span class='ocrx_word' id='word_1_399' title='bbox 1674 4730 1747 4769; x_wconf 91' lang='lat' dir='ltr'><strong>ne</strong></span> <span class='ocrx_word' id='word_1_400' title='bbox 1780 4712 1843 4770; x_wconf 91' lang='lat' dir='ltr'><strong>in</strong></span> <span class='ocrx_word' id='word_1_401' title='bbox 1876 4713 1993 4771; x_wconf 87' lang='lat' dir='ltr'><strong>alio</strong></span> <span class='ocrx_word' id='word_1_402' title='bbox 2028 4731 2193 4788; x_wconf 88' lang='lat' dir='ltr'><strong>spem</strong></span> <span class='ocrx_word' id='word_1_403' title='bbox 2224 4718 2491 4772; x_wconf 80' lang='lat' dir='ltr'><strong>nostram</strong></span> <span class='ocrx_word' id='word_1_404' title='bbox 2526 4716 2963 4786; x_wconf 84' lang='lat' dir='ltr'><strong>collocaremus,</strong></span> <span class='ocrx_word' id='word_1_405' title='bbox 3012 4717 3060 4773; x_wconf 88' lang='lat' dir='ltr'><strong>si</strong></span> <span class='ocrx_word' id='word_1_406' title='bbox 3107 4717 3197 4774; x_wconf 84' lang='lat' dir='ltr'><strong>al-</strong></span> 
     </span>
    </p>
   </div>
  </div>
 </body>
</html>
