3538 5364
525 288 658 353 570
930 279 1116 333 Tract.
1148 279 1239 332 Ix.
1266 278 1335 333 de
1363 277 1748 332 matrimonio.
1777 277 1975 332 Thesis
2002 276 2286 332 CCLXIV.
2311 277 2741 332 Matrimonium

527 461 889 527 adhaerebit
938 461 1121 525 uxor-i
1164 479 1336 542 suae,
1384 467 1438 524 et
1484 468 1663 524 erunt
1706 461 1834 523 duo
1879 461 1948 523 in
1998 479 2186 524 carne
2217 479 2369 524 una.
2435 457 2817 543 Itaqueiam
2849 479 2975 522 non
3007 465 3153 522 sunt

525 568 669 652 duo,
714 568 822 643 sed
865 587 998 632 una
1041 587 1207 631 carc.
1273 568 1454 647 Quod
1497 587 1641 651 erqo
1671 566 1847 630 Deus
1878 568 2221 651 conjunxit,
2259 566 2438 630 homo
2483 586 2609 629 non
2653 573 2897 650 separet
2927 566 3151 631 Matth.

532 680 630 751 19,
662 680 705 743 4
738 695 785 739 s.
826 713 915 723 -
955 674 1219 756 Insuper
1251 673 1624 754 originalem
1660 673 2054 737 matrimonii
2087 671 2720 739 indissolubilitatem
2751 670 3043 737 Christus
3074 690 3155 737 eo

525 784 664 863 ipso
712 780 1041 863 significat,
1088 780 1260 862 quod
1286 780 1674 862 judaeorum
1707 779 2085 845 facultatem
2117 780 2478 846 dimittendi
2508 797 2778 844 uxorem
2808 779 3019 844 solum
3050 797 3154 844 re·

524 889 684 970 petit
714 908 796 954 ex
826 888 1246 970 permissione
1278 887 1433 968 ipsis
1466 887 1550 951 ob
1585 905 1817 952 eorum
1849 886 2152 952 duritiem
2184 886 2356 951 sacta
2386 886 2467 951 ib.
2488 906 2544 950 v.
2569 894 2625 956 8.
2660 886 2828 967 Ergo
2859 886 3000 951 sine
3033 886 3157 949 hac

525 995 946 1077 permissione
979 1013 1057 1059 ea
1088 993 1312 1059 fuisset
1342 994 1576 1058 illicita
1612 993 1827 1072 Quare
1859 1011 2009 1059 eam
2044 992 2369 1074 abrogans
2400 993 2569 1057 hanc
2589 993 2797 1058 reddit
2814 992 3157 1065 rationem,

527 1101 606 1167 ab
651 1103 834 1166 initio
879 1122 1000 1165 non
1045 1101 1173 1184 fuit
1218 1102 1324 1163 sic.
1378 1139 1463 1149 —
1515 1100 1701 1181 Quod
1749 1101 1946 1166 etiam
1994 1119 2126 1165 non
2174 1100 2682 1183 improbabiliter
2728 1099 3043 1181 colligitur
3075 1117 3157 1163 ex

525 1209 737 1273 citatis
768 1208 1000 1272 Adami
1044 1208 1289 1273 verbis:
1353 1208 1682 1293 Relinquat
1726 1208 1906 1271 homo
1945 1215 2202 1291 patrem
2234 1228 2418 1271 suum
2450 1216 2505 1272 et
2536 1213 2799 1272 matrem
2834 1213 2891 1270 et
2922 1205 3158 1270 adhae-

526 1315 681 1378 rebit
730 1316 915 1378 uxori
963 1335 1116 1378 suae
1156 1321 1215 1378 et
1265 1325 1450 1380 erunt
1495 1316 1618 1379 duo
1664 1317 1733 1378 -ιῗη
1783 1335 1975 1379 carne
2007 1335 2180 1379 una.-
2230 1333 2397 1397 quae
2429 1320 2637 1379 status
2669 1313 3156 1379 diuturnitatem

526 1419 886 1502 significant
926 1419 1338 1499 indefinitam,
1384 1421 1631 1486 tamdiu
1677 1421 2036 1496 durantem,
2089 1421 2396 1504 quamdiu
2443 1420 2749 1502 conjuges
2794 1426 3060 1486 manent
3090 1419 3158 1483 in

526 1546 722 1592 carne
742 1527 1017 1609 propria.
1058 1525 1276 1602 ,Sicut
1307 1547 1461 1609 ergo
1495 1545 1759 1594 carnem
1792 1546 2033 1605 secare,
2066 1528 2273 1611 inquit
2305 1527 2949 1611 Chrysostomus
2973 1527 3155 1593 hom.

527 1642 612 1704 62
643 1635 712 1699 in
741 1634 960 1699 Matth.
994 1654 1054 1698 n.
1081 1641 1140 1712 2,
1173 1634 1518 1700 scelestum
1550 1643 1666 1712 est,
1700 1635 1793 1700 ita
1825 1643 1890 1701 et
1919 1654 2195 1700 uxorem
2229 1637 2296 1721 (a
2328 1637 2425 1723 se)
2459 1635 2758 1700 dirimere
2791 1635 3157 1716 iniquum‘:

525 1742 856 1824 utriusque
902 1741 1075 1805 enim
1104 1742 1575 1823 conjunctionis
1607 1742 1778 1807 Deus
1810 1750 1908 1807 est
1940 1749 2188 1807 auctor.
2248 1742 2525 1823 ideoque
2554 1759 2736 1806 conc.
2769 1741 3157 1806 tridenti-

526 1866 682 1912 num
714 1868 867 1914 sesS.
902 1852 988 1917 24
1019 1848 1087 1912 in
1118 1848 1284 1913 decr.
1318 1848 1399 1913 de
1432 1849 1880 1914 matrimonio:
1938 1849 2366 1924 ,Matrimonii
2394 1854 2778 1932 perpetuum
2810 1848 3157 1913 indissolu-

526 1954 846 2037 bilemque
892 1973 1128 2021 nexum
1171 1955 1414 2036 primus
1460 1955 1725 2019 humani
1773 1957 2023 2037 generis
2056 1974 2293 2039 parens
2326 1955 2525 2019 divini
2555 1955 2822 2037 spiritus
2852 1954 3158 2019 instinctu

527 2061 991 2142 pronunciavit,
1038 2081 1184 2127 cum
1218 2064 1403 2128 dixit:
1455 2062 1596 2126 Hoc
1626 2084 1793 2127 nunc
1825 2085 1892 2127 os
1924 2087 2000 2128 ex
2032 2065 2273 2129 ossibus
2303 2067 2455 2128 meis
2484 2069 2681 2139 ete.‘;
2735 2070 2800 2127 et
2831 2061 3021 2126 Pius
3053 2061 3155 2126 VI.

528 2186 625 2249 ep.
659 2168 743 2232 ad
789 2168 976 2250 episc.
1008 2169 1243 2251 Agriae
1280 2177 1357 2240 11
1393 2171 1511 2235 Jul.
1549 2175 1752 2240 1789:
1824 2169 2000 2250 ,Quo
2049 2170 2397 2236 manifeste
2430 2174 2626 2251 patet,
2672 2169 3156 2234 matrimonium

527 2275 629 2341 vel
672 2275 739 2339 in
782 2276 922 2357 ipso
966 2281 1140 2341 statu
1169 2283 1461 2354 naturae,
1510 2294 1586 2340 ac
1617 2295 1776 2342 sane
1811 2284 1961 2342 ante
1993 2275 2194 2341 multo
2230 2296 2426 2359 quam
2460 2276 2543 2340 ad
2574 2276 2832 2358 proprie
2862 2276 3017 2341 dicti
3047 2293 3156 2339 sa-

535 2383 847 2447 cramenti
891 2382 1264 2463 dignitatem
1308 2384 1703 2460 eveheretur,
1749 2384 1844 2447 sic
1889 2384 2191 2449 divinitus
2237 2385 2605 2449 institutum
2637 2401 2798 2459 esse,
2832 2389 2903 2447 ut
2933 2401 3158 2448 secum

529 2489 761 2553 asserat
788 2497 1168 2571 perpetuum
1198 2490 1833 2573 indissolubilemque
1865 2509 2120 2570 nexum,
2170 2492 2279 2574 qui
2312 2492 2582 2574 proinde
2611 2491 2789 2555 nulla
2819 2489 2987 2554 civili
3018 2490 3158 2571 lege

529 2597 688 2660 solvi
733 2602 944 2678 queat.
1007 2597 1227 2680 ltaque
1273 2597 1420 2662 licet
1463 2598 1852 2662 sacramenti
1898 2598 2064 2663 ratio
2111 2618 2150 2663 a
2199 2599 2611 2664 matrimonio
2643 2597 2889 2679 sejungi
2921 2596 3154 2673 valeat,

528 2704 702 2769 velut
732 2704 897 2770 inter
927 2703 1229 2782 infideleS,
1264 2704 1473 2768 adhuc
1507 2712 1725 2771 tamen
1756 2704 1825 2769 in
1856 2705 1969 2770 tali
1999 2707 2428 2784 matrimoni0‚
2461 2706 2774 2789 siquidem
2795 2723 3024 2770 verum
3055 2710 3151 2770 est

528 2811 1027 2888 matrimonium,
1076 2816 1367 2893 perstare
1412 2811 1604 2877 debet
1653 2812 2046 2894 omninoque
2095 2819 2347 2894 perstat
2390 2818 2737 2896 perpetuus
2782 2811 2886 2875 ille
2932 2829 3156 2886 nexuS,

528 2918 637 3000 qui
681 2936 722 2981 a
765 2920 975 2999 prima
1019 2918 1262 2998 origine
1312 2919 1525 2984 divino
1550 2919 1694 3000 jure
1727 2918 2140 2983 matrimonio
2176 2920 2274 2984 ita
2307 2919 2633 2996 adhaeret,
2666 2926 2737 2984 ut
2766 2918 2920 2983 nulli
2951 2916 3158 2982 subsit

528 3025 694 3088 civili
724 3025 1083 3105 potestati·

706 3155 854 3217 611.
901 3149 1042 3218 111.
1087 3149 1220 3213 lmo
1254 3151 1725 3213 matrimonium
1753 3152 1900 3230 jure
1931 3156 2205 3214 naturae
2236 3151 2482 3213 censeri
2513 3149 2684 3213 debet
2716 3147 3158 3214 indissolubile.

710 3256 770 3325 l.
817 3255 990 3320 Haec
1035 3256 1306 3321 assertio
1352 3257 1711 3321 insinuatur
1754 3257 1880 3320 hoc
1926 3256 2127 3322 facto:
2191 3255 2337 3336 Quo
2371 3257 2595 3339 purior
2626 3255 2898 3339 populus
2932 3260 2994 3320 et
3027 3273 3156 3338 quo

528 3363 740 3427 minor
769 3380 1026 3426 morum
1059 3364 1403 3445 corruptiO,
1436 3382 1514 3429 eo
1546 3364 1754 3428 rarius
1788 3370 1890 3429 est
1920 3364 2303 3440 divortium;
2337 3382 2466 3447 quo
2500 3381 2657 3429 vero
2677 3362 2884 3445 major
2900 3379 3158 3425 morum

527 3470 874 3551 corruptiO,
920 3487 999 3534 eo
1045 3467 1437 3551 frequentius
1484 3469 1635 3533 illud
1668 3475 1784 3534 est.
1849 3469 2203 3534 Divortium
2237 3488 2391 3551 ergo
2427 3488 2561 3533 non
2594 3469 2847 3535 videtur
2877 3486 3021 3533 esse
3051 3486 3158 3532 se-

529 3576 809 3640 cundum
840 3576 1046 3656 legem
1076 3583 1366 3652 naturae,
1399 3576 1513 3641 sed
1546 3576 2073 3657 transgressionis
2105 3575 2354 3641 fructus
2369 3578 2434 3664 ¹).

707 3684 771 3752 2.
804 3682 981 3748 Tolle
1012 3683 1635 3748 indissolubilitatem
1655 3689 1719 3748 et
1730 3683 1868 3764 Jam
1891 3684 2236 3747 discrimen
2257 3684 2580 3749 internum
2601 3682 2914 3764 assignari
2934 3681 3158 3764 nequit

527 3792 694 3855 inter
711 3789 970 3854 foedum
988 3789 1489 3854 concubinatum
1520 3789 1994 3871 honestumque
2025 3789 2523 3866 matrimonium,
2557 3788 2729 3872 quod
2759 3795 2982 3853 tamen
3012 3787 3150 3851 dic-

528 3903 709 3962 tante
740 3902 979 3961 natura
1010 3902 1235 3960 sancte
1268 3902 1561 3961 servatur
1592 3914 1633 3960 a
1663 3897 1915 3978 populis
1947 3895 2264 3961 omnibus
2328 3895 2679 3961 Praeterea

709 4006 772 4072 3.
816 4003 1186 4085 conjugium
1231 4003 1439 4067 omnis
1485 4002 1814 4068 societatis
1860 4009 1927 4067 et
1973 4003 2294 4068 amicitiae
2340 4001 2670 4085 exemplar
2700 4007 2800 4068 est
2831 4008 2897 4067 et
2926 4001 3154 4066 forma.

529 4111 688 4174 Hinc
721 4129 847 4192 quo
879 4109 1223 4191 perfectior
1253 4110 1469 4192 aliqua
1503 4110 1783 4176 societas
1816 4115 1880 4174 et
1912 4110 2085 4186 unio,
2122 4128 2200 4173 eo
2230 4109 2492 4191 saepius
2525 4109 2645 4173 sub
2678 4109 3009 4174 schemate
3043 4127 3158 4173 ex-

529 4216 787 4282 hibetur
819 4217 1146 4281 societatis
1178 4235 1293 4281 seu
1324 4217 1579 4281 unionis
1613 4215 2070 4299 conjugalis.
2105 4216 2200 4281 Ita
2232 4215 2572 4299 episcopus
2592 4216 2820 4280 dicitur
2839 4215 3156 4281 ecclesiae

529 4323 649 4386 sibi
681 4323 1065 4387 commissae
1098 4342 1392 4405 sponsuS,
1427 4322 1646 4385 anima
1677 4320 1811 4387 Deo
1845 4328 2228 4387 consecrata
2259 4339 2503 4404 sponsa
2522 4320 2757 4386 Christi
2777 4328 2843 4386 et
2860 4320 3154 4387 Christus

750 4511 787 4574 ¹)
816 4505 979 4559 Teste
1007 4506 1054 4559 D
1072 4507 1142 4560 io
1160 4524 1249 4575 ny
1267 4506 1376 4561 sio
1404 4506 1576 4561 balio.
1604 4505 1805 4573 Antiq.
1833 4522 1971 4562 rom.
2001 4508 2070 4572 11,
2097 4514 2163 4563 25
2202 4507 2358 4577 apud
2385 4522 2650 4561 romanos
2677 4521 2728 4559 a.
2759 4512 2861 4561 520
2887 4505 3155 4560 effluxere

532 4601 712 4653 usque
739 4585 811 4638 ad
840 4586 1089 4656 primum
1118 4586 1451 4640 divortium.
1504 4588 1588 4642 Cf.
1631 4586 1869 4656 'l'apar
1887 4587 2042 4652 elli,
2084 4586 2283 4656 saggio
2327 4586 2387 4640 di
2427 4586 2629 4640 diritto
2669 4585 2931 4639 naturale
2972 4591 3021 4651 2,
3050 4593 3151 4643 351

531 4665 828 4737 (versionis
855 4666 1230 4735 germanicae,
1258 4666 1605 4721 Ratisbonae
1635 4671 1792 4737 1845)
1814 4687 1825 4726 ς
1854 4665 1889 4720 S
1906 4682 1934 4718 c
1952 4666 1991 4718 h
2008 4683 2036 4720 e
2054 4683 2083 4720 e
2101 4669 2137 4721 b
2153 4684 2182 4720 e
2201 4685 2236 4719 n
2263 4669 2298 4724 1.
2328 4675 2361 4725 3
2387 4675 2415 4734 ἓ
2446 4674 2563 4723 150.
2590 4666 2842 4736 Legatur
2868 4666 2912 4719 T
2929 4683 2958 4719 e
2974 4684 3001 4718 r
3018 4667 3043 4719 t
3057 4685 3096 4720 u
3113 4669 3155 4722 l-

529 4746 744 4801 lianu
763 4765 786 4799 s
813 4746 1057 4816 Apolog.
1085 4765 1131 4802 c.
1160 4754 1192 4804 6
1220 4765 1274 4800 n.
1303 4753 1371 4805 29
1398 4764 1592 4816 opusc.
1621 4749 1765 4811 XIX,
1795 4756 1856 4803 41
1883 4769 1893 4804 ς
1924 4747 2140 4801 Thom
2159 4764 2188 4800 a
2209 4765 2232 4800 s
2263 4766 2307 4801 c.
2335 4757 2535 4818 gentes
2564 4746 2659 4812 111,
2689 4753 2807 4804 123.
