3538 5364
1048 319 1292 388 Reliqua
1319 320 1388 373 de
1417 318 1826 373 resurrectione
1855 318 2117 375 tenenda.
2864 328 2990 393 657

372 505 715 573 difficultas,
750 525 901 582 quae
932 506 1071 565 inde
1100 507 1343 582 petitur,
1379 505 1537 580 quod
1572 524 1705 564 caro
1741 506 1924 566 unius
1955 506 2297 564 immediate
2329 505 2426 564 vel
2457 505 2713 564 mediate
2744 506 2901 564 cedit
2932 506 2995 564 in

373 595 625 653 aliorum
655 595 1106 662 nutrimentum,
1153 596 1291 654 hinc
1339 595 1401 653 iu
1442 614 1648 655 eorum
1677 596 1939 654 vertitur
1970 613 2222 666 carnem,
2270 595 2551 664 solvatur,
2603 589 2664 656 l.
2712 596 2995 654 memoria

373 684 582 755 retine,
618 683 777 759 quod
810 703 981 761 saepe
1012 684 1268 743 inculcat
1301 684 1440 743 Chr
1452 687 1896 760 ysostomus
1927 689 1998 743 ut
2028 685 2092 743 in
2125 685 2277 745 hom.
2310 685 2382 743 de
2413 701 2599 745 resur.
2618 702 2677 746 n.
2702 693 2769 745 2:
2803 684 2988 753 ,Cum

373 773 641 849 potentia
673 773 779 831 Dei
812 776 1107 848 operatur,
1155 773 1304 832 illud
1350 784 1474 844 πῶς
1521 769 1871 856 (quomodo)
1916 792 2037 832 non
2068 776 2162 832 est
2192 771 2589 832 addendum.‘
2657 773 2993 831 Memineris

375 862 589 921 deinde
634 859 700 923 2.
736 880 869 920 cum
902 862 1242 922 Minucio
1275 862 1465 920 Felice
1498 863 1560 921 in
1594 863 1837 922 Octavio
1869 881 1928 921 n.
1964 872 2077 925 34:
2128 863 2391 938 ,Corpus
2422 881 2593 922 omne
2626 862 2748 921 sive
2781 862 2996 921 arescit

372 952 436 1009 in
470 952 797 1026 pulverem,
845 951 1065 1010 sivein
1097 951 1406 1010 humorem
1439 952 1711 1020 solvitur,
1761 952 1857 1010 vel
1902 952 1966 1011 in
2012 954 2268 1011 cinerem
2302 951 2729 1027 comprimitur,
2782 952 2879 1010 vel
2931 952 2994 1009 in

372 1041 639 1099 nidorem
671 1043 973 1111 tenuatur,
1009 1040 1367 1100 subducitur
1397 1040 1590 1108 nobis,
1640 1041 1742 1098 sed
1777 1042 1897 1100 Deo
1927 1042 2360 1101 elementorum
2393 1040 2627 1099 custodi
2660 1044 2991 1101 servatur.‘

372 1130 582 1206 Neque
612 1129 849 1198 mirum,
891 1132 1156 1187 testatur
1192 1128 1353 1188 enim
1386 1130 1650 1188 Christus
1680 1130 1821 1193 Luc.
1862 1140 1957 1201 12,
1997 1142 2065 1193 7:
2120 1130 2332 1206 Capilli
2362 1131 2569 1205 capitis
2598 1131 2772 1188 vestri
2800 1148 2993 1188 omnes

374 1220 667 1276 numerati
694 1226 849 1292 stant,
881 1222 943 1277 et
977 1219 1238 1294 Capillus
1268 1219 1337 1277 de
1366 1221 1551 1294 capite
1584 1226 1768 1278 vestro
1801 1238 1917 1277 non
1940 1220 2158 1295 peribit
2187 1219 2266 1278 ib.
2303 1228 2403 1289 21,
2446 1228 2541 1283 18.
2604 1217 2794 1288 Quare
2840 1215 2906 1281 3.
2941 1219 2994 1277 si

375 1308 536 1365 Deus
567 1307 827 1366 decrevit
858 1325 1170 1383 corporum
1200 1309 1734 1377 resuscitationem,
1783 1327 1903 1367 non
1948 1312 2220 1367 nostrum
2254 1309 2385 1380 erit,
2435 1307 2537 1367 sed
2572 1308 2698 1379 Dei,
2742 1307 2826 1365 ita
2870 1307 2993 1366 sin-

375 1397 516 1473 gula
547 1397 806 1471 corporis
836 1398 1141 1467 elementa,
1178 1416 1328 1472 quae
1362 1397 1435 1455 ad
1468 1398 1600 1472 ejus
1633 1397 2013 1456 identitatem
2047 1398 2320 1457 absolute
2352 1397 2694 1474 exiguntur,
2739 1397 2898 1455 tueri
2932 1401 2994 1455 et

373 1504 621 1553 servare,
656 1504 731 1544 ne
761 1486 824 1544 in
856 1486 1103 1545 alterius
1133 1488 1443 1545 transeant
1475 1487 1744 1561 corporis
1778 1487 2219 1561 proprietatem.
2285 1487 2376 1545 Ad
2408 1505 2534 1544 rem
2568 1486 2992 1555 Tertullia-

371 1593 515 1632 nus
547 1574 628 1633 ib.
661 1594 706 1635 c.
743 1585 856 1637 63:
906 1575 1092 1644 ,Cum
1136 1577 1200 1634 in
1247 1576 1388 1634 haec
1421 1575 1723 1653 (animalia
1755 1572 1914 1656 caro)
1947 1577 2197 1634 dissolvi
2229 1576 2484 1646 videtur,
2532 1575 2702 1634 velut
2745 1576 2809 1633 in
2854 1594 2995 1633 vasa

372 1663 831 1726 transfunditur.
899 1664 960 1722 Si
992 1664 1171 1722 etiam
1203 1664 1330 1740 ipsa
1362 1683 1501 1724 vasa
1532 1664 1872 1734 defecerint,
1908 1684 2042 1724 cum
2074 1665 2146 1724 de
2178 1665 2298 1723 illis
2331 1683 2571 1741 quoque
2601 1664 2898 1723 effluxerit
2928 1664 2993 1722 in

373 1770 544 1810 suam
577 1753 881 1811 matricem
912 1758 1148 1821 terram,
1198 1754 1367 1829 quasi
1410 1773 1517 1829 per
1546 1755 1821 1831 ambages
1853 1754 2210 1825 resorbetur,
2262 1758 2335 1813 ut
2383 1772 2590 1812 rursus
2634 1772 2704 1813 ex
2750 1753 2856 1811 illa
2898 1772 2991 1811 re-

373 1845 787 1916 praesentetur
818 1841 1064 1903 Adam«
1130 1843 1335 1917 Neque
1368 1862 1509 1901 vero
1539 1837 1603 1908 4.
1635 1861 1871 1902 necesse
1904 1847 2008 1912 est,
2041 1846 2112 1902 ut
2142 1844 2206 1901 in
2236 1843 2672 1902 resurrectione
2704 1841 2902 1901 omnia
2933 1844 2994 1901 et

375 1929 612 2006 singula
644 1931 934 1989 elementa
964 1931 1379 2000 restituantur,
1428 1950 1563 1990 cum
1612 1933 1785 2008 plura
1831 1950 2003 2008 saepe
2034 1933 2388 2002 redundent,
2436 1931 2553 1989 alia
2584 1933 2690 1990 Dei
2723 1932 2992 2006 omnipo-

372 2017 562 2077 tentia
595 2019 861 2095 suppleri
892 2021 1128 2096 possint
1159 2020 1442 2079 incolumi
1475 2023 1750 2079 manente
1785 2021 2041 2097 corporis
2073 2020 2406 2080 identitate.
2473 2018 2639 2089 Quod
2674 2020 2723 2078 si
2755 2017 2821 2081 5.
2857 2037 2991 2095 pars

372 2108 708 2166 essentialis
729 2110 883 2167 sacta
903 2111 997 2167 est
1014 2110 1259 2185 propria
1276 2109 1542 2180 alterius,
1564 2109 1926 2186 respondere
1945 2111 2086 2168 licet
2106 2128 2242 2169 cum
2261 2109 2677 2186 Augustino
2709 2109 2787 2167 ib.
2810 2127 2856 2170 c.
2881 2118 2959 2171 20
2976 2129 2989 2167 ε

374 2196 719 2264 ,Reddetur
749 2216 888 2275 ergo
921 2217 1052 2257 caro
1084 2199 1189 2256 illa
1220 2199 1462 2269 homini,
1498 2199 1560 2257 in
1595 2218 1713 2274 quo
1747 2217 1881 2258 caro
1915 2199 2173 2257 humana
2205 2199 2485 2275 primitus
2518 2197 2730 2273 coepit.
2761 2198 2854 2255 Ab
2886 2197 2991 2255 illo

374 2285 593 2360 quippe
624 2286 811 2345 altero
843 2291 1145 2364 tamquam
1179 2294 1390 2347 mutuo
1424 2290 1663 2363 sumpta
1694 2287 2039 2363 deputanda
2070 2290 2178 2357 est,
2226 2307 2375 2363 quae
2414 2287 2567 2346 sicut
2600 2304 2698 2345 aes
2729 2287 2992 2344 alienum

375 2373 674 2433 reddenda
703 2378 812 2447 est,
843 2376 1004 2435 unde
1036 2381 1274 2453 sumpta
1304 2380 1423 2435 est:
1467 2395 1576 2435 sua
1605 2396 1744 2436 vero
1778 2377 1885 2447 illi,
1920 2396 2099 2452 quam
2133 2376 2313 2436 fames
2344 2375 2767 2445 exinaniverat,
2801 2375 2873 2434 ab
2906 2394 2990 2445 eo,

378 2462 481 2537 qui
528 2467 728 2540 potest
774 2465 1045 2524 exhalata
1093 2483 1381 2535 revocare,
1434 2466 1733 2526 reddetur.
1798 2466 2080 2535 Quamvis
2130 2465 2365 2525 etiamsi
2414 2464 2690 2524 omnibus
2739 2466 2995 2540 perisset

373 2552 572 2623 modis,
606 2571 715 2612 nec
745 2553 871 2611 ulla
902 2556 1032 2629 ejus
1062 2556 1338 2613 materies
1371 2557 1432 2612 in
1464 2555 1607 2614 ullis
1639 2557 1888 2614 naturae
1919 2554 2165 2613 latebris
2185 2554 2587 2625 remansisset,
2620 2553 2781 2612 unde
2813 2554 2995 2612 vellet

372 2660 500 2700 eam
533 2646 834 2718 repararet
863 2644 1253 2720 omnipotens,
1321 2644 1432 2704 Sed
1466 2646 1709 2722 propter
1741 2644 2097 2704 sententiam
2132 2643 2424 2712 veritatis,
2459 2662 2578 2719 qua
2608 2642 2836 2702 dictum
2869 2646 2992 2702 est:

378 2731 639 2806 Capillus
672 2734 883 2810 capitis
913 2735 1087 2792 vestri
1116 2753 1230 2792 non
1259 2735 1487 2813 peribit,
1523 2734 1853 2793 absurdum
1875 2738 1987 2809 est,
2023 2737 2094 2792 ut
2127 2736 2424 2809 putemuS,
2457 2752 2591 2791 cum
2612 2733 2863 2808 capillus
2896 2750 2991 2790 ca-

370 2820 517 2896 pitis
549 2821 743 2896 perire
773 2840 893 2881 non
924 2823 1127 2897 possit,
1174 2826 1372 2881 tantas
1419 2842 1619 2882 carnes
1664 2824 1818 2882 fame
1866 2822 2140 2898 depastas
2172 2828 2352 2898 atque
2384 2825 2768 2897 consumptas
2800 2821 2993 2897 perire

372 2910 701 2983 potuisse.‘
759 2910 838 2971 Cf.
871 2911 1186 2971 Thomas
1218 2930 1265 2970 c.
1298 2915 1504 2989 gentes
1535 2912 1634 2989 IV,
1674 2921 1777 2976 81.
1844 2913 1927 2971 De
1963 2912 2222 2987 corporis
2251 2911 2647 2970 resuscitandi
2676 2910 2993 2969 identitate

373 2999 606 3074 copiose
639 2998 877 3058 disserit
907 3001 1179 3072 Bautz,
1213 3001 1323 3060 Die
1353 3002 1540 3059 Lehre
1575 3020 1710 3060 vom
1745 3000 2398 3078 Auferstebungsleibe,
2433 3000 2765 3059 Paderborn
2809 3009 2993 3062 1877.

555 3133 695 3186 703.
732 3118 1084 3188 Scholion
1117 3121 1221 3186 II.
1286 3126 1529 3202 Reliqua
1561 3126 1628 3183 de
1659 3128 2075 3184 resurrectione
2107 3126 2363 3183 tenenda.
2397 3157 2482 3167 -
2515 3123 2554 3182 J
2559 3126 2833 3182 ustorum
2863 3142 2991 3182 cor-

374 3229 518 3286 pora
547 3212 1027 3272 immutabuntur
1054 3215 1361 3290 gloriaque
1393 3214 1692 3290 inaequali
1726 3234 1831 3290 pro
1862 3215 2204 3272 meritorum
2226 3213 2568 3272 diversitate
2588 3212 2991 3290 refulgebunt,

377 3299 675 3380 inprimis
707 3321 846 3361 vero
878 3302 1118 3362 dotibus
1151 3303 1666 3379 impassibilitatis,
1710 3303 2086 3368 subtilitatis,
2135 3302 2423 3379 agilitatis
2469 3305 2530 3361 et
2575 3302 2864 3360 claritatis
2897 3321 2992 3361 or-

374 3383 695 3460 nabuntur,
744 3395 815 3449 ut
860 3392 1201 3469 colligimus
1247 3396 1378 3450 tum
1411 3411 1479 3451 ex
1512 3393 1601 3464 iis,
1651 3411 1803 3467 quae
1837 3391 2111 3468 disputat
2141 3392 2362 3451 Paulus
2402 3403 2453 3453 1.
2489 3393 2613 3455 Cor.
2652 3400 2748 3461 15,
2786 3400 2864 3454 35
2901 3411 2990 3462 ss„

371 3481 503 3535 tum
536 3499 604 3537 ex
637 3481 729 3552 iis,
766 3500 916 3556 quae
947 3482 1117 3540 docet
1149 3482 1221 3539 de
1254 3482 1485 3540 Christo
1521 3499 1697 3540 causa
1727 3481 2047 3557 exemplari
2081 3480 2536 3539 resurrectionis
2570 3484 2808 3539 nostrae
2840 3481 2990 3538 Phil.

376 3575 430 3635 3,
470 3577 585 3637 21;
621 3569 782 3628 Rom.
819 3580 874 3641 6,
913 3580 967 3633 5.
1034 3570 1195 3628 Circa
1227 3570 1389 3641 alias,
1425 3589 1577 3645 quae
1608 3569 1854 3628 institui
1884 3572 2143 3645 possunt
2174 3569 2575 3645 quaestioue8‚
2611 3570 2793 3627 scias:

555 3671 617 3737 l.
651 3676 837 3735 Omne
868 3677 1018 3735 illud
1053 3677 1167 3735 erit
1197 3677 1260 3735 in
1307 3677 1655 3752 corporibus
1687 3677 2013 3747 beatorum,
2063 3674 2219 3753 quod
2266 3676 2338 3735 ad
2385 3675 2809 3752 integritatem,
2858 3696 2991 3751 per-

372 3763 702 3834 fectionem,
735 3765 1000 3824 decorem
1032 3769 1281 3825 naturae
1312 3766 1602 3825 humanae
1632 3766 1912 3842 pertinet.

551 3866 619 3933 2.
655 3872 833 3930 Dotes
863 3873 1183 3932 recensitae
1216 3891 1282 3931 ex
1315 3873 1515 3932 anima
1544 3872 1970 3932 redundabunt
2015 3873 2077 3930 in
2124 3889 2337 3947 corpus
2369 3891 2488 3931 non
2522 3870 2711 3929 solum
2743 3870 2989 3929 causali-

371 3961 496 4017 tate
528 3961 754 4030 morali,
803 3962 905 4021 sed
940 3962 1332 4037 probabiliter
1363 3963 1541 4021 etiam
1574 3962 1817 4039 physica
1847 3960 1907 4020 vi
1948 3961 2112 4037 pleni
2144 3960 2393 4020 dominii
2424 3960 2654 4018 animae
2686 3963 2991 4034 tamquam

371 4048 592 4107 formae
622 4049 687 4108 in
718 4069 930 4125 corpus
962 4052 1287 4111 secundum
1320 4052 1423 4110 illa
1452 4055 1504 4110 A
1523 4051 1889 4129 ugustini
1923 4050 2102 4109 verba
2132 4069 2220 4127 ep.
2262 4060 2380 4113 118
2416 4068 2473 4108 n.
2513 4059 2621 4112 14:
2671 4049 2854 4117 ,Tam
2889 4066 2992 4124 po-

376 4137 529 4195 tenti
562 4142 774 4198 natura
807 4140 963 4199 Deus
995 4141 1136 4200 fecit
1166 4142 1440 4211 animam,
1493 4145 1563 4200 ut
1612 4161 1682 4200 ex
1735 4141 1866 4213 ejus
1915 4139 2266 4216 plenissima
2296 4138 2682 4208 beatitudine,
2730 4156 2881 4212 quae
2925 4138 2991 4195 in

372 4225 489 4284 fine
533 4229 869 4303 temporum
916 4230 1134 4288 sanctis
1176 4231 1568 4304 promittitur,
1620 4228 1917 4288 redundet
1966 4229 2146 4288 etiam
2195 4229 2258 4286 in
2307 4227 2646 4286 inferiorem
2690 4230 2988 4297 naturam,

374 4314 532 4389 quod
566 4318 659 4374 est
690 4336 920 4393 corpu-⁶3,
952 4338 1072 4377 non
1103 4319 1430 4389 beatitudo,
1466 4337 1617 4394 quae
1650 4318 1905 4377 fruentis
1938 4321 1998 4377 et
2030 4316 2426 4394 intelligentis
2458 4320 2552 4375 est
2582 4315 2836 4391 propria,
2885 4316 2988 4373 sed

372 4404 682 4478 plenitudo
714 4407 986 4464 sanitatis
1019 4407 1057 4464 i.
1089 4427 1137 4470 e.
1170 4407 1633 4483 incorruptionis
1663 4408 1895 4484 vigor.‘
1962 4407 2042 4465 Of.
2088 4426 2133 4468 s,
2181 4407 2498 4464 Thomas
2545 4424 2591 4463 c.
2638 4407 2845 4481 gentes
2891 4405 2988 4476 IV,

377 4500 491 4563 86;
524 4511 713 4569 comp.
745 4496 923 4555 theol.
956 4516 1001 4554 c.
1043 4504 1181 4559 168.

551 4598 614 4665 3.
649 4602 926 4661 Dubitari
958 4603 1170 4677 nequit
1199 4622 1407 4662 sensus
1441 4603 1711 4681 singulos
1745 4603 1994 4678 objectis
2027 4603 2143 4662 sibi
2176 4600 2667 4661 convenientibus
2698 4599 2817 4658 frui
2851 4617 2988 4658 con-

373 4708 640 4766 gruaque
673 4691 878 4750 donari
907 4691 1312 4763 beatitudine3
1360 4692 1766 4751 delectationis
1811 4693 1970 4750 enim
2016 4696 2157 4750 sunt
2203 4710 2439 4767 capaces
2483 4692 2768 4765 totusque
2815 4689 2988 4747 homo

374 4780 635 4854 praemio
655 4781 963 4853 afficietur,
997 4785 1070 4840 ut
1088 4782 1408 4841 ostendunt
1429 4785 1664 4857 patrum
1686 4794 2056 4857 argumenta,
2091 4779 2311 4855 quibus
2332 4781 2605 4856 probant,
2627 4778 2848 4849 decere,
2870 4779 2987 4836 imo

589 4888 628 4935 Η
644 4904 673 4934 u
689 4903 712 4935 r
726 4893 749 4937 t
764 4903 789 4936 e
804 4904 827 4936 r
842 4923 856 4946 ,
899 4890 1150 4949 Compend.
1188 4891 1453 4946 theologiae
1490 4890 1576 4949 111,
1619 4891 1697 4936 11.
1737 4890 1812 4936 ed.
2600 4882 2668 4934 42
