3538 5364
1050 272 1058 279 “
1088 276 1168 331 De
1195 276 1459 331 ministro
1486 276 1827 330 sacramenti
1852 274 2223 331 matrimonii.
2830 283 2954 349 561

344 460 662 524 innumeri
691 459 894 525 secuti
927 464 1078 522 sunt
1110 456 1407 537 theologi,
1441 458 1532 520 ita
1562 463 1635 520 ut
1666 458 1826 522 Ben
1846 457 2170 522 edictus
2202 456 2361 520 XIV.
2411 457 2547 538 ejus
2595 458 2961 539 opinionem

346 573 537 632 vocet
582 567 766 630 valde
811 563 1232 648 probabilem,
1275 563 1383 628 alii
1427 583 1545 628 suo
1592 583 1863 628 numero
1910 564 2176 627 nimium
2223 564 2620 629 confidentes
2671 571 2960 629 nostram

347 674 623 737 dixerint
653 673 1074 755 antiquatam,
1107 671 1554 753 periculosam,
1586 670 1778 753 plane
1811 671 2162 735 absurdam
2185 677 2301 736 etc.
2334 670 2575 735 Verum
2605 690 2742 736 rem
2775 671 2960 737 aliter

347 798 418 845 se
448 780 706 855 habere,
738 781 913 844 hisce
945 778 1298 843 evincimus
1331 779 1753 859 argumentis:

530 888 590 956 l.
622 886 1216 950 Demonstravimus
1249 884 1463 968 ipsum
1494 885 1888 950 matrimonii
1919 885 2250 948 christiani
2282 891 2687 950 contractum
2720 891 2786 953 et
2815 886 2963 949 hinc

349 1012 541 1058 omne
573 993 1051 1057 matrimonium
1083 993 1249 1057 inter
1280 992 1672 1057 christianos
1704 992 1933 1057 initum
1966 1010 2108 1056 esse
2140 998 2635 1056 sacramentum.
2682 991 2846 1073 Ergo
2879 991 2966 1055 illi

347 1106 499 1164 sunt
530 1099 802 1164 ministri
834 1099 1244 1172 sacramenti,
1276 1099 1386 1181 qui
1418 1098 1765 1163 conficiunt
1797 1105 2219 1175 contractum,
2254 1098 2527 1181 ideoque
2557 1100 2676 1181 ipsi
2706 1108 2964 1165 contra-

348 1208 576 1272 hentes
610 1211 761 1270 sunt
790 1207 980 1287 hujus
1010 1206 1406 1270 sacramenti
1437 1206 1726 1269 ministri.

526 1314 594 1382 2.
630 1313 720 1377 Ex
765 1313 944 1395 praxi
990 1313 1366 1395 quotidiana
1397 1313 1721 1377 Ecclesiae
1764 1313 1964 1396 liquet
2007 1314 2480 1378 haereticorum
2530 1315 2960 1388 matrimonia,

347 1438 497 1483 cum
526 1420 830 1500 conjuges
863 1420 944 1483 ad
978 1418 1328 1484 Ecclesiam
1358 1426 1786 1491 revertuntur,
1821 1438 1952 1484 non
1986 1420 2263 1501 amplius
2294 1420 2604 1485 benedici.
2638 1421 2832 1503 Atqui
2867 1422 2968 1486 vel

348 1528 513 1590 haec
545 1526 958 1591 matrimonia
988 1527 1379 1591 sacramenti
1410 1526 1727 1591 rationem
1757 1527 2018 1605 habent,
2066 1533 2129 1591 et
2160 1535 2311 1591 tunc
2359 1528 2479 1610 ipsi
2511 1530 2970 1594 contrahentes

351 1640 501 1697 sunt
531 1634 919 1698 sacramenti
950 1633 1252 1697 ministri:
1299 1633 1399 1698 vel
1446 1652 1576 1697 non
1623 1633 1870 1697 habent
1916 1635 2305 1699 sacramenti
2335 1636 2671 1711 rationem,
2724 1643 2788 1700 et
2819 1643 2970 1700 tunc

350 1739 512 1803 falsa
547 1747 717 1804 esset
762 1740 961 1804 thesis
1004 1740 1417 1822 praecedens
1481 1740 1653 1805 Idem
1699 1740 1880 1804 dicas
1932 1742 2012 1805 de
2063 1742 2486 1806 matrimoniis
2536 1743 2969 1819 clandestinis,

351 1865 519 1929 quae
550 1848 723 1911 nulla
756 1847 1102 1912 accedente
1134 1847 1580 1913 benedictione
1626 1847 2013 1912 sacerdotali
2057 1847 2314 1912 fuerunt
2359 1850 2686 1929 quondam
2739 1857 2819 1927 et,
2863 1851 2970 1915 ubi

351 1953 679 2018 decretum
710 1970 889 2018 conc.
926 1954 1249 2020 tridentini
1294 1954 1373 2018 de
1420 1954 1511 2017 eis
1558 1955 2382 2062 Qum,
2433 1974 2605 2020 nunc
2635 1963 2787 2022 sunt
2816 1977 2971 2023 vera

351 2060 763 2124 matrimonia
796 2062 988 2147 (sicut
1020 2066 1084 2125 et
1116 2059 1241 2137 illa,
1275 2079 1442 2143 quae
1473 2067 1814 2142 praesente
1834 2062 2143 2143 paroch0,
2162 2061 2275 2125 sed
2298 2079 2376 2126 eo
2397 2072 2796 2153 repugnante
2815 2082 2972 2129 con-

352 2167 737 2255 trahuntur),
770 2168 1042 2252 ideoque
1074 2168 1462 2232 sacramenti
1509 2167 1815 2249 dignitate
1863 2173 2189 2232 ornantur.
2253 2167 2447 2251 Atqui
2492 2170 2558 2233 in
2604 2169 2704 2234 his
2749 2172 2972 2236 matri-

358 2274 588 2337 moniis
622 2274 958 2339 manifesto
990 2275 1316 2358 parochus
1348 2293 1480 2338 non
1514 2281 1613 2338 est
1648 2275 1951 2338 minister.
2015 2274 2179 2356 Ergo
2211 2277 2668 2343 contrahentes
2700 2279 2972 2343 ministri

358 2386 508 2445 sunt
539 2382 727 2463 hujus
759 2382 1163 2446 sacramenti.

537 2489 600 2558 3.
630 2489 766 2552 Huc
801 2496 1050 2571 spectat
1094 2489 1495 2553 Hadriani
1529 2489 1593 2552 ΙΙ.
1641 2488 1723 2552 ab
1758 2489 2062 2571 episcopo
2093 2491 2388 2567 consulti,
2421 2491 2718 2577 valeatne
2751 2493 2974 2555 matri-

356 2595 645 2659 monium
667 2595 934 2659 absente
953 2596 1290 2662 sacerdote
1314 2602 1739 2673 contractum.
1763 2614 2147 2677 responsum
2164 2615 2258 2679 ep.
2277 2602 2365 2667 40
2381 2597 2548 2686 (Mig.
2575 2603 2718 2674 122,
2745 2600 2973 2684 1318):

367 2701 487 2777 ‚Ut
518 2703 726 2767 omnis
758 2704 1049 2785 quaestio
1082 2723 1274 2786 super
1306 2704 1535 2769 eodem
1567 2703 1979 2768 matrimonio
2001 2704 2083 2769 de
2103 2711 2321 2769 cetero
2343 2706 2650 2787 sopiatur,
2679 2724 2795 2788 per
2815 2724 2973 2788 apo-

358 2809 589 2874 stolica
620 2809 734 2874 tibi
764 2811 1007 2892 scripta
1056 2811 1460 2887 mandamu5,
1507 2818 1825 2893 quatenus
1874 2810 2246 2893 hujusmodi
2293 2811 2688 2876 connubium
2717 2811 2975 2877 dissolvi

361 2916 726 2981 nullatenus
746 2919 1027 3000 patiariS,
1050 2919 1164 2984 sed
1185 2918 1441 2982 firmum
1462 2917 1661 2981 facias
1683 2925 1880 2999 atque
1900 2916 2268 2983 inviolabile
2286 2937 2683 3001 permanere.
2719 2916 2785 2983 Si
2806 2919 2976 2984 enim

360 3023 521 3088 alias
552 3043 868 3106 personae
900 3025 1357 3090 convenientes
1389 3033 1454 3089 et
1484 3023 1806 3104 legitimae
1829 3025 2079 3101 fuerint,
2102 3031 2167 3089 et
2185 3032 2556 3090 contractus
2577 3025 2712 3107 ipse
2731 3025 2977 3106 legibus

361 3131 783 3207 concordanS,
814 3131 908 3195 ita
937 3131 1111 3214 quod
1141 3150 1277 3196 non
1307 3131 1601 3195 videatur
1632 3132 1691 3196 ei
1723 3132 1804 3195 de
1837 3132 2038 3194 sacris
2058 3132 2418 3196 canonibus
2440 3130 2720 3208 obviare,
2740 3151 2857 3214 pro
2880 3152 2976 3209 en,

362 3237 537 3319 quod
568 3238 872 3303 sacerdos
905 3238 1140 3303 absens
1173 3237 1375 3315 fuerit,
1423 3238 1550 3303 tale
1582 3238 2063 3302 matrimonium
2108 3257 2237 3302 non
2282 3238 2474 3304 debet
2503 3239 2823 3303 ullatenus
2855 3239 2976 3302 im-

361 3343 641 3426 pediri«3
674 3350 738 3409 et
770 3344 972 3408 simile
1004 3363 1384 3426 responsum
1418 3344 1728 3410 ecclesiae
1761 3343 2007 3410 Galliae
2031 3348 2132 3413 22.
2155 3344 2303 3427 Apr.
2334 3349 2502 3414 1795
2524 3348 2747 3411 datum
2760 3348 2826 3433 ¹),
2849 3367 2977 3429 quo

364 3450 732 3516 declaratur
761 3451 999 3529 fideleS,
1032 3452 1140 3534 qui
1172 3451 1256 3516 ob
1288 3452 1772 3534 persecutiones
1822 3452 2179 3533 parochum
2212 3471 2327 3534 pro
2362 3453 2805 3518 contrahendo
2839 3472 2979 3517 ma-

365 3558 665 3624 trimonio
700 3559 876 3624 adire
907 3579 1041 3624 non
1071 3566 1391 3641 poterant,
1426 3559 1701 3640 ideoque
1735 3577 1814 3623 eo
1849 3559 2118 3624 absente
2151 3559 2303 3623 illud
2335 3560 2629 3635 inierant,
2673 3560 2977 3632 ‚hortan-

363 3667 483 3731 dos
519 3684 678 3743 esse,
711 3686 857 3731 eum
889 3665 1246 3730 sacerdotis
1293 3667 1546 3747 copiam
1596 3665 1839 3730 habere
1884 3672 2170 3747 possunt,
2225 3664 2307 3728 ab
2354 3684 2432 3730 eo
2465 3665 2977 3730 benedictionem

362 3792 443 3855 pe
453 3777 609 3850 tant,
642 3774 750 3855 qui
779 3779 999 3838 tamen
1030 3772 1151 3836 illis
1172 3771 1542 3849 declarabit,
1561 3771 1929 3854 hujusmodi
1949 3771 2462 3837 benedictionem
2484 3771 2567 3835 ad
2586 3770 2978 3836 validitatem

364 3879 757 3943 matrimonii
787 3879 1045 3942 minime
1077 3879 1461 3960 pertinere}

543 3988 608 4056 4.
639 3985 985 4051 Praeterea
1029 3986 1335 4050 sacerdos
1382 3987 1778 4068 conjungens
1822 4003 2097 4066 sponsos
2143 3986 2208 4049 in
2240 3986 2721 4051 matrimonium
2766 3990 2980 4066 potest

368 4095 721 4158 secundum
751 4092 1075 4159 Ecclesiae
1106 4096 1593 4176 permissionem
1627 4095 1720 4158 uti
1752 4093 2034 4176 qualib
2053 4098 2130 4159 et
2181 4093 2407 4170 forma,
2432 4094 2618 4175 juxta
2649 4100 2982 4174 receptum

371 4357 498 4393 caro
527 4340 757 4407 factum,
798 4341 1043 4397 Catanae
1079 4350 1241 4401 1869:
1284 4341 1648 4396 Consecrator
1689 4339 1990 4394 christiani
2030 4339 2384 4395 matrimonii
2423 4339 2484 4392 in
2527 4357 2721 4393 verum
2763 4343 2821 4393 et
2857 4357 2982 4411 pro-

370 4419 559 4490 prium
587 4425 999 4477 sacramentum
1030 4423 1099 4477 N.
1129 4423 1188 4476 L.
1217 4427 1285 4476 tr.
1313 4423 1483 4479 theol.
1512 4422 1587 4476 ib.
1620 4427 1773 4478 1871.
1825 4421 1906 4474 Ex
1948 4421 2097 4475 thesi
2123 4424 2316 4474 autem
2343 4420 2530 4489 liquet
2554 4438 2739 4489 neque
2767 4419 2983 4491 opinio-

371 4520 513 4568 nem,
543 4521 713 4572 quam
740 4506 977 4577 Berlage
1016 4507 1077 4560 in
1114 4525 1217 4561 sua.
1257 4511 1450 4562 tuetur
1489 4507 1818 4578 dogmatica
1843 4507 1921 4560 111
1947 4508 2067 4570 827,
2109 4522 2273 4576 posse
2313 4505 2561 4570 admitti,
2587 4507 2859 4576 conjuges
2885 4506 2984 4560 mi-

371 4588 580 4642 nistros
606 4587 945 4640 sacramenti
970 4604 1088 4641 esse
1114 4587 1573 4650 ordinarios,
1601 4586 2279 4640 extraordinarios
2308 4602 2439 4640 vero
2469 4585 2806 4640 sacerdotes,
2952 4581 2960 4590 ’

591 4672 626 4738 ¹)
654 4667 825 4736 Apud
854 4667 1096 4721 Moser
1142 4667 1201 4722 in
1241 4667 1365 4723 coll.
1407 4668 1673 4722 declarat.
1716 4685 1781 4720 ac
1822 4669 2178 4723 decretorum
2220 4685 2275 4718 n.
2317 4667 2408 4718 IX.
2456 4665 2653 4719 Simile
2694 4665 2982 4720 decretum

373 4765 564 4820 congr.
593 4767 633 4804 s.
661 4748 848 4803 Officii
877 4758 907 4804 5
936 4748 1097 4802 Febr.
1128 4751 1266 4804 1780
1292 4749 1512 4818 profert
1537 4745 1579 4800 P
1596 4763 1624 4801 e
1642 4765 1759 4801 rro
1779 4767 1814 4800 n
1833 4764 1861 4801 e
1889 4749 1928 4803 t.
1958 4755 1989 4803 2
2015 4750 2147 4803 sect.
2183 4759 2198 4803 1
2237 4766 2282 4800 c.
2310 4751 2344 4804 7
2370 4765 2427 4816 p.
2451 4752 2555 4802 305
2583 4762 2634 4798 a.
2663 4753 2746 4801 21.

584 4849 857 4907 Hurter,
898 4849 1147 4907 Compend.
1188 4849 1448 4902 theologiae
1487 4848 1567 4905 111,
1614 4850 1695 4893 11.
1733 4847 1811 4893 ed.
2597 4841 2665 4892 36
