3538 5364
1148 293 1348 349 Thesis
1375 294 1708 350 CCLXXllI.
1736 297 1806 348 de
1833 293 2186 365 purgatorie.
2843 305 2976 370 625

354 481 670 542 stitutione
691 480 980 539 Creatoris
1000 481 1261 540 elevatus
1294 482 1367 540 ad
1397 481 1667 541 ordinem
1688 481 2201 557 supernaturalem
2233 483 2327 540 est
2357 481 2669 540 ordinatus
2701 482 2764 540 in
2796 481 2972 542 finem

353 569 888 648 supernaturalem,
938 569 989 629 is
1033 589 1155 629 non
1200 570 1318 629 erit
1363 570 1691 629 formaliter
1732 570 1959 642 beatuS,
2009 569 2127 629 nisi
2172 570 2332 629 hunc
2376 568 2555 630 finem
2587 574 2971 646 assequatur;

350 660 627 738 quocirca
657 658 936 719 obtinens
967 658 1118 718 illud
1149 659 1391 731 bonum,
1437 659 1501 719 in
1540 678 1660 736 quo
1691 658 1990 719 naturalis
2020 659 2333 718 beatitudo
2366 660 2709 731 exstitisset,
2757 661 2810 720 si
2851 679 2973 720 non

352 750 568 809 fuisset
598 747 880 820 elevatus,
912 749 1137 825 poterit
1166 748 1408 825 quidem
1439 748 1562 807 dici
1594 748 1924 808 secundum
1956 748 2103 825 quid
2135 751 2197 807 et
2226 748 2614 808 materialiter
2644 749 2854 809 beatus
2886 769 2974 824 eo,

349 839 513 916 qnod
542 837 807 914 possidet
835 838 1079 909 bonum,
1126 838 1191 897 in
1234 857 1353 914 quo
1399 838 1691 897 naturalis
1722 837 2029 898 beatitudo
2062 839 2431 910 consisteret,
2477 856 2597 898 non
2641 857 2781 898 vero
2829 839 2972 898 sim-

350 928 590 1005 pliciter
621 929 683 985 et
713 926 1057 999 formaliter,
1104 927 1248 1004 quia
1277 929 1436 987 caret
1466 945 1674 1004 reapse
1719 945 1788 987 eo
1834 927 1965 997 fine,
2011 926 2077 986 in
2122 946 2299 1003 quem
2334 929 2424 986 est
2455 928 2765 986 ordinatus
2799 928 2971 987 insti-

351 1018 586 1077 tutione
617 1015 928 1087 Creatoris,
974 1016 1080 1091 qui
1124 1017 1357 1076 excluso
1402 1016 1519 1075 fine
1552 1016 1746 1077 solum
1775 1015 2054 1087 naturali,
2101 1015 2324 1075 creavit
2367 1016 2630 1076 homines
2678 1016 2751 1075 ad
2795 1016 2973 1077 finem

353 1105 887 1182 supernaturalem.
951 1106 1192 1166 Certum
1235 1109 1329 1165 est
1359 1124 1498 1183 ergo
1529 1105 1875 1181 huJusmodi
1905 1104 2162 1164 infantes
2194 1123 2315 1165 non
2344 1105 2584 1165 futuros
2616 1106 2974 1183 simpliciter

351 1199 415 1255 et
442 1194 775 1254 formaliter
804 1193 1068 1256 beatos.‘
1139 1195 1413 1254 Ceterum
1457 1196 1531 1253 ad
1575 1214 1701 1254 rem
1745 1196 1891 1254 sunt
1932 1194 2115 1254 verba
2144 1194 2645 1254 Bellarmini:
2694 1194 2968 1264 ,Miseri-

352 1284 611 1344 cordiam
641 1286 909 1342 nostram
939 1301 1079 1361 erga
1109 1285 1383 1360 parvulos
1408 1285 1533 1360 jam
1553 1283 1866 1343 defunctos
1885 1282 2037 1343 nihil
2067 1284 2154 1343 eis
2186 1283 2481 1359 prodesse,
2515 1303 2547 1342 e
2578 1286 2784 1343 contra
2812 1285 2969 1344 nihil

352 1373 439 1433 eis
468 1373 675 1433 obesse
707 1373 1035 1432 sententiae
1066 1375 1303 1432 nostrae
1335 1373 1732 1433 severitatem.
1797 1369 2057 1432 Multum
2088 1374 2290 1431 autem
2319 1373 2493 1432 nobis
2528 1373 2754 1442 obesse,
2809 1373 2861 1431 si
2892 1374 2968 1434 ob

350 1462 628 1521 inutilem
658 1461 1122 1521 misericordiam
1166 1481 1307 1539 erga
1350 1462 1660 1522 defunctos
1703 1461 2090 1537 pertinaciter
2133 1461 2364 1538 aliquid
2396 1464 2601 1521 contra
2632 1461 2969 1538 Scripturas

350 1552 445 1612 vel
494 1551 817 1611 Ecclesiam
863 1550 1262 1613 defendamus,
1341 1551 1565 1610 Idcirco
1613 1570 1731 1610 non
1782 1552 2056 1611 affectum
2104 1551 2401 1626 quendam
2451 1551 2797 1623 humanum,
2849 1570 2969 1628 quo

348 1641 625 1717 plerique
656 1641 880 1699 moveri
913 1641 1124 1711 solent,
1158 1642 1260 1700 sed
1282 1640 1636 1718 Scripturae,
1670 1640 2055 1699 conciliorum
2085 1644 2147 1699 et
2178 1642 2417 1716 patrum
2438 1640 2796 1700 sententiam
2829 1660 2969 1700 con-

351 1731 548 1789 sulere
580 1732 641 1788 et
671 1729 842 1805 sequi
873 1729 1217 1791 debemus.¹
1312 1740 1316 1745 ’

1443 1938 1867 2025 canutum

1326 2062 1429 2127 De
1476 2063 1989 2146 purgatorie.

531 2208 678 2274 668.
712 2205 965 2272 'rhesis
998 2203 1460 2272 GCLXXIII.
1588 2226 2038 2280 Rene-latione
2111 2226 2502 2281 christiana
2574 2228 2967 2293 edocemur,

346 2319 639 2379 praeter
690 2315 956 2369 coelum
1007 2318 1073 2367 et
1121 2316 1512 2382 infernum,
1564 2330 1599 2369 e
1649 2327 1787 2382 quo
1837 2314 2043 2369 nulla
2092 2319 2194 2368 est
2242 2317 2653 2381 redemptio,
2708 2316 2971 2371 admu-

349 2407 641 2460 tendum
680 2418 825 2459 ease
862 2409 1126 2458 statum
1163 2407 1542 2471 quendam,
1568 2406 1647 2459 in
1672 2418 1813 2472 quo
1837 2405 2127 2459 animae
2152 2404 2528 2472 fumeum,
2563 2406 2694 2460 hac
2717 2407 2797 2459 in
2822 2406 2967 2459 vita

347 2496 669 2550 nondum
702 2495 1006 2560 persecu
1037 2498 1538 2561 petronem-um,
1588 2498 1972 2562 antequam
2021 2495 2102 2548 in
2150 2495 2421 2549 coelum
2471 2497 2969 2562 admittantur,

344 2587 597 2652 poenis
632 2587 1102 2649 mundantur,
1138 2586 1263 2651 qui
1295 2586 1600 2650 proinde
1625 2584 1798 2651 jure
1852 2586 2107 2639 merito
2137 2587 2646 2651 puroatorium
2684 2587 2970 2642 dicitur.

531 2708 1093 2776 Demonstratio.
1126 2707 1350 2771 Thesis
1383 2712 1481 2771 est
1513 2706 1593 2771 de
1613 2705 1756 2783 fide,
1777 2711 1849 2770 ut
1869 2689 2049 2788 patet
2068 2725 2148 2772 ex
2169 2706 2440 2772 concilio
2473 2707 2651 2771 trid.
2684 2726 2841 2772 sess.
2863 2713 2970 2785 25,

349 2815 708 2879 seeundum
740 2813 912 2896 quod
932 2812 1219 2878 Ecclesia
1238 2834 1319 2877 55.
1344 2812 1538 2878 literis
1572 2818 1638 2878 et
1657 2815 1961 2896 antiquae
1980 2820 2243 2895 patrum
2267 2814 2592 2878 traditioni
2609 2815 2829 2879 innixa
2846 2816 2967 2880 do-

348 2922 514 2986 cuit:
554 2920 1039 3002 ,Purgatorium
1072 2939 1214 2986 esse
1247 2921 1625 3002 animasque
1658 2921 1744 2984 ibi
1777 2920 2071 2987 detentas
2103 2919 2383 2987 fidelium
2407 2921 2746 3002 suffragiis,
2765 2923 2968 3003 potis—

348 3030 587 3093 simum
618 3047 771 3093 vero
805 3027 1184 3110 acceptabili
1215 3028 1439 3092 altaris
1476 3026 1792 3092 sacrificio
1808 3028 2094 3109 juvar13‘
2136 3046 2213 3092 ex
2244 3027 2644 3109 professione
2675 3027 2822 3092 fidei
2853 3029 2967 3093 tri-

349 3136 632 3212 dentina,
658 3136 842 3217 juxta
873 3154 1069 3217 quam
1101 3134 1364 3218 quilibet
1383 3135 1740 3200 catholicus
1759 3135 2043 3217 profiteri
2063 3134 2286 3200 debet:
2328 3134 2750 3211 ,Constanter
2778 3141 2968 3202 teneo

348 3243 791 3323 purgatorium
824 3261 965 3306 esse
998 3242 1375 3324 animasque
1406 3241 1493 3305 ibi
1524 3241 1821 3306 detentas
1851 3241 2133 3307 fidelium
2152 3241 2468 3322 suffragiis
2481 3242 2760 3324 juvarit*t
2801 3248 2866 3309 et
2885 3261 2966 3308 ex

348 3348 612 3414 decreto
644 3349 899 3412 unionis
932 3349 995 3411 in
1027 3366 1204 3412 conc.
1238 3348 1577 3413 florentino
1611 3348 1799 3412 edito.
1834 3346 2149 3412 Statuitur
2180 3349 2245 3412 in
2276 3349 2496 3430 primis
2529 3356 2757 3413 contra
2787 3368 2967 3432 pro-

352 3461 428 3519 te
444 3475 475 3518 5
492 3461 518 3518 t
534 3473 630 3518 an
648 3462 672 3518 t
688 3474 723 3520 e
739 3475 787 3530 S,
820 3456 1197 3536 praesertim
1230 3455 1629 3520 vetustiores,

534 3580 593 3648 1.
626 3578 944 3644 Probatur
973 3577 1406 3643 corollarii
1438 3580 1634 3644 modo
1666 3597 1745 3644 ex
1779 3580 1917 3643 aliis
1949 3579 2328 3644 veritatibus
2359 3580 2667 3655 indubiis;
2721 3598 2851 3661 qua
2881 3580 2958 3643 il-

349 3686 591 3750 latione
624 3686 811 3750 simul
843 3686 1215 3762 ostenditur,
1264 3705 1458 3768 quam
1501 3687 1667 3751 bene
1711 3685 1834 3749 sibi
1878 3686 2273 3750 cohaereant
2322 3686 2630 3766 dogmata
2660 3688 2725 3749 in
2757 3692 2964 3768 syste-

350 3799 524 3858 mate
558 3793 895 3871 catholi00,
928 3800 993 3858 et
1023 3793 1479 3876 purgatorium,
1501 3793 1754 3858 etiamsi
1773 3794 1852 3857 de
1874 3811 1952 3857 eo
1972 3798 2216 3857 taceret
2234 3793 2560 3869 revelatiO,
2594 3793 2872 3875 postul
2890 3811 2962 3856 a-

350 3907 515 3965 tum
549 3919 694 3966 esse
726 3901 996 3964 rationis
1027 3898 1467 3965 christianae.'
1498 3897 1669 3964 Sane
1714 3907 1961 3965 certum
2007 3906 2126 3976 est,
2171 3899 2326 3962 nihil
2357 3900 2838 3982 coinquinatum
2871 3899 2969 3962 in-

350 4007 528 4088 gredi
558 4007 809 4072 coelum
843 4007 1066 4093 (Apoc.
1100 4013 1203 4085 21,
1238 4009 1370 4092 27),
1415 4025 1562 4071 cum
1608 4007 1774 4072 adeo
1820 4006 2043 4072 mundi
2088 4007 2217 4071 sint
2248 4007 2416 4071 oculi
2447 4006 2580 4082 Dei,
2631 4011 2703 4070 ut
2735 4005 2817 4069 ad
2849 4006 2970 4070 ini-

351 4114 664 4196 quitatem
697 4133 815 4181 nec
847 4116 1165 4197 respicere
1199 4115 1382 4202 (Hah.
1424 4122 1476 4192 1,
1518 4116 1641 4202 13),
1673 4133 1796 4179 nec
1829 4113 2000 4180 illam
2032 4133 2254 4179 coram
2274 4132 2345 4178 se
2363 4113 2795 4197 patipossint;
2829 4130 2969 4177 cer-

352 4229 490 4285 tum
521 4241 779 4304 quoque
828 4223 1097 4286 remissa
1147 4221 1352 4304 culpa,
1401 4241 1656 4303 semper
1705 4221 1964 4305 quidem
2006 4222 2243 4287 remitti
2292 4239 2571 4303 poenam
2617 4225 2970 4296 aeternam,

351 4347 484 4392 non
532 4335 751 4395 tamen
795 4347 1049 4410 semper
1096 4330 1369 4394 remissa
1419 4329 1607 4411 culpa
1654 4336 1803 4411 post
1851 4328 2248 4410 baptismum
2297 4327 2641 4392 commissa
2691 4343 2970 4408 poenam

352 4437 548 4501 etiam
580 4436 1002 4519 temporalem
1035 4437 1120 4523 (n.
1154 4437 1329 4523 497).
1392 4435 1588 4518 Atqui
1618 4435 1753 4502 fieri
1784 4442 2017 4518 potest,
2063 4443 2134 4501 ut
2185 4433 2403 4517 plures
2434 4433 2716 4516 peccatis
2748 4433 2970 4497 venia-

350 4542 519 4607 libus
553 4543 831 4621 obnoxii,
864 4563 1014 4624 ergo
1047 4563 1181 4608 non
1210 4544 1401 4626 plane
1433 4545 1669 4620 mundi,
1702 4544 2096 4619 moriantur3
2131 4549 2194 4608 et
2214 4549 2288 4606 ut
2295 4541 2452 4624 justi
2472 4540 2666 4624 aliqui
2684 4541 2968 4604 morian-

352 4659 475 4729 tur,
508 4658 856 4733 antequam
888 4650 1179 4715 ultimum
1210 4651 1517 4715 solverint
1547 4669 1798 4732 poenae
1845 4650 2219 4732 temporalis
2252 4648 2693 4732 quadrantem.
2758 4645 2971 4727 Quare

350 4756 693 4821 dicendum
727 4764 842 4834 est,
876 4764 989 4821 aut
1016 4759 1137 4822 hos
1170 4757 1480 4835 damnari,
1516 4758 1689 4840 quod
1709 4758 2164 4838 estinjustum3
2200 4763 2313 4821 aut
2335 4755 2699 4820 immundos
2719 4755 2971 4834 eoelum

570 4870 841 4933 Hui-ter,
880 4870 1126 4931 compend.
1165 4872 1427 4929 theologiae
1465 4872 1552 4931 111,
1597 4874 1675 4919 11.
1714 4872 1790 4918 ed.
2549 4867 2617 4915 40
