3538 5364
668 245 797 310 386
906 236 1090 289 Tract.
1110 233 1204 287 IX.
1221 231 1289 286 de
1306 231 1583 285 sacrificio
1598 230 1823 286 missae.
1849 232 1952 286 Th.
1971 231 2312 287 CCXXXIV.
2339 233 2612 290 Rationes
2635 235 3042 306 congruentiae

666 443 789 483 esse
823 422 1275 482 celebrationem
1306 419 1715 494 eucharistiae,
1763 437 1896 476 cum
1943 419 2016 477 de
2062 420 2232 478 nullo
2278 420 2394 478 alio
2427 421 2552 481 ritu
2583 423 2979 480 controversia
3022 423 3148 481 ulla
3187 424 3273 482 sit.

665 514 941 572 Rationes
970 513 1172 570 autem
1203 508 1623 585 congruentiae
1653 507 1762 566 hae
1793 510 1963 566 sunt:

851 597 911 663 l.
946 598 1266 677 Religionis
1296 600 1385 656 est
1415 598 1605 656 Deum
1638 595 1843 659 colere.
1908 596 2230 673 Religionis
2266 616 2406 675 ergo
2435 598 2897 674 perfectissimae
2929 601 3040 672 est,
3092 602 3270 661 Deum

663 690 1082 766 perfectissime
1113 687 1320 746 colere.
1382 685 1570 761 Atqui
1603 686 1804 744 cultus
1834 685 2291 761 perfectissimus
2334 690 2426 746 est
2468 688 2565 746 vel
2607 689 2824 747 natura
2868 688 3019 749 duce
3052 708 3159 764 per
3185 708 3270 749 sa-

666 779 895 837 crificia.
959 778 1117 854 Ergo
1146 776 1353 852 religio
1383 773 1805 850 perfectissima
1834 775 1869 835 i.
1903 792 1952 833 e.
1993 775 2308 834 christiana
2340 777 2508 835 cultu
2538 796 2659 836 non
2691 776 2912 836 carebit
2940 778 3270 838 sacrificiali.

841 864 906 930 2.
950 866 1136 925 Paulo
1181 882 1351 923 secus
1392 863 1596 922 eadem
1626 864 1777 922 ratio
1809 882 1943 922 cum
1976 863 2450 924 Bellarmino
2482 865 2580 937 VI,
2630 875 2710 929 20
2759 867 3012 942 proponi
3053 871 3268 943 potest:

666 957 897 1025 ,Tanta
925 958 1016 1015 est
1046 954 1383 1027 conjunctio
1411 953 1571 1011 inter
1598 953 1793 1028 legem
1825 971 1933 1011 seu
1967 953 2316 1030 religionem
2361 956 2424 1012 et
2466 954 2815 1013 sacrificium
2858 957 3170 1015 externum
3209 976 3271 1015 ac

662 1046 898 1123 proprie
931 1045 1174 1113 dictum,
1222 1047 1294 1102 ut
1339 1042 1576 1101 omnino
1621 1060 1855 1101 necesse
1899 1042 1994 1113 sit,
2041 1045 2148 1101 aut
2191 1042 2383 1120 legem
2413 1045 2476 1102 et
2504 1043 2848 1120 religionem
2882 1062 3019 1103 vere
3050 1048 3113 1103 et
3141 1064 3268 1122 pro·

660 1136 787 1212 prie
816 1135 879 1193 in
911 1133 1169 1193 Ecclesia
1200 1131 1414 1190 Christi
1443 1148 1567 1189 non
1595 1131 1858 1206 reperiri,
1907 1135 2011 1190 aut
2051 1131 2402 1191 sacrificium
2434 1150 2671 1208 quoque
2704 1136 3012 1192 externum
3045 1137 3112 1193 et
3139 1154 3267 1209 pro-

662 1226 784 1302 prie
816 1224 1039 1283 dictum
1071 1223 1133 1280 in
1165 1220 1378 1279 Christi
1407 1220 1667 1279 Ecclesia
1695 1220 1959 1296 reperiri.
2020 1221 2271 1280 Nullum
2304 1224 2397 1280 est
2439 1224 2658 1292 autem,
2706 1222 2758 1281 si
2799 1222 3037 1281 missam
3081 1224 3267 1286 tollas

660 1315 770 1373 Est
798 1315 985 1391 igitur
1015 1311 1202 1371 missa
1231 1307 1580 1369 sacrificium
1612 1311 1924 1368 externum
1955 1312 2017 1368 et
2059 1311 2295 1386 proprie
2325 1311 2600 1370 dictum!
2679 1311 2855 1370 Hunc
2886 1329 3025 1370 vero
3056 1328 3267 1371 nexum

657 1406 957 1462 testantur
975 1400 1206 1460 divinae
1222 1400 1448 1468 literae,
1483 1417 1553 1456 ex
1585 1398 1804 1473 quibus
1834 1398 2040 1473 liquet,
2076 1399 2181 1457 Dei
2215 1400 2443 1458 cultum
2476 1402 2537 1459 et
2567 1399 2848 1459 sacrificia
2875 1419 3000 1460 esse
3032 1419 3265 1471 coaeva3

658 1494 762 1551 illo
812 1493 1054 1550 florente
1102 1489 1198 1548 vel
1247 1487 1574 1547 collabente
1622 1487 1883 1564 viguisse
1932 1487 2026 1546 vel
2074 1487 2347 1547 defecisse
2392 1490 2570 1549 etiam
2616 1488 3030 1548 sacrificiorum
3061 1508 3265 1561 usum:

657 1583 906 1658 ideoque
940 1579 1096 1656 apud
1142 1595 1343 1637 omnes
1388 1578 1610 1653 gentes,
1657 1576 1816 1652 apud
1863 1594 2010 1649 quas
2053 1575 2354 1653 religionis
2384 1578 2682 1654 reperitur
2710 1578 3049 1656 vestigium,
3095 1579 3265 1638 sacri-

658 1670 789 1729 ficia
824 1687 1059 1747 quoque
1101 1666 1503 1743 reperiuntur.
1568 1664 1779 1740 Neque
1828 1665 2043 1724 mirum
2089 1683 2223 1724 cum
2264 1668 2502 1742 praeter
2541 1666 2888 1726 sacrificium
2934 1668 3139 1727 nullus
3188 1668 3266 1727 sit

656 1762 822 1818 actus
853 1759 1050 1817 cultus
1080 1756 1324 1824 externi,
1359 1754 1464 1829 qui
1495 1754 1579 1811 ita
1610 1754 1731 1813 Deo
1764 1754 1844 1812 sit
1872 1753 2164 1829 propriuS‚
2196 1757 2270 1812 ut
2298 1774 2417 1814 non
2450 1755 2579 1814 aliis
2612 1756 2792 1814 etiam
2825 1752 3123 1838 (quamvis
3152 1758 3265 1815 alia

656 1842 1017 1927 intentione)
1049 1845 1425 1904 exhibeatur:
1473 1842 1861 1917 improbabile
1906 1860 2044 1901 vero
2090 1845 2195 1913 est,
2244 1845 2307 1901 in
2352 1844 2639 1921 religione
2670 1846 2939 1904 omnium
2970 1846 3262 1921 perfectis-

655 1937 803 1995 sima
833 1937 1020 1994 Deum
1052 1952 1245 1993 carere
1277 1933 1446 1992 cultu
1476 1934 1716 1992 externo
1749 1931 2047 1991 exclusive
2077 1931 2188 2008 ipsi
2217 1934 2472 2009 proprio,
2534 1936 2681 1994 Sane
2712 1935 2944 1993 cultum
2975 1935 3263 1994 exclusive

655 2014 957 2101 proprium
988 2023 1169 2099 exigit
1198 2040 1429 2081 summa
1459 2021 1566 2080 Dei
1596 2021 1873 2096 majestas
1903 2021 2058 2079 nulli
2078 2024 2382 2081 creaturae
2402 2023 2744 2093 communiS,
2777 2041 2854 2082 ne
2883 2024 3071 2083 errori
3098 2042 3262 2099 prae·

653 2115 866 2173 beatur
897 2111 1135 2182 occasi0‚
1181 2111 1418 2170 nullum
1450 2128 1573 2169 esse
1604 2110 1914 2168 essentiale
1947 2109 2259 2169 discrimen
2304 2110 2463 2171 inter
2506 2112 2703 2187 ipsum
2746 2114 2808 2170 et
2854 2114 3168 2183 creaturas,
3215 2114 3262 2171 si

652 2223 773 2262 non
804 2204 971 2262 cultu
1002 2202 1212 2260 sallem
1242 2200 1443 2275 aliquo
1463 2198 2004 2258 incommunicabili
2023 2199 2373 2259 honoretur:
2407 2220 2541 2259 nam
2574 2203 2732 2260 recta
2763 2201 2913 2260 ratio
2945 2201 3144 2260 cultus
3164 2220 3261 2260 ex·

650 2292 807 2352 terni
839 2293 902 2351 in
932 2291 1044 2349 hoc
1072 2289 1363 2360 consistit,
1408 2289 1481 2346 ut
1516 2307 1622 2364 per
1651 2287 1968 2347 exteriores
1996 2288 2366 2348 reverentiae
2394 2288 2837 2349 testificationes
2866 2308 3261 2365 unumquem-

647 2401 762 2458 que
805 2382 869 2440 in
913 2399 1017 2439 suo
1065 2379 1254 2438 veluti
1295 2377 1484 2456 gradu
1528 2377 1900 2440 collocemus,
1969 2377 2139 2445 ,Hoc
2185 2378 2362 2436 etiam
2395 2377 2683 2450 videmus,
2728 2378 2927 2455 inquit
2957 2377 3032 2436 ad
3062 2397 3190 2438 rem
3219 2398 3262 2440 ε.

646 2472 962 2530 Thomas
1011 2478 1066 2531 2.
1112 2478 1146 2530 2
1182 2488 1236 2543 q.
1274 2477 1352 2531 85
1389 2487 1437 2528 a.
1475 2474 1531 2539 2,
1565 2466 1626 2524 in
1660 2466 1823 2523 omni
1855 2465 2160 2542 republica
2189 2467 2504 2538 observari,
2549 2468 2709 2544 quod
2740 2485 3042 2526 summum
3073 2470 3261 2527 recto-

644 2580 766 2619 rem
800 2559 1000 2634 aliquo
1032 2558 1200 2634 signo
1233 2554 1522 2632 singulari
1560 2555 1873 2626 honorant,
1918 2555 2078 2631 quod
2122 2556 2455 2631 cuicunque
2499 2556 2672 2615 alteri
2715 2555 3062 2628 deferretur,
3109 2560 3264 2616 esset

647 2649 866 2709 crimen
899 2648 1086 2706 laesae
1132 2644 1521 2726 majestatis.⁴1
1591 2642 1759 2713 Quod
1807 2647 2228 2722 argumentum
2274 2645 2424 2705 bene
2467 2648 2648 2723 urget
2688 2646 2965 2705 Petrus
3009 2663 3141 2706 ven.
3185 2650 3261 2705 tr.

643 2742 847 2799 contra
875 2735 1364 2795 Petrobrusianos
1397 2729 1674 2814 (Migne
1714 2742 1855 2805 189,
1895 2743 2018 2797 789
2054 2731 2169 2817 ss),
2218 2736 2322 2811 qui
2368 2736 2529 2794 inter
2559 2735 2672 2793 alia
2702 2730 2783 2816 (p.
2821 2743 2853 2797 7
2865 2731 2977 2815 93)
3025 2735 3114 2794 ita
3143 2735 3261 2794 dis·

644 2828 818 2887 serit:
871 2826 1128 2894 ,Mirum
1173 2823 1344 2881 valde
1389 2822 1438 2880 si
1482 2822 1860 2898 praecipuus,
1910 2826 1982 2881 ut
2022 2824 2149 2898 jam
2198 2824 2427 2883 dictum
2473 2826 2580 2894 est,
2627 2824 2868 2883 deitatis
2906 2825 3108 2883 cultus
3140 2825 3260 2883 Deo

641 2919 844 2975 nostro
876 2920 1141 2989 tempore
1171 2928 1291 2970 non
1323 2910 1605 2980 defertur,
1653 2911 1756 2986 qui
1804 2912 1965 2970 omni
1998 2916 2135 2971 ante
2167 2917 2370 2971 nostra
2400 2918 2667 2989 tempora
2696 2915 2977 2988 tempore,
3027 2931 3260 2972 summo

642 3005 854 3074 studi0,
888 3001 1142 3061 sollicita
1170 2999 1482 3059 devotione
1514 2999 2018 3075 frequentabatur.
2084 3001 2303 3060 Mirum
2335 3002 2383 3060 si
2418 3001 2722 3060 christiani
2756 3022 2790 3060 a
2820 3001 3119 3061 sacrificiis
3149 3003 3260 3061 uni

640 3095 761 3152 Deo
793 3089 1111 3150 offerendis
1156 3091 1450 3159 arcentur,
1498 3107 1633 3146 cum
1679 3089 2058 3163 patriarchae,
2104 3091 2444 3167 prophetae,
2484 3089 2707 3166 judaei,
2754 3091 3011 3167 gentiles
3056 3091 3259 3151 fideles

641 3181 714 3239 ab
758 3181 888 3256 ipso
933 3181 1055 3237 Deo
1100 3177 1214 3254 ipsi
1264 3179 1385 3236 Deo
1431 3177 1755 3236 sacrificare
1802 3181 2105 3255 cogantur.
2171 3179 2390 3238 Mirum
2421 3197 2582 3238 nunc
2614 3180 2871 3254 primum
2918 3180 2991 3239 de
3035 3182 3258 3239 mundo

639 3268 845 3328 divina
886 3267 1105 3327 auferri
1150 3266 1451 3338 sacrificia,
1499 3285 1634 3325 cum
1678 3285 1988 3342 nunquam
2020 3268 2281 3326 mundus
2324 3269 2386 3326 in
2432 3267 2742 3327 retroactis
2773 3268 3256 3346 generationibus

640 3359 762 3418 suis
793 3358 1016 3434 absque
1047 3356 1464 3415 sacrificiorum
1497 3356 1672 3414 sacris
1708 3356 1907 3414 fuerit.
1972 3357 2123 3414 Nam
2167 3376 2276 3416 nec
2320 3358 2385 3415 in
2431 3357 2738 3433 profundis
2782 3357 3152 3434 ignorantiae
3196 3367 3258 3416 et

639 3447 942 3524 nequitiae
974 3464 1112 3505 suae
1142 3445 1400 3504 tenebris
1432 3445 1518 3504 ita
1549 3464 1584 3503 a
1614 3446 1735 3504 Deo
1768 3445 1963 3519 periit,
2009 3448 2082 3503 ut
2125 3463 2243 3504 non
2289 3446 2538 3505 haberet
2568 3446 2816 3522 aliquOS,
2868 3446 2980 3505 etsi
3023 3465 3257 3522 paucoS,

640 3537 744 3613 qui
777 3539 839 3594 et
869 3554 978 3612 per
998 3535 1296 3611 justitiam
1329 3535 1516 3593 Deum
1553 3533 1817 3593 colerent
1852 3537 1914 3593 et
1958 3553 2063 3610 per
2093 3534 2377 3593 sacrificia
2407 3554 2543 3593 eum
2574 3554 2635 3593 se
2667 3535 2857 3593 colere
2888 3535 3256 3594 demonstra-

633 3630 786 3686 rent.
817 3626 899 3683 At
926 3644 1087 3683 nunc
1116 3624 1166 3682 si
1196 3623 1408 3682 novam
1438 3626 1699 3682 vestram
1730 3623 2062 3681 doctrinam
2081 3623 2338 3683 mundus
2372 3623 2663 3695 exaudiat,
2696 3623 2875 3682 faciet
2905 3624 3067 3699 quod
3098 3643 3258 3683 nun·

634 3736 812 3793 quam
843 3715 1061 3773 fecerat
1092 3758 1105 3771 .
1139 3758 1152 3770 .
1188 3756 1200 3769 .
1232 3712 1363 3770 Erit
1392 3712 1483 3770 his
1515 3712 1885 3788 temporibus
1914 3713 2162 3789 gratiae,
2194 3713 2354 3788 quod
2372 3729 2685 3787 nunquam
2715 3712 2833 3771 fuit
2861 3731 2971 3772 nec
2988 3715 3258 3790 tempore

631 3806 767 3876 irae,
815 3807 886 3864 ut
916 3801 1258 3862 christianis
1284 3801 1404 3859 Deo
1437 3801 1756 3859 sacrificare
1789 3801 2179 3876 cessantibuS,
2228 3802 2446 3877 cultus,
2496 3802 2600 3877 qui
2645 3820 2876 3877 semper
2918 3802 2986 3860 in
3028 3802 3258 3861 mundo

631 3895 844 3964 fuerat,
891 3892 1130 3951 omnino
1162 3892 1233 3949 de
1278 3889 1502 3947 mundo
1534 3893 1754 3965 pereat,
1802 3893 1862 3948 et
1906 3889 2012 3965 qui
2044 3890 2231 3948 Deum
2262 3889 2387 3948 ritu
2420 3908 2529 3949 suo
2561 3892 2760 3949 colens
2794 3891 2914 3948 Deo
2946 3909 3074 3950 esse
3107 3892 3255 3950 sub·

631 3983 795 4043 ditus
827 3982 1130 4058 probatur,
1165 3978 1394 4038 cultum
1426 3979 1555 4053 ejus
1585 3978 1869 4053 abjiciens
1900 3978 2124 4053 absque
2154 3979 2352 4053 aliquo
2374 3980 2493 4037 Deo
2512 3997 2752 4055 prorsus
2771 3998 2895 4038 esse
2914 3980 3254 4043 videatur.‘

809 4067 875 4133 3.
921 4068 1210 4144 Analogia
1252 4086 1387 4125 cum
1432 4085 1734 4144 synagoga
1778 4068 1840 4125 in
1883 4068 2144 4126 Ecclesia
2184 4067 2537 4126 sacrificium
2567 4067 2811 4144 aliquod
2843 4068 3064 4146 exigit:
3112 4088 3257 4128 nam

630 4178 929 4236 synagoga
958 4158 1078 4216 fuit
1107 4156 1397 4215 Ecclesiae
1432 4159 1641 4231 typus:
1691 4175 1831 4232 ergo
1863 4157 2055 4214 cultui
2085 4175 2191 4232 per
2223 4156 2506 4215 sacrificia
2535 4158 2733 4215 cultus
2765 4176 2904 4216 sane
2934 4158 3259 4234 perfectior

630 4268 737 4323 per
767 4246 1006 4322 aliquod
1040 4246 1251 4304 saltem
1283 4244 1632 4303 sacrificium
1677 4246 1741 4302 in
1787 4245 2045 4304 Ecclesia
2088 4245 2501 4321 respondebit:
2548 4265 2740 4322 neque
2787 4247 2948 4305 enim
2979 4246 3256 4306 Christus

629 4338 825 4395 omnia
855 4334 1179 4411 abrogavit,
1226 4352 1377 4410 quae
1408 4332 1473 4391 in
1505 4352 1810 4411 synagoga
1840 4334 2249 4405 servabantur,
2295 4335 2414 4392 imo
2447 4335 2622 4409 plura
2651 4334 2917 4410 perfecit,
2964 4347 3040 4395 ut
3080 4355 3256 4413 prae·

629 4428 798 4502 cepta
826 4423 1084 4492 moralia,
1119 4422 1469 4481 nominatim
1502 4442 1639 4481 vero
1674 4425 2057 4481 sacramenta.
2103 4422 2278 4481 Haud
2309 4423 2696 4500 improbabile
2729 4424 2915 4500 igitur
2949 4428 3055 4496 est,
3089 4426 3258 4503 quod

627 4513 941 4590 perfecerit
973 4511 1253 4570 sacrificia
1284 4512 1610 4570 substituto
1642 4511 1904 4580 meliori:
1951 4529 2138 4585 eoque
2183 4512 2370 4589 magis
2415 4514 2575 4588 quod
2622 4513 2973 4589 praecipuae
3018 4533 3256 4584 causae,

627 4607 868 4680 propter
911 4619 1061 4678 quas
1108 4601 1364 4676 populus
1406 4600 1714 4659 hebraicus
1745 4600 1958 4658 habuit
1987 4600 2280 4671 sacrificia,
2327 4602 2565 4660 valeant
2609 4604 2672 4660 et
2716 4621 2824 4677 pro
2873 4602 3255 4662 christianis:

626 4713 762 4752 nam
795 4696 857 4752 et
887 4691 948 4749 hi
980 4689 1359 4750 constituunt
1390 4689 1710 4748 Ecclesiam
1740 4689 2069 4760 visibilem:
2113 4691 2301 4748 Deum
2335 4690 2506 4749 cultu
2537 4690 2761 4749 visibili
2796 4686 2895 4771 (cf.
2929 4691 3209 4751 Thomu
3228 4712 3258 4749 s
