3538 5364
632 289 761 352 376
996 281 1180 335 'Fi-act.
1207 282 1300 338 IX.
1326 281 1395 337 de
1423 281 1788 340 eucharistia..
1814 282 2014 336 Thesis
2039 282 2350 339 CCXXXH.
2377 285 2446 338 de
2474 286 2873 342 communione

816 463 877 529 1.
908 462 1177 527 sufficiet
1208 463 1291 526 ad
1321 462 1753 544 praecipuum,
1787 482 1914 545 quo
1935 464 2224 529 nituntur
2239 463 2605 544 adversarii,
2626 467 3021 548 respondere
3055 486 3253 549 argu-

630 577 920 633 mentum
937 570 1207 649 petitum
1230 589 1310 633 ex
1327 569 1542 635 verbis
1560 568 1795 634 Christi
1811 571 1856 656 ¹)
1874 591 1889 633 :
1909 570 2053 634 Nisi
2068 572 2597 636 manducaveritis
2608 594 2859 638 carnem
2878 574 3033 638 Filii
3045 576 3254 639 homi-

630 678 729 740 nis
758 686 813 741 et
845 677 1123 741 biberitis
1156 678 1291 759 ejus
1319 678 1707 760 sanquinem,
1741 698 1868 741 non
1899 677 2199 742 habebitis
2225 681 2416 742 vitam
2432 681 2502 742 in
2520 681 2702 744 vobis,
2745 680 2838 743 Ex
2857 681 2957 744 his
2977 681 3156 745 enim
3176 699 3255 746 ea

630 784 983 848 necessitas
1015 802 1150 847 non
1170 785 1428 860 eruitur,
1451 783 1672 848 obstat
1690 784 1860 848 enim
1894 805 1957 854 a.
1994 784 2368 849 authentica
2385 786 2707 852 Ecclesiae
2738 787 2817 851 in
2834 794 2860 852 t
2875 808 2911 854 e
2927 808 2958 852 r
2973 809 3012 871 p
3031 809 3066 852 r
3081 807 3122 853 e
3138 795 3166 852 t
3181 807 3252 852 a-

630 890 766 967 tio,
800 890 982 971 cujus
1014 896 1129 966 est,
1162 890 1515 972 legitimum
1547 898 2040 973 praeceptorum
2072 892 2439 957 divinorum
2469 911 2773 960 enarrare
2805 913 3085 961 sensum.
3155 897 3254 960 Ad

628 999 793 1062 haec
823 999 891 1067 b.
921 998 1066 1061 loco
1101 997 1355 1079 objecto
1389 1016 1520 1061 non
1553 1004 1651 1062 est
1681 1017 1896 1063 sermo
1930 999 2009 1063 de
2054 999 2289 1063 modo
2335 1000 2723 1081 suscipiendi
2773 1003 3252 1081 eucharistiam,

631 1124 799 1186 quae
831 1104 1119 1168 noudum
1151 1110 1292 1168 erat
1311 1103 1621 1180 instituta,
1654 1105 1768 1168 sed
1801 1105 1880 1169 de
1912 1124 1994 1170 re
2026 1106 2361 1181 sumenda,
2381 1105 2509 1169 scil.
2533 1106 2613 1171 de
2633 1124 2828 1174 carne
2849 1115 2913 1174 et
2935 1111 3254 1191 sanguine

630 1211 1002 1290 SalvatoriS,
1048 1230 1214 1295 quae
1248 1230 1327 1275 ex
1360 1212 1443 1275 th.
1479 1209 1609 1280 228
1655 1211 1777 1275 sub
1826 1230 2215 1294 unaquaque
2261 1214 2628 1277 continetur
2676 1216 2920 1296 specie:
2973 1216 3253 1299 ideoque

631 1319 866 1385 Christi
909 1326 1257 1401 praecepto
1304 1319 1491 1383 unius
1538 1320 1774 1402 speciei
1818 1320 2183 1401 sumptione
2227 1320 2472 1385 satisfit.
2535 1319 2882 1387 Praeterea
2911 1343 2970 1394 c.
3002 1341 3252 1404 propo-

629 1429 777 1493 sitio
810 1426 918 1491 illa
948 1426 1326 1507 disjunctive
1360 1426 1562 1507 accipi
1593 1433 1824 1508 potest,
1871 1428 1962 1491 ita
2001 1427 2131 1491 scil.
2177 1428 2299 1491 nisi
2331 1428 2473 1509 quis
2504 1429 2994 1495 manducaverit
3024 1429 3120 1493 vel
3152 1428 3251 1493 bi·

630 1534 799 1598 berit
830 1540 966 1608 etc.,
1000 1534 1165 1597 sicut
1210 1533 1719 1614 disjunctive
1767 1535 1973 1615 accipi
2017 1534 2255 1599 debent
2296 1535 2498 1599 verba
2529 1534 2701 1600 Petri
2730 1536 2869 1601 Act„
2903 1542 2962 1615 3,
2996 1543 3068 1606 6:
3122 1538 3251 1600 Ar-

623 1647 878 1723 yentam
909 1649 966 1704 et
997 1660 1227 1703 aarum
1259 1661 1381 1704 non
1416 1648 1502 1704 est
1534 1641 1728 1718 miki,·
1789 1641 1898 1704 Ex.
1933 1646 2036 1717 21,
2075 1645 2156 1710 15
2193 1642 2343 1726 (see.
2376 1648 2626 1705 textum
2658 1641 2897 1728 hebr.):
2956 1644 3082 1722 Qui
3100 1664 3254 1727 per·

626 1750 880 1811 cassera
902 1754 1153 1832 patrem
1186 1756 1239 1811 et
1271 1755 1553 1829 matrem,
1599 1754 1795 1811 morte
1837 1749 2187 1827 moriatur;
2230 1747 2374 1811 LeV.
2410 1751 2513 1825 20,
2549 1753 2589 1817 9
2624 1756 2740 1813 ete.
2805 1748 2946 1829 Quo
2994 1752 3061 1813 in
3091 1768 3256 1814 casu

629 1855 805 1918 nulla
837 1853 1188 1918 difficultas
1252 1854 1331 1917 Et
1360 1873 1587 1919 revera
1620 1854 1860 1919 Paulus
1892 1854 2270 1936 disjunctive
2306 1855 2528 1920 scribit
2567 1862 2616 1923 1.
2653 1855 2793 1920 Cor.
2839 1862 2937 1933 11,
2962 1861 3044 1925 27
3064 1878 3079 1921 :
3115 1856 3252 1921 Ita-

625 1983 741 2047 que
777 1964 1118 2047 quicunque
1166 1962 1641 2026 manducaverit
1678 1982 1915 2045 panem
1958 1961 2122 2025 hunc
2170 1963 2259 2025 vel
2308 1961 2525 2025 biberit
2572 1965 2826 2027 calicem
2856 1962 3119 2027 Domini
3151 1965 3253 2025 in-

625 2072 830 2154 diqne,
862 2091 1006 2133 reus
1036 2074 1153 2134 erit
1185 2073 1465 2154 corporis
1514 2078 1569 2133 et
1615 2072 1946 2152 sanguinis
1979 2070 2253 2133 Domini.
2317 2067 2633 2151 Supponit
2683 2088 2835 2151 ergo
2869 2069 3250 2134 alterutrum

624 2178 995 2257 contingere
1025 2196 1237 2259 posse,
1270 2177 1443 2259 quod
1473 2196 1700 2241 verum
1734 2195 1865 2240 non
1900 2183 2015 2254 est,
2037 2176 2090 2239 si
2111 2182 2385 2258 utraque
2403 2177 2649 2257 species
2670 2177 3037 2242 necessario
3059 2176 3250 2240 simul

625 2291 723 2349 est
755 2285 1085 2349 sumenda.
1149 2284 1449 2350 Ceterum
1484 2286 1555 2352 d.
1591 2286 1673 2348 ad
1705 2282 2142 2348 difficultatem
2174 2284 2549 2347 solvendam
2605 2289 2976 2365 opportuna
3008 2290 3108 2348 est
3140 2302 3247 2347 ar-

624 2392 1019 2471 gumentatio
1054 2390 1306 2455 concilii
1360 2392 1537 2454 trid.
1571 2410 1724 2456 sess.
1760 2396 1842 2458 21
1880 2409 1932 2453 c.
1971 2395 2038 2457 1:
2080 2388 2237 2469 ,Qui
2269 2390 2458 2453 dixit:
2523 2388 2666 2452 Nisi
2711 2391 3246 2454 manducaveritis

624 2504 761 2575 etc„
795 2498 955 2562 dixit
986 2517 1272 2580 quoque:
1339 2500 1407 2561 Sa·
1451 2500 1588 2581 quis
1632 2498 2104 2561 manducaverit
2150 2520 2224 2559 ea:
2272 2497 2382 2560 hoc
2406 2516 2597 2580 pane,
2631 2500 2784 2562 vivet
2816 2499 2884 2559 in
2918 2504 3244 2561 aeternum

623 2608 706 2692 (v.
737 2606 868 2693 52).
902 2606 977 2669 Et
1011 2605 1120 2688 qui
1152 2605 1344 2668 dixit:
1384 2606 1507 2684 Qui
1538 2604 1880 2668 manducat
1895 2624 2096 2667 meam
2117 2624 2366 2667 carnem
2387 2610 2442 2666 et
2463 2604 2610 2666 bibit
2630 2624 2827 2667 meum
2851 2606 3243 2689 sanquinem,

624 2715 801 2778 habet
834 2717 1025 2777 vitam
1060 2722 1379 2777 aeternam
1412 2713 1492 2797 (v.
1515 2713 1648 2796 55),
1670 2711 1830 2774 dixit
1850 2712 2075 2775 etiam:
2110 2712 2331 2794 Pania,
2364 2732 2540 2795 quem
2573 2731 2679 2794 eqo
2713 2713 2893 2794 daha,
2926 2732 3069 2775 caro
3105 2732 3244 2775 mea

623 2831 712 2886 est
739 2841 860 2905 pro
891 2820 1113 2883 mundi
1144 2821 1288 2885 vita.
1350 2818 1428 2880 Et
1458 2818 1732 2900 denique
1765 2818 1874 2900 qui
1906 2818 2093 2882 dixit:
2140 2820 2265 2898 Qui
2295 2819 2638 2882 manducat
2669 2838 2871 2883 meam
2901 2839 3154 2883 carnem
3187 2825 3241 2881 et

624 2928 774 2991 bibit
806 2947 1008 2990 meum
1040 2926 1429 3008 sanquinem,
1461 2927 1529 2986 in
1561 2945 1655 2987 me
1685 2932 1915 3008 manet,
1947 2932 2002 2989 et
2033 2945 2140 3009 eqo
2172 2927 2236 2988 in
2273 2925 2396 2999 illo,
2433 2926 2589 2988 dixit
2623 2924 3064 2989 nihilominus:
3115 2924 3243 3003 Qui

621 3035 971 3098 manducat
1002 3035 1163 3096 hunc
1188 3051 1438 3116 panem,
1468 3033 1626 3095 vivet
1657 3033 1723 3094 in
1758 3039 2132 3101 aeternum,‘

800 3160 864 3226 2.
899 3156 1279 3221 Communio
1312 3156 1431 3219 sub
1464 3164 1736 3239 utraque
1768 3157 1980 3237 specie
2022 3162 2172 3219 tunc
2221 3156 2380 3221 forte
2415 3164 2584 3222 esset
2616 3159 2986 3222 necessaria
3017 3158 3099 3221 ad
3131 3176 3239 3220 sa-

622 3263 838 3338 lutem,
873 3264 926 3328 si
957 3264 1075 3327 sub
1108 3271 1379 3347 utraque
1411 3264 1554 3347 plus
1586 3266 2038 3341 contineretur,
2072 3282 2267 3347 quam
2287 3265 2406 3329 sub
2427 3283 2573 3328 una.
2607 3265 2804 3346 Atqui
2824 3284 2902 3330 ex
2923 3265 3087 3331 thesi
3108 3271 3237 3335 228

623 3371 743 3434 sub
778 3371 1006 3453 quavis
1038 3371 1251 3452 specie
1285 3379 1458 3436 totus
1508 3379 1703 3454 atque
1748 3374 1995 3452 integer
2039 3378 2138 3436 est
2168 3371 2477 3450 Christus,
2512 3373 2620 3454 qui
2652 3389 2852 3436 causa
2884 3381 2985 3438 est
3014 3372 3239 3438 efficax

622 3478 866 3559 gratiae
899 3484 964 3542 et
993 3478 1185 3557 vitae,
1217 3479 1299 3542 ad
1333 3497 1528 3561 quam
1561 3479 2070 3544 conservandam
2103 3480 2590 3561 augendamque
2611 3479 2736 3543 hoc
2756 3485 3238 3545 sacramentum

621 3585 907 3649 instituit.
971 3584 1155 3650 Nulla
1207 3605 1359 3668 ergo
1410 3588 1469 3664 ii,
1522 3587 1629 3669 qui
1675 3604 1873 3650 unam
1922 3592 2172 3650 tantum
2208 3585 2532 3666 accipiunt
2577 3586 2875 3667 speciem,
2908 3588 3239 3668 privantur

842 3872 876 3940 ¹)
904 3868 1069 3923 Joan.
1110 3877 1159 3932 6,
1202 3878 1286 3924 54.
1338 3869 1538 3937 Neque
1579 3869 1730 3922 enim
1773 3869 2080 3937 quisquam
2120 3872 2234 3924 tam
2275 3869 2508 3939 ineptus
2558 3870 2682 3933 erit,
2735 3873 2802 3923 ut
2850 3872 3122 3941 provocet
3167 3868 3240 3922 ad

620 3950 826 4004 Matth.
854 3953 940 4014 26,
970 3952 1067 4007 27:
1094 3953 1166 4003 Et
1192 3955 1459 4018 accipiens
1484 3953 1693 4004 calicem
1714 3956 1926 4018 yrate'as
1950 3953 2052 4018 eyit
2075 3958 2122 4003 et
2146 3953 2290 4003 dedit
2313 3953 2421 4003 illis
2446 3953 2652 4004 dt'cens:
2695 3953 2848 4004 bibite
2874 3969 2940 4004 ex
2964 3968 3022 4004 eo
3047 3967 3243 4018 omnes,

619 4032 686 4082 ut
712 4030 846 4084 inde
871 4030 1100 4095 inferat,
1128 4046 1320 4085 omnes
1345 4030 1540 4083 fideles
1565 4033 1870 4101 praecepto
1898 4027 2098 4082 divino
2125 4028 2305 4083 teneri
2331 4029 2405 4082 ad
2432 4028 2744 4084 bibendum
2785 4028 3038 4084 calicem.
3089 4028 3244 4082 Haec

616 4110 771 4163 enim
801 4110 974 4164 verba
1000 4110 1280 4165 rationem
1298 4109 1506 4164 habere
1523 4113 1767 4180 possunt
1780 4109 2198 4163 exhortationis
2214 4112 2272 4163 et
2286 4109 2675 4169 invitationis:
2705 4109 2858 4178 quod
2885 4108 2936 4163 si
2959 4109 3242 4163 rationem

618 4191 838 4244 habent
862 4189 1170 4260 praecepti,
1199 4190 1460 4260 spectant
1479 4190 1767 4259 apostolos
1788 4211 1799 4243 :
1825 4189 1960 4243 hinc
1981 4189 2206 4244 Marcus
2232 4199 2313 4255 14,
2334 4195 2402 4246 23
2423 4190 2689 4258 subjicit:
2716 4192 2786 4244 Et
2804 4192 3048 4244 biberunt
3066 4207 3134 4242 ex
3155 4190 3246 4241 {110

616 4289 804 4325 omnes.
857 4269 917 4324 Si
945 4287 1075 4324 vero
1104 4269 1186 4323 ita
1212 4272 1508 4340 urgentur,
1549 4272 1615 4323 ut
1637 4270 1773 4324 inde
1801 4273 2037 4324 eruatur
2062 4273 2429 4342 praeceptum
2458 4287 2651 4324 omnes
2678 4269 2959 4339 obligans,
2986 4282 3244 4336 sequere-

618 4353 731 4414 tur,
762 4351 949 4414 totieS,
977 4350 1203 4419 quoties
1230 4350 1551 4405 celebratur
1576 4350 1940 4413 eucharistia,
1968 4367 2160 4405 omnes
2187 4352 2476 4418 quotquot
2499 4349 2726 4415 adsunt,
2754 4347 2978 4403 nemine
3004 4350 3242 4418 excepto

620 4430 805 4485 teneri
829 4430 902 4483 ad
930 4430 1402 4494 communionem,
1431 4430 1585 4497 quod
1613 4430 1837 4494 falsum,
1866 4429 2021 4499 quod
2050 4429 2379 4483 inauditum
2420 4432 2478 4483 et
2518 4431 2797 4485 absonum
2823 4432 2924 4484 est.
2976 4429 3240 4482 Ceterum

620 4513 741 4576 iam
769 4509 1090 4565 Guilelmus
1116 4510 1185 4564 de
1213 4510 1254 4565 C
1270 4527 1304 4564 a
1320 4529 1376 4564 m
1393 4529 1431 4581 p
1448 4509 1588 4565 elli
1606 4528 1630 4564 s
1657 4514 1703 4581 (†
1735 4514 1890 4582 1121)
1919 4510 2182 4579 quamvis
2208 4513 2441 4580 propter
2460 4509 2682 4580 praxim
2701 4509 3000 4577 antiquam
3023 4510 3244 4562 statuat

618 4589 975 4643 retinendam
1004 4606 1121 4643 esse
1150 4593 1453 4660 utramque
1494 4590 1755 4661 speciem,
1797 4593 1988 4644 tamen
2032 4589 2114 4643 ita
2155 4589 2502 4660 pronunciat
2540 4589 2608 4643 de
2649 4605 2787 4642 sacr.
2827 4586 3027 4642 altaris
3053 4585 3240 4660 (Mig.

623 4677 740 4733 163,
771 4673 926 4740 1040)
949 4692 960 4723 :
1014 4669 1210 4733 „Quod
1237 4670 1466 4734 dicitur,
1492 4673 1797 4739 utramque
1825 4671 2065 4742 speciem
2095 4674 2357 4741 oportere
2383 4668 2586 4738 accipi,
2630 4668 2878 4722 haeresis
2903 4667 3075 4738 plane
3103 4669 3236 4730 est,-

617 4768 748 4803 cum
776 4749 912 4816 scil.,
941 4752 1007 4803 ut
1032 4750 1303 4815 inculcat,
1332 4753 1488 4804 totus
1516 4750 1775 4805 Christus
1802 4750 1877 4804 sit
1902 4751 1961 4805 in
1993 4754 2238 4820 utraque
2266 4748 2467 4820 specie.
