3538 5364
565 285 694 348 100
1012 273 1197 327 Tract.
1224 273 1372 327 Vm.
1399 273 1469 328 de
1495 268 1700 344 gratia.
1727 272 1926 329 'rhesis
1953 272 2191 328 CXCIII.
2220 270 2392 327 Varia
2418 272 2723 340 systemata

559 462 753 539 gratia
783 462 876 519 est
902 459 1145 529 ¹efficax3
1194 479 1498 535 nunquam
1530 478 1670 518 vero
1700 459 1834 518 ideo
1866 460 2118 537 gratiam
2152 479 2275 520 esse
2307 458 2616 528 efficacem,
2663 457 2806 534 quia
2834 456 3012 515 homo
3043 475 3179 515 con·

560 551 775 610 sentit:
820 549 1089 624 alioquin
1133 549 1291 607 Deus
1337 568 1458 608 non
1501 552 1660 607 esset
1698 567 1877 607 causa
1905 549 2100 624 prima
2142 552 2206 608 et
2246 548 2593 607 immediata
2624 547 2806 622 hujus
2837 564 3178 616 consensus,

560 644 991 714 consequenter
1022 655 1129 697 nec
1161 638 1413 711 salutis,
1440 644 1500 697 et
1540 641 1810 696 creatura
1841 638 1955 696 sibi
1990 638 2140 697 hanc
2171 637 2640 713 praerogativam
2676 638 2996 713 arrogaret.
3059 635 3180 712 lgi-

559 732 662 786 tur
690 748 758 786 ex
791 727 1374 804 omnipotentissima
1405 727 1512 785 Dei
1541 726 1850 785 voluntate
1882 731 1944 786 et
1981 746 2255 803 supremo
2287 729 2419 804 ejus
2451 725 2717 785 dominio
2752 744 2935 800 super
2966 725 3179 783 volun-

556 820 710 876 tates
742 821 977 876 nostras
1009 816 1150 875 haec
1181 816 1377 893 gratia
1408 817 1585 875 habet
1616 834 1785 873 suam
1816 816 1940 875 vim
1970 820 2032 875 et
2063 816 2441 874 infallibilem
2472 814 2851 874 efficaciam.‘
2901 813 2994 872 Ita
3026 814 3175 872 Bil-

556 907 771 965 luart
814 906 886 965 de
931 925 1017 983 gr.
1054 916 1088 970 5
1124 926 1175 964 a.
1211 914 1245 967 2
1283 901 1315 971 ἓ
1353 914 1407 967 2.
1474 905 1628 963 Hinc
1673 904 1740 968 6.
1792 906 2168 981 explicantur
2196 904 2498 963 corollarii
2528 905 2702 962 modo
2734 903 2932 961 omnia
2962 901 3176 961 discri-

558 997 733 1065 mina,
767 1014 919 1072 quae
950 995 1332 1053 intercedunt
1361 994 1520 1053 inter
1550 992 1908 1053 banesianos
1940 998 2003 1053 et
2034 995 2384 1054 molinistaS.
2435 994 2719 1069 Sequitur
2749 992 2907 1051 enim
2939 1011 3011 1051 ex
3041 991 3178 1051 illo-

555 1104 692 1143 rum
721 1085 1000 1160 opinione
1029 1099 1097 1147 a.
1132 1085 1182 1142 si
1215 1084 1332 1142 duo
1366 1084 1575 1142 iisdem
1607 1084 1852 1142 auxiliis
1884 1085 2372 1160 praeveniuntur,
2404 1086 2734 1157 utrumque
2765 1082 2863 1140 vel
2893 1087 3178 1140 neutrum

556 1174 923 1244 consentire3
973 1170 1040 1237 b.
1086 1173 1342 1250 gratiam
1373 1172 1663 1235 efficacem
1695 1175 1758 1232 et
1789 1172 2184 1232 sufficientem
2213 1174 2523 1250 objective,
2571 1191 2653 1230 en
2672 1170 3037 1240 titative,
3083 1170 3174 1228 in·

554 1263 847 1322 trinsecus
879 1260 1193 1343 differre²)‚
1240 1280 1373 1321 cum
1420 1262 1560 1322 haec
1604 1261 1707 1319 det
1749 1265 1989 1320 tantum
2035 1281 2292 1339 posse,
2341 1261 2449 1319 illa
2491 1280 2629 1320 vero
2674 1260 2873 1336 ipsum
2918 1278 3176 1336 agere;

556 1364 617 1416 (3.
650 1352 876 1429 gratiae
909 1351 1223 1410 efficaciam
1245 1353 1419 1410 unice
1438 1351 1694 1427 pendere
1727 1371 1762 1408 a
1792 1351 2020 1428 gratiae
2051 1352 2249 1409 indole
2281 1356 2344 1410 et
2373 1344 2605 1418 natura,
2640 1368 2889 1423 eamque
2920 1345 2990 1411 (l.
3026 1349 3177 1424 phy·

556 1441 735 1500 sicam
766 1441 1006 1500 omnino
1036 1460 1179 1510 esse,
1226 1459 1348 1499 non
1394 1441 1713 1500 consistere
1746 1441 1811 1498 in
1842 1441 2188 1499 causalitate
2219 1440 2459 1505 morali:
2507 1454 2566 1503 e.
2615 1437 3174 1514 praedestinationis

556 1530 979 1589 certitudinem
1029 1531 1283 1606 pendere
1332 1529 1405 1587 ab
1458 1520 1595 1605 ipsa¹
1635 1529 1856 1606 gratia:
1909 1548 2061 1605 quae
2107 1531 2307 1588 omnia
2352 1529 2684 1588 molinistae
2718 1531 2958 1604 negant.
3023 1527 3182 1604 Lege

554 1619 1036 1693 disquisitionem
1067 1618 1573 1677 accuratissimam
1596 1618 2127 1695 Selbstzeichnung
2160 1618 2263 1678 der
2292 1617 2746 1678 thomistiscben
2766 1616 3178 1676 Gnadenlehre

553 1712 793 1766 auctore
826 1709 899 1766 M.
933 1708 1007 1765 Li
1031 1708 1351 1783 mbourg
1384 1711 1438 1768 S.
1469 1708 1525 1765 J.
1559 1709 1624 1765 in
1653 1708 1791 1767 fasc.
1826 1707 1916 1770 lit.
1953 1708 2294 1766 Zeitschrift
2324 1709 2422 1765 fur
2450 1707 2613 1769 kath.
2645 1706 2961 1783 Theologie
2995 1705 3173 1764 Oeni-

555 1797 923 1872 ponti1⁸77
960 1816 1091 1874 pag.
1135 1808 1246 1860 161
1290 1815 1393 1866 ss.;
1441 1797 1790 1874 Morgott
1820 1796 1975 1854 KL.2
2005 1797 2257 1867 1‚194s
2293 1815 2399 1865 SS.;
2445 1796 2672 1853 Frins
2704 1814 2747 1857 s,
2780 1795 3035 1853 Thomae
3067 1797 3180 1869 Aq.

554 1884 824 1944 doctrina
855 1886 926 1944 de
959 1886 1364 1961 cooperatione
1396 1886 1502 1945 Dei
1536 1905 1672 1944 cum
1702 1882 1866 1944 omni
1913 1892 2130 1944 natura
2175 1889 2386 1955 creata,
2435 1884 2670 1943 Parisiis
2713 1894 2873 1947 1893
2912 1879 2944 1949 ἓ
2981 1892 3015 1945 2
3053 1904 3100 1941 a.
3150 1895 3166 1945 l

553 1977 614 2032 et
645 1975 971 2034 Bastida
1006 1975 1103 2049 VI,
1143 1986 1199 2037 6.

741 2109 881 2162 113.
913 2099 1253 2159 Secundum
1285 2100 1900 2177 augustinianos
1935 2100 2201 2174 aliosque
2234 2100 2458 2176 gratiae
2490 2098 2751 2157 efficacia
2779 2098 2844 2156 in
2875 2098 3179 2173 praesenti

553 2206 753 2246 rerum
787 2188 992 2248 ordine
1026 2191 1299 2249 consistit
1330 2192 1393 2248 in
1425 2190 1967 2249 delectatione
2011 2189 2262 2248 relative
2306 2188 2646 2247 victrice
2678 2207 2782 2246 seu
2816 2187 2880 2244 in
2911 2187 3178 2251 caritate.

554 2295 705 2352 quae
755 2297 865 2336 sua
914 2280 1209 2356 graduum
1256 2279 1593 2339 intensione
1641 2281 1884 2354 superet
1929 2277 2282 2337 contrariam
2328 2277 2675 2353 cupiditatis
2707 2275 3179 2338 delectationem.

554 2366 920 2442 Principium
956 2370 1115 2427 enim
1146 2388 1350 2427 eorum
1385 2367 1827 2428 fundamentale
1859 2371 1968 2438 est,
2005 2367 2374 2425 voluntatem
2406 2367 2632 2425 moveri
2663 2365 3055 2425 delectatione
3087 2369 3175 2423 at·

555 2473 671 2529 que
703 2473 935 2531 semper
965 2458 1136 2533 sequi
1168 2458 1614 2517 delectationem
1644 2457 1894 2515 relative
1927 2456 2224 2532 majorem.
2293 2455 2369 2513 Hi
2407 2456 2870 2532 distinguuntur
2914 2475 2948 2513 a
2993 2452 3173 2513 bafie-

553 2543 753 2614 sianis,
787 2548 920 2604 tum
938 2547 1079 2621 quia
1100 2547 1562 2623 praemotionem
1584 2548 1838 2603 tuentur
1867 2563 1990 2603 non
2020 2544 2340 2620 physicam,
2373 2544 2475 2603 sed
2506 2548 2742 2603 tantum
2775 2563 2833 2603 m
2853 2544 3178 2602 oralem:

551 2636 680 2692 tum
714 2633 858 2711 quia
888 2640 1115 2713 negant
1144 2636 1465 2695 discrimen
1496 2634 1814 2694 essentiale
1845 2634 2005 2693 inter
2035 2634 2284 2711 gratiam
2320 2633 2715 2693 sufficientem
2760 2636 2822 2693 et
2860 2632 3171 2700 efficacem,

553 2742 684 2781 nam
719 2723 925 2782 eadem
956 2727 1148 2801 gratia
1193 2729 1366 2783 antea
1409 2725 1724 2793 sufficiens,
1778 2730 2044 2783 cessante
2078 2724 2468 2782 delectatione
2513 2723 2754 2797 carnali,
2804 2723 2930 2781 fieri
2975 2727 3183 2798 potest

551 2811 773 2871 efficax.
840 2813 1133 2872 Differunt
1179 2834 1212 2871 a
1249 2813 1784 2889 jansenianis,
1833 2814 1976 2888 quia
2006 2817 2229 2890 negant
2260 2813 2712 2873 delectationem
2744 2813 3047 2871 victricem
3081 2807 3173 2869 in·

553 2902 703 2959 ferre
736 2904 1158 2971 necessitatem,
1194 2903 1335 2961 licet
1366 2921 1434 2961 ea
1463 2902 1659 2978 posita
1689 2906 1858 2961 actus
1891 2903 1951 2960 vi
1986 2902 2177 2978 ipsius
2197 2902 2600 2961 infallibiliter
2629 2906 2915 2976 sequatur
2945 2901 3069 2959 sive
3102 2900 3182 2959 ob

552 2991 1151 3064 contemperationem
1185 2995 1246 3050 et
1283 2991 1734 3068 congruentiam
1766 2991 1992 3068 gratiae
2027 3009 2162 3049 cum
2195 2992 2452 3050 hominis
2483 2992 2682 3050 indole
2715 2992 2841 3049 sive
2875 2990 2950 3049 ob
2983 2989 3174 3049 delec-

549 3079 794 3136 tationis
827 3098 1161 3138 excessum:
1209 3099 1403 3156 neque
1435 3081 1592 3139 enim
1627 3080 1919 3156 ejusmodi
1970 3081 2036 3138 in
2081 3081 2316 3139 casibus
2349 3099 2567 3139 nexum
2599 3083 2826 3139 certum
2860 3085 2920 3138 et
2952 3079 3178 3137 infalli-

550 3165 732 3225 bilem
765 3166 1062 3226 adversari
1094 3172 1337 3228 censent
1368 3169 1651 3228 libertati.
1701 3170 1869 3230 Sicut
1898 3170 2058 3228 enim
2078 3169 2254 3227 homo
2275 3169 2539 3246 prudens
2562 3169 2989 3228 deliberatione
3008 3186 3176 3243 prae·

550 3254 728 3312 missa
758 3275 1067 3330 nunquam
1097 3258 1294 3317 nudus
1325 3259 1548 3317 incedit
1580 3278 1685 3334 per
1715 3260 1959 3334 plateaS,
2007 3257 2126 3317 etsi
2171 3259 2243 3316 ad
2282 3258 2392 3317 boc
2425 3258 2506 3316 sit
2537 3258 2720 3316 liber:
2766 3258 2853 3315 ita
2895 3257 3178 3316 voluntas

551 3347 724 3401 aucta
742 3346 950 3421 gratia,
985 3365 1134 3421 quae
1166 3351 1275 3416 est,
1308 3350 1380 3406 ut
1408 3366 1543 3406 cum
1577 3347 2024 3424 Augustino
2059 3348 2391 3421 loquamur,
2427 3346 2883 3416 ,occultissima
2917 3346 3180 3416 interna,

548 3432 840 3492 mirabilis
885 3453 952 3493 ac
994 3435 1311 3495 ineffabilis
1356 3441 1634 3513 potestaS,
1681 3437 1993 3512 inspiratio
2025 3435 2512 3512 flagrantissimae
2557 3454 2626 3494 ac
2678 3435 3178 3494 luminosissimae

548 3522 832 3590 caritatis,
866 3525 1144 3583 voluntas
1179 3526 1581 3585 efficacissima
1611 3544 1677 3584 ac
1716 3525 2318 3602 omnipotentissima,
2366 3544 2518 3600 quae
2563 3544 2631 3583 ex
2677 3525 3023 3583 nolentibus
3070 3542 3174 3582 vo-

548 3610 736 3669 lentes
770 3611 913 3671 facit
945 3614 1350 3690 humanasque
1381 3616 1509 3692 agit
1539 3615 1876 3674 voluntates
1909 3614 2399 3690 insuperabiliter
2443 3618 2504 3672 et
2547 3607 3174 3694 indeclinabiliter2),‘

550 3703 715 3758 tanto
747 3700 901 3760 dono
942 3703 1240 3762 illustrata
1284 3706 1345 3762 et
1391 3724 1424 3762 a
1471 3704 1867 3779 compedibus,
1921 3704 2142 3779 quibus
2187 3706 2314 3762 erat
2359 3703 2625 3775 obnoxia,
2678 3703 2945 3772 liberata,
2994 3702 3175 3778 eliget

548 3807 720 3847 omne
736 3790 814 3860 id,
833 3791 905 3849 ad
924 3794 1081 3866 quod
1100 3792 1240 3850 talis
1252 3793 1447 3869 gratia
1462 3793 1709 3863 inducit,
1730 3812 1836 3851 seu
1853 3793 2009 3868 quod
2028 3792 2104 3851 ob
2121 3793 2375 3869 gratiam
2387 3793 2576 3869 magis
2589 3811 2697 3851 nos
2710 3792 2974 3862 delectat,
2995 3810 3178 3865 quarn

547 3877 846 3952 objectum
879 3881 1234 3956 oppositum.
1283 3881 1367 3942 cf.
1399 3882 1616 3941 Berti
1652 3881 1723 3939 de
1756 3882 2013 3958 theolog.
2047 3881 2276 3957 discipl.
2309 3881 2347 3939 l.
2389 3892 2464 3944 14
2489 3900 2535 3939 c.
2562 3892 2595 3942 8
2632 3900 2795 3957 prop.
2831 3889 2903 3950 43
2938 3879 2992 3937 N
3011 3880 3126 3937 ori
3146 3897 3174 3937 s

548 3965 689 4024 diss,
703 3968 1039 4042 janseniani
1057 3971 1272 4028 erroris
1288 3971 1584 4029 calumnia
1602 3971 1840 4042 subl-ata
1857 3991 1948 4046 op.
1970 3971 2074 4040 111,
2102 3981 2262 4033 1057
2287 3988 2396 4038 ss,;
2430 3969 2796 4028 Mazzella
2828 3970 2881 4027 d.
2908 3980 2942 4030 3
2965 3989 3016 4028 a.
3039 3979 3091 4031 5.
3117 3979 3181 4030 6.

771 4107 805 4174 ¹)
836 4103 1065 4166 „Gratia
1090 4103 1419 4158 thomistice
1445 4103 1735 4159 sufficiens
1761 4104 1844 4158 ita
1873 4121 1941 4158 ex
1969 4108 2178 4159 natura
2206 4121 2309 4158 sua
2336 4104 2716 4157 essentialiter
2737 4103 2875 4158 disti
2898 4103 3120 4174 ignitur
3141 4119 3176 4156 a

546 4181 736 4252 gratia
763 4182 1081 4238 thomistice
1108 4183 1345 4248 efficaci,
1370 4186 1442 4238 ut
1466 4200 1763 4252 nunquam
1796 4186 1855 4238 et
1878 4184 1940 4240 in
1966 4185 2131 4240 nullo
2158 4201 2295 4239 casu
2322 4183 2510 4255 gratia
2536 4184 2826 4237 sufficiens
2842 4182 3178 4237 thomistice

548 4263 784 4315 evadere
812 4259 992 4333 possit
1015 4257 1201 4332 gratia
1228 4263 1429 4317 efficax
1456 4263 1803 4327 thomistice,
1844 4281 1948 4319 nec
1977 4282 2230 4333 unquam
2274 4266 2526 4334 ponatur
2544 4266 2707 4318 actus
2734 4262 3035 4327 secundus,
3063 4262 3176 4316 nisi

547 4342 844 4397 accesserit
857 4342 1044 4412 gratia
1061 4343 1259 4397 efficax
1277 4344 1654 4399 thomistice.'⁴·
1687 4341 1735 4398 G
1754 4362 1830 4398 ra
1846 4363 1879 4398 v
1898 4361 1927 4399 e
1945 4363 1970 4399 s
1988 4363 2018 4400 o
2037 4364 2075 4399 n
2102 4346 2157 4400 cl
2196 4352 2222 4400 1
2248 4363 2318 4415 ep
2364 4352 2385 4400 l
2412 4363 2466 4398 n.
2489 4349 2523 4398 3
2544 4364 2598 4414 p.
2626 4350 2688 4400 12
2716 4361 2757 4397 s.
2785 4343 2997 4399 Romae
3022 4347 3177 4399 1728.

762 4426 805 4494 ²)
835 4421 907 4476 Cf
933 4423 1259 4478 testimonia
1276 4424 1433 4496 apud
1450 4424 1493 4478 B
1506 4442 1534 4478 e
1547 4424 1642 4478 rti
1667 4441 1799 4479 mox
1816 4425 1912 4480 cit.
1930 4442 1974 4478 c.
1993 4432 2040 4481 9.
2071 4424 2178 4478 Sed
2199 4423 2326 4493 quis
2344 4441 2458 4478 non
2475 4421 2651 4490 videt,
2668 4424 2772 4477 has
2788 4425 2888 4476 Au
2901 4442 2939 4496 g
2952 4439 2988 4476 ιι
3003 4421 3095 4475 sti
3108 4421 3179 4476 ni

546 4501 957 4573 descriptiones
981 4504 1202 4573 gratiae
1243 4521 1358 4560 non
1386 4520 1546 4575 posse
1586 4503 1872 4575 applicari
1912 4522 1944 4560 o
1961 4525 2017 4560 m
2033 4503 2110 4559 ni
2148 4504 2369 4575 gratiae
2415 4503 2543 4560 boni
2588 4503 2788 4575 operis
2842 4502 3079 4556 Utinam
3108 4518 3180 4556 ne

546 4582 749 4636 fierent
772 4599 807 4637 a
832 4583 1116 4654 theologis
1142 4584 1425 4655 ejusmodi
1450 4585 1647 4648 saltus,
1693 4584 1907 4653 quibus
1947 4589 2144 4638 contra
2187 4600 2411 4638 omnem
2452 4584 2719 4655 logicam,
2761 4581 2915 4652 quod
2958 4581 3028 4635 de
3068 4581 3178 4635 sin·

544 4661 904 4732 gularissima
921 4662 1119 4732 aliqua
1134 4665 1322 4736 gratia
1338 4668 1426 4718 est
1444 4664 1682 4729 dictum,
1703 4665 2027 4718 affirmatur
2047 4664 2116 4718 de
2144 4681 2230 4732 qu
2243 4680 2369 4716 acu
2382 4682 2416 4716 n
2432 4681 2519 4731 qn
2533 4681 2563 4718 e
2589 4662 2779 4734 gratia
2807 4661 2945 4717 boni
2971 4661 3183 4732 operis,

548 4745 601 4798 ν’.
626 4761 712 4814 gr.
738 4743 808 4800 de
833 4745 1021 4815 gratia
1047 4748 1120 4801 ad
1148 4747 1609 4815 qualemcunque
1636 4745 2076 4800 oratiunculam.
2104 4744 2188 4800 Cf.
2215 4744 2369 4799 infra
2395 4761 2450 4799 n.
2482 4750 2627 4801 130³.
