3538 5364
566 294 704 357 444
1229 282 1413 336 Tract.
1442 284 1533 336 IX.
1563 282 1632 336 de
1660 282 2039 352 poenitentia.
2068 282 2205 352 Ejus
2231 283 2551 337 necessitas,

572 474 807 532 statem
840 466 1116 530 clavium
1149 464 1567 529 obtinendam
1600 464 1765 530 adeo
1801 469 1903 527 est
1935 463 2212 540 evidenS,
2247 469 2317 526 ut
2349 463 2902 528 demonstratione
2935 482 3068 527 non
3095 464 3206 527 in-

565 575 803 656 digeat.
866 575 933 638 ld
966 573 1136 639 enim
1168 572 1482 652 colligitur

754 700 811 768 1.
845 717 927 763 ex
960 705 1056 763 tot
1087 676 1664 772 exhortationibuS,
1718 695 1953 778 quibus
1986 695 2155 760 Deus
2201 702 2577 777 peccatores
2611 695 2693 759 ad
2725 697 3204 777 poenitentiam

572 808 813 873 excitat
844 808 936 870 ita
966 805 1245 890 quidem,
1293 812 1364 868 ut
1411 805 1547 869 sine
1580 821 1662 868 ea
1692 803 1952 867 veniam
1984 802 2275 867 obtinere
2307 811 2636 884 nequeant
2665 803 2812 866 Luc.
2851 808 2954 880 13.
2989 808 3062 871 3:
3127 802 3207 865 Sa·

556 915 1014 999 poenitentiam
1036 932 1159 974 non
1180 914 1443 994 eya-itis,
1484 931 1692 973 omnes
1725 911 2014 974 similiter
2030 909 2312 994 peribitis
2321 931 2350 989 ‚·
2381 909 2567 972 Eccli.
2589 913 2647 986 2,
2671 914 2788 983 22;
2818 909 3019 990 Apoe.
3041 915 3103 985 2,
3125 914 3205 978 5:

570 1040 739 1104 quae
773 1020 1255 1085 exhortationes
1288 1019 1580 1083 instituta
1610 1017 1886 1082 clavium
1920 1023 2244 1099 potestate
2275 1016 2403 1079 vim
2438 1035 2626 1080 suam
2656 1035 2788 1080 non
2821 1016 3203 1082 amiserunt„

749 1147 815 1212 2.
853 1144 1177 1225 Colligitur
1197 1161 1277 1207 ex
1298 1143 1510 1209 verbis
1531 1142 1724 1220 Petri,
1747 1143 1857 1224 qui
1872 1142 1957 1205 ad
1972 1149 2389 1224 peccatorum
2406 1143 2852 1208 remissionem
2867 1142 3203 1224 baptismo

570 1252 990 1317 obtinendam
1023 1250 1234 1331 exegit
1265 1251 1725 1330 poenitentiam
1759 1249 1902 1312 Act.
1938 1254 1997 1326 2,
2033 1254 2150 1318 38;
2197 1247 2649 1314 Poem'tentiam
2683 1252 2867 1334 ayite,
2901 1256 2956 1312 et
2990 1250 3203 1335 bapti-

564 1365 747 1422 „wtur
777 1359 1196 1442 unusquisque
1228 1365 1497 1421 vestrum
1532 1412 1545 1426 .
1581 1408 1593 1420 .
1629 1408 1641 1420 .
1674 1360 1743 1421 in
1776 1359 2195 1421 remissionem
2221 1364 2657 1441 peccatorum;

751 1486 818 1551 3.
853 1502 932 1548 ex
966 1484 1309 1548 traditione
1342 1482 1715 1559 theoretica,
1749 1489 2006 1565 patrum
2037 1480 2167 1545 scil.
2201 1482 2474 1563 scriptis,
2526 1481 2952 1557 sermonibuS,
2986 1482 3202 1544 homi-

576 1590 675 1653 liis
710 1598 846 1666 etc,
880 1590 1110 1672 quibus
1143 1591 1305 1655 haec
1339 1590 1697 1654 inculcatur
1730 1589 2113 1665 necessitas3
2149 1595 2213 1652 et
2244 1589 2549 1670 practica,
2582 1607 2659 1653 ex
2695 1588 2880 1670 praxi
2910 1588 3047 1652 scil.
3081 1588 3203 1652 Ec-

567 1695 823 1770 clesiae,
858 1715 1024 1778 quae
1055 1696 1532 1779 poenitentibus
1566 1703 1818 1761 tantum
1849 1695 2247 1760 remissionis
2279 1695 2660 1760 beneficium
2690 1696 2952 1760 indulsit
2965 1696 3049 1780 ²):

787 1991 841 2046 1.
868 1988 1289 2043 Poenitentiam
1309 1989 1503 2057 prouti
1519 1991 1606 2043 est
1619 1988 1782 2042 dolor
1800 1987 2219 2055 detestatioque
2240 1988 2461 2056 peccati
2481 2004 2611 2041 cum
2631 1987 2926 2058 proposito
2941 2003 3061 2042 non
3079 2001 3205 2056 pec·

578 2066 753 2121 candi
778 2067 849 2121 de
875 2070 1061 2123 cetero
1088 2085 1206 2122 esse
1246 2069 1454 2122 virtu
1472 2071 1540 2121 te
1556 2087 1645 2122 m:
1684 2069 1771 2121 est
1796 2067 1949 2122 enim
1975 2067 2264 2138 objectum
2290 2067 2498 2134 laudis,
2525 2067 2734 2133 meriti,
2760 2066 3206 2128 exhortationis,

574 2148 863 2218 praecepti
884 2170 894 2202 :
921 2152 1224 2220 praecepta
1251 2165 1382 2202 vero
1409 2149 1625 2202 dantur
1648 2148 1718 2201 de
1737 2147 1962 2202 actibus
1982 2148 2295 2208 virtutum:
2323 2164 2503 2217 eaque
2523 2146 2695 2202 etiam
2713 2146 2908 2201 omnia
2923 2146 3205 2217 complec-

571 2227 736 2292 titur,
765 2245 912 2296 quae
939 2233 1076 2283 sunt
1100 2229 1171 2284 de
1197 2230 1420 2284 ratione
1452 2228 1697 2284 virtutis.

785 2311 842 2367 2.
870 2312 1077 2364 Actum
1105 2310 1498 2381 poenitentiae
1524 2310 1658 2364 elici
1684 2326 1848 2379 posse
1874 2327 1939 2363 ex
1965 2306 2228 2378 pluribus
2256 2307 2488 2363 motivis
2513 2308 2868 2363 diversarum
2899 2307 3205 2371 virtutum,

570 2406 719 2458 quae
746 2408 860 2445 non
888 2393 1026 2444 sunt
1051 2390 1369 2446 formaliter
1396 2389 1771 2459 paenitentia,
1798 2406 1879 2445 ex.
1901 2406 1985 2459 gr.
2006 2405 2072 2442 ex
2096 2390 2311 2443 motivo
2333 2388 2565 2460 proprio
2586 2389 2676 2443 vel
2697 2386 2956 2442 caritatis
2972 2388 3068 2442 vel
3081 2387 3207 2459 spei

574 2469 665 2523 vel
692 2468 920 2524 timoris
947 2471 1036 2524 vel
1062 2469 1362 2540 religionis
1389 2470 1481 2525 vel
1508 2467 1869 2523 obedientiae
1897 2468 1988 2521 vel
2016 2468 2424 2537 gratidudinis.
2453 2467 2615 2532 Quod
2647 2466 2695 2521 si
2728 2469 2890 2521 actus
2906 2466 3209 2537 poeniten-

570 2551 685 2604 tiae
712 2566 778 2603 ex
804 2549 1086 2620 ejusmodi
1112 2549 1342 2605 motivis
1368 2548 1616 2612 elicitur,
1663 2550 1803 2602 tunc
1847 2547 1960 2601 erit
2002 2548 2163 2601 actus
2207 2547 2435 2602 elicitus
2479 2548 2642 2602 illius
2668 2546 2906 2601 virtutis
2941 2563 3012 2599 ex
3039 2548 3208 2617 cujus

575 2630 792 2686 motivo
819 2630 1053 2701 proprio
1080 2628 1343 2684 elicitur:
1383 2645 1566 2698 eaque
1603 2628 1788 2681 virtus
1827 2630 2002 2698 prout
2038 2628 2227 2681 actum
2258 2627 2424 2682 illum
2451 2627 2627 2693 elicit,
2654 2626 2872 2698 poterit
2895 2628 3006 2680 sub
3030 2643 3097 2680 eo
3123 2643 3208 2680 re·

566 2713 768 2782 spectu
795 2711 1154 2781 poenitentia
1181 2708 1557 2763 denominari.
2895 2749 2896 2752 ,

786 2796 842 2849 8.
873 2790 1296 2847 Poenitentiam
1324 2806 1442 2843 esse
1470 2788 1642 2844 etiam
1673 2788 1945 2843 virtutem
1973 2808 1998 2844 s
2014 2810 2052 2862 p
2069 2807 2099 2844 e
2115 2808 2144 2844 c
2160 2789 2180 2843 i
2196 2790 2266 2843 al
2283 2806 2402 2854 em,
2442 2791 2607 2860 cujus
2632 2790 2916 2845 motivum
2944 2789 3205 2852 formale,

569 2891 685 2942 quo
712 2875 787 2928 ab
811 2872 941 2926 aliis
968 2871 1286 2925 virtutibus
1311 2868 1711 2940 distinguitur,
1752 2872 1841 2924 est
1865 2870 2147 2935 honestas,
2188 2886 2335 2939 quae
2359 2871 2645 2940 reperitur
2670 2870 2732 2924 in
2759 2870 3093 2942 expiatione
3118 2869 3206 2924 in·

563 2953 755 3019 ,iuriae
780 2951 897 3005 Deo
922 2952 1119 3005 illatae
1145 2951 1403 3017 adeoque
1431 2949 1490 3004 in
1517 2949 2000 3020 compensatione,
2027 2953 2309 3019 quantum
2335 2950 2458 3004 fieri
2483 2952 2689 3019 potest,
2708 2949 2860 3021 juris
2886 2951 3077 3006 divini
3102 2968 3206 3023 per

572 3033 870 3101 peccatum
897 3030 1066 3084 laesi:
1110 3029 1263 3083 unde
1290 3045 1352 3082 ea
1382 3030 1681 3083 revocatur
1706 3029 1778 3082 ad
1801 3029 2092 3099 justitiam
2133 3033 2427 3099 tamquam
2468 3030 2644 3100 hujus
2683 3048 2816 3102 pars
2854 3031 3206 3103 potestativa

571 3113 664 3170 (cf.
694 3129 735 3166 s.
767 3112 1083 3165 Thomas
1110 3115 1157 3167 3.
1187 3128 1245 3178 p.
1273 3126 1330 3177 q.
1354 3114 1422 3162 85
1450 3124 1500 3161 a.
1529 3112 1599 3180 3).

786 3192 841 3249 4.
874 3190 1176 3259 Objectum
1203 3187 1501 3242 materiale
1530 3189 1944 3258 poenitentiae,
1971 3192 2039 3244 ut
2064 3208 2130 3245 ea
2157 3194 2243 3245 est
2266 3193 2428 3247 actus
2455 3181 2642 3263 fugae,
2677 3209 2795 3247 esse
2817 3191 3006 3265 primo
3028 3194 3203 3262 quod-

573 3271 660 3324 vis
690 3272 988 3340 peccatum
1013 3287 1048 3323 a
1075 3269 1402 3340 poenitente
1430 3269 1796 3323 commissum
1838 3273 1897 3324 et
1934 3287 2000 3324 ex
2036 3272 2409 3341 consequenti
2434 3272 2513 3338 id,
2555 3273 2708 3341 quod
2749 3273 2812 3327 in
2854 3273 3053 3329 futuro
3082 3273 3202 3344 ipse

572 3349 927 3404 committere
955 3353 1159 3420 potest,
1187 3367 1302 3404 non
1330 3367 1463 3405 vero
1490 3352 1792 3418 peccatum
1835 3349 2116 3421 originale
2156 3354 2214 3406 et
2251 3353 2524 3406 alienum.
2577 3353 2656 3407 Ut
2683 3370 2814 3408 vero
2840 3353 3204 3423 poenitentia

581 3433 668 3485 est
695 3432 857 3484 actus
883 3431 1300 3502 prosecutionis
1315 3431 1376 3485 in
1395 3430 1850 3487 emendationem
1871 3433 2133 3496 offensae,
2150 3434 2436 3503 objectum
2455 3433 2749 3489 materiale
2771 3450 2889 3489 esse
2907 3451 2974 3489 ea
2994 3435 3204 3496 omnia,

573 3527 721 3579 quae
748 3526 781 3563 a
807 3510 1139 3579 poenitente
1166 3512 1380 3565 assumi
1427 3514 1672 3581 possunt
1715 3510 1779 3564 in
1824 3513 2343 3582 compensationem
2389 3512 2655 3583 injuriae.
2708 3513 2790 3574 Cf,
2837 3513 3041 3569 Palm
3060 3514 3204 3569 ieri

572 3593 654 3645 th.
688 3601 708 3648 l
743 3608 832 3655 ss.,
860 3607 925 3644 ex
954 3608 1068 3658 quo
1097 3592 1236 3646 haec
1263 3591 1669 3663 decerpsimus,
1712 3595 1771 3644 et
1794 3592 2006 3646 Sasse
2046 3591 2180 3648 inst.
2208 3593 2379 3646 theol.
2406 3593 2477 3647 de
2504 3609 2642 3646 sacr.
2670 3594 2737 3654 11.
2768 3602 2799 3649 2
2826 3611 2927 3652 ss.:
2969 3594 3201 3649 Pesch

568 3672 693 3736 Vll,
719 3675 788 3728 87
816 3689 884 3726 ss.

798 3757 833 3826 ¹)
863 3752 945 3807 Cf.
975 3753 1520 3807 Tertullianus
1547 3753 1617 3806 de
1646 3752 1883 3823 poenit„
1911 3752 2355 3806 Ambrosius
2381 3752 2440 3808 ll.
2468 3760 2499 3807 2
2525 3755 2596 3808 de
2622 3755 2857 3825 poenit„
2905 3755 3205 3827 Cypria·

577 3852 613 3885 n
632 3853 667 3887 u
687 3853 711 3885 s
740 3833 808 3888 de
838 3833 1017 3905 lapsis
1044 3853 1099 3887 n.
1131 3842 1211 3889 15.
1245 3840 1326 3890 16.
1354 3840 1422 3888 22
1450 3851 1491 3886 s.
1519 3838 1603 3889 26.
1634 3840 1701 3889 29
1729 3851 1769 3887 s,
1800 3839 1869 3888 32
1896 3850 1965 3887 ss.
2008 3835 2221 3902 (opusc.
2252 3835 2291 3886 t.
2319 3832 2408 3905 V.)
2449 3837 2507 3887 et
2545 3833 2605 3889 in
2646 3832 2906 3903 epistolis
2932 3835 3004 3890 de
3032 3851 3205 3890 causa

577 3914 873 3983 lapsorum
900 3917 1117 3984 (opusc.
1144 3913 1341 3984 ΧΧΙ.);
1370 3913 1414 3966 T
1432 3913 1513 3968 ho
1532 3931 1586 3966 m
1604 3929 1677 3966 as
1705 3930 1748 3966 c.
1779 3915 1976 3983 gentes
2001 3913 2094 3977 ΙΙΙ,
2119 3921 2221 3969 158
2244 3915 2577 3982 praesertim
2607 3931 2728 3985 arg.
2768 3923 2812 3971 l.
2840 3914 3203 3970 Praetermit-

572 3993 747 4047 timus
774 3993 1190 4061 quaestionem,
1216 4011 1353 4048 num
1379 3992 1532 4047 Deus
1558 3992 1740 4063 possit
1764 3993 2086 4048 condonare
2126 3996 2357 4064 peccata
2396 3996 2611 4063 absque
2652 3994 2969 4064 peccatoris
2995 3998 3201 4050 retrac-

575 4071 792 4126 tatione
820 4075 879 4126 et
904 4071 1281 4142 poenitentia,
1309 4088 1482 4140 quam
1509 4069 1574 4125 D.
1604 4071 1639 4124 S
1658 4088 1689 4124 o
1707 4074 1733 4124 t
1752 4090 1789 4124 u
1807 4089 1833 4125 s
1858 4072 1919 4126 in
1946 4081 1980 4127 4
2004 4071 2059 4124 d.
2091 4080 2155 4127 15
2181 4089 2236 4140 q.
2271 4079 2286 4125 1
2322 4090 2374 4129 a.
2401 4080 2432 4128 2
2473 4090 2602 4126 cum
2642 4071 2869 4141 aliquot
2911 4074 3202 4128 thomistis

571 4154 645 4205 ob
670 4153 989 4207 doctrinam
1016 4171 1059 4206 s.
1088 4153 1405 4206 Thomas
1433 4158 1467 4207 3
1493 4169 1549 4221 p.
1575 4157 1717 4220 q.86
1736 4168 1788 4204 a.
1811 4160 1841 4207 2
1875 4150 2162 4222 negative,
2187 4153 2471 4218 Scotus,
2499 4152 2880 4219 Valentia,
2906 4152 3203 4216 Suarez,

572 4234 619 4285 V
637 4251 671 4287 a
687 4251 712 4287 s
729 4252 765 4303 q
783 4253 821 4287 u
838 4251 866 4287 e
884 4253 929 4298 z,
971 4234 1040 4288 de
1069 4234 1111 4287 L
1131 4253 1165 4288 u
1181 4253 1220 4304 g
1238 4251 1288 4298 0,
1316 4233 1363 4286 R
1378 4232 1400 4287 i
1416 4251 1454 4303 p
1473 4233 1544 4285 al
1561 4233 1596 4285 d
1614 4249 1649 4286 a
1675 4232 1744 4286 de
1772 4235 1903 4286 ente
1930 4250 2158 4304 supern.
2185 4234 2332 4305 disp.
2360 4234 2465 4287 ult.
2493 4251 2534 4287 s.
2561 4240 2632 4290 24
2657 4252 2745 4298 ss„
2772 4234 3021 4303 aliisque
3047 4251 3205 4305 prae·

578 4313 854 4367 tei-missis
880 4313 937 4365 M
954 4330 988 4366 a
1006 4332 1043 4366 u
1059 4332 1086 4366 r
1105 4332 1143 4367 u
1160 4331 1185 4367 s
1212 4330 1304 4383 op.
1331 4314 1502 4367 theol.
1526 4314 1562 4366 l.
1599 4321 1631 4370 6
1658 4330 1712 4381 q.
1738 4318 1810 4368 84
1835 4313 2177 4368 affirmative
2203 4314 2515 4378 resolvunt,
2544 4314 2699 4382 quia,
2745 4319 2812 4368 ut
2836 4315 3024 4386 ajunt,
3056 4315 3202 4370 Deus

578 4395 768 4464 potest
790 4393 1094 4447 infundere
1121 4392 1370 4465 gratiam
1399 4393 1867 4456 sanctificantem,
1894 4410 2042 4461 quae
2068 4397 2155 4448 est
2177 4410 2349 4447 causa
2374 4393 2632 4448 formalis
2657 4397 2885 4449 nostrae
2921 4396 3201 4463 justifica-

574 4471 765 4537 tionis,
792 4472 928 4526 hinc
953 4472 1304 4528 remissionis
1330 4475 1695 4542 peccatorum
1721 4473 1937 4541 absque
1964 4474 2084 4526 ulla
2110 4473 2343 4545 praevia
2383 4473 2777 4544 dispositione,
2817 4476 2876 4528 et
2914 4492 3018 4546 per
3044 4475 3197 4531 illam

572 4551 904 4605 infunditur
932 4551 1251 4607 habitualis
1277 4551 1573 4607 conversio
1602 4552 1664 4604 in
1691 4550 1893 4614 Deum,
1920 4568 2035 4619 qua
2062 4552 2388 4608 excluditur
2412 4552 2728 4607 habitualis
2753 4570 2788 4606 a
2811 4552 2930 4608 Deo
2956 4555 3204 4610 aversio:

572 4632 707 4685 hinc
748 4636 1045 4703 peccatum
1087 4631 1479 4703 praeteritum,
1522 4649 1636 4700 quo
1678 4633 1946 4685 voluutas
1995 4651 2052 4687 se
2103 4633 2314 4687 avertit
2352 4651 2386 4686 a
2425 4632 2562 4696 Deo,
2614 4636 2961 4688 retractatur
3013 4635 3202 4704 aequi-

576 4712 847 4766 valenter.
