3538 5364
502 219 636 285 632
1118 210 1302 266 Tract.
1329 212 1396 265 Xz
1422 211 1492 265 de
1519 210 1636 266 Deo
1664 213 2138 266 consummatore.
2165 209 2246 263 De
2273 209 2524 265 hominis

501 393 907 485 jectivam
950 411 1067 458 seu
1098 391 1452 471 formalem,
1484 411 1653 476 quae
1684 400 1786 458 est
1815 393 1957 475 ipsa
2000 392 2321 474 possessio
2355 397 2420 456 et
2449 390 2666 456 fruitio
2712 391 2964 473 obJecti,
2996 409 3131 473 quo

513 499 816 575 beamur;
847 499 1013 564 haec
1044 500 1338 564 consistit
1354 500 1421 563 in
1441 499 1708 577 actibus,
1729 500 1961 583 quibus
1992 499 2146 564 illud
2175 499 2583 580 possidemus
2603 517 2810 582 eoque
2841 490 3129 564 fruimur.

500 605 593 671 Cf.
626 606 977 671 Thomas
1017 612 1070 676 1.
1104 613 1145 674 2
1179 625 1235 688 q.
1270 612 1309 675 8
1345 624 1400 669 3.
1440 613 1492 675 1.
1541 606 1739 671 Notat
1766 625 1921 672 vero
1953 605 2326 671 Becanus
2357 606 2546 670 theol.
2580 606 2775 670 schol.
2807 626 2867 688 p.
2900 610 2942 674 2
2976 613 3049 671 tr.
3085 612 3123 674 1

501 733 555 778 c.
595 719 626 781 1
665 734 723 799 q.
761 704 791 783 1
830 712 1300 778 beatitudinem
1331 713 1753 803 subjectivum
1772 713 1978 794 magis
1996 713 2255 796 proprie
2275 712 2398 776 dici
2416 712 2898 790 beatitudinem
2931 732 3129 801 quam

503 822 922 904 objectivam3
972 839 1125 884 nam
1155 820 1239 885 ab
1270 839 1393 885 usu
1424 820 1778 886 formaliter
1810 827 1874 886 et
1905 808 2426 885 intrinsecus
2459 819 2731 885 dicimur
2760 819 2953 898 beati,
2985 838 3027 884 a
3056 839 3130 885 re

505 934 725 993 autem
756 933 1011 993 tantum
1044 926 1360 1009 objective
1393 933 1458 991 et
1502 929 2052 994 extrinsecus
2087 966 2176 977 —
2207 926 2629 1008 Distinguitur
2658 928 2722 996 2.
2754 927 2820 990 in
2851 944 3131 992 essen-

504 1036 807 1112 tialem,
838 1054 1007 1118 quae
1038 1035 1292 1100 secluso
1327 1036 1554 1118 quovis
1587 1035 1714 1100 alio
1748 1034 1900 1100 facit
1929 1033 2305 1117 simpliciter
2335 1034 2617 1111 beatum,
2651 1040 2717 1099 et
2748 1034 3131 1098 acciden-

505 1143 757 1208 talem
802 1160 921 1207 seu
962 1142 1356 1223 integralem,
1403 1159 1571 1223 quae
1603 1148 1703 1206 est
1730 1141 2146 1207 beatitudinis
2179 1141 2737 1224 complementum.
2770 1179 2858 1190 —
2889 1140 3131 1204 Distin-

504 1250 716 1330 guitur
766 1249 949 1319 3.'‘in
999 1248 1468 1313 naturalem
1520 1254 1584 1313 et
1645 1249 2389 1333 supernaturalem.
2452 1248 2564 1313 Illa
2610 1247 2877 1313 beatum
2920 1246 3134 1312 reddit

503 1357 831 1446 hominem
862 1356 928 1419 in
960 1355 1183 1420 ordine
1214 1362 1505 1433 naturae,
1537 1356 1686 1419 hinc
1716 1356 1997 1438 perfecte
2044 1356 2258 1438 explet
2287 1356 2503 1420 varios
2535 1355 2855 1438 appetitus
2886 1354 3135 1419 homini

504 1467 741 1526 natura
770 1461 913 1545 ipsa
944 1461 1169 1526 insitos
1198 1461 1606 1545 perfecteque
1650 1461 1999 1545 respondet
2046 1461 2183 1543 ejus
2228 1461 2471 1525 viribus
2517 1460 2977 1543 exigentiisque
3007 1479 3133 1525 na-

505 1567 837 1636 turalibus.
869 1568 1207 1633 Beatitudo
1241 1588 1394 1634 vero
1432 1569 1941 1651 supernaturalis
1962 1586 2042 1632 ea
2063 1575 2178 1645 est,
2200 1586 2366 1650 quae
2384 1568 2630 1632 homini
2643 1568 3012 1633 nullatenus
3033 1575 3137 1633 est

501 1674 738 1751 debita,
771 1676 855 1740 ad
888 1694 1082 1758 quam
1113 1675 1368 1740 nonnisi
1399 1675 1860 1759 specialissimo
1894 1674 2010 1740 Dei
2041 1675 2265 1740 favore
2296 1675 2600 1753 elevatur,
2633 1693 2799 1758 quae
2830 1675 3130 1740 contine·

503 1789 611 1847 tur
640 1782 1134 1866 participatione
1153 1782 1573 1847 beatitudinis
1594 1784 2030 1848 connaturalis
2049 1783 2194 1848 Dei:
2229 1782 2534 1866 quocirca
2563 1789 2836 1848 naturae
2867 1790 3134 1848 creatae

503 1892 672 1956 vires
704 1891 1217 1973 exigentiamque
1248 1891 1416 1955 adeo
1466 1898 1731 1975 superat
1781 1897 1845 1957 et
1894 1891 2163 1968 excedit,
2213 1895 2284 1955 ut
2330 1898 2564 1955 natura
2593 1908 2790 1972 supra
2818 1908 2891 1954 se
2923 1889 3130 1967 evehi,

502 1998 701 2079 ipsius
731 1998 1060 2080 capacitas
1093 1996 1345 2062 dilatari
1376 1997 1613 2064 debeat
1642 2016 1983 2081 novaeque
2028 1998 2148 2080 ipsi
2192 1997 2574 2063 inserendae
2605 1996 2734 2061 sint
2765 1996 2950 2075 vireS,
2984 1996 3132 2081 qui-

502 2103 625 2168 bus
656 2104 962 2171 reddatur
989 2123 1126 2186 par,
1157 2110 1229 2169 ut
1260 2123 1340 2170 ea
1369 2106 1574 2186 possit
1604 2104 1740 2170 frui.

682 2254 829 2318 674.
863 2249 946 2313 In
976 2270 1095 2334 quo
1127 2238 1421 2315 consistat
1457 2249 1727 2314 hominis
1757 2250 2091 2316 beatitudo,
2109 2289 2199 2299 —
2218 2247 2654 2332 Supponimus
2672 2248 2949 2312 hominis
2967 2247 3128 2341 bea-

503 2342 841 2422 titudinem
874 2355 1259 2437 objectivam
1286 2356 1696 2422 essentialem
1745 2376 1878 2421 non
1909 2357 2263 2423 consistere
2295 2357 2361 2420 in
2392 2356 2611 2438 aliqua
2640 2375 2710 2421 re
2741 2363 2979 2431 creata,
3011 2356 3130 2419 sed

504 2463 572 2526 in
602 2463 742 2544 ipso
774 2462 941 2538 Deo;
991 2481 1193 2545 quare
1242 2469 1314 2527 ut
1362 2462 1721 2529 formaliter
1767 2464 2116 2528 reddamur
2164 2463 2358 2541 beati,
2389 2482 2656 2529 necesse
2688 2469 2805 2539 est,
2852 2467 2925 2526 ut
2957 2460 3130 2527 Deus

506 2569 845 2634 nobiscum
878 2570 1137 2634 uniatur
1150 2570 1220 2656 ²),
1252 2576 1319 2634 et
1340 2569 1598 2651 quidem
1619 2569 1873 2635 actibus
1904 2571 2262 2636 intellectus
2281 2576 2347 2636 et
2362 2571 2730 2647 voluntatiS,
2762 2570 3131 2652 cognitione

504 2684 569 2757 et
599 2695 836 2743 amore.
868 2676 946 2743 Et
975 2696 1205 2742 revera
1236 2682 1516 2743 testatur
1546 2674 1896 2762 Scriptura,
1934 2678 2145 2760 justos
2189 2678 2256 2742 in
2301 2678 2505 2744 altera
2533 2677 2668 2741 vita
2698 2677 2949 2742 visuros
2982 2695 3129 2743 esse

504 2784 726 2849 Deum.
757 2785 825 2848 ld
858 2790 1129 2850 testatur
1159 2806 1221 2854 a.
1255 2784 1637 2849 testimoniis
1669 2767 1955 2851 disertis:
2012 2786 2360 2870 carissimi,
2391 2806 2559 2850 mmo
2585 2785 2706 2869 ficii
2737 2784 2860 2849 Dei
2889 2804 3127 2860 sumus,

510 2897 567 2955 et
596 2891 875 2955 nondum
907 2891 1232 2978 apparuit,
1278 2891 1431 2975 quid
1475 2893 1726 2958 erimus.
1795 2889 2046 2958 ‘Scimus
2091 2894 2387 2978 quoniam
2437 2913 2576 2955 cum
2609 2893 3006 2977 apparuerit,
3035 2893 3128 2955 si-

510 2997 1039 3079 mileseiem'mus,
1058 2999 1355 3082 quoniam
1375 2997 1717 3063 videbimus
1747 3020 1886 3063 eum
1916 3002 2099 3064 sicuti
2129 3008 2217 3065 est
2254 3003 2306 3067 1.
2326 2999 2423 3065 Jo.
2445 3005 2505 3077 3,
2526 3005 2601 3075 2;
2634 2998 2708 3062 cf.
2728 2998 2951 3063 Matth.
2971 3002 3034 3074 5,
3053 3004 3130 3075 83

506 3106 577 3175 b.
609 3104 990 3171 testimoniis
1020 3104 1630 3187 aequipollentibus:
1692 3107 1907 3186 Pater,
1938 3126 2090 3191 quos
2119 3106 2348 3170 dedisti
2376 3107 2528 3169 mihi
2556 3106 2706 3182 vole,
2751 3111 2821 3169 ut
2852 3106 2960 3169 ubi
2989 3125 3131 3168 sum

504 3230 634 3295 eqo,
664 3217 720 3274 et
750 3210 846 3273 illi
877 3213 1001 3274 sint
1033 3232 1289 3295 mecum,
1317 3220 1386 3276 ut
1417 3214 1670 3278 videant
1701 3215 2074 3298 duritatm,
2104 3233 2294 3299 quam
2325 3213 2551 3278 dedisti
2581 3213 2737 3277 mihi
2763 3213 2861 3279 J0.
2888 3218 2987 3290 17,
3009 3216 3129 3288 243

510 3315 586 3379 cf.
617 3316 839 3382 Matth.
878 3322 979 3396 18,
1017 3324 1130 3395 10;
1164 3323 1222 3387 2.
1246 3317 1389 3383 Cor.
1424 3324 1483 3389 3.
1511 3326 1622 3394 18;
1657 3339 1720 3389 3.
1756 3320 2142 3385 testimoniis
2173 3317 2597 3403 comparatis:
2641 3320 2933 3384 Videmus
2962 3338 3134 3383 nunc

511 3444 630 3510 per
659 3415 975 3511 speculum
1006 3427 1075 3489 in
1106 3427 1472 3511 aeniymate,
1506 3433 1893 3516 {unctantem
1922 3425 2089 3509 facie
2121 3428 2207 3492 ad
2233 3429 2462 3510 faciem
2476 3450 2506 3509 ,·
2535 3447 2702 3491 nunc
2731 3445 3022 3512 coquo-‘sco
3054 3447 3132 3490 ex

500 3537 714 3615 parte,
745 3537 893 3596 tunc
923 3553 1279 3616 coquoscam
1310 3535 1469 3597 sicut
1500 3541 1556 3597 et
1585 3535 1864 3615 cognitus
1893 3515 2032 3597 sam
2067 3540 2122 3603 1.
2156 3532 2298 3610 Cor.
2333 3539 2438 3611 13,
2474 3539 2573 3602 12.

685 3691 832 3746 675.
862 3680 1190 3760 Fatendum
1220 3684 1315 3740 est
1342 3682 1670 3759 multorum
1703 3681 1902 3741 afferri
1933 3684 2192 3757 patrum,
2234 3681 2426 3759 Chry
2444 3682 2768 3741 sostomi
2798 3682 2863 3740 in
2894 3681 3128 3757 primis,

503 3770 866 3841 testimonia,
913 3789 1066 3846 quae
1097 3769 1363 3847 dogmati
1394 3770 1675 3830 videntur
1706 3770 2026 3829 adversari.
2090 3770 2234 3829 Cum
2280 3773 2480 3830 autem
2525 3770 2590 3830 hi
2633 3764 2833 3847 patres
2877 3769 3015 3829 aliis
3063 3770 3129 3829 in

505 3859 653 3919 locis
697 3858 944 3918 indubie
989 3858 1319 3919 doctrinam
1351 3860 1743 3934 profiteantur
1775 3859 2150 3919 catholicam:
2202 3859 2576 3919 inferendum
2625 3862 2738 3930 est,
2788 3877 2886 3918 eos
2933 3850 3128 3918 beatis

502 3947 797 4026 denegare
816 3947 1106 4007 visionem
1127 3948 1233 4006 Dei
1252 3964 1375 4007 non
1393 3966 1829 4024 quamcunque,
1862 3948 1965 4007 sed
1997 3966 2027 4006 c
2041 3968 2076 4008 o
2089 3968 2149 4007 m
2166 3968 2205 4024 p
2221 3968 2253 4007 r
2266 3968 2298 4008 e
2315 3948 2354 4007 h
2370 3968 2402 4008 3
2416 3968 2457 4007 11
2474 3949 2540 4008 si
2558 3968 2593 4007 v
2610 3969 2647 4008 a
2661 3969 2736 4018 m,
2771 3965 2923 4023 quae
2940 3947 3128 4007 unius

506 4037 613 4096 Dei
631 4039 725 4097 est
751 4036 996 4114 propria
1021 4039 1084 4096 et
1111 4056 1291 4138 quam
1310 4039 1595 4108 anomoei,
1629 4039 1837 4096 contra
1856 4055 2006 4112 quos
2027 4037 2298 4114 agebant,
2330 4037 2667 4097 incredibili
2688 4035 2980 4113 jactantia
3007 4036 3128 4095 sibi

506 4126 905 4190 vindicabant
972 4125 1035 4185 Si
1081 4126 1239 4185 enim
1271 4126 1511 4184 illorum
1547 4125 1725 4186 verba
1754 4125 1937 4184 nimis
1969 4144 2199 4202 urgeas,
2235 4131 2587 4202 sequeretur
2617 4143 2735 4197 eos,
2782 4126 2879 4185 vel
2913 4125 3130 4186 saltem

505 4215 1001 4292 Chrysostomum,
1034 4215 1224 4274 beatis
1254 4214 1572 4292 denegasse
1605 4234 1840 4275 omnem
1871 4214 2219 4275 distinctam
2250 4215 2323 4275 de
2354 4216 2478 4274 Deo
2509 4214 2930 4292 cognitionem,
2965 4214 3129 4290 quod

504 4307 599 4362 est
628 4304 974 4363 absurdum.
1020 4293 1213 4374 Quare
1245 4303 1403 4363 sicut
1433 4308 1633 4381 patres
1654 4307 2061 4380 comparantes
2091 4307 2390 4364 creaturas
2421 4322 2556 4363 cum
2586 4304 2824 4363 infinita
2852 4303 2959 4363 Dei
2992 4322 3129 4380 per-

724 4529 761 4596 1)
788 4489 872 4580 Cf.
899 4525 1220 4582 Thomas
1265 4536 1309 4585 1.
1339 4535 1371 4584 2
1401 4547 1458 4598 q.
1488 4538 1513 4585 1
1544 4511 1647 4590 sss}
1693 4546 1741 4583 c.
1766 4531 1968 4600 gentes
1994 4529 2092 4595 111,
2117 4535 2217 4590 25;
2259 4527 2566 4582 Lessius
2605 4528 2676 4582 de
2714 4543 2937 4583 summo
2977 4522 3132 4584 bono

508 4607 546 4661 l.
577 4613 600 4661 1
637 4604 741 4674 qui
765 4605 1102 4661 inductione
1127 4608 1385 4663 ostendit
1411 4608 1474 4663 in
1499 4609 1664 4664 nulla
1701 4625 1761 4663 re
1789 4605 2015 4680 praeter
2040 4608 2223 4663 Deum
2262 4609 2515 4664 nostram
2554 4606 2864 4677 consistere
2890 4607 3142 4663 beatitu-

515 4685 726 4750 dinem,
753 4685 873 4742 etl.
903 4693 935 4742 2
960 4703 1008 4744 c.
1038 4696 1060 4742 1
1097 4688 1327 4760 egregie
1354 4690 1607 4761 exponit,
1635 4692 1781 4758 quot
1805 4688 1989 4746 modis
2013 4688 2164 4743 Deus
2185 4687 2342 4743 uniri
2367 4687 2548 4759 possit
2567 4688 2876 4743 creaturae.
