3538 5364
1143 302 1258 340 non
1286 287 1496 357 pendet
1520 303 1553 339 a
1582 286 1868 358 probitate
1896 285 2164 339 ministri.
2830 294 2967 357 253

286 534 304 548 ‚
344 472 609 531 Christus
640 472 981 547 baptizavit.
1043 472 1179 531 Non
1223 472 1405 532 timeo
1454 472 1813 541 adulterum,
1864 490 1983 531 non
2035 471 2355 541 ebriosum,
2403 490 2525 531 non
2577 471 2958 539 homicidsm;

342 563 480 638 quia
509 561 844 620 columbam
875 560 1136 630 attend0,
1181 581 1287 638 per
1331 581 1511 635 quam
1539 562 1685 621 mihi
1716 561 1965 620 dicitur:
2018 560 2128 620 He’c
2171 567 2268 633 est,
2317 563 2418 637 qui
2462 562 2717 636 baptizat
2763 555 2962 643 (Joan.

350 664 398 719 l,
436 647 610 732 33).“ι
677 648 846 718 Quod
878 650 1095 709 iterum
1127 651 1255 709 fuse
1295 650 1556 710 inculcat
1599 655 1672 709 tr.
1720 650 2015 725 sequenti,
2065 651 2170 708 ubi
2214 651 2373 709 inter
2404 649 2520 709 alia
2552 669 2607 708 n.
2645 660 2679 711 6
2716 649 2961 709 scribit:

342 740 494 807 ,Per
526 740 681 798 hanc
711 743 1086 815 potestatem,
1134 759 1311 815 quam
1345 740 1615 799 Christus
1650 740 1812 798 solus
1846 740 1959 798 sibi
1993 739 2193 797 tenuit
2236 741 2299 797 et
2342 740 2405 797 in
2451 738 2751 797 neminem
2786 739 2959 798 mini-

339 834 598 887 strorum
630 827 976 897 transfudit,
1010 829 1281 903 quamvis
1302 848 1406 905 per
1425 829 1732 888 ministros
1754 847 1893 888 suos
1913 828 2211 904 baptizare
2231 828 2514 905 dignatus
2545 828 2641 897 sit,
2674 846 2780 903 per
2811 829 2965 887 hane

341 922 462 976 stat
492 918 695 976 unitas
729 918 1022 976 Ecclesiae
1055 964 1067 976 .
1099 962 1113 975 .
1148 962 1161 975 .
1212 919 1273 979 Si
1305 919 1481 987 enim,
1530 921 1601 977 ut
1636 920 1765 993 jam
1798 918 1936 989 dixi,
1984 918 2199 977 fratres
2232 919 2367 985 mei,
2400 918 2826 976 transferretur
2855 936 2959 994 po·

337 1012 526 1065 testas
556 1026 591 1065 a
624 1006 874 1065 Domino
905 1007 976 1065 ad
1009 1007 1371 1077 ministrum,
1421 1011 1514 1066 tot
1544 1008 1904 1083 baptismata
1933 1010 2147 1077 essent,
2182 1007 2343 1083 quod
2376 1007 2638 1065 ministri
2669 1012 2870 1066 essent
2901 1014 2965 1065 et

330 1097 455 1171 jam
500 1115 625 1154 non
670 1099 859 1154 staret
901 1095 1101 1155 unitas
1134 1096 1474 1172 baptismi«
1519 1131 1590 1140 —
1628 1096 2089 1156 Ambrosius
2122 1097 2194 1154 de
2227 1096 2458 1172 Spiritu
2490 1115 2535 1156 s.
2568 1095 2719 1171 prol.
2750 1115 2807 1156 n.
2850 1107 2958 1160 18:

340 1184 517 1253 ,Non
550 1184 869 1244 mundavit
899 1186 1201 1254 Damasus,
1233 1205 1353 1244 non
1387 1186 1699 1244 mundavit
1719 1186 2086 1255 Ambrosius,
2122 1204 2240 1243 non
2272 1185 2587 1244 mundavit
2608 1185 2961 1262 Gregorius:

338 1279 546 1332 nostra
575 1275 735 1332 enim
769 1274 1026 1344 servitia,
1069 1275 1169 1333 sed
1203 1278 1308 1332 tua
1339 1278 1480 1334 sunt
1512 1280 1894 1334 sacramenta.
1960 1275 2166 1350 Neque
2198 1275 2352 1333 enim
2388 1275 2675 1333 humanae
2707 1276 2835 1351 opis
2868 1284 2957 1333 est

340 1363 547 1421 divina
577 1362 859 1431 conferre,
902 1362 1004 1421 sed
1035 1367 1229 1434 tuum,
1280 1363 1542 1438 Domine,
1593 1382 1814 1422 munus
1848 1368 1909 1421 et
1939 1365 2136 1423 Patris
2169 1374 2277 1434 est,
2326 1364 2430 1438 qui
2463 1364 2700 1422 locutus
2730 1367 2823 1423 est
2855 1383 2961 1440 per

340 1452 660 1528 prophetas
680 1452 909 1511 dicens:
942 1452 1270 1525 Effundam
1301 1454 1369 1511 de
1389 1450 1622 1527 Spiritu
1655 1471 1776 1511 meo
1808 1452 1961 1533 (Joel
1990 1463 2045 1524 2,
2074 1463 2145 1516 21
2178 1448 2329 1536 s.);‘
2365 1454 2437 1512 de
2456 1453 2756 1529 mysteriis
2777 1471 2834 1512 n.
2859 1462 2959 1515 27.

344 1574 420 1583 —
476 1541 1081 1617 chrysostomus
1131 1542 1285 1604 hom.
1339 1552 1416 1605 86
1469 1543 1543 1601 al.
1598 1552 1678 1606 85
1742 1542 1808 1600 in
1867 1542 2068 1601 Joau.:
2135 1543 2385 1617 ,Neque
2435 1542 2701 1619 angelus,
2764 1560 2962 1616 neque

338 1630 731 1707 archangelus
765 1630 827 1688 in
858 1631 952 1699 iis,
999 1650 1151 1705 quae
1182 1651 1216 1688 a
1248 1631 1366 1689 Deo
1399 1633 1535 1689 data
1565 1649 1723 1702 sunt,
1772 1632 2001 1706 aliquid
2034 1633 2263 1691 efficere
2294 1635 2510 1708 potest,
2557 1630 2659 1689 sed
2692 1631 2868 1690 Pater
2898 1636 2957 1689 et

339 1719 528 1777 Filius
558 1722 621 1777 et
652 1719 914 1795 Spiritus
947 1738 992 1783 s.
1025 1720 1223 1778 omnia
1256 1720 1651 1779 administrat.
1715 1720 1995 1779 Sacerdos
2029 1739 2166 1780 vero
2200 1721 2467 1798 linguam
2500 1739 2666 1779 suam
2700 1739 2955 1779 commo·

337 1807 460 1878 dat,
510 1828 753 1867 manum
800 1808 1112 1885 porrigit.‘
1175 1809 1327 1885 Lege
1373 1814 1434 1867 et
1479 1809 1844 1885 Optatum
1882 1810 1945 1879 V,
1998 1819 2051 1871 2.
2089 1821 2143 1871 3.
2178 1820 2249 1891 43
2295 1811 2363 1868 cf.
2411 1829 2467 1867 n.
2518 1818 2662 1873 260.
2728 1810 2880 1868 Hinc
2914 1828 2960 1866 s.

338 1897 659 1956 Thomas
690 1916 888 1973 opusc,
918 1909 991 1960 ls
1026 1899 1098 1955 al.
1126 1906 1203 1959 22
1240 1917 1285 1956 c.
1322 1907 1391 1960 3:
1427 1899 1540 1967 ,In
1573 1898 1759 1956 forma
1790 1903 2294 1958 sacramentorum
2328 1918 2447 1958 non
2480 1898 2619 1973 plus
2652 1899 2794 1956 facit
2827 1917 2956 1957 ver·

336 1985 486 2044 bum
531 2006 566 2044 a
600 1988 772 2062 justo
817 2006 993 2062 quam
1025 2007 1059 2044 a
1090 1990 1393 2063 peccatore
1422 1987 1738 2064 prolatum,
1791 1988 1930 2064 quia
1960 2007 2081 2047 non
2113 1994 2392 2063 operatur
2422 1988 2506 2045 ibi
2540 1989 2819 2046 meritum
2852 1988 2958 2046 ho-

337 2076 537 2146 minis,
571 2076 674 2135 sed
708 2076 906 2151 passio
937 2075 1158 2134 Christi
1191 2078 1253 2135 et
1283 2077 1477 2136 virtus
1511 2077 1677 2135 Dei!t

518 2215 585 2281 3.
622 2213 846 2279 Patres
877 2215 1299 2280 assertionem
1331 2225 1620 2279 nostram
1650 2214 1981 2296 multiplici
2002 2215 2198 2279 etiam
2217 2214 2541 2278 illustrant
2572 2213 2960 2278 similitu-

340 2320 547 2385 dine.
611 2319 1169 2399 Quemadmodum
1215 2320 1383 2386 enim
1429 2319 1695 2385 v’erhum
1732 2320 1846 2385 Dei
1878 2321 2073 2385 etiam
2118 2338 2264 2384 cum
2298 2320 2505 2385 fructu
2536 2321 2619 2385 ab
2651 2321 2961 2403 improbis

340 2428 647 2491 ministris
679 2428 1126 2503 annunciatur,
1160 2446 1380 2493 semen
1412 2427 1684 2492 sordidis
1718 2428 1838 2493 etsi
1859 2427 2156 2491 manibus
2176 2433 2390 2491 satum
2410 2426 2765 2503 fructificat,
2787 2447 2959 2512 aqua

339 2553 454 2616 per
484 2535 749 2599 canales
782 2535 976 2599 etiam
1005 2534 1295 2616 lapideos
1346 2542 1410 2600 et
1458 2534 1699 2599 ferreos
1749 2534 2044 2599 derivata
2091 2535 2328 2616 irrigat,
2379 2534 2650 2616 sigillum
2700 2553 2961 2617 quoque

340 2641 619 2707 ferreum
649 2641 817 2723 regis
847 2641 1150 2724 imprimit
1178 2642 1540 2723 imaginem,
1573 2641 1862 2707 medicus
1907 2660 2022 2723 per
2072 2642 2362 2707 membra
2396 2641 2643 2706 infirma
2691 2641 2957 2706 medici-

339 2767 495 2812 nam
524 2748 797 2830 praebet
827 2750 1209 2813 salutarem:
1256 2750 1345 2813 ita
1376 2768 1632 2830 quoque
1679 2755 2237 2814 sacramentorum
2288 2752 2489 2814 virtus
2522 2748 2961 2830 independens

340 2862 441 2920 est
472 2876 514 2920 a
548 2856 988 2921 ministrorum
1018 2856 1357 2938 probitate.

522 3003 715 3073 Quare
748 3005 1220 3064 Anastasius
1253 3005 1326 3063 11.
1359 3024 1449 3080 ep.
1492 3017 1513 3068 l
1558 3002 1671 3084 (ed.
1705 3001 1953 3089 Thiel)
1993 3024 2040 3067 c.
2078 3018 2109 3069 7
2149 3007 2253 3064 hac
2286 3006 2358 3064 de
2389 3024 2453 3064 re
2486 3004 2722 3082 egregie
2754 3002 2966 3079 dispu—

338 3097 475 3151 tans
506 3094 580 3152 ad
613 3096 1021 3170 cognominem
1054 3094 1263 3152 scribit
1295 3094 1738 3169 imperatorem:
1791 3096 1982 3164 ,Nam
2027 3099 2089 3154 et
2132 3095 2513 3171 baptismum,
2563 3093 2723 3168 quod
2755 3094 2962 3168 procul

343 3183 425 3241 sit
454 3183 529 3240 ab
547 3182 831 3252 Ecclesia,
865 3183 991 3241 sive
1010 3183 1084 3242 ab
1104 3183 1376 3242 adultero
1408 3184 1504 3242 vel
1534 3203 1568 3241 a
1598 3183 1728 3242 fure
1748 3184 1934 3244 fuerit
1952 3184 2176 3251 datum,
2199 3184 2273 3242 ad
2295 3183 2718 3259 percipientem
2743 3200 2960 3240 munus

341 3272 619 3347 pervenit
649 3272 980 3330 illibatum:
1015 3272 1157 3347 quia
1186 3291 1295 3330 vox
1327 3272 1447 3342 illa,
1483 3291 1633 3347 quae
1662 3292 1768 3349 per
1798 3274 2129 3332 columbam
2152 3274 2372 3342 sonuit,
2404 3291 2639 3331 omnem
2672 3272 2960 3330 maculam

343 3362 634 3421 humanae
665 3361 1015 3436 pollutionis
1045 3361 1327 3430 excludit,
1374 3381 1493 3437 qua
1534 3362 1869 3421 declaratur
1913 3381 1979 3421 ac
2023 3362 2273 3421 dicitur:
2320 3362 2434 3421 Hic
2465 3369 2546 3421 est
2576 3363 2679 3438 qui
2709 3361 2963 3435 baptizat

343 3453 405 3509 in
437 3451 671 3526 Spiritu
700 3457 752 3508 et
783 3452 910 3526 iyne
942 3445 1103 3530 (Luc.
1129 3459 1184 3521 3,
1227 3450 1348 3527 16).
1397 3450 1554 3509 Nam
1584 3451 1634 3509 si
1666 3450 1926 3510 visibilis
1959 3452 2104 3511 solis
2136 3452 2310 3510 istius
2332 3451 2501 3518 radii,
2538 3469 2669 3509 cum
2701 3469 2806 3525 per
2840 3449 2963 3509 loca

346 3539 738 3599 foetidissima
767 3543 1100 3609 transeunt,
1135 3540 1304 3598 nulla
1334 3544 1645 3599 contactus
1678 3541 2091 3616 inquinatione
2126 3541 2519 3609 maculantur,
2553 3539 2743 3598 multo
2776 3538 2965 3616 magis

345 3628 526 3698 illius,
561 3628 668 3703 qui
698 3628 886 3686 istum
906 3627 1206 3687 visibilem
1227 3628 1384 3699 fecit,
1419 3629 1614 3688 virtus
1635 3630 1805 3688 nulla
1824 3631 2085 3689 ministri
2109 3630 2466 3707 indignitate
2487 3628 2921 3703 constringitur
2935 3636 2965 3664 ¹

346 3721 456 3776 etc.
480 3751 565 3762 —
583 3717 800 3776 Eadem
822 3717 1217 3777 similitudine
1248 3737 1279 3776 e
1312 3718 1453 3777 solis
1480 3719 1641 3777 radio
1662 3720 1851 3794 petita
1878 3719 2077 3778 utitur
2104 3723 2165 3777 et
2196 3719 2247 3777 N
2266 3719 2285 3776 i
2304 3737 2382 3777 co
2400 3720 2418 3774 l
2436 3736 2567 3775 aus
2600 3717 2641 3780 I.
2672 3717 2735 3773 in
2765 3736 2855 3791 ep.
2880 3727 2958 3776 97

345 3826 498 3881 resp.
545 3805 621 3864 ad
667 3806 1055 3883 bulgarorum
1086 3808 1359 3866 consulta
1388 3827 1444 3870 n.
1483 3816 1581 3878 71,
1628 3812 1689 3866 et
1739 3809 1799 3866 P.
1845 3809 2258 3867 Damianus
2306 3824 2505 3882 opusc.
2541 3816 2576 3868 6
2623 3823 2671 3866 c.
2717 3814 2810 3874 12,
2860 3803 2963 3861 ubi

346 3914 481 3953 cum
514 3895 959 3971 Augustino
1005 3899 1204 3955 notat:
1253 3897 1407 3964 ,Per
1453 3897 1561 3956 hoc
1590 3897 1748 3955 enim
1780 3898 1981 3956 unitas
2014 3897 2304 3956 Ecclesiae
2337 3898 2473 3965 stat,
2522 3895 2663 3968 quia
2692 3893 2967 3953 Christus

346 3984 506 4059 apud
551 4002 612 4043 se
657 3984 1039 4044 consecrandi
1082 3986 1366 4044 virtutem
1412 3986 1628 4056 tenuit,
1674 3988 1735 4044 et
1779 3985 1843 4044 in
1888 3986 2180 4045 neminem
2213 3985 2624 4044 ministrorum
2659 4001 2961 4042 consecra-

347 4074 579 4132 tionum
603 4075 746 4150 jura
773 4074 1160 4133 transfudit.‘
1226 4075 1306 4133 Cf.
1339 4093 1385 4133 s.
1417 4075 1732 4133 Thomas
1769 4084 1823 4139 3.
1858 4096 1911 4152 p.
1946 4095 2001 4151 q.
2037 4086 2115 4137 64
2151 4093 2198 4136 a.
2239 4084 2293 4137 5.

524 4193 590 4260 4.
623 4190 797 4257 Sane
827 4194 884 4256 si
913 4192 1110 4258 semel
1140 4192 1530 4270 conceditur,
1551 4199 2110 4258 sacramentorum
2132 4192 2418 4257 valorem
2452 4210 2491 4255 a
2523 4191 2792 4255 ministri
2813 4209 2964 4254 san·

348 4299 571 4364 ctitate
600 4299 900 4380 pendere,
951 4301 1158 4364 omnis
1208 4299 1560 4364 eorundem
1609 4298 1851 4364 utilitas
1902 4300 2137 4380 periret
2188 4298 2272 4361 ob
2321 4305 2634 4380 perpetua
2685 4298 2766 4362 de
2797 4296 2965 4361 illius

348 4406 693 4470 sanctitate
724 4405 939 4482 dubia,
970 4407 1099 4470 imo
1132 4406 1211 4472 de
1245 4408 1384 4489 ipsa
1415 4412 1633 4470 actum
1663 4413 1835 4472 esset
1864 4403 2166 4470 Ecclesia.
2228 4405 2518 4470 Tandem

530 4532 594 4598 5.
626 4530 766 4594 aliis
797 4531 1067 4608 omissiS,
1098 4532 1190 4595 ita
1222 4550 1366 4595 cum
1400 4529 1710 4595 Suarez
1742 4531 1902 4611 disp.
1942 4534 2023 4598 13
2057 4549 2106 4593 s.
2138 4534 2182 4596 4
2214 4530 2647 4610 argumentari
2680 4529 2858 4593 licet:
2912 4529 2965 4592 si

348 4645 657 4720 peccator
685 4638 971 4719 privatur
1018 4645 1337 4719 potestate
1381 4638 1590 4703 valide
1637 4637 2124 4701 administrandi
2169 4642 2597 4712 sacramenta,
2644 4636 2770 4699 hoc
2819 4634 2962 4698 ideo

348 4744 439 4820 fit,
471 4745 574 4810 vel
603 4745 757 4827 quia
787 4745 934 4810 talis
965 4745 1253 4811 minister
1285 4763 1364 4810 ea
1393 4752 1710 4826 potestate
1761 4750 1859 4810 est
1909 4745 2218 4824 indignae,
2271 4743 2370 4807 vel
2422 4744 2573 4824 quia
2618 4759 2751 4804 non
2781 4739 2969 4804 decet
