3538 5364
1255 265 1311 314 et
1339 263 1518 315 forma
1546 266 2047 315 sacramentorum.
2833 272 2959 336 247

346 444 671 508 sensibile:
705 445 848 526 ipsa
878 451 1097 508 autem
1131 443 1527 525 significatio,
1561 461 1728 525 quae
1768 462 1848 507 ex
1895 443 2290 508 institutione
2323 444 2551 508 Christi
2600 445 2748 508 ritui
2781 463 2962 507 com-

344 551 518 631 pefit,
551 558 617 615 et
649 552 868 627 virtuS.
902 569 1069 634 quae
1103 551 1189 614 illi
1220 552 1402 626 inest,
1434 549 2030 640 rationemjhabent
2061 550 2319 615 formae.

441 674 444 677 ¹
519 678 589 744 4.
624 683 717 741 Ad
737 682 1049 741 solvendas
1070 682 1454 741 difficultates
1475 682 1622 741 scias
1655 698 1720 746 a.
1755 702 1971 742 nomen
2009 683 2378 741 materiae
2411 682 2596 741 bacin
2618 686 2964 760 quaestione

343 791 460 830 non
492 771 680 848 accipi
713 790 892 831 sensu
921 772 1275 849 physico,
1309 771 1410 830 sed
1432 790 1609 831 sensu
1640 771 2225 848 philosophico:
2260 772 2510 848 ideoque
2542 768 2611 836 b.
2644 772 2716 832 de
2735 774 2963 833 ratione

344 862 723 919 materiae
769 861 1207 920 sacramentalis
1238 862 1637 920 necessarium
1682 880 1802 920 non
1848 881 1990 931 esse,
2038 866 2110 919 ut
2154 880 2224 919 ea
2270 862 2349 919 sit
2392 881 2486 920 res
2532 861 2856 921 materialis
2902 868 2963 921 et

342 949 689 1025 palpabilis:
731 950 950 1009 sufficit
981 951 1159 1021 enim,
1190 954 1262 1010 ut
1293 952 1373 1008 sit
1404 951 1766 1009 elementum
1802 950 2000 1009 minus
2033 950 2511 1019 determinatum,
2562 950 2635 1009 ad
2667 951 2839 1026 plura
2871 952 2963 1011 in-

344 1039 644 1108 differens,
678 1040 834 1116 quod
869 1040 1113 1098 alterius
1145 1058 1381 1099 accessu
1411 1039 1603 1116 magis
1637 1039 2072 1098 determinatur
2105 1042 2166 1097 et
2195 1039 2532 1114 perficitur3
2567 1059 2751 1115 quare
2784 1040 2961 1099 etiam

343 1132 509 1186 actus
543 1128 818 1186 sensibili
846 1128 1019 1188 modo
1045 1129 1408 1187 manifestati
1429 1129 1716 1188 rationem
1739 1129 1954 1187 habere
1974 1132 2228 1204 possunt
2246 1129 2544 1198 materiae,
2577 1132 2651 1187 ut
2680 1129 2743 1187 in
2774 1148 2963 1189 sacra-

343 1218 560 1276 mentis
580 1218 984 1293 poenitentiae
1015 1221 1075 1276 et
1106 1218 1486 1280 matrimonii.
1533 1219 1625 1278 Ad
1657 1219 1949 1277 rationem
1981 1236 2119 1276 vero
2151 1217 2339 1276 form
2358 1237 2438 1277 ac
2469 1233 2534 1282 e.
2570 1218 2858 1285 sufficere,
2893 1223 2965 1277 ut

344 1307 523 1365 verba
554 1307 887 1366 habeantur
915 1306 1009 1365 vel
1041 1307 1366 1366 formaliter
1395 1309 1487 1367 vel
1521 1308 1838 1383 aliquoties
1858 1306 2302 1382 aequivalenter
2334 1302 2432 1389 (ut
2464 1312 2607 1367 sunt
2637 1302 2869 1390 nutus),
2904 1310 2965 1366 et

345 1392 415 1458 d.
460 1400 536 1454 ut
579 1397 741 1453 inter
783 1396 1087 1455 materiam
1127 1400 1189 1455 et
1219 1397 1467 1456 formam
1501 1397 1804 1455 distinctio
1836 1397 2126 1455 habeatur
2157 1397 2370 1454 saltem
2400 1398 2803 1456 virtualis.
2870 1398 2964 1456 Ita

345 1486 406 1542 in
449 1485 835 1543 matrimonio
867 1486 1070 1544 eadem
1110 1485 1286 1544 verba
1330 1487 1423 1545 vel
1469 1487 1646 1545 iidem
1693 1489 1863 1544 actus
1895 1486 2185 1545 rationem
2219 1485 2438 1544 habent
2470 1486 2769 1556 materiae,
2817 1506 2962 1561 qua-

343 1580 520 1632 tenus
540 1577 754 1632 mutua
774 1578 917 1632 sunt
934 1575 1182 1634 traditio
1203 1594 1308 1634 seu
1327 1595 1455 1634 eam
1476 1575 1844 1653 significant:
1880 1579 1941 1634 et
1973 1576 2153 1634 simul
2174 1574 2464 1634 rationem
2486 1575 2705 1633 habent
2724 1576 2960 1641 formae,

345 1664 457 1721 sub
488 1662 603 1721 alio
634 1667 833 1721 tamen
866 1667 1157 1739 respectu,
1205 1668 1501 1740 quatenus
1532 1668 1744 1724 mutua
1775 1669 1920 1724 sunt
1949 1665 2275 1739 acceptatio
2309 1683 2414 1723 seu
2448 1665 2594 1723 hanc
2626 1664 2964 1741 significant

344 1757 404 1811 et
446 1756 698 1811 eatenus
744 1752 1165 1830 obligationem
1211 1753 1506 1813 inducunt
1543 1758 2033 1829 contractumque
2066 1753 2382 1829 perficiunt
2426 1758 2488 1812 et
2532 1758 2963 1813 consummant.

343 1841 603 1916 Ideoque
648 1857 709 1906 e.
753 1842 1079 1900 cavendum
1123 1861 1271 1911 esse,
1322 1862 1398 1901 ne
1443 1844 1622 1902 nimis
1657 1843 1826 1902 facile
1871 1863 1940 1902 ex
1986 1843 2328 1918 compositis
2361 1843 2760 1913 naturalibus,
2812 1863 2962 1919 quae

344 1932 591 1990 materia
621 1946 682 1989 et
711 1931 899 1989 forma
929 1935 1204 1990 constant
1234 1932 1497 2009 physica,
1523 1933 1821 2007 judicium
1853 1933 2079 1991 feratur
2110 1932 2183 1990 de
2215 1932 2610 2001 sacramentis,
2663 1951 2813 2007 quae
2843 1952 2962 1991 non

344 2024 490 2079 sunt
507 2020 836 2095 composita
854 2021 1165 2090 naturalia,
1189 2022 1288 2081 sed
1309 2021 1639 2081 artificialia
1657 2022 1978 2098 pendentia
2008 2021 2082 2079 ab
2114 2021 2361 2080 arbitrio
2382 2021 2783 2091 institutoris3
2817 2039 2963 2097 quo·

343 2110 495 2168 circa
524 2109 972 2184 compositionis
1005 2110 1157 2168 ratio
1187 2129 1308 2170 non
1341 2113 1434 2169 est
1465 2110 1688 2181 eadem,
1723 2111 1829 2169 sed
1858 2110 2109 2187 analoga
2138 2113 2376 2168 tantum
2408 2116 2469 2169 et
2500 2115 2738 2170 remota.

528 2244 675 2297 281.
726 2229 1077 2300 Scholion
1123 2232 1187 2297 I.
1256 2236 1514 2294 Celebris
1560 2240 1654 2295 est
1696 2235 2022 2306 distinctiO,
2074 2255 2193 2311 qua
2235 2235 2500 2313 theologi
2546 2235 2777 2294 scholae
2828 2254 2961 2296 cum

343 2324 727 2400 Magistro
759 2326 1188 2384 sententiarum
1220 2326 1282 2383 in
1317 2336 1372 2387 4.
1406 2325 1543 2388 dist.
1581 2335 1681 2393 22,
1732 2344 1776 2386 S.
1824 2325 2098 2384 Thoma
2142 2325 2204 2383 in
2255 2334 2310 2388 3.
2344 2343 2398 2399 p.
2432 2344 2487 2399 q.
2526 2335 2605 2387 84
2641 2345 2693 2387 a.
2732 2337 2755 2388 1
2798 2326 2871 2383 ad
2908 2336 2962 2395 3,

346 2414 570 2472 Scoto
605 2413 668 2471 in
703 2422 759 2475 4.
797 2414 852 2475 d.
889 2423 923 2478 8
958 2434 1014 2490 q.
1055 2427 1077 2476 1
1121 2435 1170 2474 a.
1213 2426 1236 2477 1
1278 2414 1341 2472 in
1375 2415 1753 2473 sacramentis
1786 2413 2176 2490 distinguunt
2205 2413 2450 2489 aliquid,
2501 2414 2661 2490 quod
2706 2416 2800 2472 est
2844 2434 2963 2473 sa-

343 2505 823 2560 cramentum
856 2507 1125 2573 tantum;
1157 2503 1403 2579 aliquid,
1433 2503 1593 2579 quod
1625 2522 1749 2562 res
1782 2507 2038 2574 tantum,
2073 2508 2134 2562 et
2156 2501 2404 2578 aliquid,
2440 2501 2599 2577 quod
2631 2522 2752 2561 res
2785 2504 2968 2562 simul

344 2597 401 2649 et
432 2598 1021 2655 sacramentum.
1091 2593 1170 2650 De
1215 2612 1334 2668 qua
1378 2592 1519 2651 haec
1550 2597 1720 2651 nota:
1771 2590 1831 2656 l.
1865 2593 2014 2652 hanc
2046 2593 2495 2651 distinctionem
2526 2591 2786 2668 primum
2817 2593 2966 2651 forte

344 2681 493 2740 clare
525 2681 698 2740 innui
728 2680 801 2740 ab
834 2681 1084 2759 Hugone
1117 2703 1150 2740 a
1182 2701 1227 2744 s.
1259 2681 1573 2741 Victore
1615 2682 1655 2741 l.
1697 2691 1731 2744 2
1767 2682 1841 2741 de
1875 2701 2013 2741 sacr.
2046 2702 2103 2758 p.
2140 2693 2173 2746 8
2210 2701 2257 2746 c.
2297 2693 2365 2753 7;
2413 2702 2469 2759 q.
2505 2692 2581 2745 85
2620 2680 2684 2739 in
2725 2694 2774 2745 1.
2807 2681 2963 2743 Cor.:

344 2775 600 2829 sentent.
647 2774 722 2828 tr.
775 2783 807 2832 6
857 2790 905 2833 c.
941 2782 1009 2841 3;
1058 2772 1449 2848 Stephano
1495 2772 2030 2849 augustodunensi,
2078 2772 2182 2849 qui
2230 2771 2435 2831 eodem
2465 2774 2731 2846 tempore
2763 2771 2967 2829 floruit

343 2859 504 2937 (Mig.
548 2869 689 2930 172,
728 2869 915 2931 1295,
958 2861 1010 2918 si
1041 2863 1240 2919 tamen
1274 2861 1465 2937 ipsius
1498 2866 1587 2919 est
1619 2861 1721 2919 ille
1754 2857 1976 2941 tract.)‚
2025 2880 2159 2919 cum
2191 2861 2503 2920 nonnullis
2538 2860 2669 2918 aliis
2701 2859 2967 2936 ejusdem

343 2950 568 3018 aetatis,
620 2953 680 3006 et
725 2949 799 3007 ab
830 2948 1299 3008 Innocentio
1332 2950 1433 3012 111.
1469 2949 1533 3008 in
1566 2969 1691 3025 cap.
1726 2969 1879 3024 ,cum
1914 2950 2195 3008 Marthae‘
2228 2950 2301 3010 de
2332 2950 2729 3010 celebratione
2761 2949 2967 3008 missa·

342 3058 506 3106 rum,
492 3061 504 3073 ·
554 3038 662 3113 qui
693 3042 895 3097 tamen
925 3034 992 3103 2.
1027 3039 1169 3097 haec
1200 3041 1437 3097 tantum
1469 3039 1531 3097 in
1566 3043 1938 3097 sacramento
1971 3039 2159 3098 euch
2178 3039 2515 3099 aristiae
2548 3039 2965 3116 distinguunt;

343 3126 682 3186 scholastici
731 3147 869 3186 vero
920 3147 987 3185 ea
1037 3126 1099 3185 in
1149 3127 1426 3186 omnibus
1474 3130 1855 3187 sacramentis
1906 3128 2174 3186 invenire
2220 3131 2282 3186 et
2326 3129 2632 3206 assignare
2677 3128 2966 3187 laborant.

343 3218 573 3275 Nomen
606 3211 674 3278 3.
710 3235 996 3275 sacram
1016 3216 1178 3275 enti
1213 3216 1275 3275 in
1307 3217 1416 3275 hac
1446 3216 1831 3276 distinctione
1864 3217 2050 3293 accipi
2080 3217 2281 3287 latiuS,
2330 3238 2437 3293 pro
2471 3217 2642 3294 signo
2675 3217 2797 3276 scil.
2830 3236 2963 3293 per·

341 3306 573 3364 tinente
607 3305 681 3363 ad
729 3309 1177 3372 sacramentum,
1224 3305 1497 3382 quamvis
1528 3325 1649 3364 non
1683 3307 1761 3365 sit
1795 3326 1929 3382 pars
1962 3308 2334 3366 constituens
2368 3309 2835 3366 sacramentum:
2883 3306 2969 3364 ita

342 3394 642 3453 character
661 3395 986 3454 secundum
999 3413 1126 3453 eam
1138 3413 1231 3453 res
1243 3399 1751 3454 etsacramentum
1763 3395 1986 3455 dicitur
1988 3396 2450 3471 ‚quiaestetiam
2467 3396 2726 3472 signum.
2743 3395 2967 3454 Rursus

342 3483 583 3559 quando
614 3483 845 3559 aliquid
876 3485 1211 3560 appellatur
1241 3489 1679 3544 sacramentum
1710 3488 1965 3555 tantum,
2001 3504 2119 3544 non
2150 3487 2242 3543 est
2273 3504 2502 3554 senene,
2551 3485 2709 3560 quod
2754 3484 2818 3543 in
2864 3485 2968 3542 illo

344 3573 463 3631 solo
496 3573 787 3631 consistat
817 3576 946 3631 tota
965 3573 1115 3631 ratio
1138 3574 1490 3633 sacramenti
1509 3574 1750 3649 proprie
1772 3574 1934 3642 dicti,
1969 3575 2069 3633 sed
2103 3574 2261 3650 quod
2295 3573 2447 3633 illud
2480 3575 2564 3632 ita
2597 3574 2678 3631 sit
2709 3573 2965 3650 signum,

344 3666 411 3720 ut
441 3680 565 3720 non
599 3662 682 3720 sit
711 3662 888 3720 simul
921 3681 1016 3721 res
1050 3662 1395 3740 significata.
1443 3662 1568 3721 Hoc
1599 3682 1739 3740 ergo
1759 3663 2041 3739 loquendi
2074 3663 2248 3721 modo
2278 3660 2346 3728 4.
2380 3663 2769 3740 distinguunt
2798 3663 2966 3721 theo-

343 3751 461 3826 logi
497 3750 562 3809 in
598 3751 982 3809 sacramentis
1014 3751 1260 3826 aliquid,
1306 3753 1465 3828 quod
1499 3752 1798 3828 significat
1830 3757 1891 3810 et
1921 3772 2039 3811 non
2074 3751 2461 3829 significatur,
2508 3756 2568 3810 et
2612 3752 2723 3809 hoc
2765 3752 2967 3827 appel-

345 3840 473 3897 lant
505 3843 942 3899 sacramentum
975 3843 1240 3910 tantum3
1288 3841 1535 3917 aliquid,
1571 3841 1730 3916 quod
1762 3841 2129 3917 significatur
2161 3845 2222 3899 et
2253 3860 2373 3900 non
2406 3840 2719 3917 significat,
2768 3845 2827 3898 et
2858 3841 2967 3898 hoc

341 3931 554 3987 vocant
598 3948 724 3988 rem
771 3933 1040 4000 tantum;
1086 3929 1344 4006 denique
1376 3930 1622 4004 aliquid,
1666 3930 1826 4005 quod
1860 3929 2163 4006 significat
2207 3934 2268 3989 et
2313 3931 2698 4007 significatur,
2749 3933 2810 3988 et
2858 3930 2966 3988 hoc

342 4018 650 4093 appellant
681 4037 806 4076 rem
838 4019 1016 4077 simul
1050 4022 1111 4077 et
1143 4021 1593 4078 sacramentum.
1639 4020 1732 4077 Ita
1764 4016 1828 4081 5.
1860 4020 1923 4077 in
1956 4020 2314 4079 eucharistia
2346 4020 2567 4096 species
2600 4021 2743 4078 sunt
2775 4037 2966 4078 sacra-

340 4111 615 4166 mentum
658 4111 915 4178 tantum,
963 4108 1105 4184 quia
1149 4108 1486 4184 significant
1517 4126 1728 4182 corpus
1761 4109 1977 4168 Christi
2022 4114 2083 4167 et
2127 4110 2401 4187 gratiam,
2455 4110 2617 4184 ipsae
2663 4126 2802 4166 vero
2847 4127 2968 4167 non

340 4196 790 4272 significantur:
836 4197 1026 4274 gratia
1059 4217 1198 4256 vero
1230 4201 1317 4256 est
1350 4216 1442 4256 res
1473 4200 1728 4269 tantum,
1779 4217 1929 4273 quae
1972 4199 2339 4274 significatur
2384 4203 2443 4257 et
2487 4217 2606 4258 non
2654 4197 2967 4274 significat.

341 4286 612 4363 Denique
645 4304 861 4361 corpus
893 4286 1114 4345 Christi
1147 4290 1240 4345 est
1270 4289 1706 4346 sacramentum
1738 4288 1918 4345 simul
1959 4290 2018 4344 et
2059 4306 2171 4356 τρε,
2214 4288 2356 4362 quia
2388 4288 2681 4363 significat
2711 4287 2965 4364 gratiam

340 4379 402 4432 et
433 4375 810 4451 significatur
839 4396 874 4434 a
903 4375 1100 4434 verbis
1133 4380 1195 4435 et
1234 4396 1268 4434 a
1314 4372 1641 4452 speciebus.
1709 4376 1877 4445 Quod
1910 4395 2047 4434 vero
2077 4373 2144 4438 6.
2179 4377 2297 4434 alia
2328 4381 2695 4435 sacramenta
2726 4377 2963 4438 attinet.

340 4465 695 4538 praesertim
742 4464 1188 4540 poenitentiam,
1242 4466 1431 4541 magis
1483 4467 1547 4524 in
1599 4466 1758 4524 hisce
1809 4466 2119 4524 elementis
2166 4465 2544 4542 assignandis
2590 4465 2862 4524 laborant
2906 4467 2966 4522 et

342 4553 522 4611 etiam
556 4555 717 4611 inter
760 4572 821 4612 se
866 4554 1233 4613 dissentiunt
1261 4555 1541 4630 theologi.
1613 4552 1675 4618 7.
1722 4555 1794 4612 In
1841 4555 2138 4612 sententia
2182 4573 2403 4622 eorum,
2453 4554 2779 4613 secundum
2815 4571 2964 4628 quos

342 4645 714 4700 sacramenta
745 4643 999 4718 gratiam
1029 4662 1150 4703 non
1181 4649 1430 4702 causant
1459 4644 1786 4702 efficienter
1816 4643 2136 4718 perfective
2168 4644 2397 4701 actione
2431 4661 2540 4701 sua
2569 4642 2964 4718 pertingendo

343 4729 687 4789 immediate
736 4731 809 4790 ad
860 4733 1048 4806 ipsam
1094 4733 1326 4809 gratiae
1369 4733 1786 4803 substantiam,
1839 4732 1942 4791 sed
1994 4733 2186 4790 solum
2233 4731 2582 4806 dispositive
2634 4731 2964 4789 inducendo
