3538 5364
1100 321 1180 376 De
1207 338 1441 376 casuum
1469 322 1852 377 reservatione
1879 324 1938 375 et
1964 320 2175 392 sigillo.
2817 329 2953 392 493

334 514 427 569 est
454 509 620 567 illam
654 508 968 567 concedere
1000 508 1096 567 vel
1126 526 1358 584 negare,
1405 510 1466 566 et
1510 507 1682 582 cujus
1717 505 2132 582 jurisdictioni
2164 506 2459 565 inferioris
2482 507 2825 582 jurisdictio
2857 517 2947 567 est

333 598 599 657 obnoxia.
628 597 784 656 Hinc
801 597 1024 674 passim
1043 597 1303 655 Ecclesia
1320 597 1469 655 hanc
1486 596 1600 655 sibi
1620 597 1874 655 asseruit
1892 599 2266 673 potestatem,
2300 599 2372 653 ut
2404 599 2570 671 patet
2599 614 2667 654 ex
2699 597 2943 655 damna-

334 688 496 746 tione
527 705 693 762 prop.
729 695 810 750 45
845 689 906 745 et
939 696 1019 749 46
1054 686 1265 762 synodi
1296 685 1819 761 pistoriensis
1864 689 1925 744 et
1965 704 2032 743 ex
2065 684 2331 743 conciliis
2364 685 2571 743 saltem
2612 696 2686 749 17
2723 686 2953 762 synodo

334 775 778 835 tridentina
821 775 1236 846 anterioribus,
1282 793 1434 851 quae
1478 777 1746 833 recenset
1790 777 1996 834 auctor
2027 790 2119 849 op.
2152 773 2420 832 Sermoni
2451 774 2748 835 istruttivi
2794 774 2849 833 d’
2866 794 2955 834 un

333 865 573 924 vecchio
604 883 847 940 par-occo
879 864 978 922 del
1008 864 1264 923 Toscana
1295 865 1351 922 al
1383 881 1492 922 suo
1523 864 1763 939 popu10,
1798 863 2051 922 Vercelli
2092 872 2253 926 1796
2291 881 2464 925 serm.
2502 874 2557 926 9.
2623 864 2786 922 Hanc
2816 864 2952 923 illa-

335 954 561 1014 tionem
591 954 745 1012 vidit
773 954 867 1012 vel
915 953 1365 1012 Leibnitius
1412 953 1475 1010 in
1521 969 1630 1011 suo
1675 957 1824 1028 syst.
1868 951 2199 1029 theologico
2245 951 2539 1012 scribens:
2591 952 2700 1021 ,Id
2751 952 2952 1029 ipsum

336 1045 493 1102 enim
524 1042 598 1101 de
620 1044 760 1118 jure
791 1041 993 1101 divino
1025 1046 1134 1112 est,
1166 1047 1238 1100 ut
1271 1042 1704 1101 absolutionem
1733 1060 1854 1100 non
1888 1044 2298 1116 consequatur,
2331 1041 2437 1116 qui
2468 1042 2763 1101 Ecclesiae
2790 1042 2953 1117 judi-

337 1134 496 1192 cium
527 1131 870 1202 contemnit,
922 1135 984 1190 et
1032 1149 1182 1207 quas
1232 1130 1340 1189 illa
1387 1130 1752 1190 conditiones
1797 1131 1923 1189 sive
1968 1130 2031 1188 in
2077 1129 2407 1189 confitendo
2438 1131 2628 1208 exigit
2659 1131 2785 1191 sive
2817 1139 2949 1209 post

339 1220 765 1281 confessionem
797 1220 1066 1296 imponit,
1099 1220 1404 1297 negligere
1435 1218 1668 1278 audeat.
1731 1219 1888 1278 Hinc
1932 1218 2113 1278 etiam
2159 1219 2223 1278 in
2268 1219 2547 1294 pontifice
2591 1221 2845 1279 maximo
2891 1230 2951 1279 et

339 1311 608 1387 episcopo
642 1311 906 1386 potestas
939 1313 1032 1368 est
1062 1309 1364 1368 statuendi
1396 1326 1569 1367 casus
1589 1313 1941 1377 reservatoS,
1975 1307 2081 1383 qui
2114 1326 2147 1364 a
2178 1309 2390 1383 quovis
2411 1308 2708 1368 sacerdote
2727 1310 2955 1368 remitti

337 1418 458 1458 non
487 1401 742 1475 possunt
784 1398 903 1456 nisi
948 1398 1012 1456 in
1056 1399 1320 1475 periculo
1363 1398 1592 1467 mortis,
1640 1400 1701 1455 et
1744 1396 2185 1472 praescribendi
2216 1414 2469 1456 canones
2502 1399 2954 1473 poenitentiales

337 1537 352 1551 .
386 1536 402 1551 .
434 1537 448 1551 .
482 1487 704 1564 quibus
735 1507 770 1545 a
801 1486 1120 1547 confitente
1150 1487 1434 1565 neglectis
1467 1530 1481 1543 .
1513 1530 1527 1545 .
1561 1530 1574 1544 .
1606 1486 1783 1544 irrita
1812 1486 2106 1545 absolutio
2137 1489 2356 1550 esset.‘
2420 1486 2501 1547 cf.
2548 1505 2591 1549 s.
2636 1487 2955 1546 Thomas

339 1577 535 1654 suppl.
568 1596 623 1653 q.
661 1585 773 1639 20:
806 1577 1145 1636 Perrone
1176 1595 1223 1635 8.
1259 1587 1291 1638 5
1328 1595 1416 1651 pr.
1449 1584 1505 1638 4.

389 1759 396 1768 ,
520 1711 665 1764 513.
699 1695 1043 1764 Scholion
1076 1695 1222 1762 III.
1255 1700 1342 1758 De
1371 1701 1573 1777 siqillo.
1593 1699 1815 1756 -Per
1847 1716 1908 1756 se
1941 1698 2134 1773 liquet
2165 1699 2424 1774 seposito
2456 1699 2634 1758 etiam
2662 1699 2955 1760 Ecclesiae

336 1794 653 1868 praecepto
683 1790 1014 1849 sacerdotes
1043 1789 1236 1849 teneri
1281 1789 1546 1866 sigilli
1591 1789 1722 1864 lege
1766 1788 1921 1847 circa
1962 1786 2348 1846 confessionis
2380 1788 2697 1864 objectum.
2756 1789 2957 1866 Hujus

338 1879 717 1957 obligationis
748 1880 1005 1938 rationes
1034 1879 1238 1954 paucis
1270 1878 1513 1954 exponit
1543 1897 1586 1941 s.
1617 1877 1931 1936 Thomas
1961 1877 2024 1934 in
2060 1887 2117 1938 4.
2148 1875 2288 1936 dist.
2312 1885 2382 1939 21
2427 1897 2483 1952 q.
2520 1888 2554 1942 3
2589 1898 2640 1936 8.
2670 1891 2693 1942 1
2734 1879 2844 1938 801.
2882 1888 2955 1942 3;

341 1969 455 2039 ,In
487 1968 870 2027 sacramentis
902 1987 985 2038 ea,
1018 1987 1172 2044 quae
1203 1967 1462 2026 exterius
1494 1969 1809 2044 geruntur,
1856 1971 2002 2024 sunt
2033 1965 2224 2042 figura
2255 1984 2473 2037 rerum,
2518 1986 2670 2042 quae
2700 1967 2957 2028 interius

342 2058 730 2134 contingunt:
778 2061 841 2116 et
883 2057 1017 2115 ideo
1063 2057 1369 2127 confessi0,
1417 2075 1535 2131 qua
1566 2055 1700 2131 quis
1735 2054 2026 2114 sacerdoti
2058 2072 2119 2113 se
2162 2055 2423 2130 subjicit,
2471 2056 2713 2133 signum
2744 2060 2834 2115 est
2864 2058 2954 2116 in·

341 2146 595 2217 terioris,
643 2166 761 2222 qua
804 2146 939 2221 quis
986 2147 1105 2204 Deo
1151 2144 1488 2221 subjicitur.
1553 2145 1712 2203 Deus
1758 2147 1958 2202 autem
1991 2149 2298 2219 peccatum
2329 2143 2515 2216 illius,
2568 2145 2674 2221 qui
2726 2164 2789 2204 se
2839 2147 2955 2205 sibi

349 2235 591 2311 subjicit
619 2253 726 2311 per
755 2234 1200 2310 poenitentiam,
1238 2235 1423 2312 tegit3
1469 2233 1629 2292 unde
1659 2237 1720 2291 et
1750 2233 1861 2291 hoc
1890 2235 2125 2308 oportet
2154 2232 2220 2290 in
2252 2237 2615 2292 sacramento
2648 2235 2957 2309 poeniten·

347 2324 461 2382 tiae
493 2323 845 2401 significari;
892 2327 954 2381 et
983 2323 1115 2383 ideo
1147 2323 1220 2381 de
1248 2323 1598 2382 necessitate
1632 2322 1983 2380 sacramenti
2014 2325 2124 2390 est,
2170 2321 2330 2396 quod
2362 2324 2499 2397 quis
2530 2323 2957 2383 confessionem

335 2413 525 2485 .88181;
557 2416 618 2472 81
646 2417 952 2488 tamquam
982 2412 1237 2472 violator
1267 2412 1618 2471 sacramenti
1648 2416 1850 2488 peccat
1881 2411 1986 2486 (181
2017 2410 2269 2480 revelat;
2316 2416 2377 2470 et
2407 2417 2641 2487 praeter
2671 2413 2781 2472 hoc
2811 2421 2954 2472 sunt

343 2502 493 2561 aliae
524 2502 821 2561 utilitates
853 2502 1031 2578 hujus
1063 2501 1388 2571 celationis,
1435 2500 1577 2574 quia
1619 2520 1726 2576 per
1768 2500 1880 2558 hoc
1913 2499 2175 2558 homines
2205 2499 2280 2557 ad
2312 2501 2734 2560 confessionem
2766 2503 2956 2579 magis

343 2591 732 2650 attrahuntur
761 2594 823 2648 et
851 2591 1180 2667 simplicius
1211 2594 1452 2666 peccata
1480 2589 1898 2649 confitentur.‘

527 2716 671 2779 514.
723 2711 978 2778 'rhesis
1024 2710 1296 2778 CCLII.
1361 2731 1594 2795 Ritus,
1619 2733 1743 2798 qui
1758 2731 2197 2795 contritione,
2216 2732 2648 2795 confessione
2666 2736 2731 2786 et
2750 2735 2961 2787 satis·

336 2824 1070 2889 factionepcccatoris,
1085 2836 1209 2875 nec
1237 2836 1380 2875 non
1408 2824 1791 2877 sacerdotis
1821 2822 2255 2875 absolutione
2275 2825 2692 2890 continetur,
2710 2839 2955 2879 verum

345 2914 540 2966 credi
576 2913 769 2968 debet
805 2924 1028 2965 novae
1065 2910 1238 2975 levis
1274 2913 1801 2964 sacramentum
1841 2924 1888 2963 a
1925 2912 2270 2977 baptismo
2308 2912 2741 2966 distinctum.

525 3031 1092 3099 Demonstratio.
1154 3028 1290 3093 Hac
1334 3031 1499 3095 thesi
1543 3029 1819 3094 fructum
1870 3031 2065 3094 totius
2098 3036 2412 3094 tractatus
2446 3033 2829 3114 colligimus:
2877 3055 2956 3101 88

345 3139 517 3204 8111111
546 3136 955 3202 corollarium
987 3144 1086 3201 est
1117 3137 1421 3214 omnium,
1453 3155 1619 3220 quae
1649 3137 1981 3219 hucusque
2012 3137 2371 3201 statuimus
2404 3137 2514 3203 Est
2532 3159 2723 3221 porro
2744 3160 2958 3207 asser·

347 3246 438 3309 tio
469 3251 696 3309 nostra
725 3244 806 3307 de
837 3243 978 3319 fide,
1011 3250 1083 3307 ut
1113 3249 1291 3324 patet
1323 3262 1400 3308 ex
1433 3243 1683 3308 concilii
1732 3243 2180 3308 tridentini
2227 3263 2381 3308 sess.
2422 3252 2502 3313 14
2534 3264 2672 3310 can.
2712 3253 2781 3315 1:
2850 3247 2960 3325 ,Si

345 3352 491 3435 quis
521 3353 766 3427 dixerit,
798 3352 864 3415 in
895 3351 1216 3415 catholica
1244 3348 1530 3414 Ecclesia
1560 3350 2025 3431 poenitentiam
2068 3368 2200 3414 non
2247 3369 2392 3416 esse
2424 3370 2574 3417 vere
2608 3361 2672 3419 et
2701 3357 2963 3437 proprie

344 3466 820 3524 sacramentum
850 3476 968 3539 pro
999 3456 1307 3533 fidelibus
1341 3457 1592 3539 quoties
1624 3463 1773 3537 post
1818 3456 2211 3538 baptismum
2243 3457 2308 3520 in
2339 3466 2609 3539 peccata
2638 3460 2957 3539 labuntur,

343 3566 469 3647 ipsi
501 3565 637 3630 Deo
667 3562 1153 3630 reconciliandis
1198 3582 1238 3627 a
1283 3562 1535 3627 Christo
1569 3561 1638 3625 D.
1671 3561 1743 3625 N.
1776 3562 2157 3640 institutum,
2190 3563 2261 3626 A.
2295 3561 2394 3627 S.‹
2465 3563 2651 3644 Quod
2698 3569 2957 3649 saepius

339 3674 476 3755 jam
507 3679 700 3738 antea
731 3670 1048 3735 sancitum
1080 3668 1209 3744 fuit,
1242 3677 1312 3734 ut
1345 3668 1428 3732 ab
1460 3668 1824 3749 Eugenio
1857 3667 1957 3731 IV.
1991 3670 2164 3732 instr.
2198 3689 2315 3751 pro
2351 3672 2661 3748 armenis;
2715 3691 2754 3736 a
2787 3674 2955 3740 Cle-

345 3786 613 3845 mente
660 3777 760 3841 IV.
809 3777 876 3840 in
922 3776 1319 3858 professione
1364 3775 1512 3840 fidei
1554 3774 1849 3840 Michaeli
1888 3774 2231 3857 Palaelogo
2284 3779 2644 3859 proposita3
2696 3780 2959 3846 decreto

344 3886 575 3950 Lucii
603 3885 695 3948 ΙΙΙ.
728 3890 954 3948 contra
987 3882 1390 3963 albingenses
1423 3882 1458 3945 l.
1493 3886 1534 3950 5
1567 3882 1734 3945 decr.
1772 3882 1864 3946 tit.
1900 3887 1935 3949 7
1971 3899 2023 3945 8.
2059 3887 2117 3950 9.

526 4009 591 4076 1.
625 4007 945 4072 Probatur
980 4008 1174 4072 thesis
1207 4006 1643 4070 corollarii
1674 4007 1901 4070 modo:
1935 4004 2424 4073 Sacramentum
2456 4012 2809 4089 generatim
2840 4013 2957 4077 de-

345 4117 510 4180 finiri
542 4122 755 4197 potest
785 4115 944 4178 ritus
965 4112 1188 4179 efficax
1208 4113 1470 4194 gratiae,
1492 4113 1600 4197 qui
1620 4111 1943 4178 Christum
1960 4114 2161 4178 habet
2179 4122 2530 4179 auctorem.
2564 4116 2760 4199 Atqui
2778 4118 2960 4196 ritus,

347 4241 540 4305 quem
572 4222 1039 4301 descripsimus
1073 4219 1394 4284 Christum
1425 4220 1623 4284 habet
1657 4228 1988 4285 auctorem
2023 4228 2246 4303 estque
2278 4223 2521 4303 gratiae
2557 4222 2796 4289 efficax.
2850 4226 2956 4290 Ef-

347 4329 480 4392 ficit
509 4328 680 4393 enim
710 4334 1123 4409 peccatorum
1154 4327 1597 4391 remissionem
1644 4329 1729 4412 (n.
1761 4329 1940 4412 438),
1986 4346 2115 4410 qua
2159 4329 2354 4393 homo
2405 4348 2482 4393 ex
2514 4338 2855 4411 peccatore
2886 4333 2957 4397 fit

340 4436 570 4517 justus²
602 4433 775 4517 quod
805 4434 942 4498 sine
974 4433 1292 4498 infusione
1324 4434 1572 4515 gratiae
1603 4433 1739 4498 fieri
1769 4434 2020 4515 nequit:
2054 4442 2152 4498 est
2184 4453 2335 4515 ergo
2369 4446 2862 4504 sacramentum.

523 4561 593 4627 2.
626 4558 946 4623 Probatur
977 4577 1056 4623 ex
1087 4558 1486 4641 patribus
1521 4559 1628 4641 qui
1659 4558 1901 4640 passim
1934 4558 2013 4624 de
2044 4560 2458 4641 poenitentia,
2493 4563 2699 4645 qualis
2733 4565 2800 4628 in
2831 4565 2954 4629 Ec-

347 4666 545 4731 clesia
575 4665 801 4747 agitur,
833 4667 1237 4742 disserentes
1269 4665 1488 4730 omnia
1520 4666 1579 4731 ei
1610 4664 2000 4743 adscribunt,
2033 4684 2197 4748 quae
2230 4668 2312 4731 ad
2344 4671 2733 4736 sacramenti
2750 4672 2957 4737 ratio-

345 4791 495 4838 nem
529 4771 881 4837 sufficiunt:
925 4774 1118 4837 ritum
1149 4773 1279 4836 scil.
1311 4772 1646 4850 visibilem,
1679 4771 2029 4836 efficaciam
2073 4773 2140 4836 in
2172 4775 2393 4839 ordine
2425 4777 2650 4841 salutis
2682 4777 2958 4861 ideoque
