3538 5364
1155 321 1237 378 De
1261 321 1756 392 indulgentiarum
1786 319 2071 392 utilitate..
2779 327 2909 392 513

300 505 629 582 redundet,
661 523 854 588 quam
886 523 966 569 ex
1005 503 1206 585 rigida
1236 509 1650 585 peccatorum
1683 498 1965 565 vindicta
1994 519 2110 582 per
2143 500 2548 565 exactionem
2579 502 2908 566 novissimi

302 612 676 695 quadrantis
707 628 959 694 poenae
1005 609 1139 676 Deo
1185 609 1455 673 debitae.
1517 607 1836 687 Quocirca
1878 607 1946 674 2.
1996 624 2195 687 opera
2239 608 2635 690 praescripta
2677 608 2911 673 debere

299 719 541 784 habere
570 719 888 782 rationem
919 717 1112 781 medii
1155 716 1239 780 ad
1281 716 1453 780 hunc
1497 714 1707 791 finem,
1753 714 2017 778 honoris
2061 711 2304 777 scilicet
2334 712 2450 778 Dei
2492 715 2911 798 utilitatisque

299 824 652 902 Ecclesiae3
684 824 957 906 ideoque
988 824 1055 890 3.
1087 821 1227 888 fieri
1255 841 1466 904 posse,
1497 829 1569 887 ut
1597 840 1716 904 pro
1751 838 1946 902 opere
1978 820 2245 885 minoris
2277 821 2484 886 meriti
2515 822 2723 904 maj0r
2753 840 2909 886 con-

301 932 568 997 cedatur
595 930 1005 1011 indulgentia,
1038 930 1092 993 si
1125 928 1335 1011 aptius
1384 930 1467 993 sit
1499 929 1780 994 medium
1814 928 1897 992 ad
1929 946 2079 992 eum
2128 926 2323 993 finem
2355 930 2911 1011 consequendum;

300 1039 431 1103 imo
462 1045 534 1102 ut
562 1037 736 1101 nullo
756 1055 926 1102 novo
945 1037 1120 1101 bono
1140 1053 1335 1118 opere
1367 1035 1652 1118 injuncto
1682 1033 2075 1116 indulgentia
2110 1035 2522 1112 concedatur»,
2542 1034 2645 1101 vel
2666 1055 2910 1102 merce-

300 1145 400 1209 dis
413 1145 617 1208 instar
629 1143 863 1207 intuitu
883 1143 1199 1207 bonorum
1216 1160 1481 1224 operum
1498 1129 1668 1207 vitae
1682 1141 2090 1223 praeteritae,
2115 1142 2217 1206 vel
2241 1141 2474 1205 intuitu
2491 1143 2781 1219 aliorum,
2807 1144 2912 1226 qui

302 1252 537 1316 oblatis
552 1251 685 1315 suis
700 1250 1240 1314 satisfactionibus
1269 1250 1393 1314 hoc
1408 1248 1791 1314 beneficium
1820 1249 1903 1312 ab
1932 1247 2217 1314 Ecclesia
2249 1249 2388 1313 aliis
2420 1250 2685 1315 concedi
2714 1269 2913 1332 exop-

302 1366 462 1436 tant.
495 1365 567 1423 ut
610 1359 762 1423 olim
808 1356 1048 1421 factum
1091 1376 1235 1422 esse
1265 1356 1540 1420 vidimus
1589 1375 1650 1420 n.
1684 1361 1832 1426 526.
1897 1354 2063 1420 Num
2097 1361 2314 1422 autern
2349 1355 2684 1423 deficiente
2714 1375 2915 1423 causa

294 1466 475 1548 justa
511 1465 941 1545 indulgentiae
984 1462 1261 1540 valeant,
1306 1451 1799 1527 controvertunt
1844 1462 2140 1542 theologi.
2203 1461 2425 1527 Plures
2471 1472 2737 1530 censent
2767 1483 2917 1528 cum

303 1592 354 1637 S.
386 1572 688 1636 Thoma
718 1570 1026 1652 supplem.
1042 1589 1099 1652 q.
1118 1575 1275 1638 aba.
1295 1575 1367 1638 2:
1407 1569 1512 1643 ,In
1532 1568 1796 1634 arbitrio
1817 1569 2029 1634 dantis
2061 1569 2524 1649 indulgentiam
2543 1578 2642 1636 est
2672 1580 2915 1648 taxare,

305 1686 622 1764 quantum
652 1697 767 1762 per
796 1676 1255 1758 indulgentiam
1289 1677 1369 1742 de
1400 1694 1612 1759 poena
1641 1677 2023 1744 remittatur.
2071 1675 2139 1741 Si
2169 1683 2387 1742 tamen
2418 1678 2783 1742 inordinate
2815 1698 2917 1744 re-

304 1786 538 1862 mittat,
569 1790 795 1866 peccat
827 1784 987 1848 tales
1019 1781 1260 1848 faciens
1291 1783 1731 1863 indulgentiae,
1781 1783 2193 1847 nihilominus
2225 1784 2367 1866 quis
2399 1781 2655 1865 plenam
2688 1803 2917 1850 conse-

307 1893 525 1977 quitur
555 1889 1068 1972 indulgentiam.‘
1139 1888 1226 1954 Cf.
1260 1885 1585 1953 Oswald
1616 1909 1675 1971 p.
1709 1895 1750 1959 5
1786 1892 1820 1974 ξ
1861 1894 1958 1959 18.

485 2002 634 2068 535.
669 1998 1086 2084 Propositio
1121 1996 1323 2066 VIII.
1373 1994 1811 2080 Indulqentiae
1835 1996 2126 2079 fidelibus
2147 2003 2456 2081 prosunt:
2493 2005 2562 2063 ut
2592 2019 2771 2064 conc.
2807 2000 2919 2063 tri·

309 2105 640 2172 dentinum
670 2104 955 2170 definivit
982 2122 1138 2168 sese.
1171 2107 1257 2172 25
1290 2109 1355 2168 et
1384 2108 1563 2185 patet
1593 2121 1673 2168 ex
1705 2120 1929 2167 earum
1961 2102 2211 2180 effectu,
2242 2109 2382 2167 tum
2413 2123 2495 2169 ex
2528 2105 2730 2184 facti5‚
2751 2124 2919 2189 quae

311 2214 429 2295 ipsi
456 2213 796 2278 cernimus.
830 2211 1087 2291 Quanta
1119 2210 1289 2274 enim
1329 2215 1888 2274 sacramentorum
1918 2208 2291 2292 frequentia,
2336 2211 2652 2277 invisendi
2680 2210 2922 2294 templa

315 2326 378 2386 et
402 2320 551 2386 loca
580 2336 770 2383 sacra
801 2319 1027 2393 fervor,
1061 2317 1371 2381 orationis
1416 2317 1713 2394 studium,
1758 2316 2327 2398 congregationum
2357 2319 2682 2395 alacritaS‚
2712 2319 2921 2383 bono-

302 2445 449 2492 rum
482 2444 752 2509 operum
784 2423 1241 2506 multiplicatio,
1294 2424 1377 2487 ad
1427 2442 1593 2507 quae
1644 2423 1864 2487 omnia
1912 2423 2136 2489 fideles
2196 2409 2571 2508 plerumque
2621 2425 2762 2489 sola
2822 2425 2919 2489 in-

302 2534 776 2615 dulgentiarum
806 2551 920 2614 spe
950 2529 1141 2596 illecti
1170 2531 1572 2595 inducuntur.
1622 2530 1958 2595 Accedunt
1988 2537 2052 2596 et
2085 2530 2213 2595 alia
2244 2533 2610 2608 commoda,
2643 2550 2810 2615 quae
2843 2550 2921 2596 ex

302 2640 842 2722 indulgentiarum
873 2657 994 2703 usu
1041 2638 1360 2714 oriuntur;
1401 2636 1716 2720 siquidem
1765 2654 1884 2703 eae
1915 2657 1981 2706 a.
2017 2645 2436 2703 commonent
2465 2638 2701 2715 fideles
2734 2638 2923 2723 quale

304 2747 463 2813 olim
493 2747 678 2813 fuerit
699 2745 1022 2811 Ecclesiae
1041 2745 1121 2809 de
1140 2745 1421 2828 peccatis
1434 2744 1758 2827 judicium,
1794 2744 2025 2828 quibus
2058 2751 2191 2809 tam
2227 2745 2602 2811 diuturnam
2619 2746 2924 2828 imposuit

304 2854 805 2938 poenitentiam;
849 2858 1160 2918 revocant
1202 2854 1271 2920 b.
1317 2853 1383 2915 in
1426 2852 1804 2916 memoriam
1851 2852 2165 2917 fervorem
2198 2859 2264 2917 et
2294 2854 2733 2935 poenitentiae
2784 2859 2921 2917 stu-

306 2963 488 3027 dium
519 2962 838 3043 majorum
868 2966 1256 3035 nostrorum,
1307 2958 1416 3041 qui
1466 2958 1548 3022 ad
1597 2956 2118 3023 satisfaciendum
2166 2977 2284 3041 pro
2334 2960 2617 3041 peccatis
2663 2960 2796 3024 suis
2829 2965 2927 3025 tot

307 3074 656 3150 tantasque
688 3066 1021 3131 subierunt
1064 3065 1522 3147 poenitentias;
1572 3065 1908 3130 continent
1956 3085 2021 3134 c.
2073 3064 2543 3147 professionem
2589 3067 2925 3147 dogmatis

309 3175 578 3239 dimissa
609 3173 798 3254 culpa
827 3190 1164 3255 poenaque
1195 3178 1463 3237 aeterna
1492 3190 1623 3236 non
1655 3189 1912 3254 semper
1930 3172 2159 3237 dimitti
2179 3192 2441 3239 omnem
2462 3191 2743 3255 poenam
2763 3178 2925 3238 tem-

309 3281 634 3363 poralem3
669 3280 952 3343 excitant
980 3281 1051 3346 d.
1084 3277 1303 3343 fideles
1335 3278 1418 3342 ad
1450 3277 1906 3343 satisfactionis
1937 3279 2237 3355 studium,
2270 3298 2418 3343 cum
2450 3280 2686 3357 vident,
2722 3297 2926 3361 quan-

311 3394 452 3451 tum
485 3404 603 3469 pro
635 3386 788 3468 ipsis
820 3388 1027 3451 sancti
1057 3387 1522 3470 praestiterint;
1573 3385 1990 3451 manifestant
2021 3407 2082 3457 e.
2114 3388 2519 3452 harmoniam
2550 3390 2715 3454 inter
2740 3387 2928 3468 justi-

311 3494 474 3557 tiam
505 3499 571 3557 et
601 3493 1105 3558 misericordiam
1137 3493 1448 3568 divinam;
1481 3493 1879 3576 patefaciunt
1910 3494 1963 3564 f.
1995 3494 2125 3557 vim
2159 3496 2629 3560 communionis
2668 3504 2929 3560 sancto·

312 3619 480 3675 rum,
510 3600 574 3662 vi
604 3600 785 3681 cujus
817 3599 992 3663 bona
1021 3601 1211 3663 unius
1242 3600 1514 3665 membri
1544 3599 2062 3682 supereffluentia
2093 3601 2458 3665 redundant
2488 3603 2655 3666 sicut
2684 3604 2749 3667 in
2782 3620 2929 3667 cor-

315 3725 477 3789 pore
521 3707 806 3770 humano
854 3708 918 3769 in
963 3706 1374 3771 commodum
1422 3707 1682 3771 alterius
1729 3708 1815 3793 (n.
1849 3708 2071 3793 526⁸);
2115 3708 2405 3771 solantur
2437 3729 2506 3791 g.
2555 3716 2931 3791 peccatores

319 3830 670 3878 conversos
716 3814 1054 3878 diuturnae
1102 3832 1352 3895 poenae
1400 3814 1772 3895 temporalis
1822 3814 2096 3880 luendae
2142 3814 2483 3891 debitoreS,
2529 3834 2802 3898 quorum
2834 3817 2931 3879 in-

319 3919 643 4001 digentiae
674 3920 977 3984 incolumi
1008 3920 1223 3984 divina
1246 3920 1492 4002 justitia
1536 3919 1912 3985 subvenitur
1955 3921 2353 3987 derivatione
2399 3929 2464 3986 et
2506 3920 2932 4004 applicatione

318 4025 831 4091 satisfactionum
862 4026 1258 4091 confratrum
1288 4026 1325 4089 i.
1360 4045 1411 4090 e.
1443 4026 1866 4107 indulgentiis.

503 4137 651 4202 536.
683 4134 1103 4219 Propositio
1134 4133 1270 4201 IX.
1335 4133 1478 4198 Non
1510 4133 1708 4196 solum
1740 4140 1949 4197 autem
1974 4134 2269 4216 fidelibus
2298 4137 2471 4218 vivia,
2503 4156 2713 4199 verum
2749 4138 2933 4200 etiam

325 4239 662 4305 animabus
704 4241 775 4302 in
811 4243 1186 4324 purqatorio
1227 4241 1652 4324 indulqentiae
1687 4247 1971 4324 prosunt.
2035 4237 2350 4322 Opposita
2395 4243 2567 4306 enirn
2616 4243 2936 4308 sententia

332 4347 723 4421 ,luctuosius
752 4346 964 4411 adhuc
996 4365 1155 4423 esse,
1189 4347 1362 4429 quod
1394 4347 1781 4411 chimaerica
1812 4347 2058 4413 isthaec
2089 4347 2437 4429 applicatio
2478 4349 2807 4415 transferri
2826 4368 2933 4413 so-

322 4454 441 4517 lita
469 4453 552 4518 sit
581 4455 647 4518 in
677 4453 1066 4530 defunctos<<
1105 4436 1432 4519 declarata
1476 4452 1593 4517 fuit
1625 4471 1666 4517 a
1695 4452 1812 4517 Pio
1845 4453 1943 4516 VI.
1976 4454 2042 4516 in
2073 4472 2250 4537 prop.
2286 4458 2372 4523 52
2418 4455 2648 4536 synodi
2679 4456 2935 4537 pisto-

327 4561 636 4626 riensis
675 4559 890 4636 ,falsa
923 4560 1281 4635 temeraria,
1315 4561 1565 4656 piarum
1599 4560 1849 4624 aurium
1884 4559 2209 4637 ostensiva,
2240 4561 2306 4624 in
2338 4580 2644 4627 romanos
2681 4562 2937 4645 pontifi-

330 4686 438 4733 (ιω
471 4674 536 4733 et
567 4669 633 4731 in
664 4670 913 4750 praxim
960 4674 1024 4733 et
1067 4687 1331 4733 sensum
1377 4668 1754 4733 universalis
1788 4667 2110 4732 Ecclesiae
2153 4669 2476 4750 injuriosa,
2522 4669 2829 4734 inducens
2873 4670 2937 4731 in

332 4794 615 4840 errorem
645 4775 1022 4840 haereticali
1052 4782 1209 4839 nota
1240 4776 1302 4838 in
1336 4775 1528 4839 Petro
1561 4775 1640 4839 de
1673 4770 1912 4838 Osma
1942 4776 2281 4854 confixum,
2311 4777 2543 4841 iterum
2563 4776 2939 4841 damnatum

544 4887 587 4935 11
603 4902 631 4933 u
647 4890 803 4948 rtet,
828 4888 1075 4948 Compend.
1102 4889 1367 4945 theologiae
1393 4888 1476 4935 111.
1511 4892 1532 4934 1
1549 4892 1591 4934 1.
1616 4888 1689 4935 ed.
2517 4887 2587 4937 33
