3538 5364
584 282 714 348 504
1327 274 1511 328 Tract.
1543 274 1634 327 IX.
1661 274 1731 328 de
1758 273 2158 344 indulgentiis,
2188 272 2468 327 Ecclesiae

581 458 946 519 remiseritis
971 463 1266 539 peccata«
1308 462 1459 530 ete,;
1525 474 1571 518 S.
1606 455 1959 519 Thomas
1992 472 2091 535 op.
2136 459 2222 522 23
2253 455 2335 519 de
2368 454 2575 520 forma
2607 454 2842 519 absol:
2913 455 3018 529 ,In
3049 472 3202 536 per-

582 581 746 626 sona
778 563 1010 627 Christi
1054 563 1090 626 i.
1125 582 1176 628 e.
1212 579 1288 626 ac
1321 564 1377 626 si
1406 565 1542 644 ipse
1576 561 1865 627 Christus
1896 564 2347 627 condonaret<
2418 563 2653 628 Veram
2688 580 2838 643 ergo
2873 562 3202 643 apostolus

584 670 1041 750 indulgentiam
1073 670 1407 734 concessit.

761 799 908 864 525.
943 795 1006 865 3.
1039 793 1359 860 Probatur
1379 814 1458 859 ex
1489 796 1730 876 praxi
1763 794 2101 859 Ecclesiae.
2135 793 2481 858 Contendit
2513 793 3028 858 Chemnitius
3062 793 3203 874 qui-

584 901 730 966 dem
763 903 827 965 in
860 922 917 983 p.
952 907 994 968 4
1027 920 1121 965 ex.
1155 919 1332 966 conc.
1368 902 1541 967 trid:
1612 900 1795 977 ‚Non
1840 921 2032 983 posse
2065 901 2471 988 (catholicos)
2522 901 2621 965 vel
2656 900 2787 964 ulla
2818 906 3073 980 patrum
3107 907 3203 963 te-

584 1008 902 1084 stimonia,
935 1008 1035 1072 vel
1068 1006 1196 1071 ulla
1228 1008 1462 1072 veteris
1495 1007 1821 1073 Ecclesiae
1854 1006 2149 1090 exempla
2180 1007 2481 1089 proferre,
2528 1007 2703 1090 quod
2733 1007 2878 1071 talis
2910 1006 3205 1070 doctrina

583 1114 685 1179 vel
717 1135 871 1178 usus
903 1114 1126 1180 talium
1175 1114 1710 1195 indulgentiarum
1756 1115 1887 1180 ullo
1939 1133 2226 1197 unquam
2272 1121 2560 1196 tempore
2608 1132 2814 1197 usque
2864 1113 2945 1177 ad
2998 1131 3204 1176 annos

583 1230 730 1303 post
760 1228 983 1286 natum
1016 1220 1335 1285 Christum
1380 1228 1546 1292 1200
1579 1223 1644 1285 in
1674 1223 1876 1287 veteri
1909 1222 2192 1286 Ecclesia
2224 1221 2463 1286 fuerit‘
2520 1221 2761 1285 Verum
2794 1219 3202 1284 ascendendo

584 1346 624 1392 a
656 1328 874 1392 seculo
906 1329 1032 1392 XII.
1067 1347 1269 1411 usque
1302 1328 1384 1392 ad
1417 1328 1457 1391 I.
1493 1329 1749 1394 ostendi
1799 1336 2032 1410 potest,
2082 1328 2433 1394 Ecclesiam
2485 1346 2740 1409 semper
2789 1327 2917 1391 alia
2947 1326 3204 1409 quidem

587 1435 792 1499 forma
824 1437 1222 1500 concessisse
1258 1435 1683 1516 indulgentias
1697 1439 1762 1522 ¹).
1826 1435 2264 1499 Provocamus
2305 1442 2558 1500 tantum
2591 1434 2672 1498 ad
2706 1434 3022 1515 duplicem
3055 1452 3204 1514 pra-

583 1543 732 1620 xim,
766 1561 932 1625 quae
964 1544 1162 1623 viguit
1194 1562 1234 1607 a
1268 1544 1488 1624 primis
1521 1543 1845 1608 Ecclesiae
1877 1542 2127 1619 seculis,
2161 1541 2291 1606 scil.
2326 1542 2410 1605 ad
2435 1542 2559 1624 juS,
2592 1541 2766 1624 quod
2796 1540 3209 1622 competebat

585 1650 900 1731 episcopis
933 1650 1262 1714 relaxandi
1295 1651 1758 1732 poenitentiam
1804 1650 2158 1716 secundum
2200 1667 2483 1714 canones
2517 1656 2855 1714 statutam:
2903 1647 3076 1729 quod
3102 1647 3207 1729 jus

584 1757 704 1819 illis
737 1766 1046 1822 asseritur
1075 1757 1361 1839 pluribus
1394 1758 1459 1821 in
1491 1758 1793 1822 conciliis.
1825 1758 1921 1821 Ita
1954 1757 2018 1820 in
2050 1774 2227 1821 conc.
2260 1774 2627 1839 ancyran
2647 1774 2685 1818 o
2718 1773 2857 1818 can.
2892 1760 2965 1822 2:
3019 1752 3206 1828 ,Dia-

586 1863 734 1926 coni
764 1862 1070 1940 similiter,
1103 1865 1210 1947 qui
1242 1864 1755 1941 immolaverunt,
1789 1866 2101 1930 honorem
2136 1865 2393 1948 quidem
2413 1864 2730 1939 habeant3
2763 1881 3021 1927 cessare
3054 1881 3206 1927 vero

588 1969 670 2032 ab
705 1970 879 2033 omni
910 1987 1096 2034 sacro
1130 1972 1499 2049 ministeriO,
1546 1974 1682 2037 sive
1729 1990 1767 2035 a
1815 1991 1982 2054 pane
2028 1972 2161 2036 sive
2208 1991 2247 2036 a
2293 1972 2492 2036 calice
2524 1971 2852 2035 offerendo
2889 1970 2988 2035 vel
3020 1988 3208 2052 prae-

587 2076 878 2140 dicando.
942 2076 1129 2156 Quod
1162 2079 1216 2141 si
1248 2079 1508 2161 quidam
1541 2079 1990 2161 episcoporum
2020 2080 2260 2144 conscii
2291 2085 2442 2143 sunt
2472 2078 2715 2143 laboris
2748 2097 2974 2144 eorum
3005 2087 3070 2143 et
3090 2078 3207 2141 hu-

588 2184 872 2247 militatis
893 2190 957 2248 et
977 2185 1503 2262 mansuetudinis,
1541 2195 1606 2250 et
1626 2187 1973 2251 voluerunt
1994 2187 2085 2251 eis
2107 2186 2345 2268 aliquid
2366 2187 2639 2268 amplius
2662 2186 2939 2250 tribuere
2962 2186 3211 2271 (διδόναι

809 2417 844 2482 ¹)
874 2412 1034 2478 Quod
1064 2413 1099 2467 S
1118 2415 1251 2469 cho
1270 2432 1301 2468 o
1320 2415 1348 2467 f
1359 2433 1383 2468 s
1424 2415 1517 2468 die
1543 2415 1723 2468 Lehre
1765 2432 1897 2469 vom
1937 2415 2145 2468 kirchl.
2174 2415 2425 2478 Ablasse,
2468 2415 2722 2469 Milnster
2756 2419 2907 2480 1867,
2952 2432 3000 2471 c.
3029 2423 3061 2470 2
3092 2417 3205 2468 fuse

586 2492 855 2559 ostendit,
883 2494 984 2561 qui
1011 2494 1510 2564 indulgentiarum
1552 2494 1777 2564 praxim
1805 2498 1865 2548 et
1889 2512 2055 2548 usum
2091 2496 2153 2548 in
2196 2513 2286 2562 qu
2305 2495 2324 2548 i
2344 2514 2380 2548 ιι
2398 2513 2487 2563 qu
2508 2512 2536 2549 e
2575 2494 2889 2565 distinguit
2927 2494 3200 2563 periodos.

587 2574 651 2625 In
677 2591 716 2642 p
732 2574 868 2627 rim
884 2590 919 2627 a
945 2574 1182 2644 periodo
1217 2576 1290 2626 ad
1311 2590 1362 2627 a.
1385 2592 1565 2642 usque
1587 2582 1690 2632 325
1711 2574 2110 2645 indulgentiae
2132 2577 2609 2640 concedebantur,
2639 2579 2925 2644 quatenus
2953 2575 3195 2644 episcopi

587 2671 690 2722 pro
718 2656 1002 2724 potestate
1030 2655 1313 2709 divinitus
1353 2659 1590 2725 accepta
1629 2672 1834 2727 graves
1874 2656 2261 2726 poenitentias
2301 2672 2490 2711 coram
2517 2654 2635 2711 Deo
2677 2655 2916 2711 luendas
2953 2656 3120 2726 justa
3143 2655 3199 2708 de

586 2750 775 2799 causa,
802 2734 1026 2790 intuitu
1053 2737 1388 2805 praesertim
1415 2737 1841 2790 intercessionis
1869 2740 2205 2806 martyrum,
2232 2754 2298 2790 ex
2327 2741 2490 2807 parte
2516 2737 2719 2790 saltem
2747 2737 3105 2791 relaxabant.
3154 2736 3208 2788 ln

585 2832 619 2867 a
638 2815 698 2867 lt
713 2832 742 2869 e
759 2834 786 2868 r
800 2832 833 2868 a
861 2816 1096 2887 periodo
1122 2832 1157 2868 a
1183 2816 1427 2870 concilio
1455 2816 1527 2869 ni
1542 2833 1571 2869 c
1587 2833 1620 2869 a
1637 2834 1665 2869 e
1683 2834 1720 2869 n
1737 2835 1769 2871 o
1798 2818 1840 2871 Ι.
1868 2817 1939 2870 ad
1958 2819 2022 2870 ll.
2042 2820 2367 2889 (2525-787)
2384 2817 2578 2885 praxis
2596 2834 2711 2871 non
2726 2817 2978 2871 multum
2995 2816 3210 2870 differe·

589 2897 689 2949 bat
713 2914 746 2948 a
772 2896 937 2966 praxi
966 2896 1172 2965 prioris
1200 2895 1456 2964 periodi:
1483 2914 1616 2949 nam
1644 2900 1702 2950 et
1727 2896 1789 2950 in
1816 2897 1923 2950 hac
1950 2897 2208 2967 episcopi
2227 2914 2333 2966 pro
2353 2914 2457 2950 sua
2477 2899 2759 2967 potestate
2780 2896 3210 2968 poenitentibus

588 2992 691 3043 pro
718 2975 940 3029 ratione
968 2976 1207 3029 fervoris
1234 2980 1292 3029 et
1318 2975 1714 3045 dispositionis
1742 2976 2077 3031 contrahere
2097 2980 2367 3046 poterant
2393 2976 2579 3030 stadia
2607 2994 2705 3030 seu
2733 2980 2995 3045 tempora
3024 2974 3211 3048 poeni·

588 3054 803 3108 tentiae
842 3055 1088 3123 ideoque
1129 3056 1250 3124 ejus
1291 3056 1546 3110 relaxare
1588 3058 1828 3127 partem.
1881 3057 2141 3111 Tertia
2181 3057 2454 3126 periodus
2500 3056 2900 3126 complectitur
2927 3059 3156 3127 tempus
3180 3071 3211 3107 a

588 3152 743 3189 conc.
774 3136 893 3188 nic
909 3153 943 3188 a
959 3152 988 3188 e
1007 3153 1043 3187 ιι
1060 3154 1091 3190 o
1121 3137 1186 3188 Il.
1214 3137 1286 3190 ad
1315 3154 1469 3191 conc.
1499 3154 1528 3190 c
1544 3138 1564 3190 1
1580 3153 1614 3189 a
1629 3156 1657 3190 r
1675 3156 1706 3192 o
1723 3157 1781 3191 m
1799 3156 1830 3191 o
1850 3157 1884 3190 n
1904 3141 1978 3192 ta
1995 3156 2032 3190 n
2052 3157 2088 3191 u
2107 3157 2162 3190 m
2200 3141 2393 3205 (787-
2410 3143 2577 3209 1095).
2632 3138 2772 3193 Cum
2803 3136 2998 3207 praxis
3025 3134 3212 3207 poeni·

589 3217 802 3269 tentiae
831 3217 1138 3271 canonicae
1165 3234 1295 3271 cum
1323 3218 1442 3271 suis
1469 3217 1815 3273 stationibus
1854 3219 2143 3289 gradatim
2184 3220 2465 3283 deficeret,
2508 3221 2631 3288 ejus
2658 3218 2835 3274 vicem
2866 3217 3215 3287 supplebant

589 3295 782 3349 bacin
811 3297 1045 3367 periodo
1074 3299 1564 3367 compensationes
1611 3315 1711 3367 per
1748 3299 1993 3368 jejunia,
2039 3298 2473 3369 flagellationes,
2519 3297 3013 3369 peregrinationes
3053 3299 3112 3349 et
3136 3312 3213 3348 re·

589 3378 948 3445 demptiones
990 3394 1092 3448 per
1131 3380 1534 3449 eleemosynas,
1575 3379 2003 3450 genuflexiones
2032 3384 2155 3444 etc„
2196 3397 2344 3448 quae
2390 3396 2557 3451 saepe
2600 3381 2799 3450 utpote
2827 3377 3073 3432 leviores
3097 3392 3212 3445 spe-

589 3459 734 3512 ciem
762 3475 896 3528 prae
923 3477 980 3514 se
1008 3460 1268 3514 ferebant
1300 3461 1598 3531 cujusdam
1627 3462 2012 3524 relaxationis,
2039 3461 2343 3515 accedente
2359 3462 2693 3529 praesertim
2714 3457 3083 3529 indulgentia
3102 3454 3211 3526 epi·

589 3539 765 3609 scopi.
817 3540 950 3593 Tria
979 3559 1109 3595 vero
1136 3543 1244 3595 hac
1270 3542 1331 3595 in
1358 3542 1594 3612 periodo
1615 3543 1738 3611 jam
1765 3542 1950 3612 magis
1977 3545 2341 3611 comparent:
2375 3540 2873 3611 indulgentiarum
2900 3535 3210 3609 applicatio

589 3619 876 3673 defunctis
903 3620 1084 3681 facta;
1110 3621 1507 3692 indulgentiae
1535 3641 1649 3676 non
1676 3624 1905 3676 tantum
1935 3622 2037 3675 uni
2078 3623 2279 3685 factae,
2321 3622 2418 3674 secl
2458 3622 2571 3688 jam
2613 3619 2797 3686 magis
2837 3618 2898 3671 in
2926 3616 3211 3672 communi

590 3699 947 3768 propositae:
984 3702 1293 3770 singularis
1318 3702 1541 3757 romani
1568 3702 1858 3772 pontificis
1886 3702 1945 3755 in
1975 3701 2047 3754 iis
2069 3700 2444 3755 concedendis
2465 3703 2732 3770 potestas.
2760 3696 2855 3754 Dr.
2884 3700 2920 3751 S
2937 3696 3021 3751 ch
3040 3715 3095 3749 m
3111 3695 3131 3748 i
3148 3698 3210 3747 tz

590 3781 784 3833 tamen
811 3780 1064 3835 ostendit
1090 3782 1151 3835 in
1179 3781 1454 3836 Katholik
1489 3788 1621 3838 1885
1652 3784 1692 3845 l,
1722 3786 1969 3838 622—34
2010 3780 2504 3850 redemptionibus
2544 3796 2660 3833 non
2688 3781 3007 3849 competere
3033 3777 3211 3845 cujus-

591 3860 721 3912 dam
749 3861 1146 3931 indulgentiae
1174 3862 1469 3926 rationem,
1498 3862 1742 3929 ideoque
1764 3863 1911 3915 hanc
1930 3862 2207 3931 epocham
2228 3876 2293 3913 ex
2316 3859 2815 3930 indulgentiarum
2836 3856 3079 3911 historia
3100 3872 3211 3909 esse

592 3937 1023 3993 eliminandam.
1076 3940 1120 4005 Q
1139 3960 1175 3995 u
1193 3944 1357 3994 arta
1398 3940 1666 4010 periodus
1709 3944 2103 4011 (10(15-1275)
2152 3939 2422 3993 convenit
2448 3956 2578 3993 cum
2604 3939 2793 4001 tertia,
2822 3939 3035 4006 quaten
3047 3954 3110 3989 us
3135 3952 3213 3987 ro-

591 4018 749 4070 mani
775 4019 1072 4088 pontifices
1100 4037 1202 4090 pro
1231 4037 1453 4074 summa
1499 4037 1602 4073 sua
1639 4022 1984 4073 auctoritate
2033 4020 2299 4074 omnibus
2344 4019 2432 4083 iis,
2480 4017 2583 4086 qui
2609 4034 2766 4071 arma
2794 4016 3101 4071 sumebant
3124 4015 3214 4069 ad-

593 4114 786 4151 versus
813 4098 1088 4164 infideleS,
1117 4100 1207 4153 vel
1235 4117 1337 4171 pro
1365 4100 1754 4169 recuperanda
1783 4104 1933 4153 terra
1960 4103 2175 4164 sancta,
2202 4101 2293 4153 vel
2320 4099 2594 4153 adversus
2618 4097 2953 4160 haereticos,
2998 4096 3090 4151 vel
3116 4093 3215 4162 qui

592 4179 915 4232 conferrent
941 4180 1101 4250 larga
1121 4179 1394 4244 subsidia,
1417 4181 1733 4249 plenariam
1755 4180 2183 4249 indulgentiam
2205 4180 2390 4234 omnis
2412 4178 2821 4250 poenitentiae,
2843 4177 2979 4230 hinc
3000 4191 3214 4247 poenae

593 4260 924 4329 temporalis
947 4278 1048 4330 pro
1076 4260 1324 4329 peccatis
1350 4260 1595 4323 debitae,
1623 4260 2031 4313 concedebant.
2076 4261 2135 4312 ln
2178 4279 2213 4328 q
2231 4262 2452 4313 uinta
2492 4259 2740 4327 denique
2768 4257 3005 4327 periodo
3031 4274 3061 4309 a
3093 4274 3218 4311 con·

593 4339 728 4392 cilio
756 4340 776 4392 1
794 4358 831 4393 u
849 4360 885 4410 g
902 4340 937 4393 d
959 4359 992 4393 u
1011 4358 1048 4393 n
1066 4356 1094 4393 e
1113 4358 1148 4393 n
1165 4341 1228 4393 si
1257 4341 1323 4393 11.
1339 4341 1411 4394 ad
1437 4343 1629 4395 nostra
1650 4357 1831 4408 usque
1854 4342 2113 4409 tempora
2135 4358 2200 4395 ea
2222 4341 2476 4395 invaluit
2494 4337 2994 4409 indulgentiarum
3011 4337 3218 4407 praxis,

595 4435 741 4485 quae
769 4420 936 4472 modo
970 4419 1139 4489 viget.
1181 4420 1264 4474 Cf.
1293 4423 1340 4472 A
1358 4439 1414 4473 m
1431 4437 1507 4474 or
1525 4424 1549 4473 t
1573 4423 1840 4474 accurata
1867 4419 2076 4473 notitia
2102 4420 2393 4483 historica,
2421 4418 2765 4491 dogmatica,
2792 4417 3094 4487 polemica,
3122 4417 3219 4471 cri·

597 4499 710 4552 tica
736 4500 805 4553 de
835 4500 1074 4569 origine,
1103 4518 1423 4571 progressu,
1467 4502 1656 4555 valore
1698 4518 1765 4554 ac
1807 4505 2002 4555 fructu
2029 4501 2528 4571 indulgentiarum
2557 4516 2615 4568 p.
2644 4506 2668 4554 1
2702 4502 2833 4553 sect.
2865 4507 2889 4553 1
2920 4516 2977 4567 p.
3011 4507 3092 4561 11,
3122 4497 3220 4551 ubi

597 4579 1047 4649 parallelismum
1074 4581 1335 4634 instituit
1361 4581 1510 4634 inter
1539 4581 1744 4635 veteris
1791 4586 1849 4634 et
1892 4581 2225 4636 recentioris
2253 4579 2537 4634 Ecclesiae
2580 4577 2977 4649 indulgentias
3004 4595 3219 4632 earum·

597 4678 706 4728 que
735 4661 924 4795 qfioad
952 4663 1331 4716 substantiam
1360 4664 1433 4717 ob
1459 4663 1653 4717 oculos
1680 4663 1849 4733 ponit
1868 4662 2301 4717 consonantiam
2322 4683 2333 4721 ς
2361 4661 2569 4715 Bella
2588 4678 2683 4714 rm
2701 4661 2771 4712 in
2795 4676 2830 4711 u
2847 4676 2874 4712 s
2899 4659 2970 4713 de
2998 4658 3220 4727 indulg.

603 4743 641 4801 Ι,
670 4749 733 4801 3;
818 4784 830 4806 ,
864 4749 944 4798 ll.
