3538 5364
1250 313 1643 368 necessitatem
1671 329 1789 369 non
1813 311 2009 365 infert.
2840 322 2924 384 97

304 494 665 558 catholicos
696 512 937 575 negare
969 493 1238 559 liberum
1272 493 1621 558 arbitrium.
1654 492 1930 557 Nomine
1949 511 2103 557 vero
2140 510 2202 561 c.
2238 492 2420 557 liberi
2439 491 2683 557 arbitrii
2702 512 2927 559 omnes

305 600 749 679 intelligebant
781 601 1155 667 facultatem
1178 603 1529 667 immunem
1563 619 1604 664 a
1634 601 2019 667 necessitate
2051 600 2280 682 suique
2304 599 2483 681 juriS,
2516 619 2724 683 neque
2758 603 2926 665 enim

313 706 444 770 ulla
476 706 558 772 de
588 707 715 771 hac
748 708 885 789 ejus
918 708 1069 773 dote
1101 715 1242 773 erat
1270 709 1727 773 controversia.
1788 707 2122 782 ¹,Liberum
2154 708 2219 771 in
2248 707 2615 771 hominibus
2648 727 2789 774 esse
2822 726 2926 772 ar-

305 813 587 891 bitrium,
639 816 844 898 inquit
892 816 972 880 de
1022 822 1197 898 nupt.
1250 823 1315 881 et
1362 832 1629 897 concup.
1665 815 1701 879 l.
1736 821 1777 884 2
1810 833 1862 878 c.
1898 821 1956 891 8,
1991 865 2003 877 .
2039 866 2050 878 .
2087 866 2099 877 .
2134 815 2387 896 utrique
2436 813 2722 878 dicimus.
2784 814 2930 878 Non

304 922 455 984 hinc
488 922 645 986 estis
676 923 1051 988 coelestiani
1102 929 1167 988 et
1212 923 1547 1006 pelagiani.
1610 923 1911 987 Liberum
1963 930 2179 987 autem
2231 942 2374 989 esse
2424 940 2813 1005 quemquam
2846 921 2930 985 ad

304 1028 629 1109 agendum
661 1029 907 1093 bonum
939 1030 1077 1096 sine
1109 1030 1425 1111 adjutorio
1459 1030 1574 1094 Dei
1608 1081 1619 1093 .
1656 1081 1667 1093 .
1703 1080 1715 1092 .
1750 1031 1874 1094 hoc
1917 1048 2036 1094 vos
2082 1030 2307 1106 dicitis
2353 1031 2500 1094 hinc
2533 1029 2685 1093 estis
2716 1028 2928 1094 coele-

305 1135 499 1198 stiani
530 1143 595 1199 et
626 1136 998 1217 pelagianis*
1040 1136 1116 1201 Et
1148 1156 1243 1219 ep.
1278 1141 1398 1206 47:
1468 1137 1691 1212 ,Fides
1724 1156 1887 1201 sana
1919 1138 2237 1202 catholica
2281 1156 2490 1220 neque
2520 1137 2790 1202 liberum
2824 1154 2928 1199 ar-

306 1241 571 1306 bitrium
603 1248 798 1322 negat
827 1242 964 1308 sive
994 1244 1060 1307 in
1092 1244 1289 1307 vitam
1320 1245 1577 1317 malam,
1612 1245 1745 1309 sive
1778 1245 1844 1308 in
1873 1244 2072 1309 vitam
2117 1244 2390 1309 bonam:
2436 1263 2644 1327 neque
2678 1250 2929 1307 tantum

307 1349 364 1413 ei
382 1348 626 1425 tribuit,
661 1355 731 1413 ut
750 1350 888 1414 sine
909 1349 1023 1415 Dei
1042 1352 1249 1432 gratia
1279 1352 1496 1417 valeat
1526 1352 1763 1434 aliquid
1781 1365 1833 1415 :⁶²
1875 1358 1941 1416 et
1973 1370 2168 1433 saepe
2189 1351 2355 1416 alibi.
2389 1351 2553 1433 Ergo
2588 1369 2735 1415 cum
2756 1350 2931 1415 nulla

306 1463 480 1520 esset
512 1457 960 1521 controversia
1004 1458 1085 1522 de
1130 1457 1445 1535 libertate,
1493 1459 1607 1523 sed
1640 1458 1720 1524 de
1751 1459 2000 1540 gratiae
2030 1459 2435 1533 necessitate,
2468 1459 2760 1523 doctrina
2792 1464 2932 1524 erat

305 1562 649 1638 catholica,
682 1582 815 1627 non
847 1563 1148 1629 obstante
1179 1565 1387 1645 gratia
1418 1564 1749 1630 hominem
1785 1584 2048 1631 manere
2080 1566 2368 1630 liberum.

486 1688 557 1754 4.
594 1687 900 1752 Doctrina
930 1694 1026 1753 est
1059 1695 1315 1771 patrum
1348 1688 1692 1772 Scripturis
1726 1690 1897 1766 nixa,
1931 1691 2177 1771 gratiae
2209 1709 2351 1755 esse
2383 1691 2544 1755 sicut
2578 1691 2930 1769 generatim

306 1792 640 1858 hominem
685 1793 994 1875 refingere
1044 1802 1108 1860 et
1156 1813 1462 1863 revocare
1507 1798 1590 1861 ad
1640 1798 1979 1880 pristinum
2030 1803 2288 1874 statum,
2341 1817 2377 1864 e
2421 1817 2550 1880 quo
2583 1797 2800 1880 lapsus
2832 1805 2931 1863 est

306 1898 538 1975 Adam,
573 1902 663 1964 ita
694 1902 1028 1983 speciatim
1073 1910 1442 1969 restaurare
1488 1912 1553 1970 et
1596 1904 1947 1970 reformare
1980 1905 2248 1970 liberum
2297 1905 2631 1969 arbitrium
2662 1912 2929 1987 peccato

308 2006 572 2087 originis
603 2007 995 2074 infirmatum
1028 2019 1092 2076 et
1124 2011 1515 2075 inclinatum.
1566 2011 1727 2076 Hinc
1759 2011 2269 2093 Augustinus
2303 2031 2402 2092 op.
2437 2011 2677 2094 imperf.
2710 2011 2809 2088 VI,
2849 2017 2925 2082 11

306 2114 527 2177 relatis
560 2116 775 2179 verbis
808 2117 1277 2182 Innocentii
1309 2118 1348 2181 Ι.
1383 2118 1466 2181 ad
1497 2127 1712 2200 patres
1744 2118 1997 2182 concilii
2028 2118 2282 2182 milevit.
2306 2136 2401 2199 ep.
2424 2122 2510 2187 30
2531 2137 2589 2182 n.
2611 2122 2687 2185 4.·
2725 2117 2927 2199 ,Ergo

308 2220 422 2285 Dei
454 2223 731 2302 gratiam
762 2232 1079 2289 conantur
1110 2225 1361 2291 auferre
1395 2226 1783 2312 (pelagiani),
1831 2244 2026 2307 quam
2071 2242 2334 2290 necesse
2385 2232 2484 2290 est
2515 2225 2710 2289 etiam
2742 2226 2927 2290 resti-

309 2333 451 2392 tuta
482 2329 675 2397 nobis
707 2336 915 2395 status
945 2332 1194 2412 pristini
1223 2332 1519 2397 libertate
1565 2345 2006 2415 quaeramus.‘
2086 2331 2340 2407 ,Audis,
2372 2332 2793 2414 prosequitur,
2828 2353 2929 2399 re-

307 2435 487 2498 stitui
518 2435 901 2512 libertatem,
936 2443 1000 2503 et
1031 2456 1163 2502 non
1195 2439 1460 2521 periisse
1492 2439 1847 2516 contendiS,
1881 2445 2072 2521 atque
2105 2439 2390 2502 humana
2421 2438 2751 2504 voluntate
2774 2456 2932 2504 con-

308 2546 545 2619 tentuS,
579 2542 862 2607 divinam
893 2563 1024 2609 non
1056 2546 1218 2627 petis
1250 2547 1543 2627 gratiam,
1579 2564 1774 2628 quam
1805 2545 2067 2610 libertas
2099 2550 2322 2610 nostra
2371 2545 2567 2609 etiam
2598 2545 2663 2608 in
2694 2550 2932 2609 statum

310 2649 652 2731 pristinum
682 2652 981 2716 restituta
1011 2651 1132 2717 sibi
1164 2672 1305 2719 esse
1337 2652 1625 2734 intelligit
1654 2654 2169 2719 necessariam?‘
2217 2650 2411 2736 Atqui
2442 2650 2725 2735 profecto
2758 2651 2932 2717 Ada-

309 2775 453 2820 mus
485 2758 609 2820 sub
643 2760 850 2838 gratia
881 2759 996 2825 suit
1025 2760 1185 2825 liber
1216 2760 1562 2826 fatentibus
1594 2762 1747 2842 ipsis
1781 2761 2178 2826 adversariis.
2213 2759 2376 2841 Ergo
2413 2766 2478 2824 et
2496 2760 2692 2823 homo
2713 2760 2931 2842 lapsus

308 2871 405 2927 est
436 2863 601 2930 liber
631 2865 751 2929 sub
769 2868 990 2947 gratia.
1025 2865 1113 2931 Cf.
1138 2868 1186 2931 F
1200 2888 1290 2932 on
1305 2874 1487 2933 tana
1518 2867 1700 2932 Bulla
1719 2867 2130 2949 ,Unigenitus‘
2153 2867 2235 2931 ad
2254 2885 2433 2948 prop.
2458 2873 2542 2937 25
2564 2873 2629 2932 et
2649 2871 2930 2936 39—-42,

485 2976 550 3041 ὅ.
586 2969 855 3037 Omissis
889 2974 1141 3041 disertis
1173 2983 1428 3057 patrum
1476 2982 1707 3040 contra
1753 2976 1921 3038 hanc
1966 2975 2285 3039 haeresim
2333 2974 2538 3038 effatis
2573 2993 2653 3039 ex
2684 2983 2932 3038 revela-

305 3079 499 3143 tionis
532 3079 831 3144 doctrina
863 3088 964 3146 est
994 3083 1420 3159 manifestum,
1454 3084 1725 3164 gratiam
1776 3083 2079 3146 virtutem
2130 3099 2320 3145 suam
2350 3100 2482 3144 non
2531 3080 2932 3158 adversus

302 3186 579 3251 liberum
599 3187 935 3251 arbitrium
957 3207 1269 3266 exserere,
1305 3189 1457 3252 illud
1480 3189 1901 3272 opprimendo
1924 3195 1989 3253 et
2008 3187 2374 3263 evertendo,
2409 3187 2524 3251 sed
2556 3207 2596 3269 p
2613 3206 2700 3252 ro
2733 3188 2933 3252 libero

248 3273 259 3286 ⁶
306 3294 572 3358 arbitrio
608 3297 816 3375 ipsum
830 3296 1135 3376 juvandO,
1157 3296 1491 3372 firmando,
1513 3296 1917 3378 perficiendo,
1961 3291 2469 3376 „opitulationes
2504 3294 2758 3359 divinae
2788 3312 2933 3372 gra-

305 3401 448 3477 tiae,
481 3402 691 3483 inquit
720 3402 886 3468 bene
918 3401 1274 3486 Prosper
1306 3423 1356 3467 c.
1391 3403 1615 3468 Collat.
1650 3422 1701 3467 c.
1743 3410 1821 3473 18
1856 3422 1914 3466 n.
1951 3408 2009 3477 3,
2058 3401 2492 3466 stabilimenta
2522 3407 2673 3465 sunt
2706 3401 2931 3465 volun-

307 3509 455 3571 tatis
487 3508 873 3574 humanae«
944 3510 1137 3593 Atqui
1168 3510 1523 3576 secundum
1554 3511 1936 3574 Thomam
1974 3517 2030 3578 1.
2063 3529 2121 3591 p.
2156 3529 2212 3591 q.
2247 3515 2332 3578 83
2366 3527 2421 3572 a.
2459 3514 2515 3586 3,
2567 3508 2934 3590 ,proprium

306 3614 486 3680 liberi
519 3616 770 3680 arbitrii
802 3625 901 3683 est
932 3618 1195 3683 electio:
1243 3638 1325 3684 ex
1369 3619 1493 3683 hoc
1541 3619 1709 3684 enim
1757 3617 1940 3681 liberi
1971 3615 2216 3680 arbitrii
2248 3634 2391 3681 esse
2437 3616 2723 3692 dicimur,
2757 3615 2930 3697 quod

306 3741 655 3803 possumus
675 3744 875 3788 unum
895 3726 1179 3808 recipere
1201 3727 1327 3790 alio
1346 3732 1666 3800 recusato,
1689 3725 1862 3807 quod
1883 3730 1982 3789 est
2001 3723 2284 3804 eligere.4¹
2325 3722 2489 3802 Ergo
2523 3741 2637 3803 per
2656 3722 2925 3802 gratiam

307 3830 532 3894 electio
569 3849 703 3894 non
736 3830 1038 3908 aufertur,
1071 3832 1183 3896 sed
1210 3832 1472 3913 juvatur
1502 3831 1629 3894 scil.
1665 3839 1737 3897 ut
1769 3831 1852 3894 sit
1870 3830 2191 3906 salutariS,
2223 3828 2521 3910 prudenS,
2554 3846 2732 3902 sana,
2755 3828 2930 3893 ideo-

307 3956 428 4019 que
462 3945 530 4002 et
562 3938 866 4003 voluntas
897 3939 1018 4002 sub
1052 3940 1293 4003 influxu
1328 3940 1572 4017 gratiae
1619 3938 1852 4003 retinet
1897 3936 2166 4017 eligendi
2214 3935 2601 4000 facultatem.
2673 3932 2931 4016 ,Neque

307 4045 495 4120 enim,
529 4045 739 4127 inquit
770 4045 852 4109 ad
872 4064 1008 4111 rem
1041 4044 1314 4126 Augus
1337 4045 1555 4109 tinus
1588 4061 1683 4126 ep.
1725 4046 1845 4111 157
1881 4060 1934 4105 c,
1971 4051 2032 4117 2,
2067 4042 2414 4106 voluntatis
2436 4039 2765 4104 arbitrium
2787 4039 2933 4103 ideo

306 4150 567 4226 tollitur,
602 4152 755 4234 quia
779 4152 1069 4232 juvatur:
1117 4152 1231 4218 sed
1264 4151 1408 4215 ideo
1435 4150 1714 4231 juvatur,
1762 4151 1915 4232 quia
1961 4168 2091 4213 non
2126 4148 2418 4213 tollitur.‘
2490 4146 2565 4210 Et
2595 4164 2753 4209 sane
2787 4151 2931 4208 tan-

305 4263 441 4322 tum
475 4260 683 4336 abest,
717 4266 787 4324 ut
818 4261 1026 4342 gratia
1056 4261 1505 4327 necessitatem
1537 4259 1787 4335 inferat,
1833 4265 1905 4322 ut
1948 4259 2164 4340 potius
2205 4255 2550 4337 compedes
2582 4259 2932 4329 removeat,

307 4366 646 4432 obstacula
677 4369 878 4444 tollat,
910 4368 1273 4433 libertatem
1304 4367 1529 4433 liberet
1562 4366 1917 4432 secundum
1953 4365 2153 4430 verba
2185 4363 2416 4428 Christi
2446 4363 2626 4427 Joan.
2663 4367 2720 4437 8,
2756 4366 2857 4429 26.

484 4498 619 4556 Huc
668 4499 974 4573 pertinent
1022 4503 1258 4574 patrum
1309 4498 1651 4555 testimonia
1699 4497 1882 4555 allata
1927 4516 1983 4554 n.
2021 4505 2118 4558 89.
2163 4495 2281 4557 932
2330 4497 2390 4552 et
2437 4491 2652 4550 Petri
2701 4491 2934 4549 diaconi

308 4587 487 4646 verba
519 4587 591 4646 de
624 4588 847 4646 incarn.
879 4596 939 4646 et.
971 4608 1058 4665 gr.
1092 4609 1136 4646 c.
1176 4598 1243 4649 6:
1297 4627 1322 4656 ,
1343 4588 1416 4645 Ut
1463 4606 1602 4663 ergo
1648 4586 1791 4644 falsa
1833 4586 2081 4644 libertas
2111 4584 2276 4642 fieret
2309 4581 2632 4641 christiana
2664 4581 2925 4647 libertast,

307 4677 507 4736 eadem
529 4677 778 4735 libertas
799 4678 1116 4736 liberatore
1136 4677 1417 4753 indiguit.
1453 4696 1570 4751 qua
1601 4680 1803 4752 posset
1835 4692 1940 4750 per
1970 4676 2100 4748 ejus
2133 4672 2384 4749 gratiam
2419 4672 2493 4730 ab
2526 4669 2932 4745 occupationi-

304 4767 418 4825 bus
451 4767 731 4826 humanis
765 4785 971 4825 aversa
1001 4786 1071 4826 ea
1101 4765 1358 4843 cogitare
1391 4771 1451 4825 et.
1481 4765 1871 4835 considerare,
1905 4781 2055 4839 quae
2087 4762 2388 4837 pertinent
2419 4760 2491 4818 ad
2526 4760 2707 4830 vitam
2740 4762 2929 4815 aeter·

521 4875 796 4936 Humor,
834 4875 1090 4934 compend.
1128 4877 1396 4931 theologiae
1434 4875 1520 4933 111,
1568 4876 1644 4921 11.
1686 4874 1759 4920 ed.
2543 4861 2577 4914 7
