3538 5364
625 273 757 337 450
1093 262 1277 315 Tract.
1307 262 1399 314 IX.
1427 262 1496 315 de
1524 260 1900 330 poenitentia.
1928 260 2009 314 De
2037 260 2402 315 contritionis
2428 259 2772 316 intensione.

626 454 765 512 dum
802 453 1106 528 peccatum
1141 449 1465 508 destinata:
1515 467 1682 523 quae,
1730 446 1780 504 si
1827 450 2069 522 peccata
2092 448 2217 523 jam
2250 448 2374 505 sint
2407 448 2617 518 deleta,
2652 467 2770 506 non
2804 449 2979 506 faciet
3012 447 3246 523 quidem

625 562 692 600 ex
725 543 951 617 injusto
977 541 1233 615 justum,
1266 537 1365 596 sed
1399 556 1466 595 ex
1491 537 1660 611 justo
1693 536 1882 612 magis
1907 537 2161 610 justum,
2202 556 2424 613 augens
2455 536 2708 614 grat-iam
2743 537 2927 605 illam,
2978 556 3130 612 quae
3163 536 3252 594 in-

624 630 902 690 haesione
934 648 1042 687 sua
1072 647 1306 686 omnem
1339 626 1560 702 peccati
1594 625 1831 684 lethalis
1862 627 2155 684 maculam
2188 625 2467 687 excludit.
2532 626 2700 695 Quod
2749 626 2863 683 alia
2894 627 3127 684 ratione
3158 645 3248 683 ex·

624 720 807 795 primi
841 721 1064 794 potest:
1107 735 1240 775 cum
1273 716 1557 774 nimirum
1591 715 1699 784 illi,
1747 715 1853 789 qui
1886 714 2265 774 contritionis
2299 716 2524 773 virtute
2557 718 2930 790 peccatorum
2959 716 3083 791 jam
3119 733 3246 772 con·

623 812 861 868 secutus
906 809 999 865 est
1044 806 1468 874 remissionem,
1518 804 1910 862 absolutionis
1956 803 2307 863 beneficium
2345 804 2706 880 impertitur,
2755 809 2994 879 peccata
3038 804 3249 862 iterum

624 899 1022 957 remittuntur
1065 914 1259 953 novo
1305 894 1430 954 scil.
1463 893 1667 964 titulo,
1715 893 1930 951 collata
1959 893 2170 970 gratia,
2225 912 2374 968 quae
2421 899 2676 968 peccata,
2731 893 2781 950 si
2833 913 2950 968 qua
3001 892 3248 951 invenit.

627 988 814 1057 delet;
863 985 963 1044 sed
1012 985 1064 1042 si
1089 985 1214 1059 jam
1246 986 1387 1041 sunt
1417 982 1678 1050 remissa,
1725 983 1983 1058 amplius
2018 982 2180 1040 lavat
2210 981 2509 1041 hominem
2547 984 2664 1040 Deo
2699 982 3149 1041 reconciliatum
3183 981 3250 1039 ab

624 1076 944 1151 iniquitate
979 1093 1086 1132 sua
1115 1076 1291 1130 aucta
1321 1073 1450 1147 ejus
1481 1071 1796 1129 munditie.
1862 1071 2053 1140 Quare
2085 1072 2381 1129 absolutio
2415 1071 2523 1129 hoc
2555 1073 2617 1129 in
2649 1089 2787 1129 casu
2819 1090 2936 1129 non
2970 1075 3065 1129 est
3097 1072 3250 1128 nuda

625 1164 945 1223 declaratio
991 1161 1355 1222 remissionis
1393 1162 1520 1236 jam
1568 1160 1865 1230 obtentae,
1921 1160 2022 1218 sed
2071 1161 2340 1231 eiusdem
2386 1160 2754 1219 confirmatio
2786 1160 3005 1230 efficax,
3054 1159 3248 1222 realiS.

626 1273 844 1313 novum
877 1251 1182 1311 conferens
1214 1250 1466 1308 titulum
1496 1250 1717 1307 realem
1749 1266 2030 1324 novoque
2078 1249 2275 1307 ditans
2325 1250 2608 1308 beneficio
2656 1249 2953 1308 hominem
2995 1250 3122 1324 jam
3170 1268 3249 1306 re·

626 1343 1026 1402 conciliatum.
1091 1339 1258 1397 Sicut
1303 1338 1451 1397 lucis
1496 1342 1589 1396 est
1635 1339 1929 1412 expellere
1960 1338 2266 1396 tenebras:
2319 1339 2391 1396 iis
2442 1357 2580 1396 vero
2631 1339 2764 1396 luce
2808 1340 2929 1414 jam
2985 1338 3249 1406 exclusis,

626 1432 778 1489 lucis
810 1433 1201 1508 augmentum
1233 1428 1626 1486 exclusionem
1660 1427 1971 1486 confirmat
2003 1446 2069 1485 ac
2103 1427 2342 1486 roborat
2372 1433 2670 1504 augetque
2705 1427 3058 1486 claritatem.
3108 1427 3250 1484 Hinc

628 1525 688 1578 et
732 1538 833 1578 rex
886 1519 1090 1588 David,
1143 1517 1415 1592 quamvis
1462 1536 1496 1574 a
1540 1517 1795 1591 peccatis
1832 1517 1957 1592 jam
2004 1516 2331 1575 mundatus
2380 1520 2548 1593 rogat
2596 1516 2687 1573 Ps.
2725 1526 2822 1584 50,
2860 1529 2928 1578 4:
2985 1517 3252 1589 Amplius

629 1611 759 1667 lava
791 1628 879 1666 me
909 1609 982 1666 ab
1013 1608 1319 1683 iniquitate
1350 1625 1495 1679 mea,
1530 1613 1579 1662 et
1610 1625 1649 1663 a
1672 1613 1906 1681 peccato
1940 1625 2059 1663 meo
2092 1607 2312 1664 munda
2346 1625 2447 1665 me.
2512 1606 2588 1663 Et
2633 1606 2682 1663 si
2728 1614 2863 1664 vota
2901 1608 2963 1663 et
3008 1606 3249 1680 promis·

628 1698 822 1757 siones
854 1697 1090 1755 utiliter
1119 1699 1500 1765 renovantur,
1534 1696 1754 1770 poterit
1786 1697 1847 1752 et
1880 1695 2178 1753 absolutio
2213 1695 2449 1753 utiliter
2480 1698 2768 1755 renovari.

809 1839 956 1903 465.
991 1832 1345 1902 Scholion
1379 1833 1523 1899 ΙΙΙ.
1561 1832 1728 1896 Num
1763 1835 2134 1916 requiratur
2165 1834 2554 1896 contritionis
2576 1834 2855 1896 intensio.
2876 1870 2964 1879 —
2990 1831 3070 1896 Ut
3101 1832 3248 1895 dot·-

628 1941 797 2006 trina
843 1941 1163 2004 catholica
1209 1940 1378 2004 thesi
1426 1939 1841 2020 praecedenti
1892 1940 2192 2020 exposita
2238 1939 2464 2004 melius
2510 1939 2917 2020 intelligatur,
2950 1938 3250 2002 nonnulla

628 2055 777 2113 sunt
807 2047 1121 2112 addenda.
1185 2045 1276 2109 Ex
1308 2046 1537 2111 iisdem
1575 2045 1863 2109 fontibus
1897 2045 2250 2125 colligimus

811 2173 872 2239 1.
907 2191 1037 2234 non
1071 2170 1308 2253 requiri
1343 2172 1425 2235 ad
1457 2165 1708 2252 peceati
1741 2171 2185 2234 remissionem
2220 2178 2401 2234 extra
2452 2176 2951 2246 sacramentum,
2999 2177 3072 2233 ut
3102 2186 3247 2232 con-

631 2279 803 2344 tritio
835 2279 1074 2343 habeat
1106 2284 1356 2342 certum
1391 2277 1721 2360 quendam
1753 2277 2135 2340 intensionis
2158 2278 2444 2357 gradum,
2478 2277 2592 2341 sed
2624 2276 2871 2352 sufficit,
2905 2283 2980 2340 ut
3010 2275 3095 2338 sit
3126 2294 3246 2356 ap-

631 2385 1088 2467 pretiative
1119 2403 1406 2449 summa:
1445 2384 1616 2448 sicut
1647 2384 1844 2448 etiam
1876 2390 2215 2465 peccatum
2250 2403 2460 2465 grave,
2494 2391 2564 2448 ut
2595 2384 2893 2472 excludat
2926 2383 3010 2447 ab
3044 2383 3250 2446 anima

631 2492 922 2572 gratiam,
945 2512 1072 2556 non
1096 2492 1285 2572 exigit
1319 2492 1541 2555 nescio
1575 2509 1769 2572 quem
1804 2491 2182 2555 intensionis
2202 2492 2489 2571 gradum,
2521 2491 2633 2555 sed
2655 2490 2887 2554 sufficit
2907 2497 2978 2554 ut
3000 2491 3082 2554 sit
3103 2490 3248 2554 deli-

631 2599 941 2662 beratum.
975 2598 1136 2660 Hinc
1172 2619 1218 2661 s,
1255 2598 1437 2680 Alph.
1471 2598 1557 2660 Li
1575 2599 1813 2678 guori
1863 2599 2051 2664 theol.
2086 2616 2241 2661 mor.
2276 2599 2311 2662 l.
2349 2604 2430 2666 16
2464 2605 2542 2663 tr.
2577 2605 2619 2666 4
2651 2598 2731 2663 de
2762 2598 3000 2680 poenit.
3037 2619 3095 2661 n.
3128 2602 3244 2664 441

630 2723 762 2768 non
794 2704 1046 2769 dubitat
1079 2705 1430 2768 affirmare:
1501 2702 1732 2778 ,Dolor
1765 2706 1974 2768 omnis
2022 2707 2287 2787 peccati,
2322 2707 2429 2788 qui
2460 2706 2884 2788 proficiscitur
2924 2725 3004 2771 ex
3037 2723 3247 2768 amore

631 2811 744 2875 Dei
775 2812 1307 2892 praedominante
1341 2829 1533 2891 super
1566 2811 1785 2873 omnia
1818 2810 2015 2874 etiam
2063 2813 2349 2888 remisso,
2402 2818 2503 2877 est
2541 2813 2897 2894 justificans
2929 2813 3247 2876 hominem

631 2924 814 2982 extra
845 2924 1339 2990 sacramentum,
1373 2923 1442 2979 ut
1478 2917 1909 2981 communiter
1943 2917 2177 2982 docent
2204 2918 2558 2983 doctores:¹
2600 2918 3009 2983 Contrarium
3041 2918 3246 3000 plures

631 3024 1030 3087 affirmarunt
1061 3030 1131 3087 ut
1162 3024 1208 3085 E
1228 3024 1458 3099 stiuS,
1491 3023 1592 3087 Le
1626 3023 1676 3086 D
1697 3042 1846 3087 rou
1879 3024 2027 3087 diss.
2061 3031 2103 3093 4
2135 3025 2216 3089 de
2249 3027 2498 3090 contrit.
2522 3033 2587 3090 et
2602 3026 2795 3090 attrit.
2818 3045 2870 3088 c.
2899 3031 2951 3101 1,
2984 3026 3019 3090 J
3037 3024 3245 3090 ueni-

633 3149 794 3205 nus,
826 3130 1186 3193 Billuart
1217 3130 1281 3192 in
1313 3135 1495 3193 tract.
1531 3129 1611 3194 de
1645 3132 1896 3194 contrit.
1933 3138 2050 3196 etc.

807 3278 1022 3334 Amare
1055 3280 1254 3334 autem
1287 3278 1516 3351 aliquid
1561 3279 2101 3353 appretiative
2153 3278 2468 3356 significat,
2516 3299 2709 3339 amare
2742 3278 2895 3337 illud
2929 3278 3245 3338 secundum

630 3366 921 3440 judicium
945 3366 1534 3443 aestimationemque
1565 3367 1911 3426 intellectus
1944 3368 2016 3426 de
2049 3368 2241 3443 pretio
2276 3367 2566 3444 objectivo
2600 3369 2683 3426 rei
2716 3372 2972 3426 amatae:
3010 3368 3246 3442 ideoque

631 3455 768 3513 talis
803 3473 967 3513 amor
998 3474 1031 3512 a
1060 3456 1369 3514 nonnullis
1403 3456 1625 3515 dicitur
1657 3476 1820 3515 amor
1852 3457 2297 3515 intellectualis.
2363 3455 2551 3525 Quare
2597 3458 2645 3515 si
2694 3457 2972 3516 voluntas
3005 3456 3245 3515 amando

636 3545 822 3602 Deum
854 3545 1143 3602 creaturis
1177 3544 1498 3604 theoretice
1531 3548 1591 3604 et
1635 3546 1889 3621 practice
1921 3547 2178 3621 praefert
2211 3546 2535 3605 secundum
2562 3547 2860 3622 judicium
2891 3546 3243 3611 intellectus

632 3633 738 3708 qui
758 3633 994 3708 judicat
1024 3634 1308 3709 majorem
1339 3635 1533 3692 inesse
1558 3635 1677 3693 Deo
1707 3634 2056 3705 bonitatem,
2091 3655 2273 3711 quam
2305 3635 2551 3710 reliquis
2587 3635 2864 3693 omnibus
2894 3636 3094 3705 rebus,
3126 3635 3244 3709 ejus

631 3740 796 3780 amor
826 3723 1217 3799 appretiative
1250 3724 1367 3781 erit
1398 3743 1686 3787 summus,
1727 3759 1798 3767 —
1838 3725 2197 3782 Intensio
2238 3744 2375 3783 vero
2407 3728 2576 3783 actus
2608 3725 2895 3800 duplex
2929 3723 3243 3799 distingui·

632 3816 762 3869 tur:
809 3812 1272 3870 essentialis
1318 3821 1380 3870 et
1424 3812 1733 3886 objectiva,
1784 3832 1934 3887 quae
1967 3818 2112 3871 tunc
2145 3814 2411 3884 habetur,
2453 3832 2589 3871 cum
2621 3819 2789 3871 actus
2824 3814 3025 3871 omnia
3057 3831 3246 3871 essen-

631 3900 797 3958 tialia
829 3901 1121 3959 elementa
1153 3902 1583 3977 complectitur,
1635 3906 1704 3959 ut
1752 3903 1814 3959 in
1860 3921 1921 3960 se
1970 3921 2196 3977 suoque
2227 3921 2444 3979 genere
2492 3903 2576 3960 sit
2620 3903 2952 3978 perfectus:
3006 3908 3069 3960 et
3117 3902 3247 3959 haec

633 4008 774 4047 sane
820 3990 1168 4065 requiritur,
1217 3995 1286 4048 ut
1332 3990 1611 4049 contritio
1658 3991 1937 4066 impetret
1969 3995 2345 4066 peccatorum
2378 3992 2805 4052 remissionem.
2870 3990 2984 4049 Sed
3033 3993 3105 4049 de
3150 3991 3247 4047 hac

632 4097 751 4136 non
783 4083 873 4136 est
912 4078 1203 4152 quaestiO,
1251 4097 1382 4136 cum
1432 4080 1757 4154 quaeritur,
1809 4100 1954 4138 num
2003 4081 2344 4155 requiratur
2377 4082 2451 4139 ad
2486 4081 2903 4140 contritionem
2936 4080 3247 4155 perfectam

631 4168 832 4242 aliqua
863 4168 1141 4236 intensio,
1178 4166 1279 4225 sed
1314 4168 1384 4226 de
1417 4169 1617 4235 altera,
1664 4170 1788 4228 scil.
1823 4169 1894 4227 de
1926 4170 2444 4239 accidentali,
2493 4189 2646 4245 quae
2680 4170 2968 4247 supponit
3000 4186 3247 4228 amorem

630 4258 746 4329 jam
793 4256 857 4312 in
903 4274 1008 4314 suo
1054 4274 1269 4332 genere
1316 4258 1733 4331 constitutum,
1788 4262 1997 4332 estque
2045 4259 2281 4318 nonnisi
2313 4259 2603 4335 quaedam
2635 4260 2853 4318 amoris
2885 4260 3146 4333 qualitas
3194 4258 3249 4314 et

631 4344 878 4413 affectiO,
914 4347 1044 4401 orta
1074 4363 1142 4402 ex
1176 4345 1599 4405 vehementiori
1634 4347 1938 4405 facultatis
1972 4349 2045 4405 ad
2078 4350 2375 4423 objectum
2408 4348 2807 4425 applicatione
2855 4352 2918 4406 et
2963 4348 3144 4419 huius
3188 4346 3246 4403 in

631 4433 796 4490 illam
829 4432 1074 4495 influxu.
1124 4434 1268 4492 Cum
1301 4438 1499 4494 autem
1531 4436 1760 4511 objecta
1792 4437 2102 4494 sensibilia
2132 4438 2321 4513 magis
2355 4442 2647 4507 moveant,
2682 4457 2862 4513 quam
2894 4436 3244 4513 spiritualia,

631 4520 1059 4596 facultatesque
1080 4521 1257 4581 etiam
1279 4525 1596 4583 sensitivae
1617 4526 2024 4583 vehementius
2046 4527 2330 4601 applicari
2349 4527 2584 4601 possint
2617 4527 2741 4585 suis
2775 4526 3043 4602 objectiS,
3077 4543 3247 4601 quam

631 4610 978 4669 rationales:
1026 4611 1112 4669 nil
1156 4612 1374 4671 mirum
1423 4614 1472 4671 si
1505 4633 1668 4672 amor
1698 4615 1794 4671 vel
1827 4614 1995 4672 dolor
2025 4616 2326 4673 sensibilis
2361 4616 2650 4674 intensior
2681 4634 2808 4674 esse
2840 4616 3031 4674 soleat
3059 4632 3246 4673 amore

631 4700 907 4758 rationali
938 4703 1000 4758 et
1045 4701 1359 4776 spirituali.
1426 4702 1638 4769 ,Vires
1685 4703 2012 4773 inferiores,
2068 4705 2267 4780 inquit
2316 4723 2360 4767 s.
2408 4705 2726 4763 Thomas
2775 4705 3065 4780 supplem.
3112 4724 3165 4778 q.
3213 4711 3243 4763 3
