3538 5364
581 300 712 365 562
820 292 1005 346 Tract.
1034 292 1126 345 IX.
1153 290 1223 345 de
1250 290 1632 346 matrimonio.
1674 288 1875 344 'rhesis
1904 289 2160 345 CCLXII.
2187 290 2257 344 de
2284 289 2640 343 matrimonii
2680 289 2963 344 ministro.

582 473 1082 555 uniuscujusque
1114 471 1483 553 provinciae
1506 471 1704 536 ritum
1722 473 1786 557 ¹).
1827 471 2075 554 ,Atqui,
2111 470 2369 552 subjicit
2397 470 2857 538 Benedictus
2890 470 3055 534 XIV.
3087 470 3122 533 l.
3153 489 3207 534 c.

580 587 831 645 tantam
874 580 1254 644 varietatem
1301 577 1588 642 Ecclesia
1635 597 1769 642 non
1818 578 2181 654 tolerasset,
2229 578 2562 660 multoque
2607 579 2819 642 minus
2868 576 3212 659 cujuslibet

578 686 947 769 provinciae
981 686 1244 750 arbitrio
1276 684 1701 766 permisisset,
1733 686 1791 749 si
1824 685 2258 750 existimasset
2275 703 2393 767 per
2415 685 2615 750 verba
2634 703 2675 748 a
2693 684 3030 749 sacerdote
3050 702 3210 765 pro-

577 794 711 858 lata
742 792 971 857 confici
1002 799 1484 857 sacramentum
1514 792 1968 857 matrimonii.‘
2039 791 2139 855 Ad
2169 793 2336 857 haec

756 918 818 985 5.
870 916 1227 982 sententiae
1261 913 1461 979 Cani
1490 914 1863 997 refragatur
1893 917 2198 981 universa
2228 915 2450 981 schola
2484 916 2830 1000 antiquior.
2874 916 3036 981 Hinc
3070 918 3212 998 ipse

577 1024 683 1087 vix
716 1041 914 1088 unum
947 1023 1303 1087 alterumve
1336 1041 1453 1103 pro
1486 1040 1606 1086 sua
1637 1023 1962 1088 sententia
1995 1022 2276 1104 allegare
2306 1024 2516 1105 potuit
2547 1022 2950 1104 theologum:
2997 1041 3212 1105 neque

579 1130 685 1206 illi,
717 1130 799 1193 ad
830 1147 992 1211 quos
1012 1134 1340 1210 provocat,
1373 1135 1445 1193 ut
1475 1127 1981 1194 Guilielmus
2013 1130 2224 1211 paris,
2257 1129 2733 1194 Paludanus
2766 1137 2830 1195 et
2858 1130 3210 1206 Thomas,

577 1237 637 1303 ei
667 1236 1119 1318 suffragantur,
1153 1236 1701 1318 quemadmodum
1737 1238 2024 1303 ostendit
2054 1236 2418 1303 Perrone
2449 1255 2502 1301 c.
2536 1244 2577 1309 2
2610 1256 2667 1301 a.
2706 1244 2758 1306 1.

763 1376 905 1429 597.
956 1365 1204 1425 Frustra
1233 1369 1557 1442 provocant
1587 1367 1827 1441 patroni
1870 1368 2117 1427 alterius
2163 1368 2494 1427 sententiae
2541 1363 2604 1433 l.
2654 1368 2729 1426 ad
2773 1366 3047 1435 Paulum,
3101 1366 3209 1442 qui

586 1469 639 1521 1.
671 1456 797 1518 Cor.
832 1464 890 1526 4,
950 1467 972 1518 l
1032 1455 1328 1514 Ecclesiae
1377 1454 1686 1514 ministros
1736 1460 1913 1515 vocat
1955 1458 2382 1533 dispensatores
2428 1459 2831 1533 mysteriorum
2859 1455 2988 1515 Dei.
3050 1454 3210 1513 Nam

581 1561 646 1612 a.
675 1563 887 1623 graves
917 1548 1192 1622 exegetae
1222 1544 1461 1603 nomine
1492 1546 1896 1620 mysteriorum
1927 1546 2024 1606 hic
2053 1546 2410 1624 intelligunt
2452 1546 2517 1604 in
2561 1546 2774 1621 primis
2813 1545 3209 1604 veritates

178 1617 465 1729 ‘pm
578 1635 867 1695 revelatas
890 1632 1409 1709 superrationales,
1440 1633 1668 1692 Deinde
1700 1630 1772 1700 b.
1804 1635 1985 1693 verba
2014 1639 2159 1694 sunt
2175 1635 2551 1706 affirmantia,
2571 1654 2691 1695 non
2712 1633 3107 1703 excludentia,
3141 1652 3210 1691 ac

240 1712 517 1813 soe.)
580 1726 882 1801 praeterea
912 1736 976 1787 c.
1013 1740 1205 1780 sermo
1236 1725 1327 1780 est
1358 1722 1428 1781 de
1459 1724 1882 1799 mysteriorum
1913 1709 2547 1800 dispensatione:
2580 1724 2718 1783 inde
2739 1727 2940 1783 autem
2959 1741 3083 1782 non
3113 1740 3209 1781 se-

578 1812 789 1890 quitur
807 1810 1115 1869 ministros
1138 1810 1434 1870 Ecclesiae
1452 1811 1565 1871 hoc
1584 1817 2020 1872 sacramentum
2041 1813 2341 1884 conficere,
2376 1813 2478 1872 sed
2498 1817 2736 1872 tantum
2757 1812 3208 1871 matrimonium

576 1921 698 1962 non
728 1919 854 1960 esse
887 1899 1308 1958 celebrandum
1339 1900 1812 1976 independenter
1843 1903 1918 1961 ab
1949 1902 2226 1964 Ecclesia.
2275 1902 2412 1961 Non
2441 1904 2514 1961 ut
2544 1902 2697 1961 illud
2729 1901 3076 1971 sanctificet,
3109 1900 3207 1957 in-

576 1992 713 2067 quit
754 1990 827 2049 ad
873 2008 998 2047 rem
1032 1989 1069 2047 S
1088 1988 1458 2061 cheeben,
1503 1990 1831 2066 Mysterien
1863 1988 1896 2058 ἓ
1933 2001 2034 2063 85,
2066 1992 2400 2068 requiritur
2429 1991 2776 2051 assistentia
2806 1990 3208 2060 sacerdotum,

578 2081 682 2140 sed
713 2079 895 2156 quia
926 2078 1373 2137 matrimonium
1404 2081 1499 2138 est
1529 2096 1781 2145 sacrum.
1847 2081 2121 2140 Ceterum
2161 2077 2229 2147 d.
2260 2080 2467 2156 aliquo
2498 2099 2679 2140 sensu
2710 2081 2910 2157 potest
2939 2079 3059 2138 dici
3091 2080 3209 2137 mi-

577 2169 784 2240 nister,
816 2170 1113 2244 quatenus
1145 2169 1239 2225 est
1267 2168 1445 2226 testis
1475 2168 1860 2230 authenticus
1884 2171 2060 2246 juxta
2091 2188 2252 2229 conc.
2283 2169 2702 2241 tridentinum,
2751 2188 2785 2227 a
2828 2169 3002 2244 cujus
3032 2188 3208 2244 prae·

578 2259 770 2319 sentia
799 2256 1019 2333 pendet
1048 2260 1388 2316 contractus
1418 2257 1582 2316 valor
1611 2261 1673 2317 et
1704 2262 1798 2317 est
1827 2259 2102 2318 minister
2133 2259 2548 2319 solemnitatis.

756 2342 821 2409 2.
853 2346 1016 2405 Idem
1049 2345 1284 2404 dicatur
1314 2345 1387 2405 de
1419 2350 1788 2423 argumento,
1822 2347 1980 2423 quod
2011 2350 2228 2423 petunt
2258 2347 2578 2407 adversarii
2613 2366 2681 2406 ex
2714 2347 2908 2406 effatis
2939 2350 3208 2423 patrum,

582 2438 688 2513 qui
730 2435 1205 2495 benedictionem
1250 2434 1675 2519 sacerdotalem
1723 2455 1831 2511 pro
1881 2438 1995 2496 rite
2044 2437 2305 2496 ineundo
2335 2437 2712 2496 matrimonio
2743 2440 2982 2513 urgent.
3045 2436 3208 2495 Haec

578 2526 741 2586 enim
771 2524 1037 2602 exceptio
1069 2541 1137 2582 eo
1178 2523 1379 2582 minus
1408 2524 1586 2595 valet,
1632 2526 1793 2601 quod
1824 2526 2089 2585 Ecclesia
2118 2527 2349 2603 saepius
2381 2524 2787 2597 declaraverit,
2832 2524 3205 2584 benedictio·

578 2634 715 2684 uem
747 2612 1167 2679 sacerdotalem
1199 2630 1319 2672 non
1352 2631 1479 2672 esse
1511 2613 1585 2673 de
1615 2615 1972 2674 necessitate
2003 2614 2389 2687 matrimonii,
2434 2614 2687 2692 ideoque
2718 2633 2847 2673 eam
2878 2615 3096 2673 multis
3139 2615 3203 2672 in

580 2705 816 2767 casibus
848 2722 966 2762 non
986 2707 1180 2780 urget,
1214 2702 1333 2762 imo
1364 2705 1425 2762 et
1457 2703 1726 2782 denegat.
1780 2705 1864 2763 Ex
1885 2705 2257 2765 orationibus
2275 2723 2417 2765 vero
2439 2705 2731 2765 Ecclesiae
2751 2722 2932 2780 super
2951 2722 3199 2780 sponsos

578 2794 881 2871 colligitur
913 2791 1176 2868 quidem,
1222 2810 1374 2868 quae
1418 2792 1606 2852 fuerit
1635 2793 1782 2853 fides
1813 2793 2105 2854 Ecclesiae
2150 2795 2223 2853 de
2268 2793 2643 2853 matrimonio
2688 2793 3032 2864 christiane,
3082 2812 3204 2853 non

577 2901 716 2943 vero
748 2882 1052 2958 probatur,
1098 2883 1351 2958 gratiam
1399 2884 1881 2942 sacramentalem
1927 2903 1960 2942 a
2002 2883 2415 2943 benedictione
2459 2889 2521 2942 et
2552 2882 2820 2942 oratione
2851 2882 3206 2941 sacerdotali

576 2977 880 3047 tamquam
913 2990 980 3030 ex
1015 2987 1189 3045 opere
1220 2974 1460 3046 operato
1491 2971 1763 3047 pendere.

756 3058 819 3124 3.
852 3060 1060 3135 Neque
1088 3057 1251 3118 favet
1278 3058 1427 3137 ipsis
1458 3079 1503 3124 s.
1534 3060 1869 3120 Thomas.
1929 3060 2287 3121 Incredibile
2335 3062 2495 3120 enim
2539 3064 2633 3119 est
2675 3075 2740 3124 a.
2794 3061 2847 3119 si
2893 3063 3054 3119 certo
3092 3060 3208 3119 hoc

578 3150 894 3220 docuisset,
945 3148 1181 3207 nullum
1231 3167 1301 3207 ex
1348 3150 1444 3208 tot
1490 3168 1536 3209 s.
1586 3150 1846 3210 doctoris
1878 3150 2190 3226 discipulis
2220 3169 2412 3226 usque
2456 3150 2531 3209 ad
2564 3150 2786 3208 Canum
2835 3149 2897 3207 id
2941 3149 3203 3219 vidisse;

578 3241 698 3299 imo
729 3235 804 3302 b.
837 3257 885 3296 s.
914 3237 1120 3296 doctor
1150 3236 1209 3296 in
1247 3248 1285 3300 4
1319 3236 1455 3297 dist.
1491 3247 1571 3302 26
1607 3259 1660 3301 a.
1702 3251 1723 3302 l
1764 3239 1839 3298 ad
1878 3251 1904 3302 1
1950 3239 2170 3299 diserte
2203 3239 2447 3299 statuit:
2501 3239 2755 3313 ,Verba,
2803 3239 3024 3314 quibus
3055 3256 3203 3297 con-

578 3346 792 3388 sensus
821 3325 1271 3385 matrimonialis
1316 3327 1689 3403 exprimitur,
1740 3331 1886 3387 sunt
1933 3328 2122 3387 forma
2169 3328 2350 3402 hujus
2404 3328 2775 3398 sacramenti,
2825 3346 2942 3387 non
2994 3332 3204 3387 autem

576 3415 912 3476 benedictio
956 3414 1292 3486 sacerdotis,
1345 3435 1496 3492 quae
1541 3420 1633 3476 est
1676 3416 1978 3492 quoddam
2010 3417 2490 3478 sacramentale.‘
2553 3416 2722 3476 Locis
2768 3435 2908 3476 vero
2943 3416 3202 3492 objectis

578 3522 641 3572 c.
687 3506 840 3565 nihil
880 3504 1044 3563 aliud
1076 3504 1389 3582 significat,
1435 3525 1615 3581 quam
1645 3506 2111 3582 matrimonium,
2147 3525 2282 3565 cum
2315 3506 2395 3565 sit
2427 3510 2879 3577 sacramentum,
2927 3509 3204 3582 spectare

576 3596 649 3655 ad
681 3595 1020 3665 Ecclesiam,
1072 3612 1223 3668 quae
1254 3597 1568 3670 propterea
1597 3595 1689 3653 illi
1722 3595 2025 3654 addiderit
2052 3595 2545 3668 benedictionem,
2590 3598 2662 3654 ut
2706 3594 3000 3671 condigne
3043 3595 3203 3654 cele-

577 3687 803 3755 bretur,
838 3682 997 3759 quod
1029 3686 1264 3741 nostrae
1296 3684 1628 3743 sententiae
1647 3685 1997 3744 nullatenus
2015 3685 2382 3744 adversatur.
2430 3684 2639 3759 Neque
2670 3685 2912 3743 obstant
2940 3680 3013 3749 (1.
3044 3704 3204 3760 quae

576 3774 638 3833 in
671 3784 709 3837 4
742 3773 881 3832 dist.
913 3773 953 3830 l.
983 3791 1040 3847 q.
1078 3783 1104 3834 1
1144 3791 1193 3830 a.
1231 3781 1265 3835 3
1313 3771 1387 3831 ad
1423 3782 1456 3835 5
1505 3772 1729 3842 scribit,
1776 3774 2239 3844 matrimonium,
2288 3772 2616 3833 secundum
2665 3772 2828 3850 quod
2869 3777 2958 3832 est
3003 3791 3204 3833 sacra-

576 3866 845 3922 mentum
873 3862 977 3930 ,in
995 3860 1434 3936 dispensatione
1454 3862 1874 3921 ministrorum
1895 3863 2189 3922 Ecclesiae
2209 3862 2560 3928 consistere:
2580 3870 2608 3900 ⁴¹
2643 3880 2689 3924 c.
2712 3865 2921 3940 gentes
2941 3861 3044 3933 IV,
3083 3872 3163 3926 78
3185 3882 3200 3921 ε

578 3950 1083 4021 ,Matrimonium,
1116 3950 1437 4009 secundum
1470 3951 1631 4026 quod
1663 3952 1939 4010 consistit
1968 3952 2031 4010 in
2064 3952 2482 4028 conjunctione
2515 3951 2693 4010 maris
2724 3953 2787 4010 et
2816 3951 3072 4010 feminae
3104 3952 3201 4009 in-

574 4040 955 4100 tendentium
984 4039 1210 4115 prolem
1242 4039 1317 4096 ad
1353 4040 1583 4098 cultum
1618 4041 1725 4100 Dei
1771 4059 2056 4118 generare
2101 4044 2161 4099 et
2205 4040 2474 4112 educare,
2521 4044 2613 4099 est
2659 4040 2953 4099 Ecclesiae
3000 4058 3201 4099 sacra-

576 4135 863 4200 mentum,
904 4128 1063 4187 unde
1095 4131 1158 4186 et
1198 4128 1484 4203 quaedam
1516 4129 1852 4189 benedictio
1883 4130 2253 4188 nubentibus
2282 4149 2388 4206 per
2418 4129 2730 4188 ministros
2761 4128 3059 4188 Ecclesiae
3092 4129 3200 4187 ad-

574 4219 872 4290 hibetur‚‘
911 4221 971 4276 et
1003 4216 1220 4274 similia
1252 4218 1450 4293 suppl.
1483 4238 1536 4294 q.
1574 4228 1607 4282 8
1643 4239 1693 4283 a.
1736 4231 1802 4289 13
1836 4239 1893 4295 q.
1931 4228 2008 4281 22
2043 4238 2091 4276 a.
2129 4228 2198 4289 23
2246 4239 2301 4295 q.
2339 4229 2411 4282 31
2456 4238 2506 4282 a.
2546 4230 2611 4302 ¹5
2660 4237 2714 4294 q.
2751 4228 2830 4282 39
2865 4238 2916 4277 a.
2955 4226 3026 4288 23
3067 4227 3103 4280 3
3139 4237 3202 4291 p.

576 4327 630 4382 q.
667 4317 747 4372 83
784 4329 833 4367 a.
870 4317 905 4370 3
940 4305 1013 4364 ad
1049 4315 1082 4369 8
1117 4309 1243 4376 etc„
1295 4325 1446 4383 quae
1489 4309 1640 4366 forte
1679 4301 2376 4385 favere—{TOEEEFCani
2407 4307 2754 4379 sententiae,
2797 4307 2852 4367 si
2901 4326 3025 4367 non
3067 4310 3201 4365 tam

577 4397 732 4454 clara
764 4415 808 4457 s.
841 4396 1100 4455 doctoris
1133 4395 1472 4455 testimonia
1501 4415 1609 4472 pro
1640 4398 1942 4456 sententia
1960 4400 2160 4456 nostra
2180 4397 2471 4456 obessent.
2504 4397 2598 4454 Ita
2627 4399 2859 4472 praeter
2891 4395 3008 4467 illa,
3042 4415 3202 4471 quae

799 4608 834 4675 ¹)
862 4603 943 4659 Cf.
972 4603 1279 4657 concilium
1307 4603 1461 4657 trid
1478 4620 1506 4657 e
1529 4605 1825 4658 utinum
1854 4620 1983 4658 sess.
2011 4610 2079 4658 24
2105 4619 2228 4673 cap.
2261 4612 2282 4659 1
2308 4603 2377 4657 de
2398 4603 2621 4657 reform.
2644 4601 3013 4657 matrimonii.
3040 4602 3199 4658 Cete-

576 4701 703 4739 rum
729 4701 832 4753 pro
852 4686 1206 4752 argumento,
1234 4683 1387 4751 quod
1414 4700 1480 4737 ex
1508 4684 1751 4738 concilio
1782 4684 2094 4739 tridentino
2122 4682 2465 4748 derivamus,
2503 4686 2830 4754 opportuna
2863 4685 3017 4749 aunt,
3045 4698 3196 4751 quae

576 4763 749 4817 refert
774 4762 985 4817 Palla
1004 4761 1119 4816 vic
1138 4762 1211 4816 in
1230 4780 1261 4816 o
1288 4761 1422 4816 hist.
1450 4781 1605 4818 eone.
1633 4763 1766 4817 trid.
1794 4765 1832 4819 l.
1860 4771 1929 4820 22
1957 4782 2004 4819 c.
2033 4773 2095 4824 5:
2122 4764 2159 4818 l.
2190 4771 2258 4821 23
2285 4781 2329 4818 c.
2357 4771 2391 4820 8
2416 4766 2474 4817 et
2497 4763 2658 4820 alibi.
