3538 5364
585 334 719 399 492
853 328 945 380 Tr.
973 328 1065 380 IX.
1093 327 1161 380 de
1189 326 1561 397 poenitentia.
1590 326 1981 398 Confessarius
2008 328 2192 382 solum
2222 328 2484 382 subditos
2510 330 2699 399 potest
2726 329 2937 383 absolv.

586 516 767 589 prout
783 513 1128 572 referuntur
1162 507 1551 595 (immediate)
1581 512 1654 571 ad
1688 512 2028 571 societatem
2049 513 2525 584 ecclesiasticam,
2558 514 2701 572 haec
2728 518 2913 590 prout
2943 515 3206 574 referun-

590 609 696 661 tur
730 602 804 660 ad
836 603 1042 661 Deum.
1108 601 1188 660 cf.
1236 601 1554 660 Thomas
1602 603 1798 678 suppl.
1832 621 1885 676 q.
1922 610 2002 664 22
2037 622 2086 660 a.
2129 614 2192 671 13
2242 603 2619 677 Tarquini
2655 602 2814 678 juris
2861 603 3000 661 eccl.
3044 603 3208 680 publ.

584 691 777 770 instit,
808 692 846 751 L
883 699 983 752 26.
1024 701 1075 752 1.

767 814 915 878 511.
949 807 1291 888 Quaeritur
1322 829 1492 892 erg0‚
1540 817 1755 875 utrum
1787 810 2091 874 sacerdos
2125 810 2217 873 ita
2248 810 2651 876 ordinatione
2681 817 3069 893 potestatem
3102 828 3210 873 ac-

589 916 782 997 cipiat
812 916 1177 981 remittendi
1206 925 1494 997 peccata,
1526 924 1596 981 ut
1628 918 1873 999 absque
1907 916 2035 979 alia
2054 916 2421 982 conditione
2455 935 2680 981 omnes
2713 918 2834 983 rite
2867 917 3212 999 dispositos

587 1022 798 1087 valide
831 1023 1033 1104 possit
1063 1023 1433 1089 absolvere:
1468 1042 1552 1088 an
1584 1024 1801 1106 potius
1832 1023 1924 1088 ita
1955 1030 2029 1086 ut
2060 1041 2137 1088 ea
2170 1022 2469 1088 effectum
2501 1043 2688 1088 suum
2723 1044 2854 1089 non
2887 1025 3212 1100 sortiatur,

589 1129 710 1192 nisi
740 1129 1063 1195 Ecclesiae
1094 1137 1309 1195 rector
1339 1130 1463 1213 ipsi
1493 1131 1786 1195 subditos
1817 1129 2129 1195 materiae
2160 1129 2365 1195 instar
2395 1131 2697 1212 assignet,
2732 1132 2797 1195 in
2831 1151 2994 1215 quos
3024 1150 3212 1196 suam

588 1242 847 1300 exserat
874 1243 1281 1317 potestatem,
1314 1256 1430 1302 seu
1461 1236 1752 1302 conferat
1777 1237 2305 1318 jurisdictionem.
2337 1237 2475 1301 Hoc
2506 1238 2831 1320 posterius
2863 1239 3215 1303 tenendum

587 1349 701 1406 est.
719 1350 946 1407 contra
975 1344 1190 1425 plures
1237 1344 1574 1425 theologos
1599 1343 1981 1425 jansenismi
2011 1343 2335 1408 erroribus
2366 1343 2654 1420 infectos⁹
2686 1351 2759 1409 ut
2789 1346 3103 1426 colligitur
3136 1365 3215 1411 ex

589 1467 769 1530 prop.
806 1454 886 1517 37
922 1450 1152 1532 synodi
1183 1451 1733 1531 pistoriensis
1766 1467 1807 1512 a
1840 1448 1955 1514 Pio
1992 1449 2086 1513 VI.
2119 1450 2448 1528 damnata,
2482 1458 2546 1516 et
2579 1471 2658 1517 ex
2688 1469 2868 1516 cone.
2901 1451 3214 1520 triden-

592 1557 782 1632 tino,
816 1556 990 1637 quod
1023 1576 1177 1621 sess.
1218 1564 1298 1625 14
1331 1575 1469 1639 cap.
1506 1563 1541 1626 7
1577 1558 1747 1622 hanc
1796 1558 2005 1622 reddit
2054 1558 2403 1623 rationem:
2474 1557 2834 1638 ,Quoniam
2884 1567 3121 1625 natura
3152 1566 3216 1624 et

591 1662 756 1725 ratio
782 1662 1005 1743 judicii
1023 1663 1177 1727 illud
1199 1665 1512 1746 exposcit,
1546 1671 1615 1728 ut
1645 1665 1967 1729 sententia
1999 1664 2065 1727 in
2100 1665 2390 1729 subditos
2422 1666 2762 1731 dumtaxat
2788 1666 3047 1742 feratur,
3068 1685 3215 1749 per-

590 1786 856 1832 suasum
889 1788 1145 1851 semper
1174 1770 1239 1832 in
1269 1769 1554 1834 Ecclesia
1585 1769 1702 1834 Dei
1732 1770 1848 1834 fuit
1884 1777 1951 1836 et
1977 1770 2381 1836 verissimum
2403 1790 2545 1836 esse
2566 1772 2855 1854 synodus
2874 1773 3039 1837 haec
3058 1790 3213 1837 con-

591 1875 821 1952 firmat,
854 1876 1086 1939 nullius
1118 1877 1425 1942 momenti
1477 1896 1622 1942 eam
1667 1896 1811 1969 esse
1855 1877 2332 1942 absolutionem
2379 1878 2634 1954 debere,
2682 1897 2874 1961 quam
2909 1880 3213 1944 sacerdos

592 1983 657 2044 in
691 2001 837 2047 eum
869 1982 1125 2064 profert,
1158 1984 1224 2046 in
1256 2003 1449 2065 quem
1482 1984 1877 2048 ordinariam
1924 1991 2035 2048 aut
2084 1985 2572 2064 subdelegatam
2616 2004 2747 2049 non
2796 1987 2996 2051 habet
3020 1987 3211 2068 juris-

532 2105 542 2113 ’
591 2087 993 2154 dictionem«
1036 2090 1171 2153 Hoc
1183 2090 1320 2171 jam
1339 2099 1534 2156 antea
1555 2091 1907 2155 declaravit
1925 2092 1973 2154 E
1992 2111 2032 2153 u
2048 2111 2085 2171 g
2103 2109 2139 2155 e
2156 2092 2297 2155 niu
2312 2111 2343 2154 s
2376 2091 2475 2155 IV.
2508 2093 2572 2155 in
2595 2093 2771 2157 instr.
2794 2112 2912 2175 pro
2935 2095 3212 2158 armenis

596 2201 659 2258 et
692 2196 979 2277 synodus
1011 2195 1224 2262 later
1240 2217 1280 2262 a
1294 2220 1338 2262 n
1355 2219 1390 2264 e
1408 2219 1449 2263 n
1467 2200 1580 2263 sis
1612 2199 1714 2265 IV.
1749 2218 1887 2281 cap.
1923 2206 2004 2269 21
2025 2221 2041 2262 :
2082 2197 2189 2273 ,Si
2209 2201 2349 2282 quis
2371 2201 2582 2266 alieno
2603 2202 2923 2266 sacerdoti
2941 2200 3212 2266 voluerit

589 2302 768 2382 justa
799 2302 879 2367 de
911 2293 1114 2367 causa
1142 2323 1261 2372 sua
1293 2306 1583 2370 confiteri
1615 2313 1903 2387 peccata,
1939 2305 2267 2370 licentiam
2312 2308 2487 2387 prius
2519 2308 2800 2389 postulet
2830 2316 2896 2373 et
2926 2309 3214 2374 obtineat

593 2426 634 2470 a
666 2411 924 2491 proprio
957 2412 1313 2488 sacerdote,
1346 2430 1491 2476 cum
1525 2413 1709 2476 aliter
1739 2413 1844 2477 ille
1873 2414 2084 2494 ipsum
2114 2432 2248 2477 non
2279 2414 2483 2495 possit
2515 2413 2850 2480 absolvere
2872 2415 3202 2496 etligare.‘

595 2516 769 2580 Idem
800 2535 933 2580 non
966 2518 1238 2583 obscure
1270 2518 1583 2600 colligitur
1616 2538 1697 2583 ex
1727 2520 1910 2584 Joan.
1947 2527 2050 2597 20,
2086 2527 2203 2588 21:
2249 2522 2420 2585 Sicut
2451 2522 2620 2584 misit
2650 2542 2746 2585 me
2777 2521 2991 2606 Pater,
3023 2529 3084 2586 et
3114 2541 3197 2607 eqo

598 2625 767 2687 mitto
800 2645 920 2688 vos.
983 2623 1161 2690 Haec
1193 2646 1331 2690 cum
1365 2627 1648 2709 dixisset,'
1676 2628 2048 2712 insufflavit,
2081 2634 2137 2692 et
2169 2629 2331 2693 dixit
2361 2631 2485 2693 eis:
2517 2629 2796 2713 Accipite
2817 2625 3129 2714 Spiritum
3146 2637 3207 2711 3.,

593 2752 858 2815 quorum
892 2734 1258 2797 remiseritis
1281 2741 1563 2817 peccata,
1597 2737 2003 2797 rem-ittuntur
2034 2738 2138 2799 eis.
2172 2734 2350 2800 Sicut
2385 2737 2554 2800 enim
2574 2736 3041 2817 posterioribus
3075 2754 3209 2801 ver-

596 2839 694 2900 bis
727 2839 1097 2919 designatur
1127 2848 1417 2921 potestas
1449 2841 1708 2917 ordiniS‚
1754 2842 1846 2906 ita
1889 2842 2210 2923 prioribus
2255 2843 2629 2909 authentica
2659 2843 2896 2919 missio,
2947 2862 3080 2926 qua
3113 2862 3210 2907 as-

593 2944 884 3024 signatur
918 2945 1243 3021 terminus
1277 2954 1573 3027 respectu
1595 2947 1775 3028 cujus
1798 2947 2150 3014 formaliter
2170 2949 2445 3030 apostoli
2463 2956 2616 3013 sunt
2633 2949 2825 3030 legati
2843 2948 3211 3026 authentici,

598 3068 714 3113 seu
746 3051 1122 3132 subjectum,
1162 3053 1226 3114 in
1265 3051 1438 3134 quod
1471 3050 1707 3116 collata
1741 3054 2095 3118 auctoritas
2115 3055 2320 3136 possit
2358 3055 2659 3131 exerceri,
2692 3055 2840 3118 hinc
2853 3055 3212 3137 jurisdictio

593 3156 683 3219 Cf.
721 3178 767 3219 s,
816 3157 980 3221 Tho
1002 3176 1169 3221 mas
1221 3159 1498 3240 quodlib.
1557 3164 1635 3228 12
1670 3178 1726 3222 a.
1762 3166 1863 3229 30.
1897 3200 1984 3209 —-
2017 3160 2179 3224 Cum
2228 3162 2580 3226 necessitas
2622 3162 3087 3243 jurisdictionis
3137 3160 3214 3224 ad

594 3264 1023 3330 absolutionis
1056 3266 1340 3331 valorem
1373 3268 1662 3349 sequitur
1695 3286 1774 3332 ex
1806 3268 2057 3332 ratione
2082 3268 2400 3350 judicii,
2449 3268 2620 3351 quod
2652 3270 2908 3332 nonnisi
2939 3269 3005 3332 in
3036 3268 3213 3332 sub-

593 3371 766 3434 dito
785 3392 815 3434 s
846 3372 1051 3453 possit
1083 3374 1384 3451 exerceri,
1415 3375 1480 3437 in
1514 3373 1919 3439 confessione
1953 3382 2172 3439 autem
2192 3383 2606 3456 peccatorum
2638 3374 2987 3440 venialium
3020 3375 3212 3440 etiam

592 3481 1067 3544 excercendum
1119 3482 1200 3545 sit
1241 3482 1567 3563 judicium,
1618 3481 1978 3562 requiretur
2028 3487 2094 3546 et
2140 3482 2223 3544 ad
2276 3482 2751 3546 absolutionem
2800 3490 3211 3563 peccatorum

596 3585 942 3650 venialium
965 3588 1341 3668 jurisdictio.
1405 3589 1568 3652 Hinc
1619 3589 2155 3652 Innocentius
2186 3589 2288 3652 XI.
2339 3588 2599 3653 decreto
2656 3594 2753 3657 12.
2806 3589 2989 3653 Febr.
3046 3591 3210 3657 1679

593 3692 800 3756 vetuit
831 3694 1301 3757 confessionem
1335 3701 1755 3775 peccatorum
1786 3695 2129 3758 venialium
2163 3695 2374 3760 facere
2417 3694 2739 3759 sacerdoti
2785 3695 3057 3776 simplici
3085 3712 3208 3757 non

593 3800 956 3880 approbato
973 3800 1036 3885 1).

778 3939 922 3993 512.
972 3925 1493 3994 corollarium.
1574 3933 1656 3988 De
1704 3950 1944 3989 casuum
1992 3928 2389 3990 reservatione.
2447 3966 2528 3977 —
2579 3933 2789 3992 Merito
2841 3951 2982 4009 ergo
3036 3932 3211 3991 infert

593 4036 754 4081 conc.
790 4018 1320 4077 tridentinum
1352 4020 1391 4076 1.
1425 4039 1472 4077 c.
1504 4024 1566 4077 et
1597 4038 1722 4081 can.
1768 4031 1792 4081 1
1818 4032 1867 4091 l,
1915 4021 2217 4097 episcopos
2248 4022 2462 4080 habere
2493 4024 2852 4097 potestatem
2871 4019 3212 4079 reservandi

599 4108 711 4164 sibi
757 4108 1046 4181 quaedam
1092 4112 1345 4184 peccata,
1394 4128 1428 4166 a
1472 4109 1692 4183 quibus
1724 4110 2051 4168 sacerdotes
2083 4114 2248 4168 extra
2278 4110 2488 4169 mortis
2521 4111 2843 4169 articulum
2875 4109 3072 4168 valide
3115 4128 3215 4167 ne-

598 4202 819 4268 queant.
852 4196 1169 4254 absolvere.
1236 4196 1386 4255 Sane
1418 4198 1736 4256 reservatio
1767 4198 1930 4256 aliud
1963 4216 2082 4256 non
2128 4201 2232 4270 est,
2281 4219 2459 4274 quam
2490 4198 2932 4274 jurisdictionis
2965 4199 3215 4258 circum-

599 4285 844 4360 scriptio
867 4286 1020 4344 circa
1038 4286 1323 4360 quaedam
1343 4295 1582 4360 peccata
1612 4287 1706 4345 vel
1738 4305 2040 4362 personae,
2074 4306 2225 4362 quae
2244 4287 2542 4347 inferioris
2565 4288 2789 4364 judicis
2816 4287 3045 4363 judicio
3078 4288 3217 4346 sub-

593 4373 935 4433 trahuntur.
997 4375 1185 4449 Atqui
1230 4376 1493 4450 ejusdem
1540 4379 1629 4433 est
1664 4375 2145 4450 jurisdictionem
2178 4376 2653 4436 circumscribere
2683 4377 3001 4446 limitibus,
3051 4378 3218 4452 cujus

819 4555 855 4621 ¹)
883 4552 1013 4606 Non
1039 4554 1349 4607 defuerunt
1374 4553 1511 4609 olim
1538 4554 1814 4625 theologi,
1841 4554 1940 4623 qui
1965 4554 2355 4625 opinarentur,
2377 4557 2449 4608 ad
2470 4556 2888 4612 absolutionem
2913 4573 2947 4609 a
2973 4555 3221 4627 peccatis

599 4629 920 4684 venialibus
963 4649 1079 4686 non
1120 4631 1339 4701 requiri
1370 4633 1856 4703 jurisdictionem,
1897 4636 1965 4687 ut
2002 4633 2162 4689 Dom.
2208 4636 2243 4688 S
2261 4638 2381 4689 oto
2408 4636 2470 4689 in
2498 4646 2548 4692 4.
2574 4636 2707 4691 dist.
2741 4645 2805 4694 18
2830 4654 2885 4705 q.
2913 4645 2948 4693 4
2970 4653 3023 4689 a.
3046 4644 3096 4700 2,
3122 4634 3222 4704 qui

599 4711 752 4763 haud
783 4711 1066 4765 immerito
1093 4711 1168 4765 ad
1193 4729 1236 4765 s.
1264 4712 1538 4766 Thomam
1567 4716 1756 4784 suppl.
1784 4731 1838 4783 q.
1867 4717 2011 4795 ‘2¹2³‘
2037 4723 2071 4769 4
2097 4717 2388 4784 provocat,
2429 4718 2514 4770 vel
2559 4717 2759 4772 saltem
2801 4735 2837 4786 q
2854 4736 2890 4770 u
2909 4734 2938 4771 e
2955 4716 3223 4772 mlibet

598 4790 943 4844 sacerdotem
973 4808 1095 4845 eam
1124 4792 1332 4846 habere
1359 4792 1430 4845 ad
1457 4794 1802 4847 remittenda
1828 4798 2061 4865 peccata
2089 4795 2356 4852 venialia.

1973 4876 2437 4964 aarum
