3538 5364
542 212 671 276 676
817 200 1001 258 Tract.
1030 200 1097 254 X.
1125 201 1194 254 de
1220 199 1337 255 Deo
1365 200 1834 254 consummatore.
1861 197 2058 251 Thesis
2087 197 2390 252 CCLXXX.
2419 196 2866 268 Exceptionibus

542 384 680 447 sine
710 381 810 446 sui
843 382 1194 464 dispendio
1255 381 1351 445 Ita
1394 380 1995 445 Thomassinus
2041 377 2125 442 XI
2156 396 2209 441 c.
2243 385 2283 448 8
2316 399 2375 442 n.
2415 384 2513 455 12,
2560 378 2668 461 qui
2718 380 2940 443 omnia
2972 397 3174 461 prae·

543 491 730 554 claris
762 495 1018 572 patrum
1050 489 1232 553 dictis
1264 487 1614 552 confirmat.
1681 484 1768 550 Cf.
1802 503 1958 550 cum.
1980 486 2253 550 utilitate
2283 503 2335 549 c.
2374 491 2408 553 7
2442 505 2524 549 ss.

727 647 872 701 724.
921 633 1469 701 Demonstratio
1511 651 1584 717 p.
1618 630 1723 698 ΙΙ.
1791 635 2070 694 Fatemur
2118 638 2317 710 patres
2366 653 2795 711 nonnunquam
2845 633 3171 700 inculcare,

545 728 809 800 ,solum
842 727 1030 803 Deum
1062 745 1191 785 esse
1223 725 1670 785 invocandum‘:
1717 724 1875 783 sicut
1919 723 2042 783 scil.
2090 724 2201 783 soli
2234 725 2356 784 Deo
2387 727 2477 783 est
2508 724 2978 792 sacrificandum,
3022 722 3179 780 licet

543 816 603 876 id
635 836 741 893 per
772 816 916 874 alios
945 815 984 878 i.
1017 835 1067 878 e.
1111 835 1217 891 per
1260 814 1570 873 ministros
1612 813 1685 872 ad
1716 813 1829 872 hoc
1862 812 2178 889 deputatos
2210 813 2339 872 fieri
2370 814 2559 889 possit
2592 814 2686 872 vel
2716 812 2960 881 debeat3
3007 811 3173 869 sicut

546 906 657 966 soli
689 906 810 964 Deo
855 907 946 964 est
989 904 1383 974 serviendum,
1431 902 1703 978 quamvis
1736 905 1978 978 propter
2007 903 2198 960 Deum
2228 902 2411 962 etiam
2442 903 2572 978 ejus
2603 902 2899 960 ministris
2946 901 3024 958 sit
3063 919 3172 976 pa-

543 994 812 1056 rendum.
843 994 1201 1069 Loquuntur
1231 993 1517 1051 nimirum
1549 992 1622 1051 de
1655 1010 1932 1067 supremo
1962 991 2356 1051 invocationis
2386 1010 2619 1069 genere,
2653 1009 2771 1066 quo
2802 990 3001 1066 ipsum
3032 1009 3177 1066 gra-

544 1084 662 1143 tiae
708 1086 1005 1141 auctorem
1052 1082 1457 1153 convenimus,
1509 1084 1571 1140 et
1618 1081 1705 1139 ita
1753 1080 1916 1155 loqui
1963 1080 2158 1139 solent
2194 1079 2479 1140 adversus
2511 1080 2787 1157 gentiles,
2837 1079 3166 1138 secundum

545 1192 802 1249 quorum
834 1171 1324 1247 superstitionem
1354 1170 1601 1247 plurimi
1633 1170 1718 1228 dii
1747 1189 1818 1229 ex
1849 1188 2038 1246 aequo
2071 1171 2350 1244 poterant
2379 1169 2661 1228 invocari.
2723 1169 2849 1227 Hoc
2883 1186 3024 1226 vero
3064 1186 3170 1225 su·

546 1280 818 1339 premum
849 1260 1242 1319 invocationis
1272 1278 1462 1336 genus
1493 1279 1616 1318 non
1646 1259 1927 1329 excludit,
1963 1258 2110 1334 quin
2142 1259 2303 1317 Deus
2336 1259 2487 1317 adiri
2520 1258 2713 1334 possit
2745 1277 2852 1333 per
2883 1275 3023 1315 suos
3057 1257 3168 1313 mi-

547 1352 781 1420 nistros,
829 1349 1147 1408 familiares
1191 1350 1253 1407 et
1296 1348 1530 1407 amicos.
1594 1347 1763 1416 Quod
1810 1348 1862 1407 si
1896 1349 2051 1406 Deus
2084 1365 2362 1424 persaepe
2395 1366 2504 1407 sua
2534 1347 2853 1406 distribuit
2883 1345 3175 1405 beneficia

549 1458 655 1516 per
672 1438 914 1515 angelos
935 1437 1342 1513 hominesque,
1377 1436 1623 1513 proinde
1653 1436 2020 1496 mediate:
2055 1455 2237 1512 quare
2269 1437 2605 1496 mediate
2637 1437 2673 1500 i.
2693 1455 2742 1495 e.
2760 1434 3173 1494 mediantibus

549 1529 698 1598 aliia,
750 1526 857 1603 qui
905 1527 1026 1585 Deo
1073 1529 1218 1585 sunt
1262 1526 1714 1603 propinquiores
1758 1526 1953 1603 gratia
1996 1529 2058 1584 et
2101 1525 2315 1595 favore,
2367 1545 2488 1585 non
2519 1525 2742 1602 poterit
2772 1524 3054 1594 invocari,
3107 1530 3171 1581 et

550 1617 790 1693 quidem
822 1616 1026 1674 solus?
1072 1617 1295 1692 quippe
1332 1614 1592 1673 ministri
1633 1634 1756 1673 non
1802 1615 2083 1674 tribuunt
2112 1616 2381 1691 gratiam,
2429 1615 2532 1675 sed
2578 1613 3014 1673 invocationem
3061 1631 3176 1672 suo

551 1705 835 1782 suffragio
868 1707 1230 1782 sustentant,
1264 1722 1372 1763 suo
1406 1704 1730 1763 ministerio
1764 1703 1884 1763 Deo
1918 1707 2302 1781 praesentant
2331 1703 2772 1763 exaudiendam.

735 1840 766 1893 7
779 1838 877 1892 25.
924 1827 1091 1896 Quod
1125 1827 1177 1886 si
1207 1830 1447 1905 negant,
1496 1830 1567 1885 ut
1612 1827 1866 1887 subinde
1912 1827 2542 1903 ChrysostomuS‚
2597 1827 3046 1898 ‚mediatoribus
3096 1827 3172 1885 ad

550 1920 738 1978 Deum
769 1936 895 1976 esse
925 1923 1112 1993 opus,‘
1144 1934 1279 1975 cum
1311 1916 1571 1992 quilibet
1600 1916 1752 1975 vitae
1772 1916 2117 1993 integritate
2151 1917 2347 1985 citius,
2384 1936 2559 1992 quam
2591 1936 2698 1992 per
2728 1918 3172 1987 intercessoreS,

549 2007 709 2084 quod
738 2006 1051 2077 desiderat,
1086 2006 1278 2081 possit
1308 2025 1343 2063 a
1375 2006 1495 2063 Deo
1527 2005 1875 2082 impetrare:
1910 2023 2029 2064 non
2060 2009 2376 2082 propterea
2407 2006 2747 2065 infitiantur
2777 2005 3179 2064 invocationis

548 2097 894 2167 utilitatem,
929 2095 1033 2154 sed
1064 2095 1387 2166 inculcant,
1421 2095 1579 2169 quod
1611 2094 1985 2154 verissimum
2017 2096 2125 2165 est,
2154 2114 2277 2153 non
2295 2094 2512 2154 debere
2532 2113 2638 2153 nos
2658 2113 2888 2153 omnem
2909 2096 3173 2153 nostram

550 2186 830 2245 fiduciam
873 2186 938 2243 in
982 2184 1235 2242 aliorum
1279 2183 1551 2260 precibus
1582 2185 1884 2253 collocare,
1938 2183 2565 2263 cum-intercessionis
2599 2183 2832 2243 fructus
2881 2203 2918 2242 a
2965 2188 3176 2242 nostra

551 2274 729 2333 etiam
761 2273 1020 2350 pendeat
1051 2273 1479 2349 cooperatione,
1512 2274 1752 2348 Deoque
1783 2272 2011 2349 gratius
2043 2272 2140 2343 sit,
2178 2273 2230 2332 si
2261 2273 2379 2349 ipsi
2410 2273 2708 2332 instanter
2737 2276 3004 2332 nostram
3038 2291 3179 2347 ope·

549 2383 751 2423 remur
782 2364 1055 2432 salutem,
1104 2381 1280 2437 quam
1328 2361 1379 2420 si
1419 2361 1552 2420 aliis
1585 2364 1820 2419 nostrae
1853 2362 2066 2420 salutis
2101 2380 2300 2420 curam
2332 2362 2756 2437 relinquamus.
2816 2362 2953 2420 Non
2998 2362 3177 2419 aliam

553 2471 675 2512 esse
708 2452 991 2529 Chryso
1010 2451 1241 2510 stomi
1273 2454 1547 2521 mentem,
1599 2450 1791 2526 liquet
1821 2469 1889 2508 ex
1920 2449 2202 2526 plurimis
2234 2451 2501 2526 ejusdem
2533 2452 2813 2520 homiliis,
2848 2450 3071 2526 quibus
3101 2450 3176 2507 ad

555 2544 894 2601 sanctorum
926 2542 1196 2599 hortatur
1235 2539 1668 2598 invocationem
1714 2556 2039 2613 eorumque
2088 2539 2573 2599 intercessionem
2621 2559 2800 2615 quam
2845 2540 3177 2615 plurimum

553 2630 815 2701 extollit;
860 2629 1054 2705 liquet
1085 2631 1147 2688 et
1175 2628 1336 2687 hisce
1368 2630 1498 2705 ejus
1530 2628 1729 2688 verbis
1763 2628 1922 2691 hom.
1958 2638 2039 2691 44
2073 2628 2138 2687 in
2172 2629 2316 2691 Gen.
2350 2648 2406 2688 ιι.
2446 2640 2472 2692 1
2500 2649 2514 2688 t
2564 2628 2853 2699 ,Quando
2900 2629 3061 2705 quod
3108 2647 3177 2688 ex

553 2720 726 2780 nobis
773 2719 954 2778 simul
998 2722 1092 2778 est
1135 2717 1455 2786 afferimuS,
1502 2717 1633 2794 ipsa
1677 2718 1857 2777 etiam
1891 2721 2233 2796 sanctorum
2266 2719 2613 2778 intercessio
2644 2719 2973 2795 plurimum
3003 2719 3182 2777 nobis

555 2809 796 2871 confert.
845 2806 1013 2875 Quod
1047 2808 1099 2865 si
1130 2806 1251 2882 ipsi
1281 2807 1652 2883 negligentes
1672 2806 1961 2866 fuerimus
1993 2810 2054 2866 et
2087 2826 2257 2883 spem
2287 2808 2350 2866 in
2381 2808 2505 2866 illis
2538 2807 2675 2866 solis
2707 2811 2940 2866 nostrae
2962 2807 3177 2866 salutis

558 2898 1056 2967 collocaverimus,
1089 2895 1242 2954 nihil
1261 2895 1514 2970 amplius
1544 2895 1717 2954 nobis
1750 2897 1994 2966 confert,
2029 2915 2150 2954 non
2182 2897 2338 2972 quod
2371 2897 2572 2955 minus
2605 2897 2845 2955 valeant
2867 2897 3041 2973 justi,
3076 2895 3178 2955 sed

560 2987 702 3062 quia
731 2988 974 3062 propter
1002 2988 1263 3043 nostram
1307 2983 1595 3042 desidiam
1641 3003 1748 3044 nos
1796 2986 1955 3060 ipsos
1997 2985 2368 3061 prodimus.‘
2435 2984 2563 3053 Quo
2612 2985 2858 3061 probato
2911 3006 2967 3045 n.
3022 2994 3056 3047 2
3109 3004 3178 3044 ex

558 3076 680 3134 Jer.
709 3085 807 3144 16,
846 3083 876 3135 7
913 3073 1327 3149 prosequitur:
1364 3072 1473 3141 ,Id
1495 3074 1767 3144 scienteS,
1805 3073 2024 3144 dilecti,
2058 3074 2468 3151 confugiamus
2502 3074 2575 3132 ad
2606 3078 2946 3133 sanctorum
2977 3092 3185 3150 preces

559 3167 621 3223 et
650 3181 901 3233 oremus,
949 3165 1019 3220 ut
1057 3180 1163 3237 pro
1195 3161 1369 3221 nobis
1400 3162 1801 3222 intercedant:
1850 3162 1953 3222 sed
1998 3181 2117 3221 non
2147 3163 2389 3222 illorum
2422 3163 2696 3240 precibus
2728 3166 2968 3222 tantum
3000 3163 3180 3222 confi·

560 3254 792 3321 damna,
824 3252 926 3310 sed
959 3254 1020 3309 et
1053 3251 1168 3328 ipsi
1198 3255 1419 3321 nostra,
1452 3255 1525 3310 ut
1556 3256 1804 3328 oportet,
1839 3252 2247 3327 dispensemus
2281 3256 2439 3312 recte
2473 3256 2530 3311 et
2564 3251 2636 3310 ad
2670 3252 2916 3311 meliora
2947 3270 3182 3329 semper

543 3340 824 3407 *converti
855 3340 1137 3409 nitamur,
1171 3344 1242 3398 ut
1273 3340 1464 3399 locum
1487 3339 1696 3400 demus
1717 3341 1989 3411 orationi,
2025 3359 2175 3415 quae
2194 3360 2303 3416 pro
2322 3341 2498 3400 nobis
2522 3340 2813 3405 funditur.
2830 3348 2858 3379 ⁸
2893 3341 2977 3400 cf.
3004 3361 3183 3417 supra

559 3450 617 3488 n.
655 3430 847 3501 72023
900 3429 1052 3488 hom.
1091 3439 1123 3492 5
1171 3429 1234 3487 in
1282 3429 1490 3491 Matth.
1523 3449 1580 3487 n.
1618 3440 1687 3501 5;
1735 3431 1889 3488 hom.
1928 3440 1960 3493 5
1997 3429 2061 3486 in
2097 3438 2130 3490 2
2167 3430 2241 3488 ad
2271 3430 2530 3493 Thessal.
2563 3449 2623 3488 n.
2664 3441 2727 3498 1;
2775 3430 2862 3489 ita
2906 3437 3183 3488 auctor

563 3535 735 3580 serm.
778 3519 840 3576 in
892 3518 1080 3594 symb.
1125 3518 1198 3576 al.
1252 3528 1364 3582 181
1421 3518 1494 3577 de
1539 3522 1722 3599 temp.
1766 3519 1926 3577 inter
1973 3537 2146 3580 serm.
2179 3519 2646 3598 Augustini:
2703 3519 2977 3587 ,Debent
3026 3521 3181 3578 enim

563 3608 753 3668 sancti
785 3608 849 3665 in
879 3607 1049 3666 nobis
1071 3606 1298 3682 aliquid
1319 3626 1732 3684 recognoscere
1767 3608 1837 3666 de
1871 3607 1997 3665 suis
2032 3607 2378 3678 virtutibus,
2414 3611 2488 3666 nt
2516 3628 2625 3683 pro
2656 3607 2834 3667 nobis
2856 3608 3187 3685 dignentur

561 3698 810 3756 Domino
844 3696 1238 3772 supplicare.‘

746 3851 890 3904 726.
921 3837 1470 3905 Demonstratio
1500 3857 1567 3921 p.
1600 3837 1744 3903 ΠΙ.
1819 3837 1880 3902 l.
1934 3840 2132 3899 Modi
2184 3840 2477 3917 ignoratio
2525 3858 2836 3914 nunquam
2881 3838 3187 3897 sufficiens

565 3934 658 3989 est
687 3931 959 3999 ratio,.ut
992 3931 1303 3989 veritatem
1334 3931 1428 3988 vel
1462 3930 1680 3988 factum
1713 3930 1952 3988 aliunde
1985 3945 2213 3988 certum
2244 3929 2305 3987 iu
2336 3928 2587 3987 dubium
2621 3929 2948 3987 revocetur.
2997 3929 3185 4001 Atqui

566 4023 793 4078 certum
825 4023 918 4077 est
948 4023 1181 4078 sanctos
1219 4038 1325 4094 pro
1357 4019 1532 4079 nobis
1563 4019 1926 4077 intercedere
1958 4037 2283 4094 eorumque
2313 4018 2745 4078 invocationem
2779 4035 2909 4075 esse
2941 4016 3187 4075 licitam.

565 4109 722 4183 Ergo
745 4108 915 4166 ‘modi
945 4108 1256 4184 ignorati0,
1291 4126 1409 4183 quo
1443 4108 1632 4166 sancti
1664 4111 1902 4166 nostras
1937 4109 2295 4184 cognoscant
2324 4125 2546 4182 praece,
2595 4125 2715 4165 non
2746 4109 2840 4164 est
2870 4106 3027 4165 ratio
3062 4105 3186 4164 suf-

568 4198 769 4257 ficiens
799 4197 1058 4273 negandi
1092 4198 1239 4255 hanc
1269 4198 1579 4255 veritatem
1614 4197 1981 4255 catholicam.

746 4300 812 4370 2.
848 4305 1047 4379 quue
1068 4304 1266 4362 minus
1288 4303 1447 4379 quod
1469 4307 1700 4362 constat
1719 4307 1973 4373 sanctOS,
1998 4307 2288 4377 quantum
2314 4293 2455 4360 satis
2477 4306 2567 4360 est
2586 4301 2658 4360 ad
2679 4300 3191 4372 intercedendum,

568 4393 801 4450 nostras
834 4393 1072 4451 novisse
1103 4393 1498 4451 necessitates.
1563 4393 1785 4450 Eadem
1817 4392 1976 4451 enim
2008 4392 2116 4449 hac
2162 4390 2225 4448 in
2270 4411 2332 4448 re
2377 4391 2618 4449 videtur
2647 4409 2776 4449 esse
2808 4408 3015 4448 eorum
3049 4408 3185 4447 con-

571 4479 737 4550 ditio,
787 4500 938 4555 quae
970 4482 1335 4557 angelorum.
1401 4482 1587 4557 Atqui
1620 4481 1821 4557 angeli
1855 4479 2009 4556 quae
2036 4499 2143 4538 nos
2176 4483 2447 4555 spectant
2477 4481 2858 4556 cognoscunt.
2925 4478 3077 4536 Nam
3125 4493 3189 4540 a.

571 4569 712 4626 haec
743 4570 940 4627 sciunt
971 4571 1065 4628 vel
1097 4571 1210 4645 ipsi
1243 4570 1574 4640 daemones,
1621 4571 1886 4645 alioquin
1919 4569 2194 4645 explicari
2228 4572 2534 4644 nequeunt
2565 4587 2650 4637 ea,
2695 4586 2846 4642 quae
2878 4566 2950 4625 de
2984 4585 3188 4625 eorum

571 4658 827 4734 legimus
860 4659 1292 4736 tentationibus
1326 4664 1386 4738 et
1419 4660 1923 4720 infestationibus,
1971 4659 2133 4718 Idem
2171 4656 2236 4723 b.
2274 4658 2581 4735 colligitur
2611 4676 2680 4715 ex
2711 4656 2796 4713 th.
2828 4664 2943 4719 138
2982 4656 3053 4714 de
3087 4674 3189 4713 an-
