3538 5364
556 2907 571 3052 -wflA--U

638 358 772 423 554
1081 351 1265 405 Tract.
1293 352 1386 405 IX.
1414 352 1483 405 de
1512 351 1895 406 matrimonio.
1923 351 2121 405 'rhesis
2148 350 2350 405 CCLX.
2376 351 2810 406 Matrimonium

815 538 961 603 591.
1010 534 1585 601 Demonstratio.
1625 535 1687 600 1.
1724 531 2150 614 Praecipuum
2185 540 2632 613 argumentum
2665 551 2782 614 pro
2812 533 3107 615 dogmate
3137 553 3236 598 ca-

638 640 873 704 tholico
919 641 1157 721 petitur
1202 660 1279 704 ex
1330 640 2044 721 praescriptione:
2099 658 2357 721 semper
2401 640 2571 703 enim
2618 640 2812 720 viguit
2861 640 2925 703 in
2969 639 3239 704 Ecclesia

634 745 795 810 fides
827 746 907 811 de
939 754 1187 828 septem
1220 746 1641 811 sacramentis
1675 746 1787 833 (th.
1823 748 2001 833 214),
2049 747 2215 812 inter
2246 765 2414 828 quae
2447 746 2909 812 numerabatur
2936 755 3003 811 et
3034 749 3240 810 matri-

635 855 948 918 monium:
997 872 1191 936 quam
1236 854 1301 917 in
1332 853 1521 918 fidem
1556 853 2009 934 conspirarunt
2041 854 2238 917 etiam
2272 853 2544 918 ecclesia
2576 870 2808 933 graeca
2846 852 3242 917 schismatica

635 968 699 1025 et
731 968 947 1026 sectae
984 958 1262 1026 Orientis
1288 960 1424 1042 jam
1456 978 1581 1024 sec.
1614 959 1687 1023 V.
1722 959 1805 1023 ab
1838 959 2123 1023 Ecclesia
2154 959 2397 1024 divisae
2426 961 2489 1047 1).
2523 960 2788 1025 Accedit

811 1073 877 1138 2.
913 1069 1291 1148 practica
1334 1067 1653 1134 sentiendi
1682 1067 1848 1131 ratio
1895 1067 2131 1132 veteris
2161 1067 2516 1144 Ecclesiae,
2556 1068 2742 1149 juxta
2787 1085 2982 1150 quam
3028 1067 3242 1132 matri-

634 1175 919 1239 monium
964 1194 1096 1239 non
1129 1183 1228 1240 est
1257 1181 1630 1240 contractus
1661 1173 1987 1257 profanuS,
2034 1174 2253 1251 civilis,
2302 1193 2480 1240 mere
2511 1174 2865 1250 humanuS,
2911 1176 3026 1239 sed
3075 1192 3246 1239 sacer

634 1300 855 1346 coram
887 1281 1187 1360 Ecclesia,
1219 1283 1286 1346 in
1316 1281 1604 1347 Ecclesia
1633 1298 1782 1344 cum
1815 1281 2144 1363 multiplici
2176 1282 2306 1346 ritu
2337 1299 2524 1346 sacro
2558 1282 2978 1363 peragendus

811 1411 1021 1479 ,Unde
1052 1412 1427 1483 sufficiamus,
1462 1413 1663 1489 inquit
1693 1413 2245 1471 Tertullianus
2276 1412 2350 1470 ad
2383 1431 2629 1471 uxorem
2661 1411 2736 1481 ΙΙ,
2774 1422 2830 1481 9,
2863 1409 2937 1469 ad
2970 1430 3245 1470 enarran-

633 1501 767 1558 dam
811 1500 1155 1559 felicitatem
1190 1503 1320 1575 ejus
1351 1502 1733 1571 matrimonii,
1775 1501 1936 1578 quod
1966 1502 2225 1561 Ecclesia
2255 1502 2530 1560 conciliat
2573 1504 2637 1559 et
2680 1500 2991 1559 confirmat
3037 1499 3244 1559 oblatio

532 1642 538 1647 ,
633 1592 689 1648 et
726 1589 1007 1666 obsignat
1035 1590 1388 1659 benedicti0‚
1422 1591 1618 1669 angeli
1651 1591 2022 1660 renunciant,
2056 1591 2234 1650 Pater
2263 1594 2463 1650 ratum
2495 1590 2755 1649 habet?‘
2814 1589 2891 1648 Et
2922 1606 3243 1663 anonymus

633 1680 903 1738 auctor
933 1679 992 1750 l.,
1026 1679 1549 1750 ,Praedestinatus‘
1580 1679 1687 1751 111,
1728 1690 1842 1743 31:
1883 1680 2244 1747 ,Emendate
2277 1698 2416 1757 ergo
2438 1679 2732 1738 Ecclesiae
2753 1679 3057 1755 regulam:
3090 1678 3242 1738 dam-

633 1769 788 1836 nate,
839 1767 946 1842 qui
994 1768 1060 1826 in
1106 1771 1235 1827 toto
1281 1769 1423 1827 orbe
1469 1773 1616 1828 sunt
1661 1769 1997 1828 sacerdotes
2042 1768 2393 1843 nuptiarum
2424 1767 2598 1827 initia
2628 1770 3045 1828 consecrantes
3090 1772 3150 1826 et
3189 1767 3242 1824 in

633 1855 741 1914 Dei
776 1857 1078 1933 mysteriis
1109 1858 1458 1917 sociantes.‘
1523 1858 1771 1917 Censuit
1817 1876 1958 1935 ergo
1989 1857 2266 1930 Ecclesia,
2314 1858 2759 1916 matrimonium
2806 1874 2913 1933 per
2960 1856 3244 1915 Christum

630 1944 704 2003 ad
736 1945 1006 2004 altiorem
1028 1947 1380 2024 dignitatem
1401 1950 1668 2006 evectum
1693 1946 1898 2017 fuisse,
1932 1966 2084 2022 quae
2106 1946 2452 2006 conveniret
2484 1946 2680 2005 ordini
2714 1965 2821 2022 per
2851 1945 3057 2021 ipsum
3086 1963 3242 2003 reno-

631 2037 785 2105 vato,
819 2034 894 2092 ad
925 2034 1277 2112 dignitatem
1308 2036 1555 2112 proinde
1588 2056 1625 2095 a
1654 2036 1851 2113 gratia
1880 2052 2001 2094 non
2033 2036 2382 2111 sejunctam.
2417 2035 2607 2105 Quare
2638 2035 2816 2094 etiam
2848 2035 2914 2093 in
2949 2033 3243 2094 ordinibus

628 2124 886 2182 vetustis
918 2129 1262 2183 accensetur
1293 2126 1676 2185 sacramentis
1708 2124 1804 2184 vel
1834 2125 2055 2183 diserte
2075 2128 2323 2184 vocatur
2344 2128 2797 2184 sacramentum.
2829 2124 2910 2184 cf.
2948 2124 3242 2181 Perrone

629 2213 667 2274 1.
721 2223 746 2274 1
802 2216 943 2277 sect.
985 2225 1010 2275 1
1064 2233 1110 2273 c.
1150 2226 1175 2276 1
1230 2234 1280 2274 a.
1320 2226 1373 2277 1.
1434 2214 1512 2273 Ut
1558 2217 1759 2273 tamen
1804 2214 1913 2273 hoc
1956 2218 2307 2291 argumento
2339 2213 2629 2289 probetur
2659 2213 3108 2272 matrimonium
3137 2229 3242 2270 non

631 2302 827 2359 solum
857 2321 983 2361 esse
1015 2321 1085 2361 ex
1116 2303 1408 2362 Ecclesiae
1439 2306 1639 2362 mente
1671 2305 2041 2362 contractum
2077 2302 2611 2378 quomodocunque
2643 2320 2905 2361 sacrum:
2944 2301 3052 2360 sed
3083 2302 3241 2359 etiam

632 2390 1083 2463 sacramentum,
1129 2392 1251 2450 tria
1279 2412 1419 2469 prae
1450 2393 1638 2451 oculis
1672 2392 1875 2451 haberi
1910 2392 2133 2450 debent
2177 2408 2235 2454 a.
2285 2392 2653 2450 matrimonii
2685 2391 3150 2450 celebrationem
3188 2390 3239 2447 in

628 2479 801 2538 libris
833 2480 1152 2540 ritualibus
1184 2481 1341 2539 inter
1372 2482 1507 2540 illos
1538 2481 1746 2541 referri
1780 2481 1956 2551 ritus,
2008 2481 2114 2556 qui
2157 2484 2303 2540 sunt
2334 2484 2731 2551 sacramenta:
2778 2477 2847 2544 b.
2894 2479 3151 2538 subinde
3189 2479 3239 2536 in

626 2567 752 2627 illis
784 2568 900 2627 dici
931 2574 1381 2640 sacramentum,
1428 2574 1499 2629 ut
1542 2571 1608 2629 in
1639 2571 1835 2629 tribus
1869 2569 2181 2628 ordinibus
2216 2574 2309 2629 sat
2338 2569 2604 2645 antiquis
2636 2589 2671 2628 a
2701 2570 2944 2627 Marte
2963 2570 3093 2628 nio
3123 2586 3238 2644 pro·

627 2657 792 2728 latis:
845 2672 905 2724 (3.
955 2658 1017 2717 in
1068 2659 1437 2719 orationibus
1489 2679 1559 2719 ea
1603 2660 1906 2719 occasione
1952 2659 2275 2719 recitandis
2322 2658 2497 2719 innui
2547 2659 2611 2717 in
2662 2659 3007 2719 oeconomia
3038 2658 3235 2737 gratiae

628 2748 1073 2806 matrimonium
1122 2748 1195 2806 ad
1244 2750 1511 2808 altiorem
1558 2768 1666 2825 per
1710 2749 2012 2808 Christum
2058 2767 2188 2808 esse
2235 2752 2506 2808 evectum
2536 2748 2803 2807 ordinem
2835 2749 3041 2825 gratia
3072 2745 3232 2806 veluti

629 2836 992 2895 imbibitum.
1053 2838 1147 2895 Ita
1192 2838 1479 2898 armeni
1526 2838 1684 2914 apud
1717 2838 2091 2897 Galanum
2123 2840 2194 2896 de
2227 2836 2640 2896 conciliatione
2672 2836 2956 2896 ecclesiae
2991 2853 3239 2895 armenas

628 2944 764 2984 cum
794 2944 1038 2985 romana
1066 2930 1109 2986 t.
1147 2936 1180 2989 2
1216 2946 1273 3003 q.
1310 2937 1344 2990 3
1379 2931 1411 3000 ἓ
1448 2937 1516 2990 5:
1566 2925 1882 2997 ,Benedic,
1933 2927 2194 2997 Domine,
2242 2931 2304 2985 et
2351 2926 2652 2985 sanctifica
2696 2927 2904 2985 horum
2951 2942 3239 2985 servorum

626 3020 871 3073 tuorum
902 3015 1250 3091 conjugium
1285 3065 1297 3078 .
1330 3061 1344 3074 .
1378 3061 1391 3075 .
1437 3016 1574 3074 Non
1606 3016 1762 3074 enim
1793 3015 2157 3092 prohibuisti
2189 3014 2454 3092 nuptias,
2504 3014 2606 3075 sed
2653 3014 3042 3074 sanctificasti
3073 3033 3164 3073 eas
3190 3015 3242 3071 et

627 3103 1073 3162 sacerdotaliter
1119 3103 1493 3173 benedixisti,
1554 3109 1735 3180 atque
1788 3104 2163 3164 veracissimo
2212 3105 2397 3164 verbo
2449 3108 2556 3164 tuo
2606 3104 2975 3163 confirmasti
3027 3104 3240 3163 dicens:

637 3194 802 3264 Quod
831 3192 992 3250 Deus
1021 3193 1341 3271 conjunxit,
1375 3195 1538 3253 homo
1570 3214 1687 3253 non
1717 3201 1943 3269 separet
1978 3188 2212 3276 (Matth.
2256 3204 2350 3263 19,
2389 3189 2517 3269 6).‘

804 3312 869 3379 3.
905 3311 1168 3376 Accedit
1212 3312 1580 3392 suffragium
1626 3320 1915 3395 patrum,
1962 3331 1998 3377 e
2044 3313 2276 3396 quibus
2324 3313 2868 3377 Innocentius
2915 3313 2958 3376 1.
3008 3333 3103 3394 ep.
3137 3317 3245 3380 36:

635 3415 1024 3489 „Statuimus
1056 3418 1179 3483 fide
1198 3413 1517 3484 catholica
1548 3421 1958 3500 suffragante,
1992 3420 2144 3483 illud
2165 3439 2309 3485 esse
2333 3420 2724 3502 conjugium,
2758 3419 2929 3501 quod
2966 3419 3245 3501 primitus

625 3530 766 3588 erat
797 3524 1012 3588 divina
1043 3525 1250 3605 gratia
1281 3524 1633 3601 fundatum,
1668 3532 2186 3608 conventumque
2222 3527 2548 3590 secundae
2582 3527 2867 3591 mulieris
2897 3528 3115 3608 priore
3145 3545 3242 3589 su·

624 3632 887 3712 perstite
918 3649 1038 3696 nec
1071 3632 1343 3696 divortio
1378 3633 1584 3714 ejecta
1614 3633 1789 3697 nullo
1822 3640 2014 3714 pacto
2047 3653 2238 3715 posse
2271 3653 2413 3699 esse
2444 3634 2846 3715 legitimum.‘

804 3779 1058 3852 ,Neque
1092 3797 1198 3836 nos
1229 3797 1538 3854 negamu8‚
1573 3779 1657 3837 ita
1687 3780 1948 3856 episcopi
1968 3799 2103 3839 cum
2136 3781 2542 3839 Ambrosio
2573 3781 2637 3838 in
2669 3799 2760 3856 ep.
2782 3781 2990 3857 synod.
3009 3782 3083 3838 ad
3105 3780 3241 3838 Siri-

625 3868 785 3926 cium
817 3888 873 3925 n.
911 3877 966 3936 3,
1001 3867 1430 3925 sanctificatum
1465 3885 1593 3926 esse
1625 3889 1659 3927 a
1690 3868 1920 3927 Christo
1952 3869 2296 3946 conjugium
2331 3870 2536 3928 divina
2567 3887 2709 3928 voce
2742 3869 3011 3929 dicente:
3061 3870 3244 3929 Erunt

625 3957 792 4015 ambo
823 3959 886 4014 in
918 3976 1038 4014 una
1068 3974 1243 4014 carne
1286 3963 1337 4013 et
1382 3959 1443 4014 in
1489 3976 1604 4015 uno
1634 3960 1848 4033 spiritu
1882 3960 2088 4017 Matth.
2131 3970 2225 4027 19,
2261 3967 2358 4022 5.εἰ
2392 3992 2481 4002 --
2530 3959 3036 4036 Augustinus
3085 3958 3243 4017 illius

623 4045 1215 4104 indissolubilitatem
1247 4045 1515 4103 illustrat
1544 4047 1981 4122 comparatione
2013 4066 2148 4105 cum
2181 4048 2561 4106 sacramentis
2595 4047 2878 4123 baptismi
2910 4052 2974 4106 et
3005 4048 3241 4114 ordinis,

624 4154 775 4209 quae
806 4135 1196 4193 characterem
1217 4134 1571 4208 imprimunt
1590 4135 1968 4195 indelebilem
2001 4136 2073 4195 de
2104 4139 2277 4211 nupt.
2309 4141 2370 4195 et
2401 4155 2646 4212 concup.
2667 4137 2705 4195 l.
2738 4150 2758 4199 1
2789 4156 2835 4195 c.
2866 4148 2975 4200 10:
3015 4137 3242 4212 ,Hujus

624 4223 831 4298 procul
862 4223 1045 4281 dubio
1078 4223 1428 4282 sacramenti
1463 4242 1555 4282 res
1585 4227 1691 4293 est,
1728 4229 1798 4282 ut
1829 4244 1952 4282 mas
1985 4227 2045 4284 et
2075 4225 2296 4284 femina
2327 4225 2625 4284 connubio
2646 4226 2928 4301 copulati,
2964 4225 3241 4301 quamdiu

625 4312 839 4370 vivunt
870 4311 1348 4386 inseparabiliter
1379 4316 1758 4387 perseverent
1790 4357 1803 4369 .
1840 4358 1853 4370 .
1886 4359 1899 4371 .
1947 4315 2040 4372 Ita
2072 4318 2274 4373 manet
2303 4315 2464 4373 inter
2495 4315 2763 4374 viventes
2793 4313 3078 4389 quiddam
3111 4332 3240 4373 con·

615 4401 840 4477 jugale,
892 4401 1052 4476 quod
1110 4419 1217 4459 nec
1266 4402 1558 4476 separatio
1604 4419 1714 4460 nec
1760 4421 1895 4460 cum
1941 4404 2127 4461 altero
2176 4403 2473 4479 copulatio
2517 4403 2709 4479 possit
2739 4403 3000 4462 auferre:
3051 4406 3241 4461 manet

624 4495 823 4548 autem
856 4489 930 4547 ad
961 4508 1172 4548 noxam
1206 4489 1489 4561 criminis,
1542 4509 1657 4549 non
1709 4491 1783 4549 ad
1833 4493 2140 4551 vinculum
2192 4492 2476 4552 foederis:
2526 4493 2684 4551 sicut
2722 4496 3022 4568 apostatae
3055 4491 3238 4550 anima

624 4577 811 4636 veluti
860 4579 931 4636 de
977 4579 1252 4655 conjugio
1286 4579 1502 4638 Christi
1550 4581 1830 4638 recedens
1863 4581 2040 4640 etiam
2075 4581 2188 4640 fide
2227 4581 2460 4658 perdita
2492 4584 2927 4640 sacramentum
2959 4580 3096 4640 fidei
3126 4597 3234 4638 non

845 4819 880 4888 ¹)
909 4817 990 4873 Cf.
1018 4816 1348 4887 Perpetuite
1380 4819 1443 4880 V,
1471 4819 1507 4871 l.
1536 4825 1568 4873 6
1595 4837 1639 4875 c.
1672 4828 1694 4874 1
1720 4841 1730 4879 ;
1761 4822 1808 4873 A
1828 4836 2059 4875 ssema
2079 4821 2152 4873 ni
2183 4820 2323 4881 Bibl.
2355 4839 2435 4876 or.
2463 4823 2557 4876 111.
2589 4822 2629 4886 Ι,
2658 4826 2792 4883 356;
2825 4830 2871 4886 2,
2899 4827 3002 4879 319
3029 4838 3096 4873 ss.
