3538 5364
1133 314 1409 383 probatur
1435 329 1499 367 ex
1529 312 1804 367 vaticinio
1831 310 2165 366 Malachiae.
2829 312 2956 376 391

337 512 716 568 occassum3
750 511 878 575 qua
908 493 1231 557 locutione
1262 493 1633 573 designatur
1664 512 1796 556 non
1828 492 1969 557 sola
1992 499 2161 558 terra
2179 491 2622 564 israelitarum,
2646 487 2759 553 sed
2782 486 2956 551 orbis

337 608 657 666 terrarum
675 622 690 675 ς
723 601 792 669 b.
825 600 1034 664 cultus
1053 599 1118 663 in
1139 599 1452 679 gentibuS‚
1473 600 1647 683 quod
1668 618 1905 664 nomen
1926 598 2352 685 (hebraicum)
2374 598 2439 660 in
2457 594 2687 679 plurali
2702 612 2956 675 semper

337 706 632 788 designat
664 711 905 787 gentes
939 723 1106 789 quae
1139 725 1269 771 non
1299 713 1450 771 sunt
1480 706 1836 782 israelitae;
1870 705 2078 769 cultus
2099 704 2375 787 denique
2408 723 2469 773 c.
2503 702 2566 766 in
2589 701 2764 765 omni
2781 700 2957 763 loco:

336 833 506 896 quae
537 814 965 879 adversantur
994 813 1192 877 cultui
1223 813 1529 890 mosaico,
1561 813 1668 896 qui
1700 812 1955 876 ratione
1985 811 2126 887 loci,
2160 810 2381 891 gentis,
2413 808 2782 885 diffusionis,
2818 814 2958 871 erat

334 921 758 1001 particularis.

515 1046 581 1112 3.
614 1043 1013 1110 praedicitur
1043 1050 1109 1108 et
1137 1043 1528 1125 promittitur
1547 1043 1609 1106 in
1629 1043 1754 1107 hoc
1775 1043 2074 1107 vaticinio
2096 1042 2302 1107 cultus
2336 1060 2372 1106 e
2389 1061 2430 1103 x
2448 1047 2473 1105 t
2488 1058 2524 1105 e
2540 1060 2572 1103 r
2588 1060 2628 1103 n
2646 1060 2686 1102 u
2704 1060 2765 1102 s:
2799 1055 2952 1102 nam

333 1172 402 1219 a.
436 1171 567 1215 non
598 1152 942 1233 opponitur
972 1151 1169 1214 cultui
1200 1150 1624 1232 qualicunque
1657 1156 1943 1226 externe,
1978 1149 2091 1213 sed
2123 1155 2298 1215 certo
2333 1147 2589 1213 cuidam
2621 1144 2819 1210 cultui
2845 1144 2951 1227 ju-

334 1258 522 1322 daico
556 1266 841 1335 externo,
874 1256 1262 1339 particulari,
1296 1256 1704 1336 abrogando:
1737 1273 1890 1335 ergo
1925 1255 2052 1318 alia
2083 1255 2204 1320 erit
2234 1253 2440 1318 forma
2458 1254 2667 1318 cultus
2688 1251 2955 1326 externi,

335 1365 451 1429 sed
485 1365 918 1446 praestantior
937 1363 1044 1427 illa
1074 1363 1305 1444 priori3
1338 1365 1406 1431 b.
1440 1362 1821 1427 describitur
1850 1360 2081 1438 verbis⁹
2114 1360 2345 1443 quibus
2379 1358 2540 1425 alias
2571 1361 2781 1424 cultus
2812 1376 2953 1423 om-

334 1471 490 1535 nino
522 1478 825 1536 externus
858 1471 1263 1550 designatum
1314 1487 1393 1533 eo
1445 1488 1506 1537 c.
1555 1468 1944 1551 praedicitur
1991 1467 2162 1534 Deus
2212 1467 2737 1549 magnificandus
2787 1466 2956 1530 sicut

334 1584 598 1659 propter
644 1577 1054 1642 sacerdotum
1104 1575 1468 1657 neglectum
1519 1576 1856 1656 despectus
1906 1574 2055 1639 fuit:
2117 1593 2283 1658 quae
2329 1573 2700 1656 glorificatio
2744 1574 2952 1637 innuit

337 1685 581 1750 cultum
615 1690 950 1749 externum
985 1681 1083 1769 (cf.
1119 1681 1336 1747 Matth.
1370 1686 1429 1750 5.
1461 1683 1583 1768 16),
1617 1683 1873 1765 qualem
1907 1682 2098 1763 exigit
2128 1682 2230 1748 vel
2261 1688 2494 1746 natura
2523 1682 2826 1757 humana,
2848 1679 2952 1744 cui

333 1793 503 1856 sicut
549 1810 680 1855 non
728 1789 958 1855 sufficit
1007 1789 1201 1853 corde
1250 1790 1532 1867 credere,
1576 1789 1698 1854 nisi
1730 1788 2082 1855 accesserit
2127 1796 2193 1854 et
2223 1790 2355 1854 oris
2386 1787 2706 1854 confessio
2742 1788 2950 1875 (Rom.

339 1904 441 1975 10,
479 1898 616 1985 10):
649 1897 742 1961 ita
771 1913 891 1961 nec
921 1895 1082 1969 satis
1116 1902 1229 1972 est,
1264 1897 1473 1960 solum
1506 1896 1772 1961 interius
1803 1897 2006 1961 Deum
2039 1897 2272 1973 colere,
2304 1897 2428 1960 nisi
2448 1896 2723 1960 addatur
2742 1896 2952 1959 cultus

332 2003 645 2086 professio
677 2002 958 2066 visibilis,

509 2127 575 2197 4.
606 2125 826 2191 Cultus
857 2126 961 2190 hic
992 2134 1294 2191 externus
1327 2144 1481 2190 vero
1526 2127 1916 2209 proprieque
1962 2129 2131 2192 dicto
2177 2126 2606 2191 sacrificio
2653 2126 2948 2191 contine-

332 2241 471 2299 tur:
503 2252 655 2297 nam
684 2253 751 2302 a.
785 2231 1167 2299 describitur
1196 2232 1426 2310 verbi5‚
1458 2232 1688 2315 quibus
1719 2253 1799 2300 ex
1832 2254 1952 2298 usu
1983 2234 2284 2318 loquendi
2316 2233 2550 2297 biblico
2573 2240 2949 2298 constanter

330 2340 594 2423 proprie
626 2339 867 2404 dictum
900 2338 1270 2418 designatur
1300 2338 1699 2403 sacrificium.
1762 2339 2164 2406 Adhibentur
2214 2340 2382 2405 enim
2416 2338 2734 2404 vocabula
2762 2340 2949 2403 kitter

331 2446 609 2523 adolere,
639 2445 870 2519 suffire,
904 2447 1111 2529 niyqes‘
1143 2451 1208 2510 et
1240 2445 1508 2529 mincha,
1540 2464 1816 2528 quorum
1846 2448 2122 2528 primum
2153 2464 2301 2511 cum
2330 2446 2463 2510 suis
2482 2445 2785 2511 derivatis
2818 2445 2946 2509 cir-

329 2553 490 2617 citer
522 2552 766 2618 centies
799 2551 1177 2634 quadragies
1210 2551 1436 2627 sexieS‚
1458 2552 1731 2618 alterum
1751 2552 1818 2615 in
1849 2551 2055 2617 forma
2075 2552 2207 2617 Piel
2241 2559 2304 2618 et
2336 2553 2546 2635 Hiphil
2578 2551 2943 2626 duodecies

331 2660 591 2724 tertium
622 2658 863 2725 centies
915 2658 1332 2743 quinquagies
1377 2665 1606 2742 quater
1637 2661 1918 2725 occurrit
1948 2660 2013 2724 in
2049 2659 2116 2725 V.
2150 2660 2218 2724 T.
2254 2662 2345 2748 (et
2375 2660 2498 2725 hoc
2530 2661 2667 2743 ipso
2701 2661 2766 2724 in
2798 2660 2943 2724 loco

331 2786 389 2830 v.
429 2769 535 2854 10)
570 2767 652 2831 ad
686 2766 1152 2847 designandum
1195 2766 1577 2832 sacrificium
1620 2769 1877 2850 proprie
1923 2769 2161 2833 dictum
2212 2769 2531 2854 (ultimum
2564 2769 2942 2850 praesertim

327 2891 447 2954 pro
479 2872 789 2937 sacrificio
825 2873 1218 2960 incruento):
1251 2873 1496 2938 nullum
1527 2893 1680 2941 vero
1714 2893 1940 2939 eorum
1973 2875 2053 2940 de
2085 2876 2260 2940 cultu
2292 2876 2542 2940 interno
2574 2875 2677 2940 vel
2709 2874 2789 2939 de
2823 2873 2941 2937 ob-

326 2979 672 3045 lationibus
704 2980 866 3059 aliis
897 2998 1065 3064 quae
1109 2999 1241 3044 non
1287 2981 1416 3046 sint
1460 2999 1613 3045 vera
1658 2981 1987 3046 sacrificia.
2049 2981 2141 3046 Eo
2175 2983 2377 3064 magis
2427 2988 2646 3048 autem
2676 2984 2747 3051 b.
2779 2982 2942 3046 haec

322 3087 526 3153 verba
555 3087 793 3154 debent
824 3088 991 3152 sumi
1010 3088 1089 3152 de
1109 3088 1285 3151 cultu
1318 3107 1350 3151 s
1366 3106 1407 3152 a
1422 3108 1456 3151 c
1475 3108 1509 3153 e
1526 3108 1558 3151 r
1574 3088 1614 3151 d
1632 3107 1670 3153 o
1688 3089 1857 3164 tali,
1893 3089 2066 3171 quod
2086 3107 2298 3155 sermo
2320 3097 2418 3154 est
2439 3089 2520 3153 ad
2541 3089 2942 3154 sacerdotes:

323 3195 428 3258 Ad
460 3214 585 3274 vos,
616 3215 651 3257 o
683 3197 1031 3260 sacerdotes
1062 3214 1119 3258 v.
1153 3200 1213 3271 6,
1247 3213 1409 3277 quos
1441 3193 1612 3260 Deus
1644 3195 2053 3276 reprehendit
2085 3196 2165 3260 de
2196 3197 2488 3276 neglecto
2534 3197 2727 3262 cultu.
2792 3195 2941 3261 Cul-

325 3307 428 3365 tus
460 3308 678 3366 autem
710 3301 1130 3367 sacerdotalis
1182 3308 1280 3365 est
1311 3301 1521 3364 solum
1552 3300 1958 3365 sacrificialis
2022 3300 2121 3365 Ad
2153 3302 2314 3367 haec
2348 3322 2410 3373 c.
2442 3304 2669 3381 cultus
2701 3304 2781 3368 de
2812 3323 2944 3387 quo

322 3414 423 3471 est
444 3426 672 3484 sermo,
695 3408 1038 3489 opponitur
1057 3425 1185 3490 qua
1206 3426 1410 3470 novus
1430 3406 1913 3472 substituendus
1928 3407 2251 3472 sacrificiis
2268 3410 2587 3488 mosaiciS‚
2606 3420 2671 3477 et
2687 3411 2778 3475 ita
2799 3412 2940 3494 qui-

321 3513 469 3577 dem
503 3519 571 3577 ut
604 3520 931 3596 appareat,
964 3531 1096 3577 non
1127 3513 1496 3594 simpliciter
1528 3512 1771 3579 aboleri
1805 3514 2046 3578 cultum
2078 3532 2194 3596 per
2226 3514 2554 3595 sacrificia,
2589 3518 2706 3582 sed
2738 3519 2940 3586 sacri-

322 3620 480 3684 ficiis
514 3622 819 3685 mosaicis
854 3621 1078 3686 melius
1114 3626 1180 3684 et
1212 3620 1512 3684 mundius
1545 3620 1864 3698 substitui,
1915 3622 2086 3704 quod
2118 3622 2312 3687 etiam
2345 3642 2385 3687 a
2416 3625 2601 3689 novis
2632 3624 2940 3689 ministris

324 3728 623 3793 divinitus
654 3729 1075 3812 praeparatis,
1109 3729 1281 3793 tribu
1304 3729 1455 3795 Levi
1485 3729 1927 3812 praefiguratis
1961 3736 2020 3809 3,
2052 3738 2113 3810 3,
2147 3732 2541 3798 offerendum
2574 3733 2709 3798 erit.
2744 3731 2939 3813 Atqui

324 3833 486 3899 haec
518 3833 779 3916 intelligi
811 3841 1137 3917 nequeunt
1168 3834 1248 3900 de
1280 3835 1607 3900 sacrificiis
1656 3835 2004 3919 improprie
2037 3838 2222 3903 dictis
2251 3838 2460 3902 laudis
2492 3837 2939 3919 bonorumque

324 3958 607 4021 operum,
639 3941 754 4006 sed
784 3959 864 4006 ea
895 3942 1155 4022 exigunt
1184 3941 1564 4006 sacrificium
1597 3945 1856 4025 proprie
1888 3944 2144 4020 dictum,
2165 3945 2359 4027 idque
2379 3945 2747 4010 distinctum
2769 3961 2808 4007 a
2829 3962 2935 4006 sa-

320 4045 557 4111 crificio
589 4049 813 4125 cruciS‚
844 4049 945 4112 cui
979 4067 1109 4113 non
1141 4050 1531 4114 conveniunt
1573 4051 1952 4133 praedicata
1998 4052 2186 4134 hujus
2231 4053 2381 4115 novi
2426 4051 2736 4116 sacrificii.
2800 4050 2939 4113 Hoc

319 4158 539 4217 autem
572 4152 743 4218 aliud
775 4174 905 4219 non
938 4156 1059 4220 erit
1089 4174 1131 4221 a
1161 4157 1593 4223 celebratione
1626 4159 2070 4225 eucharistiae.
2135 4160 2314 4240 Quae
2361 4159 2558 4224 illatio
2591 4158 2933 4224 confirma-

318 4266 424 4323 tur
453 4260 786 4341 splendido
819 4263 1119 4343 suffragio
1152 4270 1424 4344 patrum.

495 4389 645 4447 Itam
668 4390 796 4464 jam
828 4392 1202 4451 Irenaeus
1231 4393 1330 4466 IV,
1373 4403 1445 4456 17
1482 4413 1539 4455 n.
1564 4403 1596 4457 5
1634 4394 1705 4453 de
1725 4394 1958 4454 Christo
1979 4395 2335 4454 instituente
2367 4396 2780 4456 eucharistiam
2812 4397 2932 4456 dis-

318 4476 495 4534 serit:
534 4478 725 4545 ,Novi
759 4479 1119 4539 Testamenti
1155 4500 1364 4540 novam
1398 4482 1601 4541 docuit
1631 4483 2008 4554 oblationem,
2041 4503 2218 4558 quam
2250 4484 2512 4544 Ecclesia
2541 4486 2615 4544 ab
2647 4487 2934 4564 apostolis

316 4564 613 4640 accipiens
645 4566 709 4625 in
741 4569 1016 4628 universo
1048 4568 1272 4629 mundo
1304 4571 1477 4630 offert
1509 4571 1628 4630 Deo
1675 4572 1747 4642 ei,
1795 4573 1900 4648 qui
1945 4572 2228 4632 alimenta
2272 4574 2446 4633 nobis
2479 4578 2761 4651 praestat,
2809 4577 2929 4650 pri-

315 4653 518 4712 mitias
548 4673 790 4714 suorum
823 4676 1138 4717 munerum
1171 4658 1234 4716 in
1267 4658 1336 4716 N.
1370 4658 1451 4730 Τ.,
1485 4660 1557 4717 de
1589 4679 1709 4736 quo
1740 4660 1802 4719 in
1836 4661 2147 4721 duodecim
2177 4663 2480 4738 prophetis
2500 4663 2815 4723 Malachiae
2849 4665 2934 4723 sic

313 4742 847 4818 praesignificavit:
896 4746 1028 4805 Non
1073 4755 1152 4806 est
1183 4748 1324 4805 mihi
1354 4750 1616 4807 voluntas
1646 4753 1757 4812 etc.
1792 4794 1806 4809 .
1840 4793 1854 4808 .
1887 4793 1901 4809 .
1934 4751 2418 4811 manifestissime
2452 4752 2793 4830 significans
2826 4771 2934 4828 per
