3538 5364
491 262 620 326 336
1026 252 1211 305 Tract.
1237 253 1329 305 IX.
1357 252 1425 305 de
1455 250 1821 306 eucharistia.
1850 250 2047 305 'rhesis
2076 250 2361 307 CCXXVL
2390 250 2562 306 Notio

488 440 637 516 post
666 433 1224 498 consecrationem
1258 451 1430 507 vere,
1475 429 1735 497 realiter
1767 439 1963 515 atque
1995 433 2502 498 substantialiter
2534 450 2676 496 esse
2708 432 2828 496 sub
2861 434 3106 514 specie—

489 540 609 604 bus
641 541 826 623 panis
859 548 924 606 et
954 539 1111 605 vini:
1145 539 1259 603 sed
1292 545 1637 621 praeterea
1669 540 1751 604 ad
1784 539 1977 604 fidem
2010 539 2397 604 catholicam
2428 545 2680 620 spectat
2712 540 2907 603 etiam
2939 558 3105 604 mo-

490 649 666 725 duS‚
719 667 845 732 quo
878 666 1112 731 corpus
1146 656 1210 714 et
1241 650 1501 729 sanguis
1534 649 1789 712 Domini
1822 648 1891 712 fit
1924 667 2254 730 praesens:
2305 647 2699 712 credendum
2731 648 2862 712 scil.
2896 656 3012 724 est,
3044 649 3107 713 id

488 757 625 821 fieri
642 757 916 821 mirabili
948 765 1012 822 et
1043 757 1344 838 singulari
1376 756 1934 822 conversione
1967 757 2161 822 totius
2208 754 2617 821 substantiae
2649 754 2835 838 panis
2864 755 2930 818 in
2963 774 3112 819 cor-

489 883 628 945 puS,
672 870 736 929 et
766 864 961 928 totius
993 864 1393 929 substantiae
1426 864 1556 927 vini
1586 864 1653 927 in
1683 864 2086 944 sanguinem,
2133 882 2328 946 quam
2360 864 2851 928 conversionem
2881 864 3107 927 catho-

488 972 612 1034 lica
631 971 916 1035 Ecclesia
934 972 1264 1053 aptissime
1284 977 1355 1035 tr
1370 989 1409 1034 a
1426 991 1469 1034 n
1486 991 1516 1034 s
1531 991 1562 1034 s
1578 991 1619 1034 u
1637 970 1678 1034 b
1694 969 1956 1035 stanti
1974 970 2143 1033 atio
2161 988 2205 1032 n
2220 989 2255 1035 e
2271 988 2338 1032 m
2358 970 2653 1051 appellat.
2677 970 2863 1050 Quod
2883 970 3117 1050 dogma

491 1096 670 1142 conc.
705 1078 1248 1143 tridentinum
1279 1078 1505 1144 statuit
1537 1097 1691 1144 sess.
1731 1082 1812 1146 13
1845 1094 1896 1140 c.
1931 1083 1989 1146 3.
2022 1082 2064 1144 4
2098 1084 2162 1141 et
2192 1094 2332 1140 can.
2367 1084 2437 1146 2:
2476 1075 2581 1150 ,Si
2613 1077 2755 1159 quis
2784 1076 3114 1149 dixeritin

491 1192 907 1250 sacrosancto
942 1187 1367 1252 eucharistiae
1402 1193 1814 1250 sacramento
1849 1202 2187 1249 remanere
2221 1184 2650 1249 substantiam
2682 1184 2868 1265 panis
2902 1183 3116 1248 etvini

490 1309 622 1355 una
667 1310 816 1354 cum
860 1310 1134 1373 corpore
1167 1300 1232 1357 et
1278 1293 1588 1374 sanguine
1623 1292 1879 1356 Domini
1912 1292 2124 1356 nostri
2155 1292 2306 1356 Jesu
2340 1290 2604 1367 Christi3
2651 1292 3107 1373 negaveritque

492 1398 854 1463 mirabilem
883 1398 1058 1462 illam
1090 1405 1151 1463 et
1185 1399 1573 1479 singularem
1605 1399 2107 1464 conversionem
2139 1399 2335 1465 totius
2369 1399 2770 1464 substantiae
2814 1398 3001 1480 panis
3047 1398 3113 1461 in

491 1522 726 1586 corpus
760 1511 824 1569 et
854 1505 1051 1569 totius
1086 1505 1491 1571 substantiae
1513 1507 1643 1569 vini
1674 1507 1740 1570 in
1760 1508 2159 1587 sanguinem,
2180 1506 2591 1571 manentibus
2612 1508 2949 1572 dumtaxat
2966 1526 3111 1589 spe-

492 1612 713 1677 ciebus
757 1614 942 1694 panis
984 1621 1048 1677 et
1078 1614 1236 1676 vini:
1284 1632 1479 1695 quam
1511 1614 1772 1695 quidem
1806 1615 2299 1679 conversionem
2331 1615 2652 1680 catholica
2681 1614 2966 1679 Ecclesia
2999 1632 3114 1695 ap-

496 1719 737 1785 tissime
769 1719 1571 1785 transsubstantiationem
1602 1721 1901 1803 appellat‚
1934 1721 2007 1784 A.
2041 1719 2140 1785 ΞΔ(

667 1849 930 1907 Eandem
960 1850 1270 1908 veritatem
1293 1852 1418 1926 jam
1451 1854 1625 1909 antea
1657 1851 1892 1926 saepius
1924 1853 2216 1910 statuerat
2246 1851 2535 1922 Ecclesia3
2569 1852 2653 1910 ita
2683 1852 2825 1910 etin
2846 1870 2999 1912 conc.
3021 1869 3116 1911 ro·

492 1958 666 1997 mano
699 1938 793 1996 VI.
827 1939 937 1997 sub
971 1939 1345 2016 Gregorio
1381 1938 1507 2002 VII.
1539 1961 1589 2004 a.
1632 1950 1832 2009 10793
1868 1942 1929 1998 in
1963 1958 2120 1998 conc.
2154 1941 2654 1999 lateranensi
2686 1940 2782 2001 IV.
2818 1959 2941 2015 cap.
2965 1940 3111 2011 ,Fir-

492 2029 716 2096 miter‘3
751 2029 813 2086 in
842 2028 1082 2103 profess,
1115 2028 1250 2086 fidei
1280 2049 1314 2087 a
1347 2029 1515 2088 Mich.
1550 2029 1901 2106 Palaeologo
1936 2048 2094 2089 conc.
2138 2029 2326 2106 lugd
2348 2030 2626 2088 unensi
2670 2030 3001 2105 proposita;
3053 2029 3114 2086 in

493 2118 868 2176 damnatione
901 2120 1010 2179 art.
1026 2117 1487 2176 Wicleffifactaa
1516 2137 1675 2181 conc.
1711 2119 2275 2187 constantiensi3
2310 2119 2372 2177 in
2392 2119 2625 2178 decreto
2659 2119 2989 2195 Eugeuii
3019 2116 3117 2177 IV.

492 2225 600 2283 pro
646 2207 916 2264 armenis,
981 2208 1188 2265 Merito
1236 2226 1374 2283 ergo
1422 2207 1602 2265 Pius
1635 2208 1730 2271 VI.
1763 2211 1873 2266 art.
1911 2218 1991 2269 29
2040 2208 2250 2282 synodi
2282 2208 2655 2283 pistoriensis
2702 2208 2861 2266 hunc
2892 2207 2957 2264 in
2989 2225 3113 2265 mo-

495 2297 637 2354 dum
671 2295 998 2354 damnavit:
1035 2296 1358 2365 ,Doctrina
1391 2297 1617 2371 synodi,
1653 2316 1771 2372 qua
1803 2300 1969 2372 parte
1999 2297 2233 2356 tradere
2266 2297 2587 2355 instituens
2619 2296 2757 2355 fidei
2787 2296 3116 2354 doctrinam

497 2385 569 2444 de
608 2386 731 2443 ritu
777 2384 1248 2453 consecrationis,
1295 2385 1537 2443 remotis
1584 2386 2035 2460 quaestionibus
2080 2386 2440 2445 scholasticis
2487 2385 2637 2444 circa
2682 2385 2943 2453 modum,
2997 2403 3117 2459 quo

497 2474 763 2533 Christus
795 2476 886 2532 est
918 2475 979 2532 iu
1011 2474 1376 2546 eucharistia,
1425 2494 1458 2531 a
1504 2475 1721 2550 quibus
1768 2475 2051 2549 parochos
2096 2475 2340 2534 docendi
2385 2493 2628 2533 munere
2660 2475 2978 2551 fungentes
3011 2472 3117 2531 ab·

497 2565 715 2622 stinere
765 2563 1056 2634 hortatur,
1109 2564 1340 2621 duobus
1389 2563 1481 2621 his
1513 2567 1751 2622 tantum
1797 2564 2145 2639 propositis:
2216 2562 2277 2626 l.
2312 2564 2612 2622 Christum
2643 2567 2782 2639 post
2815 2582 3118 2621 consecra-

495 2654 719 2712 tionem
752 2671 905 2722 vere,
939 2653 1194 2723 realiter,
1227 2651 1703 2711 substantialiter
1733 2672 1856 2712 esse
1888 2652 1998 2712 sub
2032 2653 2367 2729 speciebus3
2400 2648 2468 2716 2.
2502 2657 2650 2712 tunc
2680 2671 2914 2713 omnem
2946 2652 3117 2729 panis

497 2746 559 2800 et
585 2744 714 2801 vini
745 2743 1138 2801 substantiam
1174 2760 1410 2814 cessare,
1447 2742 1586 2800 solis
1605 2743 2047 2801 remanentibus
2071 2743 2399 2819 speciebuS‚
2419 2762 2663 2818 prorsus
2683 2743 2910 2802 omittit
2928 2743 3115 2801 ullam

496 2833 858 2890 mentionem
890 2832 1078 2889 facere
1108 2832 1484 2889 transsub
1505 2833 2062 2891 stantiationis
2096 2850 2199 2891 seu
2223 2833 2619 2892 conversionis
2636 2833 2823 2890 totius
2838 2832 3115 2891 substan-

496 2922 614 2979 tiae
647 2921 813 2997 panis
845 2921 907 2978 in
940 2938 1165 2995 corpus,
1201 2923 1262 2977 et
1290 2920 1480 2978 totius
1511 2919 1878 2980 substantiae
1923 2922 2047 2979 vini
2096 2923 2159 2979 in
2193 2922 2560 2999 sanguinem,
2614 2941 2792 2997 quam
2824 2921 2994 2979 velut
3022 2940 3114 2978 ar-

495 3011 749 3069 ticulum
779 3009 916 3067 fidei
946 3008 1339 3067 tridentinum
1374 3009 1684 3067 concilium
1720 3009 2006 3085 definivit,
2054 3013 2114 3068 et
2158 3029 2309 3085 quae
2341 3011 2406 3068 in
2439 3011 2690 3069 solemni
2720 3010 2859 3069 fidei
2887 3009 3111 3085 profes-

499 3100 663 3157 sione
696 3098 1069 3156 continetur:
1105 3100 1401 3173 quatenus
1431 3116 1538 3173 per
1568 3098 1969 3157 inconsultam
2014 3098 2354 3158 istiusmodi
2402 3100 2907 3174 suspiciosamque
2939 3099 3110 3158 omis·

497 3189 721 3246 sionem
753 3187 965 3245 notitia
996 3186 1370 3245 subtrahitur
1400 3191 1532 3245 tum
1564 3188 1801 3246 articuli
1847 3188 1921 3246 ad
1972 3189 2146 3247 fidem
2179 3189 2549 3265 pertinentis,
2582 3192 2710 3247 tum
2743 3189 2922 3246 etiam
2952 3189 3112 3247 vocis

498 3276 571 3334 ab
602 3275 856 3334 Ecclesia
887 3278 1256 3334 consecratae
1286 3275 1359 3333 ad
1394 3276 1555 3334 illius
1585 3278 1871 3335 tuendam
1902 3278 2323 3352 professionem
2355 3278 2634 3336 adversus
2667 3279 2949 3348 haereses,
2980 3280 3114 3335 ten-

499 3365 707 3439 ditque
737 3363 880 3422 adeo
913 3364 988 3422 ad
1019 3365 1148 3439 ejus
1179 3365 1535 3423 oblivionem
1567 3365 1981 3436 inducendam,
2016 3368 2185 3441 quasi
2203 3371 2481 3442 ageretur
2501 3367 2573 3425 de
2592 3367 2937 3442 quaestione
2957 3384 3114 3424 mere

499 3452 866 3512 scholastica:
911 3453 1253 3528 perniciosa,
1302 3454 1592 3531 derogans
1637 3455 1989 3529 expositioni
2035 3456 2302 3514 veritatis
2348 3456 2668 3515 catholicae
2719 3457 2871 3514 circa
2901 3455 3115 3532 dogma

498 3541 1202 3614 transsubstantiationis,
1234 3543 1438 3601 favens
1470 3542 1789 3602 haereticis,
1806 3552 1834 3581 ‘

677 3667 823 3732 360·
857 3664 1112 3731 TheSIS
1137 3661 1514 3731 CCXXVI·
1564 3686 1730 3738 Tota
1767 3686 2175 3739 substantia
2208 3687 2425 3751 panis
2469 3701 2554 3739 ac
2578 3689 2728 3740 vini
2753 3688 2833 3739 in
2856 3688 3113 3740 eueha-

501 3776 706 3828 ristia
743 3776 1260 3829 consecratione
1297 3776 1728 3828 convertitur
1763 3776 1843 3827 in
1879 3776 2349 3829 substantiam
2390 3778 2709 3842 corporis
2735 3769 2799 3830 ‘et
2824 3778 3118 3843 sanqui-

498 3867 611 3918 πίε
648 3865 737 3917 D.
776 3865 858 3917 N.
896 3863 967 3918 J.
1007 3864 1287 3918 Christi.

681 3969 1117 4036 Declaratio.
1166 3965 1533 4044 ConversiO,
1581 3986 1747 4050 quae
1783 3974 1883 4032 est
1914 3969 2287 4033 mutationis
2321 3970 2585 4049 specie5‚
2606 3968 2901 4034 definitur
2933 3975 3114 4033 tran-

500 4076 660 4140 situs
708 4076 802 4141 rei
848 4075 914 4138 in
959 4092 1098 4139 rem
1132 4073 1487 4138 secundum
1518 4073 1803 4156 aliquam
1836 4075 2154 4141 rationem
2188 4076 2369 4140 entis,
2427 4076 2526 4139 Ad
2561 4094 2703 4141 eam
2737 4076 2860 4139 hae
2894 4075 3115 4139 condi-

501 4183 708 4245 tiones
741 4181 1160 4262 requiruntur
1193 4187 1258 4246 et
1288 4179 1636 4246 sufficiunt:

686 4290 748 4356 1.
784 4295 855 4352 ut
886 4289 1121 4369 duplex
1153 4288 1234 4351 sit
1267 4287 1596 4364 terminuS‚
1628 4306 1796 4350 unus
1831 4309 1872 4352 a
1903 4308 2021 4371 quo
2056 4289 2445 4373 (extremum
2478 4289 2696 4376 quod),
2717 4288 2825 4370 qui
2856 4288 3113 4352 desinit:

503 4403 568 4460 et
614 4396 774 4459 alius
820 4396 906 4458 ad
949 4415 1126 4480 quem
1174 4393 1558 4481 (extremum
1601 4394 1667 4458 in
1713 4395 1932 4480 quod),
1986 4395 2095 4478 qui
2130 4396 2418 4460 succedit
2448 4396 2805 4460 secundum
2836 4395 3118 4476 aliquam

504 4503 669 4568 entis
699 4503 1018 4567 rationem
1048 4521 1164 4582 pro
1197 4502 1569 4566 diversitate
1602 4503 2049 4567 conversionis
2081 4503 2422 4567 diversam.
2471 4501 2843 4585 Requiritur
2875 4519 3028 4581 ergo

680 4610 743 4676 2.
782 4609 995 4691 aliqua
1025 4609 1190 4673 ratio
1226 4607 1408 4686 entiS,
1442 4627 1608 4690 quae
1641 4617 1873 4684 cesset,
1907 4615 1970 4674 et
2004 4628 2192 4686 nova,
2227 4628 2394 4692 quae
2426 4610 2759 4684 succedat;
2802 4626 3001 4690 quare
3035 4607 3117 4671 ad

503 4716 991 4780 conversionem
1037 4717 1291 4798 proprie
1338 4716 1574 4781 dictam
1623 4737 1754 4782 non
1800 4715 2045 4795 sufficit,
2080 4716 2134 4781 si
2168 4719 2318 4800 quid
2350 4715 2523 4782 nulla
2554 4717 2847 4783 realitate
2879 4715 3116 4780 amissa
