3538 5364
944 272 1142 327 Thesis
1169 270 1511 327 CLXXVIII.
1540 270 1862 324 Necessitas
1887 268 2107 342 gratiae
2133 268 2414 324 absoluta.
2888 276 2973 339 33

340 459 414 518 ad
446 459 682 519 bonum
715 463 917 519 autem
947 477 1157 535 parum
1189 462 1298 529 est,
1328 457 1445 516 nisi
1478 456 1796 532 adjuvetur
1826 455 1902 514 ab
1933 454 2330 531 omnipotenti
2360 454 2534 513 bono.
2600 452 2769 523 Quod
2801 452 2973 529 adju·

345 548 594 619 terium,
640 550 695 608 si
726 550 903 608 homo
933 548 1035 608 ille
1066 567 1173 624 per
1202 547 1453 605 liberum
1488 564 1609 605 non
1639 544 1998 604 deseruisset
2028 544 2369 614 arbitrium,
2416 560 2650 619 semper
2680 549 2839 602 esset
2869 542 2974 601 bo·

348 656 492 697 nus:
526 639 634 696 sed
667 638 937 697 deseruit
967 641 1027 695 et
1059 639 1152 695 est
1182 636 1455 695 desertus
1488 641 1638 693 etc.‘
1708 634 1788 694 Cf.
1823 634 2148 710 Ripalda
2178 632 2234 695 d.
2275 643 2386 694 lll
2428 650 2472 690 s.
2509 643 2566 695 6.

527 760 597 824 ὅ.
633 756 1067 821 Confirmatur
1116 754 1390 820 assertio
1441 754 1777 818 ratione
1828 752 2207 834 theologica,
2258 770 2454 835 quam
2497 752 2592 817 ita
2621 751 2975 835 Ripalda

351 864 409 927 d.
448 870 575 934 106
609 884 658 927 s.
694 870 735 933 3
767 862 1106 946 proponit:
1146 857 1407 936 ,Omnis
1441 867 1625 924 actus
1657 858 1976 935 salutaria,
2011 860 2207 925 etiam
2240 858 2488 926 elicitus
2519 858 2761 923 influxu
2793 858 2977 923 habi-

354 978 536 1034 tuum
569 968 1179 1052 supernaturalium,
1211 968 1517 1050 supponit
1547 985 1662 1050 per
1693 986 1763 1032 se
1785 966 2218 1047 cognitionem
2242 972 2308 1032 et
2329 965 2736 1032 affectionem
2755 985 2980 1047 super-

350 1075 721 1142 naturalem
752 1078 926 1141 circa
956 1076 1296 1159 obJ'ectum,
1329 1076 1395 1139 in
1428 1074 1601 1158 quod
1620 1074 1911 1139 afficitur.
1946 1075 2030 1138 At
2061 1073 2364 1155 cogitatio
2386 1081 2454 1140 et
2473 1072 2724 1138 affectio
2744 1091 2973 1155 super-

355 1182 674 1247 naturalis
704 1183 1126 1266 praeveniens
1174 1183 1542 1249 necessario
1595 1189 1813 1247 actum
1862 1181 2216 1248 salutarem
2265 1188 2367 1248 est
2410 1183 2617 1264 gratia
2662 1180 2980 1246 auxilians

355 1289 649 1354 actualis
680 1290 847 1371 Ergo
868 1290 1077 1353 omnis
1097 1297 1278 1354 actus
1297 1288 1620 1368 salutaris,
1650 1291 1847 1356 etiam
1867 1288 2114 1355 elicitus
2135 1290 2375 1354 influxu
2395 1289 2733 1355 habituum
2752 1309 2978 1372 super-

353 1395 768 1473 naturalium,
799 1398 1102 1479 supponit
1130 1415 1246 1479 per
1277 1416 1347 1461 se
1380 1398 1656 1478 gratiam
1702 1396 2118 1462 auxiliantem
2165 1395 2501 1462 actualem.
2565 1395 2737 1462 Sane
2769 1398 2978 1461 omnis

361 1511 545 1568 actus
577 1503 972 1569 deliberatus
1003 1505 1464 1586 praesupponit
1496 1510 1678 1568 actus
1708 1502 2187 1568 indeliberatos
2222 1503 2394 1570 Neve
2424 1503 2676 1568 dicatur
2693 1504 2812 1568 hos
2834 1502 2975 1569 elici

360 1630 477 1694 ope
509 1611 851 1675 habituum
882 1611 1225 1675 occasione
1257 1610 1493 1692 objecti
1524 1609 1791 1692 alicujus
1820 1611 2148 1692 propositi.
2197 1609 2362 1675 Nam
2399 1610 2609 1693 justus
2640 1611 2970 1693 praeditus

359 1724 455 1782 est
486 1716 903 1782 facultatibus
933 1715 1335 1782 naturalibus
1368 1724 1434 1782 et
1465 1718 1710 1798 gratiae
1742 1716 2098 1795 habitibus3
2145 1717 2447 1801 quocirca
2479 1718 2736 1799 operari
2766 1723 2981 1799 potest

354 1822 453 1887 vel
482 1822 642 1887 solis
671 1823 914 1888 viribus
947 1830 1224 1888 naturae
1257 1824 1356 1910 (ut
1387 1841 1533 1887 cum
1565 1824 1837 1909 peccat),
1868 1822 1971 1888 vel
2001 1823 2243 1888 viribus
2265 1823 2530 1889 elevatis
2550 1842 2665 1904 per
2682 1822 2974 1901 habitus;

352 1930 501 1994 hinc
534 1930 775 2012 indiget
806 1928 1022 2013 aliqua
1053 1929 1602 2005 determinatione,
1648 1935 1721 1993 ut
1762 1930 1978 2011 potius
2010 1928 2375 1996 salutariter
2424 1948 2619 2013 quam
2651 1947 2825 1996 mere
2857 1948 2976 1993 na-

353 2035 647 2103 turaliter
678 2044 845 2117 agat,
879 2043 944 2102 et
974 2043 1046 2100 ut
1074 2035 1333 2101 habitus
1364 2035 1552 2100 infusi
1584 2035 1666 2099 ad
1700 2036 2098 2117 operandum
2131 2035 2635 2101 connaturaliter
2665 2054 2975 2103 movean-

356 2149 489 2207 tur:
523 2161 695 2226 quae
727 2143 1173 2210 determinatio
1207 2144 1343 2225 ejus
1375 2142 1616 2208 ordinis
1647 2144 1730 2208 sit
1760 2161 2028 2208 necesse
2060 2151 2174 2221 est,
2207 2145 2389 2225 cujus
2420 2153 2485 2209 et
2516 2153 2697 2209 actus
2730 2143 2973 2210 delibe-

355 2258 537 2314 ratus
568 2250 608 2313 i.
643 2269 696 2316 e.
730 2251 970 2314 ordinis
1001 2248 1505 2332 supernaturalis
1521 2251 1584 2336 ¹).

534 2397 639 2463 38.
691 2393 946 2461 'rhesis
1006 2391 1477 2461 CLXXVIII.
1555 2414 1875 2481 Denique
1927 2415 1994 2467 4.
2043 2416 2447 2481 statuimus,
2496 2420 2976 2471 necessitatem

353 2504 635 2567 aratiae
687 2504 785 2556 ad
840 2516 1079 2557 omnes
1130 2506 1330 2556 actus
1380 2503 1738 2556 salutares
1794 2517 1938 2556 non
1988 2517 2134 2557 esse
2185 2506 2463 2557 tantum
2500 2505 2848 2559 moralem
2885 2520 2975 2560 σω

356 2593 955 2658 concupiscentiae
1010 2591 1428 2655 difficultate
1484 2593 1827 2655 obortam,
1876 2594 1999 2647 sed
2050 2592 2445 2647 absolutam
2496 2597 2562 2646 et
2608 2594 2973 2659 physicam

350 2681 745 2747 prolectam
782 2695 872 2735 eae
908 2681 1324 2746 impotentia
1360 2685 1691 2735 naturae.

533 2803 983 2873 Declaratio.
1051 2808 1309 2868 Tandem
1342 2807 1554 2867 merito
1599 2809 1927 2884 quaeritur,
1979 2813 2273 2884 quanta
2321 2809 2401 2868 sit
2445 2809 2586 2868 haec
2628 2810 2853 2886 gratiae
2901 2811 2975 2868 ad

355 2902 523 2955 actus
556 2896 848 2955 salutares
879 2897 1215 2960 necessitas,
1279 2897 1685 2956 Necessarium
1728 2897 1788 2956 id
1836 2897 2072 2969 dicitur,
2120 2898 2246 2957 sine
2292 2916 2411 2973 quo
2456 2897 2621 2957 aliud
2667 2898 2761 2956 vel
2806 2899 2975 2957 nullo

356 2985 531 3044 modo
579 2985 674 3043 vel
718 2989 953 3044 tantum
1000 3003 1135 3045 cum
1180 3005 1394 3063 magna
1425 2985 1778 3044 difficultate
1810 2991 2054 3063 propter
2084 2988 2259 3062 plura
2288 2987 2384 3045 vel
2415 2988 2693 3063 pauciora
2725 2986 2977 3063 impedi·

354 3078 558 3133 menta
588 3074 847 3133 obtineri
878 3078 1094 3150 potest.
1144 3075 1211 3134 ln
1241 3074 1425 3150 priori
1459 3092 1600 3133 casu
1631 3075 1886 3133 habetur
1909 3077 2230 3134 necessitas
2263 3076 2661 3148 absoluta,
2696 3077 2759 3135 in
2791 3077 2977 3135 altero

353 3183 412 3220 m
430 3164 635 3222 orali
653 3182 697 3223 s.
745 3163 1066 3233 Quaeritur
1097 3182 1254 3241 ergo,
1288 3169 1496 3222 utrum
1527 3165 1756 3238 gratiae
1777 3166 2100 3223 necessitas
2133 3165 2207 3224 ad
2239 3167 2405 3224 actus
2436 3166 2726 3225 salutares
2758 3166 2840 3225 sit
2871 3166 2976 3224 ab·

353 3252 555 3311 soluta
584 3252 662 3311 ob
695 3253 995 3330 physicam
1027 3254 1274 3312 naturae
1307 3254 1599 3312 humanae
1631 3253 2046 3329 impotentiam
2077 3254 2151 3313 ad
2182 3254 2470 3329 ejusmodi
2501 3259 2688 3326 actua,
2736 3274 2811 3313 an
2844 3260 2979 3313 tan-

351 3347 485 3399 tum
534 3341 781 3400 moralis
826 3342 903 3401 ob
946 3342 1361 3401 difficultatem
1395 3343 1842 3417 consequendae
1875 3343 2104 3402 salutis,
2171 3343 2335 3412 Quod
2383 3344 2637 3402 alterum
2687 3362 2889 3402 omnes
2935 3345 2978 3402 ii

350 3431 515 3488 tueri
550 3431 786 3498 debent,
822 3431 925 3506 qui
957 3431 1183 3508 gratiae
1203 3431 1614 3490 necessitatem
1648 3451 1715 3490 ex
1737 3431 1951 3490 Adami
1979 3432 2156 3508 lapsu
2188 3435 2369 3507 atque
2401 3451 2469 3490 ex
2502 3433 2979 3508 concupiscentia

352 3518 491 3577 inde
536 3523 836 3578 contracta
881 3525 1180 3596 repetunt,
1230 3524 1302 3578 ut
1350 3520 1626 3578 nonnulli
1673 3521 1847 3579 etiam
1895 3521 2257 3580 recentiores
2305 3522 2652 3580 Germaniae
2697 3521 2976 3599 theologi.

353 3608 699 3666 Tenendum
733 3612 929 3667 autem
972 3612 1083 3678 est,
1131 3610 1379 3685 gratiam
1410 3610 1802 3668 necessariam
1834 3628 1957 3669 esse
1987 3630 2107 3669 non
2139 3611 2333 3669 solum
2365 3611 2717 3669 necessitate
2748 3612 2974 3681 morali,

353 3697 453 3755 sed
484 3701 548 3756 et
580 3697 952 3757 absoluta
980 3703 1043 3756 et
1072 3697 1313 3773 quidem
1358 3698 1713 3775 physica,
1763 3717 1899 3757 cum
1944 3701 2073 3776 ejus
2105 3700 2237 3758 fons
2270 3700 2352 3758 sit
2382 3719 2505 3759 non
2536 3701 2660 3758 sola
2691 3701 2971 3776 concupi·

577 3925 615 3992 ¹)
642 3919 838 3975 Potest
861 3921 1007 3975 forte
1033 3921 1094 3976 id
1121 3921 1401 3977 illustrari
1427 3922 1686 3993 exemplo
1715 3923 1871 3976 haud
1891 3923 2109 3994 inepte.
2134 3923 2296 3978 Sicut
2314 3923 2536 3993 objecta
2557 3921 2852 3976 sensibilia
2878 3921 2975 3975 im-

350 3999 603 4054 mediate
628 3998 990 4056 intellectum
1034 4000 1365 4074 possibilem
1410 4000 1483 4055 ad
1528 4002 1963 4072 concipiendam
2008 4002 2193 4058 ideam
2240 4002 2617 4057 determinare
2663 4004 2976 4069 nequeunt,

348 4080 495 4149 quin
524 4079 746 4135 lumine
775 4081 1099 4138 intellectus
1136 4082 1365 4152 agentis
1404 4082 1476 4135 ad
1517 4082 1776 4137 ordinem
1821 4084 2242 4137 transferantur
2267 4083 2715 4137 intellectualem
2745 4082 2835 4153 (de
2862 4099 2978 4150 qua

349 4159 692 4229 quaestione
730 4159 1130 4232 philosophica
1168 4162 1241 4217 cf.
1282 4162 1331 4214 K
1349 4164 1413 4217 le
1432 4164 1664 4232 utgen
1706 4162 1979 4232 Beilagen
2006 4181 2072 4216 zu
2101 4163 2211 4216 den
2240 4162 2487 4218 Werken
2515 4164 2656 4218 iiber
2682 4161 2774 4215 die
2802 4161 2978 4216 Theo·

346 4242 503 4312 logie
529 4240 653 4294 und
682 4240 1053 4313 philosophie
1079 4241 1181 4296 der
1204 4241 1436 4296 Vorzeit
1460 4242 1593 4296 fasc.
1623 4249 1655 4297 3
1682 4244 1815 4296 sect.
1842 4247 1888 4306 1‘)
1912 4265 1923 4295 ι
1950 4243 2032 4296 ita
2059 4243 2281 4312 objecta
2309 4243 2657 4297 extrinsecus
2685 4241 2977 4313 proposita

348 4321 515 4392 paria
542 4338 661 4377 non
686 4324 824 4375 sunt
845 4322 919 4375 ad
946 4320 1446 4376 determinandum
1474 4321 1764 4375 influxum·
1786 4323 2017 4376 habitus
2045 4322 2242 4386 infusi,
2284 4323 2397 4376 nisi
2441 4341 2548 4394 ope
2576 4323 2977 4378 illustrationis

348 4403 732 4472 internaeque
756 4402 1156 4474 inspirationis
1181 4405 1253 4456 ad
1281 4403 1540 4457 ordinem
1566 4404 1988 4456 transferantur
2015 4403 2510 4474 proportionatum
2556 4403 2850 4458 habitibus
2890 4421 2976 4456 su-

350 4481 840 4551 pernaturalibus.
892 4482 975 4539 cf.
1002 4481 1363 4537 Palmieri
1390 4484 1470 4536 th.
1502 4491 1600 4542 28ς
1626 4482 1992 4536 Mazzella
2017 4483 2068 4536 d.
2094 4488 2125 4536 2
2152 4500 2202 4536 a.
2232 4489 2280 4536 ⁶2.
2345 4483 2667 4538 Perrone
2694 4483 2755 4536 in
2782 4485 2975 4537 annot.

352 4561 427 4614 ad
450 4580 508 4632 p.
541 4569 566 4617 l
598 4576 647 4614 c.
672 4568 704 4615 2
729 4577 782 4615 a.
802 4569 837 4618 4
862 4578 1021 4633 prop.
1048 4571 1080 4618 2
1106 4566 1297 4616 censet
1321 4562 1525 4616 thesim
1550 4579 1667 4616 esse
1688 4563 1897 4632 dogma
1917 4562 2067 4627 fidei,
2096 4580 2210 4616 non
2237 4567 2490 4632 spectare
2516 4564 2586 4616 ad
2616 4564 2975 4631 quaestiones

354 4641 753 4701 scholasticasz
798 4642 896 4696 sed
940 4642 1090 4696 circa
1134 4646 1352 4713 partem
1399 4642 1644 4714 priorem
1689 4642 1743 4696 ei
1768 4642 2035 4696 assentiri
2073 4660 2188 4699 non
2214 4660 2541 4714 possumus;
2594 4643 2630 4696 S
2647 4660 2676 4696 c
2692 4643 2732 4696 h
2748 4659 2776 4695 e
2793 4660 2822 4696 e
2843 4645 2874 4695 b
2890 4660 2920 4696 e
2937 4660 2977 4695 n

356 4731 382 4788 ς
410 4726 691 4778 293-295
717 4739 768 4774 a.

568 4820 842 4880 Eurter,
883 4820 1132 4880 compend.
1172 4821 1439 4876 theologiae
1476 4821 1561 4869 111.
1604 4824 1682 4868 11.
1722 4821 1798 4867 ed.
2622 4819 2655 4867 3
