3538 5364
580 309 709 372 210
1196 296 1381 349 Tract,
1416 297 1509 349 lX.
1537 296 1606 347 de
1637 294 2020 349 sacramentis.
2048 294 2349 350 Tractatus
2375 294 2602 348 divisio.

583 486 765 545 turus
798 487 899 544 est
929 478 996 541 in
1028 476 1272 558 gloria?
1307 497 1370 545 c.
1408 478 1751 541 inventa
1783 475 2038 540 divinae
2072 475 2450 556 sapientiae,
2470 494 2669 558 quam
2686 476 2960 540 miratur
2993 482 3058 540 et
3088 476 3199 539 de-

577 586 912 669 praedicat
947 583 1510 649 catechismus
1543 582 1937 648 tridentinus
1969 602 2028 664 p.
2064 582 2113 645 11
2146 600 2199 645 c.
2243 588 2276 649 1
2311 601 2371 645 n.
2411 588 2491 650 13
2526 584 2610 668 (n.
2646 586 2821 669 252).

757 695 823 761 5.
858 693 1146 775 Denique
1178 692 1232 755 si
1255 698 1670 756 sacramenta
1701 696 2072 772 spectentur
2090 690 2291 754 relate
2323 689 2406 754 ad
2427 698 2747 764 naturam,
2780 689 2904 753 dici
2925 700 3200 771 possunt

579 824 643 870 a.
665 809 939 865 naturae
961 798 1282 863 sensibilis
1307 820 1337 862 s
1354 818 1396 860 u
1414 799 1453 862 b
1472 800 1490 863 l
1509 798 1527 861 i
1545 819 1608 861 m
1627 817 1667 862 a
1685 798 1827 872 tio;
1861 815 2100 878 magna
2119 796 2291 861 enim
2311 797 2378 859 in
2398 815 2544 861 eam
2565 798 2886 863 redundat
2905 798 3202 879 dignitas,

580 909 633 971 si
664 909 1164 971 instrumentum
1185 912 1282 969 est
1317 928 1363 968 s,
1386 904 1667 988 Spiritus
1699 905 1764 967 in
1788 904 2017 968 ordine
2037 903 2265 967 salutis
2287 904 2369 967 ad
2392 905 2658 969 effectus
2693 912 2827 967 tam
2847 905 3202 986 stupendos

580 1023 645 1080 et
675 1013 961 1090 divinos3
1015 1013 1322 1095 quocirca
1370 1016 1442 1080 b.
1479 1013 1542 1074 in
1579 1011 2012 1076 sacramentis
2044 1011 2325 1076 maxime
2357 1011 2724 1094 assequitur
2769 1012 2960 1075 finem
2994 1031 3204 1086 suum,

576 1122 691 1204 qui
722 1129 823 1185 est
852 1128 1127 1184 naturae
1161 1120 1462 1184 rationali
1495 1119 1807 1184 inservire
1840 1119 1922 1183 ad
1956 1117 2135 1182 illum
2168 1119 2650 1201 assequendum
2680 1120 2889 1195 finem,
2922 1137 3040 1201 pro
3075 1138 3204 1201 quo

574 1234 800 1292 creata
832 1235 962 1302 est3
995 1234 1060 1292 et
1095 1246 1241 1290 cum
1277 1247 1340 1297 c.
1377 1228 1443 1290 in
1474 1227 1904 1291 sacramentis
1936 1233 2171 1290 natura
2191 1227 2513 1291 sensibilis
2546 1227 2821 1292 instru
2841 1247 2905 1289 m
2926 1235 3204 1292 entum

575 1336 650 1399 fit
681 1334 1165 1410 benedictionis,
1191 1335 1328 1416 jam
1360 1335 1756 1415 anticipatur
1790 1333 1899 1398 illa
1932 1334 2312 1415 redemptiO,
2359 1353 2557 1416 quam
2586 1334 2779 1399 modo
2814 1334 3112 1415 adspirat
3141 1341 3208 1399 et

581 1462 710 1525 qua
740 1441 1128 1527 liberabitur
1161 1460 1201 1504 a
1221 1441 1533 1507 servitute
1551 1442 1987 1523 corruptionis
2020 1442 2088 1504 in
2117 1442 2489 1507 libertatem
2510 1441 2753 1521 gloriae
2789 1441 3069 1505 filiorum
3091 1441 3206 1506 Dei

582 1551 787 1637 (Rom.
820 1548 881 1627 8,
921 1556 1001 1618 19
1035 1552 1161 1635 ss).

761 1681 907 1744 246.
951 1674 1287 1739 Tractatus
1318 1675 1554 1741 divisio,
1599 1712 1688 1721 —-
1737 1674 1930 1738 Plura
1978 1679 2216 1749 autem,
2266 1679 2338 1737 ut
2369 1672 2750 1749 videbimus,
2791 1680 2944 1737 sunt
2976 1690 3203 1737 sacra-

581 1783 814 1848 mentis
848 1781 1236 1856 communia,
1281 1780 1677 1844 conveniunt
1721 1780 1892 1843 enim
1940 1781 2006 1842 in
2053 1781 2302 1844 ratione
2348 1780 2772 1845 sacramenti:
2823 1800 2904 1844 ne
2938 1799 3092 1861 ergo
3125 1780 3207 1845 de

581 1890 844 1969 singulis
876 1889 1286 1963 disserenteS,
1328 1906 1408 1951 ea
1441 1906 1698 1969 semper
1731 1896 2023 1969 repetere
2055 1906 2322 1952 necesse
2356 1888 2456 1964 sit,
2501 1886 2823 1969 quaedam
2864 1887 2945 1951 de
2977 1904 3205 1950 sacra-

582 1996 816 2060 mentis
862 1996 927 2058 in
975 2013 1269 2075 genere
1301 1994 1814 2075 praemittemus,
1863 2002 2216 2077 antequam
2249 1994 2331 2057 ad
2380 1998 2791 2058 sacramenta
2823 1993 2888 2056 in
2920 1993 3207 2076 specie

582 2102 982 2166 accedimus:
1018 2101 1187 2165 unde
1208 2100 1560 2182 disputatio
1582 2101 1660 2165 de
1683 2101 2113 2165 sacramentis
2147 2108 2375 2182 sponte
2396 2119 2518 2164 sua
2549 2100 2615 2163 in
2636 2101 2801 2165 duas
2822 2101 3209 2183 dispescitur

581 2217 816 2291 partes,

1717 2358 1946 2437 Pars
2008 2361 2062 2436 Ι.

1191 2497 1314 2563 ΒΕ
1364 2495 1994 2565 SACRAMENTIS
2042 2497 2146 2563 IN
2194 2496 2595 2565 GENERE.

760 2626 906 2691 247.
942 2604 1411 2705 Disputationes
1434 2622 1723 2705 partitio
1746 2660 1831 2668 —-
1855 2620 1951 2684 Ad
1974 2621 2102 2686 duo
2124 2621 2344 2703 capita
2377 2620 2674 2687 revocari
2705 2627 2981 2704 possunt
3002 2640 3208 2705 quae-

581 2748 838 2812 cunque
885 2729 966 2793 de
1015 2729 1445 2793 sacramentis
1491 2746 1701 2792 novae
1733 2728 1917 2808 Legis
1962 2729 2030 2791 in
2063 2748 2295 2809 genere
2328 2729 2778 2811 disputantur:
2828 2731 2913 2794 ad
2947 2730 3208 2795 illorum

580 2836 710 2899 scil
744 2843 1127 2899 naturam
1160 2841 1224 2900 et
1254 2854 1698 2900 numerum.
1734 2836 1983 2901 Natura
2017 2838 2285 2919 alicujus
2305 2856 2398 2902 re1
2419 2844 2483 2902 et
2503 2857 2579 2902 ex
2602 2838 2889 2919 ejusdem
2925 2839 3206 2902 causis

580 2949 646 3008 et
678 2961 758 3007 ex
790 2943 987 3024 ipsius
1022 2940 1467 3006 effectibus
1500 2943 1906 3022 dignoscitur.
1950 2943 2184 3022 Quare,
2220 2952 2289 3008 ut
2320 2952 2874 3010 sacramentorum
2904 2952 3208 3009 naturam

578 3048 697 3112 rite
730 3066 1215 3128 cognoscamus,
1248 3049 1500 3114 illorum
1533 3068 1765 3114 causas
1798 3050 2243 3132 indagabimus
2277 3058 2340 3116 et
2373 3051 2650 3129 effectuS,
2697 3053 3067 3134 praemissis
3102 3059 3205 3117 ta-

581 3173 728 3218 men
775 3155 1084 3219 claritatis
1131 3156 1354 3237 gratia,
1402 3176 1568 3239 quae
1601 3159 1991 3222 sacramenti
2022 3178 2065 3221 n
2083 3160 2257 3222 otio
2274 3179 2317 3222 n
2335 3178 2369 3224 e
2386 3180 2468 3234 m,
2514 3165 3207 3243 sacramentorumque

580 3261 715 3324 sive
748 3279 954 3324 conv
971 3263 1428 3327 enientiam
1473 3264 1607 3328 sive
1653 3263 2245 3329 exsistentiam
2276 3273 2599 3347 spectante
2646 3266 2815 3331 unde
2847 3273 3044 3348 caput
3073 3267 3205 3347 pri-

579 3387 756 3430 mum
790 3368 854 3430 in
885 3374 1056 3432 tres
1088 3368 1551 3450 distinguemus
1582 3371 1907 3436 articulos.

1723 3549 2057 3636 capuit

1279 3671 1384 3737 De
1430 3681 2144 3739 sacramentorum
2192 3682 2510 3739 natura.

1569 3871 2093 3937 Articulus
2144 3873 2210 3938 Ι.

580 3992 682 4058 De
714 3994 1219 4059 sacramenti
1259 3996 1601 4060 notione
1647 3996 1909 4078 deque
1943 4004 2660 4063 sacramentorum
2694 3998 3210 4063 exsistentia

1517 4109 1595 4168 et
1639 4105 2261 4170 convenientia.

757 4241 900 4295 248.
935 4232 1300 4292 Sacramenti
1330 4236 1499 4293 ποιέο.
1535 4269 1618 4278 —
1654 4236 1865 4294 Plures
1898 4237 2181 4296 haeretici
2220 4238 2343 4312 jam
2391 4238 2597 4314 primis
2630 4235 2931 4296 Ecclesiae
2964 4237 3205 4309 seculis,

574 4321 930 4379 nominatim
961 4339 1099 4380 vero
1131 4326 1443 4382 novatores
1475 4341 1588 4382 sec.
1620 4324 1790 4395 XVI„
1829 4345 1865 4383 a
1894 4326 2157 4403 genuina
2187 4327 2258 4384 de
2292 4327 2674 4386 sacramentis
2706 4326 3032 4386 discessere
3063 4327 3205 4386 doc-

575 4410 752 4474 trina.
814 4410 892 4468 Et
938 4415 1339 4486 protestantes
1369 4413 1606 4488 quidem
1639 4433 1746 4490 pro
1794 4434 2064 4474 errorum
2097 4415 2460 4487 diversitate,
2504 4435 2651 4491 quos
2684 4415 3056 4492 profitentur,
3092 4416 3206 4474 ali-

574 4503 669 4558 ter
699 4504 879 4574 atque
911 4499 1085 4558 aliter
1117 4500 1413 4560 definiunt
1444 4508 1903 4562 sacrament-um:
1962 4523 2164 4563 omnes
2212 4523 2352 4564 vero
2399 4506 2698 4564 doctrinae
2732 4505 3103 4564 cohaerentia
3134 4523 3205 4563 eo

577 4592 718 4647 sunt
749 4588 1008 4659 adducti,
1054 4593 1127 4648 ut
1169 4591 1412 4649 illorum
1443 4597 1732 4668 negarent
1764 4592 2069 4664 virtutem,
2116 4594 2558 4668 praestantiam,
2607 4594 3039 4664 necessitatem,
3087 4592 3201 4651 mi-

576 4684 947 4753 nuerentque
979 4697 1312 4739 numerum.
1379 4678 1535 4748 Quas
1569 4701 1875 4756 perversas
1909 4683 2263 4741 sacramenti
2296 4684 2670 4743 definitiones
2703 4684 3104 4759 opportunius
3137 4682 3204 4740 in

576 4767 826 4827 articulo
872 4769 944 4826 de
988 4771 1488 4828 sacramentorum
1521 4772 1867 4830 causalitate
1898 4771 2309 4831 refutabimus
2375 4773 2454 4832 Ut
2484 4791 2624 4832 vero
2657 4775 2773 4831 rite
2804 4772 3200 4849 intelligatur,
