3538 5364
553 258 637 323 28
952 250 1138 304 Tract.
1165 249 1312 303 VIII.
1342 250 1410 304 de
1438 249 1644 320 gratia.
1672 249 1872 304 'rhesis
1900 249 2159 305 CLXXV.
2188 250 2417 305 Gratiae
2444 250 2746 306 necessitas

547 437 720 495 dum
750 432 816 517 ¹),
864 438 926 494 et
970 435 1313 505 Hermes,
1365 435 1471 510 qui
1512 435 2106 513 semipelagianorum
2137 455 2396 496 errorem
2426 438 2784 515 impugnans
2817 438 2880 495 in
2911 437 3163 497 eundem

550 527 748 602 lapsus
781 521 953 606 ost2).
1016 523 1298 593 Quamvis
1330 525 1488 583 enim
1520 543 1658 582 cum
1690 524 1964 602 dogmate
1996 525 2282 585 catholico
2315 529 2558 586 tueatur
2585 528 3001 586 necessitatem
3034 546 3164 604 gra·

548 613 668 672 tiae
699 614 773 673 ad
807 633 1009 672 omnes
1041 618 1211 672 actus
1244 614 1553 685 salutares,
1600 614 1708 672 hos
1753 614 1829 672 ad
1873 618 1994 673 tres
2041 619 2309 675 revocat:
2356 616 2428 673 ad
2476 615 2650 675 fidem
2695 614 2986 674 efficacem
3033 612 3168 696 (seu

549 697 900 786 operosam),
952 722 1113 779 spem
1164 702 1457 761 efficacem
1506 708 1568 760 et
1615 702 1926 761 caritatem
1975 703 2301 775 efficacem3
2351 705 2569 780 reliqui
2617 707 2789 763 actus
2839 705 3166 764 secundum

546 792 747 869 ipsum
778 802 1023 852 eatenus
1056 795 1201 849 sunt
1230 791 1537 863 salutares,
1584 795 1882 867 quatenus
1913 792 2155 851 illorum
2189 792 2298 851 uni
2341 794 2638 853 nituntur.
2701 790 2795 851 Ad
2827 797 2994 852 actus
3026 811 3165 851 vero

546 881 782 952 amoris,
817 880 1064 940 fiduciae
1096 881 1161 937 in
1191 880 1379 939 Deum
1411 884 1540 952 etc„
1585 880 1690 956 qui
1737 899 1872 939 mox
1902 885 2235 954 transeunt,
2273 901 2468 957 neque
2500 882 2791 941 efficacem
2823 882 3043 941 habent
3072 882 3165 940 in—

545 970 788 1036 fluxum,
835 974 908 1028 ut
951 970 1044 1028 lex
1082 968 1325 1045 spiritus
1356 969 1694 1046 praevaleat
1724 970 1843 1047 legi
1874 971 2086 1042 carnia,
2132 970 2196 1029 in
2244 990 2360 1046 quo
2405 971 2808 1048 praedominio
2839 971 3167 1030 secundum

545 1058 744 1135 ipsum
762 1059 923 1118 salus
944 1061 1148 1117 nostra
1167 1058 1458 1129 consistit,
1490 1077 1612 1117 non
1631 1058 1819 1135 exigit
1848 1060 2121 1136 gratiam,
2154 1059 2298 1136 quia
2328 1059 2460 1136 ipso
2485 1061 2688 1136 judice
2720 1061 3012 1119 salutares
3044 1078 3165 1119 non

549 1152 710 1218 sunt,
746 1149 904 1207 sicut
933 1165 1126 1223 neque
1159 1147 1233 1205 ad
1265 1147 1438 1205 fidem
1468 1147 1867 1210 theoreticam.

733 1272 837 1336 33.
868 1268 1431 1336 Demonstratio.
1496 1265 1559 1336 1.
1612 1266 1939 1332 Probatur
1986 1268 2148 1333 haec
2196 1268 2434 1332 veritas
2485 1268 2929 1333 corollarii
2972 1267 3165 1332 modo

548 1374 678 1441 fere
719 1372 1018 1439 omnibus
1050 1374 1146 1452 iis,
1179 1371 1415 1457 quibus
1449 1375 1943 1457 praecedentem
1964 1375 2196 1441 thesim
2214 1375 2816 1440 demonstravimus.
2850 1373 2919 1439 Si
2936 1375 3167 1456 aliquis

555 1482 727 1548 enim
759 1489 946 1546 actus
980 1487 1082 1546 est
1116 1481 1439 1559 salutariS,
1471 1481 1757 1563 profecto
1810 1487 1913 1547 est
1940 1483 2183 1564 primus
2214 1483 2334 1558 ille,
2367 1501 2495 1565 quo
2527 1483 2799 1547 salutem
2831 1481 3168 1563 incipimus

546 1588 918 1653 desiderare
949 1594 1018 1652 et
1047 1605 1394 1670 quaerere3
1452 1606 1579 1670 quo
1614 1590 2025 1669 agnoscimus
2057 1596 2354 1653 nostram
2384 1589 2817 1670 indigentiam,
2850 1588 2932 1651 ad
2964 1606 3167 1670 quae-

547 1694 818 1759 rendum
849 1694 1174 1758 medicum
1206 1693 1574 1759 inducimur
1606 1702 1799 1777 atque
1831 1695 1915 1759 ad
1948 1714 2095 1760 eum
2128 1696 2529 1761 recurrimus
2551 1694 2672 1759 Ab
2702 1695 2829 1759 hoc
2860 1695 3031 1759 enim
3060 1713 3165 1759 re-

544 1799 718 1884 liqua
749 1801 1043 1883 pendent.
1107 1799 1429 1880 Quocirca
1464 1802 1546 1865 ad
1579 1802 1752 1865 hunc
1783 1802 1848 1864 in
1879 1802 2101 1883 primis
2135 1803 2505 1867 necessaria
2536 1808 2637 1867 est
2665 1802 2887 1882 gratia.

723 1927 788 1992 2.
823 1925 887 1989 Id
921 1926 1113 2008 exigit
1142 1927 1245 1992 vel
1280 1927 1558 2008 dignitas
1590 1928 1850 2009 gratiae,
1882 1934 1954 1993 ut
1983 1928 2124 2010 ipsa
2153 1929 2236 1993 sit
2282 1929 2547 2006 initium,
2599 1929 2782 1992 radix
2827 1934 2891 1993 et
2925 1945 3167 1991 aurora

543 2031 787 2096 salutis,
851 2034 1006 2113 Quis
1035 2036 1199 2097 enim
1223 2037 1410 2119 prior
1454 2035 1625 2098 dedit
1656 2035 1771 2112 illi,
1819 2040 1875 2098 et
1919 2034 2296 2099 retribuetur
2327 2035 2432 2098 el?
2492 2034 2806 2111 Quoniam
2838 2055 2912 2097 esc
2941 2036 3076 2118 ipso
3108 2040 3166 2097 et

541 2158 660 2222 per
690 2141 897 2222 ipsum
930 2146 987 2203 et
1018 2141 1084 2204 in
1116 2146 1248 2225 ipso
1283 2147 1429 2204 sunt
1460 2143 1673 2205 omnia
1703 2141 1888 2204 Rom.
1925 2147 2023 2217 11,
2047 2146 2131 2210 35
2151 2160 2217 2218 s.,
2252 2141 2483 2224 quibus
2503 2141 2637 2205 Deo
2671 2142 2835 2204 sicut
2853 2140 2918 2203 in
2940 2138 3164 2204 ordine

552 2246 847 2323 naturali,
880 2246 972 2310 ita
1004 2252 1068 2311 et
1097 2247 1164 2311 in
1199 2248 1673 2329 supernaturali
1703 2247 1913 2330 prima
1942 2247 2122 2311 initia
2153 2248 2537 2312 tribuuntur.
2600 2246 2949 2329 Propterea
2980 2245 3161 2310 Chri-

550 2357 690 2417 stus
720 2352 902 2417 Joan.
938 2358 994 2422 6.
1028 2359 1117 2422 44
1148 2359 1454 2417 testatur:
1504 2351 1697 2417 Nemo
1718 2360 1924 2437 potest
1954 2358 2158 2418 venire
2191 2355 2276 2419 ad
2306 2375 2421 2436 me,
2451 2356 2579 2417 nisi
2609 2353 2823 2434 Pater,
2854 2354 2963 2437 qui
2995 2354 3164 2417 misit

547 2478 664 2538 me,
696 2461 962 2523 traaeerit
1012 2480 1191 2523 eum:
1236 2476 1402 2541 quae
1448 2457 1736 2540 profecto
1787 2466 2083 2540 spectant
2128 2460 2228 2524 vel
2272 2461 2549 2541 primum
2595 2459 2819 2524 salutis
2851 2476 3161 2540 gressum.

545 2563 696 2629 Ideo
732 2572 998 2630 vocatur
1032 2565 1321 2631 Christus
1343 2585 1384 2630 a
1405 2565 1608 2630 Paulo
1641 2569 1917 2655 ἀρχηγὸς
1948 2582 2059 2658 τῆς
2091 2575 2344 2642 πίστεως
2374 2565 2565 2632 Hebr.
2601 2571 2700 2643 12,
2722 2572 2762 2635 2
2781 2566 2841 2630 h.
2877 2585 2929 2631 e.
2965 2567 3162 2631 inter-

545 2677 722 2753 prete
756 2671 1351 2754 Chrysostomo
1406 2673 1576 2738 hom.
1611 2677 1695 2743 28
1726 2671 1795 2736 in
1824 2672 1884 2737 h.
1917 2670 1974 2751 l.,
2032 2673 2208 2756 ,ipse
2256 2672 2446 2739 fidem
2497 2673 2686 2738 nobis
2736 2674 2979 2751 indidit,
3026 2674 3162 2756 ipse

546 2778 798 2843 initium
831 2779 1058 2844 dedit«

724 2904 791 2971 3.
824 2904 985 2967 Hinc
1030 2904 1279 2986 quaerit
1328 2903 1705 2986 Apostolus:
1769 2905 1923 2982 Quis
1973 2911 2029 2967 te
2074 2905 2417 2968 discernit?
2485 2905 2652 2984 Quid
2702 2913 2910 2969 autem
2953 2904 3161 2990 habes,

542 3013 708 3097 quod
740 3032 860 3076 non
896 3013 1182 3095 accepisti
1202 3012 1236 3074 ,9
1272 3014 1327 3075 si
1358 3018 1566 3075 autem
1600 3013 1911 3096 accepisti,
1956 3013 2107 3096 quid
2132 3013 2453 3096 yloriaris,
2484 3014 2668 3099 quasi
2699 3032 2824 3074 non
2855 3012 3161 3095 acceperis

544 3119 629 3203 (1.
653 3117 793 3181 Cor.
816 3123 875 3194 4,
899 3121 963 3205 7)
980 3121 1010 3182 Ρ
1054 3117 1233 3197 ,Quo
1266 3119 1610 3201 praecipue
1642 3117 2036 3196 testimoni0‚
2068 3119 2271 3203 inquit
2298 3120 2411 3183 Au
2429 3140 2524 3201 gu
2541 3140 2573 3183 s
2593 3120 2765 3182 tinu
2783 3138 2816 3182 s
2848 3118 2927 3183 de
2943 3118 3159 3200 praed.

543 3222 652 3288 SS.
676 3243 725 3292 c.
752 3230 792 3293 3
810 3245 870 3289 n.
895 3231 952 3301 7,
989 3226 1184 3290 etiam
1216 3226 1353 3306 ipse
1378 3223 1715 3289 convictus
1734 3244 1898 3302 sum,
1917 3243 2065 3290 cum
2084 3226 2370 3290 similiter
2390 3244 2676 3290 errarem
2695 3230 2931 3306 putans
2952 3224 3161 3300 fidem,

544 3349 675 3412 qua
705 3331 771 3394 in
803 3331 1006 3395 Deum
1039 3331 1377 3408 credimuS,
1408 3349 1542 3395 non
1577 3351 1719 3397 esse
1750 3331 1994 3395 donum
2026 3331 2158 3409 Dei,
2203 3332 2317 3396 sed
2348 3349 2389 3394 a
2419 3331 2608 3395 nobis
2640 3348 2782 3395 esse
2812 3331 2881 3393 in
2909 3330 3152 3394 nobis«

719 3455 783 3525 4.
816 3455 1156 3520 Accedunt
1186 3455 1606 3520 conciliorum
1640 3463 1707 3521 et
1735 3462 1996 3538 patrum
2028 3457 2220 3521 effata
2251 3456 2440 3537 plane
2472 3454 2873 3533 universalia,
2925 3455 3160 3538 quibus

540 3562 791 3643 gratiae
822 3562 1283 3627 necessitatem
1317 3563 1399 3626 ad
1430 3563 1637 3644 prima
1668 3563 1896 3628 salutis
1920 3562 2184 3639 semina,
2219 3560 2302 3625 ad
2320 3562 2592 3644 primam
2611 3560 2758 3626 fidei
2788 3561 3159 3667 conceptio:

540 3688 691 3734 nem
724 3677 788 3734 et
818 3687 1126 3733 auroram
1158 3670 1524 3734 extendunt.

713 3799 808 3856 Ita
837 3803 1110 3858 auctor
1142 3819 1233 3876 op.
1266 3799 1338 3858 de
1369 3801 1559 3863 vocat.
1590 3798 1858 3858 omnium
1887 3798 2159 3877 gentium
2191 3799 2235 3869 Ι,
2272 3807 2384 3861 23:
2429 3797 2744 3866 ,Hominis
2777 3797 3001 3856 bonum
3034 3817 3157 3856 me-

537 3887 725 3945 ritum
771 3887 843 3945 ab
890 3888 1064 3947 initio
1110 3888 1246 3946 fidei
1289 3907 1482 3964 usque
1527 3887 1601 3946 ad
1646 3888 2143 3964 perseverantiam
2190 3886 2413 3946 donum
2444 3889 2624 3962 atque
2656 3905 2807 3963 opus
2839 3905 2969 3945 esse
3000 3887 3156 3946 divi-

537 3984 742 4035 num.‘
782 4010 861 4018 —
893 3978 987 4035 Ita
1019 3977 1351 4052 Prosper
1392 3977 1458 4035 in
1503 3995 1659 4052 resp.
1690 3977 1761 4036 ad
1795 3995 1839 4040 c.
1876 3985 1910 4040 8
1946 3977 2271 4054 gallorum:
2320 3976 2509 4046 ,Cum
2556 3974 2825 4034 ducentis
2869 3978 3155 4051 quatuor-

538 4063 724 4123 decim
772 4065 1176 4125 sacerdotibus
1223 4062 1313 4148 (in
1358 4084 1514 4124 conc.
1562 4066 2000 4142 carthaginensi
2045 4085 2094 4123 a.
2146 4061 2318 4146 418),
2366 4083 2622 4141 quorum
2668 4064 3158 4123 constitutionem

538 4316 926 4380 morabantur,
965 4335 1019 4370 m
1036 4314 1302 4370 assilie
1320 4334 1357 4368 n
1374 4332 1399 4367 8
1416 4331 1444 4367 e
1462 4332 1487 4368 s
1526 4314 1899 4386 dicebantur),
1940 4318 1999 4366 et
2036 4315 2412 4382 quoadusque
2451 4314 2599 4368 illud
2638 4314 3023 4370 extenderent.
3074 4313 3157 4368 De

540 4410 736 4448 eorum
783 4394 1068 4450 erroribus
1113 4395 1184 4447 cf.
1229 4393 1580 4448 Hilarius
1624 4397 1683 4447 et
1725 4393 2046 4464 Prosper
2089 4393 2152 4446 in
2197 4393 2314 4447 suis
2351 4393 2426 4447 ad
2465 4394 2857 4464 Augustinum
2899 4394 3158 4464 epistolis

540 4490 734 4544 opusc.
777 4475 975 4539 XXIV,
1018 4481 1084 4530 50
1113 4492 1182 4527 88.
1209 4476 1269 4527 et
1306 4474 1556 4538 XXXVI,
1591 4483 1614 4530 1
1645 4478 1753 4546 88.).
1805 4477 2145 4529 Accuratam
2194 4472 2527 4527 historica-m
2568 4473 2857 4545 synopsim
2904 4473 2972 4527 de
3017 4472 3157 4544 ipsis

538 4569 849 4621 eorumque
878 4553 1162 4607 erroribus
1189 4554 1423 4608 exhibet
1449 4554 1740 4624 theologia
1780 4554 2004 4609 wirceb.
2031 4572 2087 4607 n.
2119 4561 2219 4610 188
2245 4571 2314 4607 ss.
2367 4553 2449 4607 cf.
2489 4555 2548 4606 et
2572 4552 2608 4607 S
2626 4553 2707 4607 ch
2726 4569 2754 4606 e
2772 4570 2801 4607 e
2819 4555 2898 4607 be
2917 4572 2953 4606 n
2979 4563 3006 4619 5
3035 4559 3156 4610 290.

761 4641 795 4696 ι)
826 4633 908 4688 cf.
936 4634 1060 4702 ejus
1087 4632 1261 4703 capit.
1287 4634 1502 4688 haeres.
1533 4652 1588 4687 n.
1616 4638 1649 4688 6
1676 4634 1833 4705 apud
1859 4634 2108 4704 Migne
2139 4641 2256 4698 182,
2290 4639 2438 4689 1051.

757 4717 796 4784 ²)
829 4713 1101 4784 Theolog.
1128 4712 1489 4783 dogmaticae
1518 4714 1597 4767 ΙΙΙ
1622 4723 1649 4780 5
1677 4715 1939 4771 282—87.
1990 4713 2074 4768 Cf.
2101 4713 2233 4767 Kle
2250 4731 2287 4766 u
2305 4715 2383 4784 tg
2400 4730 2430 4767 e
2447 4731 2483 4764 n
2510 4714 2545 4767 1.
2573 4730 2619 4765 c.
2646 4719 2678 4767 3
2705 4721 2732 4779 5
2759 4721 2806 4770 2.
