3538 5364
1413 260 1817 332 poenitentiae.
2785 267 2871 330 49
2876 267 2917 331 5

297 448 580 525 baptismi
614 448 708 507 tui
736 448 1045 523 clavesque
1076 447 1247 524 regni
1265 448 1562 506 coelorum
1596 447 1660 505 in
1692 465 1737 505 a.
1757 445 2021 505 Ecclesia
2049 450 2174 516 tua,
2209 450 2281 506 ut
2309 465 2417 506 nec
2449 446 2521 505 de
2553 446 2676 505 illis
2710 446 2915 522 despe-

296 539 550 597 randum
583 537 705 596 sit‘
739 542 846 596 etc.
879 571 965 579 —-
997 537 1452 595 Ambrosius
1486 536 1559 594 de
1588 536 1809 612 poenit.
1840 537 1886 604 Ι,
1925 545 1994 606 8;
2029 554 2117 611 ep.
2155 546 2225 598 41
2272 555 2328 594 n.
2365 544 2444 598 42
2480 535 2661 595 belle:
2711 534 2919 605 ,Unde

299 647 465 687 suam
499 626 816 686 mundaret
847 621 1218 704 (pharisaeus
1250 626 1390 685 Luc.
1427 637 1481 695 7,
1518 625 1627 702 44)
1660 624 2102 695 conscientiam,
2154 625 2259 700 qui
2307 644 2523 700 aquam
2568 641 2687 683 non
2720 642 2919 683 susce-

299 721 471 794 perat
502 716 761 777 Christi?
826 715 1089 773 Ecclesia
1120 719 1319 774 autem
1352 718 1414 773 et
1443 734 1659 790 aquam
1688 714 1870 772 habet
1913 717 1974 772 et
2017 714 2327 790 lacrymae,
2381 733 2594 790 aquam
2637 713 2921 790 baptismi

300 811 360 865 et
406 807 691 882 lacrymas
736 804 1209 880 poenitentiae3‘
1262 808 1324 861 et
1367 803 1499 862 aliis
1544 803 1817 879 patribus
1850 802 2283 878 praetermissis
2317 821 2363 861 s.
2396 803 2919 878 Hieronymus

301 895 438 954 dial.
480 907 502 957 1
544 894 675 952 adv.
706 894 898 970 pelag.
930 912 987 953 n.
1011 902 1091 955 33
1127 892 1297 952 docet
1326 895 1564 969 peccata
1595 892 1805 951 redimi
1838 892 1877 951 i.
1909 911 1959 950 e.
1991 891 2216 951 remitti
2247 891 2580 969 ,sanguine
2600 891 2920 950 Salvatoris

306 989 410 1044 aut
440 984 502 1041 in
536 985 706 1042 domo
738 983 1114 1058 baptismatis
1147 985 1254 1040 aut
1286 981 1350 1040 in
1382 982 1767 1059 poenitentia,
1803 1000 1954 1056 quae
1975 981 2250 1039 imitatur
2268 981 2644 1057 baptismatis
2663 980 2920 1058 gratiam

303 1093 408 1149 per
425 1072 784 1131 ineffabilem
806 1071 1179 1130 clementiam
1200 1071 1537 1134 Salvatoris.
1553 1078 1581 1109 ‘
1623 1071 1702 1129 Et
1719 1071 1758 1128 l.
1785 1079 1819 1133 2
1842 1089 1902 1132 n.
1932 1081 1963 1132 ’ἵ
1984 1090 1997 1128 :
2036 1109 2064 1139 ,
2078 1069 2245 1139 Quod
2266 1074 2466 1130 autem
2487 1070 2772 1146 scriptum
2793 1073 2920 1128 est:

306 1163 421 1231 ,Et
451 1162 694 1238 sanguis
724 1161 874 1219 Jesu
906 1161 1043 1219 Filii
1090 1163 1221 1236 ejus
1253 1160 1506 1219 mundat
1536 1178 1642 1218 nos
1673 1159 1747 1218 ab
1779 1159 1940 1218 omni
1970 1162 2208 1235 peccato
2244 1156 2330 1241 (l.
2363 1160 2533 1218 Joan.
2573 1171 2624 1227 l,
2665 1155 2749 1241 7),
2798 1163 2917 1217 tam

305 1253 365 1310 in
398 1250 765 1310 confessione
795 1250 1185 1325 baptismatis,
1233 1268 1409 1325 quam
1454 1249 1516 1308 in
1548 1249 1857 1308 clementia
1887 1248 2296 1324 poenitudinis
2327 1248 2733 1324 accipiendum
2766 1251 2917 1306 est.‘

485 1369 698 1449 Quare
730 1389 792 1439 c.
824 1369 1260 1451 poenitentiae
1293 1367 1915 1431 administrationem
1960 1387 2089 1430 non
2137 1368 2345 1431 minus
2392 1386 2587 1450 quam
2620 1367 2921 1448 baptismi

303 1476 630 1541 Ecclesiae
663 1476 966 1540 ministris
998 1475 1435 1539 concreditam
1470 1474 1854 1538 censebant:
1885 1480 1954 1537 ut
1989 1481 2167 1556 patet
2187 1475 2513 1539 evidenter
2533 1493 2611 1539 ex
2634 1474 2921 1555 disputa-

313 1584 482 1648 tione
516 1601 660 1646 cum
693 1583 1100 1647 montanistis
1133 1588 1197 1646 et
1228 1581 1606 1645 novatianis,

485 1712 640 1771 Hinc
671 1717 1002 1789 peccatores
1034 1712 1312 1771 hortatur
1343 1712 1843 1789 Augustinus
1876 1730 2048 1770 serm.
2073 1723 2189 1774 351
2223 1731 2281 1770 n.
2310 1723 2379 1773 9:
2419 1708 2751 1785 ,Quisquis
2784 1728 2923 1786 ergo

304 1807 447 1877 post
478 1802 843 1878 baptismum
874 1801 1210 1876 aliquorum
1242 1801 1632 1877 pristinorum
1665 1801 1955 1860 malorum
1988 1819 2162 1876 opere
2195 1801 2498 1878 obligatus
2528 1803 2786 1869 tenetur,
2826 1818 2923 1857 us-

302 1911 421 1967 que
452 1891 674 1951 adeone
705 1891 820 1949 sibi
852 1891 1129 1949 inimicus
1161 1894 1272 1961 est,
1305 1894 1377 1948 ut
1406 1889 1599 1949 adhuc
1632 1890 1870 1949 dubitet
1892 1890 2072 1948 vitam
2092 1893 2344 1964 mutare,
2377 1908 2512 1948 cum
2544 1891 2781 1965 tempus
2811 1890 2921 1955 est,

303 2000 439 2039 cum
472 1981 558 2038 ita
587 1983 791 2056 peccat
821 1982 883 2038 et
912 1980 1107 2038 vivit?
1140 2030 1152 2043 .
1187 2031 1200 2043 .
1235 2030 1247 2042 .
1281 1979 1627 2055 Implicatus
1647 1979 1839 2055 igitur
1867 1981 1993 2037 tam
2024 1979 2469 2038 mortiferorum
2499 1977 2755 2037 vinculis
2786 1995 2922 2053 pec-

305 2075 570 2128 catorum
603 2068 892 2128 detrectat
922 2073 1028 2127 aut
1059 2068 1256 2127 differt
1287 2072 1394 2126 aut
1424 2068 1661 2126 dubitat
1706 2067 2025 2144 confugere
2070 2069 2144 2127 ad
2188 2069 2342 2145 ipsas
2386 2068 2580 2128 claves
2612 2067 2922 2135 Ecclesiae,

309 2159 526 2234 quibus
559 2159 824 2216 solvatur
854 2157 919 2215 in
950 2161 1110 2215 terra
1142 2160 1212 2216 ut
1242 2157 1321 2215 sit
1351 2158 1586 2216 solutus
1621 2157 1686 2215 in
1718 2157 1898 2232 coe10,
1932 2160 1993 2215 et
2025 2157 2204 2216 audet
2236 2157 2351 2216 sibi
2384 2160 2519 2233 post
2550 2156 2701 2215 hanc
2720 2155 2921 2224 vitam,

312 2248 450 2322 quia
489 2250 726 2305 tantum
772 2247 1132 2305 christianus
1166 2246 1385 2305 dicitur
1417 2247 1674 2305 salutem
1705 2245 1969 2320 aliquam
2001 2245 2308 2321 polliceri?
2343 2292 2354 2304 .
2390 2291 2401 2303 .
2438 2291 2450 2303 .
2496 2245 2739 2303 Judicet
2782 2263 2923 2322 ergo

311 2355 372 2394 se
400 2337 601 2412 ipsum
636 2336 806 2395 homo
840 2384 854 2398 .
888 2384 900 2397 .
934 2384 947 2399 .
981 2336 1181 2394 veniat
1211 2335 1283 2393 ad
1328 2335 1648 2405 antistiteS,
1696 2354 1802 2410 per
1832 2353 1981 2409 quos
2011 2335 2103 2393 illi
2135 2336 2196 2393 in
2228 2334 2489 2408 Ecclesia
2518 2335 2711 2393 claves
2743 2334 2921 2392 mini-

306 2429 594 2496 strantur,
641 2430 702 2484 et
748 2429 1047 2500 tamquam
1080 2424 1272 2483 bonus
1296 2425 1420 2499 jam
1452 2424 1743 2500 incipiens
1777 2442 1906 2482 esse
1937 2423 2094 2483 filius
2128 2469 2141 2482 .
2176 2469 2188 2481 .
2224 2468 2236 2480 .
2285 2444 2322 2483 a
2349 2423 2701 2500 praepositis
2732 2440 2919 2481 sacra-

302 2518 643 2573 mentorum
675 2514 921 2590 accipiat
952 2513 1368 2571 satisfactionis
1405 2533 1542 2572 suae
1572 2513 1877 2572 modum«
1945 2513 2023 2576 cf.
2057 2513 2173 2572 alia
2202 2532 2260 2572 n.
2298 2514 2479 2577 438².
2515 2522 2659 2575 477.

486 2635 552 2704 d.
598 2632 757 2697 Hinc
804 2633 1104 2698 exhibent
1168 2640 1385 2715 patres
1432 2633 1760 2698 ministros
1792 2633 2112 2700 Ecclesiae
2158 2633 2427 2725 duplici}
2473 2633 2775 2697 divinitus
2823 2632 2923 2696 in-

304 2749 585 2806 structos
617 2760 882 2806 munere
913 2741 1277 2806 remittendi
1310 2749 1593 2822 peccata,
1626 2742 1947 2822 baptismo
1980 2741 2109 2804 scil.
2144 2747 2207 2807 et
2238 2740 2774 2807 reconciliatione.

486 2871 654 2939 Quod
687 2871 926 2945 quidem
960 2871 1263 2930 evidenter
1294 2890 1361 2929 ex
1395 2871 1569 2929 dictis
1602 2870 1895 2945 sequitur,
1945 2870 2048 2929 sed
2096 2870 2227 2929 aliis
2271 2890 2509 2947 quoque
2540 2870 2731 2929 effatis
2763 2887 2921 2928 com-

310 2961 613 3036 probatur.
675 2959 769 3017 Ita
818 2980 860 3018 s.
910 2961 1288 3018 Pacianus
1337 2979 1426 3035 ep.
1466 2972 1489 3022 1
1533 2980 1589 3017 n.
1626 2970 1695 3022 6:
1749 2960 1966 3028 ,Solus
2017 2961 2125 3019 hoc
2171 2957 2501 3043 (ignoscere
2548 2950 2933 3035 poenitenti),

307 3049 562 3124 inquieS,
595 3049 753 3106 Deus
773 3049 1012 3125 poterit.
1060 3047 1279 3107 Verum
1311 3055 1431 3107 est:
1464 3049 1566 3107 sed
1596 3052 1659 3108 et
1690 3048 1849 3121 quod
1880 3068 1987 3123 per
2017 3051 2348 3109 sacerdotes
2380 3068 2517 3109 suos
2548 3049 2704 3118 facit,
2739 3048 2926 3123 ipsius

306 3142 570 3214 potestas
614 3142 724 3196 est.
792 3138 944 3196 Nam
994 3138 1139 3214 quid
1183 3141 1273 3196 est
1317 3137 1486 3207 illud,
1539 3138 1697 3213 quod
1748 3138 2033 3213 apostolis
2081 3139 2258 3197 dicit:
2316 3141 2473 3212 Quae
2508 3140 2821 3215 liyaveritis
2866 3139 2927 3194 in

308 3230 487 3285 terris
519 3230 670 3285 etc.?
734 3228 849 3285 Cur
879 3227 1006 3297 hoc,
1057 3228 1106 3285 si
1152 3227 1336 3303 ligare
1366 3226 1705 3285 hominibus
1738 3244 1805 3285 ac
1838 3228 2061 3286 solvere
2094 3247 2212 3287 non
2245 3228 2502 3287 licebat?
2565 3229 2658 3285 An
2690 3229 2928 3285 tantum

305 3318 420 3374 hoc
455 3316 592 3373 solis
613 3316 901 3391 apostolis
920 3316 1101 3374 licet?
1145 3316 1299 3392 Ergo
1332 3319 1394 3373 et
1424 3315 1721 3391 baptizare
1754 3315 1897 3374 solis
1928 3317 2087 3387 licet,
2121 3320 2181 3375 et
2213 3317 2504 3393 Spiritum
2538 3336 2582 3375 s.
2615 3317 2751 3375 dare
2785 3316 2926 3375 solis

309 3410 370 3463 et
413 3405 553 3463 solis
586 3405 855 3481 gentium
887 3408 1124 3481 peccata
1155 3423 1439 3481 purgare:
1486 3405 1629 3480 quia
1671 3408 1872 3464 totum
1917 3406 2027 3464 hoc
2070 3425 2192 3465 non
2240 3407 2372 3465 aliis
2419 3425 2599 3481 quam
2644 3406 2927 3481 apostolis

309 3495 670 3569 imperatum
691 3497 785 3551 est
817 3539 829 3551 .
865 3539 878 3551 .
912 3539 924 3552 .
959 3494 1020 3551 Si
1052 3512 1195 3570 ergo
1226 3500 1288 3553 et
1320 3494 1536 3552 lavacri
1568 3497 1631 3552 et
1661 3493 1998 3553 chrismatis
2020 3499 2301 3571 potestas,
2337 3496 2629 3572 majorum
2661 3498 2722 3553 et
2752 3494 2926 3569 longe

311 3583 740 3642 charismatum
773 3583 845 3640 ad
879 3583 1185 3658 episcopos
1215 3582 1353 3641 inde
1385 3582 1708 3652 descendit,
1757 3587 1819 3641 et
1862 3584 2091 3661 ligandi
2123 3603 2361 3660 quoque
2385 3586 2489 3660 jus
2522 3583 2717 3642 adfuit
2747 3586 2927 3657 atque

309 3671 577 3731 solvendi
607 3674 758 3729 etc.‘
794 3705 877 3714 --
910 3672 1383 3730 Praeclarissima
1414 3690 1552 3730 vero
1585 3675 1729 3730 sunt
1757 3673 1939 3731 verba
1971 3673 2512 3749 chrysostomi
2557 3673 2630 3731 de
2675 3673 2781 3729 hac
2821 3689 2925 3747 po-

311 3764 547 3829 testate,
592 3780 770 3835 quam
801 3766 1036 3836 praeter
1059 3761 1161 3835 jus
1206 3760 1544 3836 baptizandi
1576 3760 1798 3819 habent
1829 3762 2179 3833 sacerdotes,
2226 3763 2298 3821 de
2343 3762 2563 3821 sacerd.
2596 3761 2700 3830 111,
2754 3771 2808 3823 5.
2857 3771 2926 3821 6:

312 3891 339 3919 ‚
357 3848 747 3929 (Sacerdotes)
779 3850 882 3924 qui
915 3851 1132 3908 terram
1166 3849 1436 3908 incolunt
1465 3850 1529 3908 in
1562 3868 1747 3924 eaque
1779 3855 2233 3921 commorantur,
2266 3852 2340 3909 ad
2372 3871 2441 3910 ea
2470 3868 2622 3926 quae
2653 3850 2715 3906 in
2750 3849 2928 3907 coelis

311 3944 454 3998 sunt
486 3938 879 4014 dispensanda
908 3938 1206 3997 commissi
1238 3942 1395 4009 sunt,
1442 3941 1914 4015 potestatemque
1945 3944 2313 4017 acceperunt,
2360 3959 2540 4015 quam
2586 3957 2779 4014 neque
2825 3956 2927 3995 an-

312 4028 463 4104 gelis
495 4045 689 4101 neque
720 4026 1086 4103 archangelis
1120 4027 1285 4085 dedii·
1315 4029 1489 4088 Deus,
1546 4028 1754 4103 Neque
1786 4029 1945 4087 enim
1976 4030 2099 4087 illis
2132 4029 2361 4088 dictum
2391 4033 2513 4088 est:
2549 4030 2925 4103 Quaecunque

316 4118 627 4194 liyaveritis
658 4120 768 4175 etc.
832 4116 1067 4174 Habent
1098 4115 1337 4191 quidem
1384 4116 1446 4185 ii,
1494 4116 1600 4192 qui
1646 4116 1710 4176 in
1755 4121 1915 4176 terra
1959 4118 2254 4194 imperant
2285 4120 2643 4194 potestatem
2675 4116 2920 4193 ligandi,

315 4224 523 4263 verum
556 4222 800 4280 corpora
832 4206 1057 4263 solum:
1104 4205 1211 4263 hoc
1249 4210 1447 4264 autem
1480 4207 1790 4265 vinculum
1823 4208 2013 4283 ipsam
2044 4207 2296 4284 attingit
2327 4207 2581 4265 animam
2615 4205 2927 4280 coelosque

316 4294 714 4352 transcendit:
765 4313 832 4352 ac
874 4312 1261 4369 quaecunque
1307 4295 1537 4353 inferne
1585 4296 1917 4354 sacerdotes
1951 4297 2197 4369 faciunt,
2245 4296 2447 4354 eadem
2478 4297 2639 4353 Deus
2672 4312 2927 4369 superne

207 4464 210 4465 ⁷
319 4382 639 4453 confirmat,
670 4401 1091 4458 servorumque
1111 4385 1466 4442 sententiam
1489 4385 1616 4459 ipse
1639 4385 1928 4444 Dominus
1962 4388 2151 4443 ratam
2182 4385 2339 4448 facit.
2386 4384 2540 4454 Quid
2573 4384 2732 4443 enim
2764 4383 2927 4442 aliud

319 4472 440 4530 illis
472 4470 653 4543 dedit,
686 4491 861 4547 quam
895 4491 1128 4531 omnem
1148 4474 1491 4531 coelestium
1514 4475 1870 4548 potestatem
1889 4477 1915 4531 ⁴?
1963 4474 2114 4532 Nam
2148 4492 2415 4551 quorum,
2447 4474 2666 4549 inquit,
2691 4479 2926 4548 peccata

320 4563 656 4619 remiseritis
699 4565 808 4620 etc.
871 4560 1031 4629 Quae
1073 4563 1263 4637 major
1307 4562 1411 4620 hac
1451 4565 1713 4637 potestas
1745 4562 1976 4626 fuerit?
2037 4564 2212 4621 Omne
2242 4564 2539 4637 judicium
2569 4564 2721 4622 dedit
2755 4561 2930 4620 Pater

322 4651 472 4708 Filio
506 4645 621 4731 (J0.
646 4660 700 4723 5,
728 4645 870 4729 22);
904 4650 1190 4725 videoque
1222 4651 1420 4726 ipsum
1453 4670 1624 4710 omne
1656 4652 1802 4726 ipsis
1822 4651 2111 4710 traditum
2141 4673 2175 4710 a
2204 4652 2355 4711 Filio
2386 4670 2516 4711 esse
2551 4697 2564 4710 .
2597 4697 2612 4710 .
2645 4696 2658 4709 .
2690 4651 2928 4709 Insania

318 4739 634 4797 manifesta
677 4742 766 4797 est
808 4741 1044 4797 tantum
1079 4739 1479 4817 principatum
1511 4740 1825 4815 despicere,
1880 4741 2008 4800 sine
2056 4760 2174 4816 quo
2224 4760 2417 4817 neque
2449 4742 2701 4800 salutem
2735 4760 2927 4816 neque
