3538 5364
341 2973 547 3095 ,f

164 3091 316 3264 γὼ·
385 3098 502 3210 vy*
577 3078 904 3159 baptismo
937 3079 1098 3143 satis
1132 3078 1309 3143 clare
1331 3079 1552 3154 innuit,
1575 3097 1653 3142 eo
1674 3080 1872 3145 veluti
1895 3080 2365 3162 repraesentari
2391 3086 2666 3144 mortem
2686 3084 2751 3143 et
2769 3075 3195 3141 resurrectio-

211 3203 325 3325 §VO

581 263 712 326 3270
1156 256 1341 309 Tract.
1371 257 1461 309 lx.
1489 255 1558 308 de
1588 255 1889 326 baptismo.
1917 256 2114 310 Thesis
2141 255 2350 311 CCXV.
2378 256 2616 309 Materia

759 439 824 507 4.
858 437 1288 501 Contirinatur
1349 438 1688 501 manitesta
1739 436 2199 502 traditione
2255 437 2606 501 theoretica
2656 445 2721 501 et
2769 439 3088 519 practica:
3137 446 3197 502 et

581 545 871 625 practica
902 545 1175 626 quidem,
1209 545 1363 626 quia
1396 563 1650 627 semper
1681 544 1970 609 adhibita
2020 543 2136 608 fuit
2166 545 2232 606 in
2264 544 2588 625 baptismo
2633 561 2823 626 aqua,
2869 562 3198 626 nunquam

587 659 882 734 receptus
915 651 1271 733 baptismus
1305 651 1550 734 absque
1585 669 1756 734 aqua
1789 651 2090 728 collatus;
2124 651 2481 715 theoretica
2514 670 2667 715 vero
2700 649 3016 731 colligitur
3039 671 3102 719 0.
3123 670 3199 715 ex

582 765 680 821 tot
714 759 953 840 typiS,
988 758 1224 839 quibus
1257 759 1760 840 praefiguratum
1796 766 2183 823 censuerunt
2214 765 2432 839 patres
2464 758 2853 840 baptismum
2889 759 2975 844 (n.
3009 762 3198 844 303);

586 867 652 933 b.
701 884 780 928 ex
821 865 1149 929 nomine
1195 864 1665 946 pisciculorum,
1712 884 1839 948 quo
1887 864 2388 945 designabantur
2435 862 2587 927 olim
2618 864 2964 929 christiani.
3037 862 3200 940 ,Sed

582 989 701 1034 nos
752 971 1051 1053 pisciculi,
1104 972 1196 1036 ita
1246 972 1410 1036 belle
1459 972 2033 1037 Tertullianus
2083 973 2162 1037 de
2211 971 2384 1053 bapt.
2418 990 2469 1035 c.
2510 979 2563 1048 1,
2613 971 2967 1037 secundum
3014 971 3199 1060 ἰχθῦν

581 1086 874 1141 nostrum
903 1079 954 1142 J.
989 1077 1311 1143 Christum
1342 1079 1407 1142 in
1441 1097 1611 1161 aqua
1643 1080 2019 1144 nascimur.‘
2079 1078 2166 1143 Cf.
2201 1086 2265 1143 et
2297 1097 2347 1141 c.
2383 1085 2440 1147 5.
2492 1077 2713 1160 Neque
2745 1078 2979 1143 desunt
3008 1097 3072 1147 0.
3104 1077 3199 1141 di-

584 1193 760 1248 serta
795 1187 1161 1250 testimonia
1194 1204 1398 1269 eaque
1431 1187 1784 1251 innumera.
1834 1185 1971 1250 Huc
2003 1191 2253 1267 spectat
2282 1186 2527 1265 integer
2554 1185 3066 1250 Tertulliani
3097 1185 3197 1248 lib.

590 1293 672 1357 de
706 1293 1059 1373 baptismo;
1114 1300 1180 1357 et
1229 1292 1774 1373 Augustinus:
1846 1291 2045 1372 „Quid
2097 1298 2212 1369 est,
2263 1292 2464 1374 inquit
2510 1299 2584 1357 tr.
2622 1297 2702 1361 15
2734 1292 2799 1355 in
2829 1292 3014 1356 Joan.
3048 1311 3108 1355 n.
3140 1299 3197 1367 4,

583 1400 942 1481 baptismus
994 1400 1273 1464 Christi?
1337 1400 1692 1464 Lavacrum
1744 1418 1954 1482 aquae
2005 1400 2068 1463 in
2118 1400 2331 1464 verbo.
2394 1399 2571 1464 Tolle
2622 1418 2877 1482 aquam,
2925 1417 3059 1463 000
3105 1406 3200 1463 est

583 1506 971 1587 baptismus;
1009 1507 1154 1572 tolle
1186 1508 1472 1582 verbum,
1505 1526 1636 1571 000
1668 1514 1766 1572 est
1797 1506 2209 1589 baptismus‘

761 1634 827 1698 ὃ.
864 1631 1075 1714 Ipsum
1108 1651 1344 1697 nomen
1375 1632 1416 1695 b
1436 1633 1794 1713 aptismi,
1826 1632 2193 1707 ablutioniS,
2225 1632 2464 1695 lavacri
2484 1638 2602 1696 etc.
2632 1631 2758 1695 hoc
2785 1632 2945 1695 satis
2963 1631 3197 1696 innuit:

579 1739 1006 1804 communiter
1039 1740 1209 1804 enim
1241 1739 1484 1803 ablutio
1518 1757 1690 1821 aqua
1720 1737 1856 1803 fieri
1891 1739 2071 1803 solet.
2106 1737 2291 1817 Quod
2325 1739 2378 1802 si
2409 1737 2756 1820 quaeritur,
2789 1755 2996 1819 quare
3017 1735 3197 1800 Chri-

579 1852 716 1908 stus
749 1863 988 1927 aquam
1018 1831 1133 1928 pro
1167 1846 1468 1929 baptismi
1500 1846 1797 1927 selegerit
1842 1846 2134 1921 materia,
2178 1846 2640 1927 respondemus
2688 1845 3005 1909 rationem
3038 1861 3197 1919 esse,

580 1972 651 2021 a.
686 1953 820 2034 ejus
867 1954 1379 2018 voluntatem
1430 1957 1497 2023 b.
1531 1972 1741 2036 aquae
1790 1952 2355 2036 aptitudinem
2400 1953 2482 2015 ad
2516 1951 2981 2032 designandam
3014 1952 3197 2032 spiri-

587 2060 824 2124 tualem
858 2061 1115 2125 animae
1136 2060 1638 2135 mundationem,
1662 2080 1828 2143 quae
1848 2060 2036 2141 hujus
2056 2060 2447 2125 sacramenti
2468 2059 2730 2124 effectus
2750 2059 3051 2140 proprius
3072 2066 3197 2133 est;

578 2186 641 2235 0.
681 2165 978 2247 baptismi
1013 2169 1615 2234 necessitatem
1648 2186 2003 2231 summam:
2035 2167 2339 2249 quocirca
2373 2165 2697 2246 seligenda
2729 2165 2845 2231 fuit
2875 2183 2956 2229 ea
2989 2171 3197 2229 mate-

585 2274 700 2348 ria,
734 2293 901 2355 quae
934 2281 1105 2340 esset
1136 2274 1376 2357 ubique
1410 2276 1602 2340 obvia
1634 2282 1831 2357 atque
1864 2273 2048 2337 facile
2080 2273 2552 2355 comparabilis.

760 2404 908 2467 307.
939 2400 1491 2469 Demonstratio
1523 2420 1592 2486 p.
1624 2402 1725 2467 11.
1762 2400 1991 2465 Valere
2012 2399 2404 2482 baptismum
2436 2417 2552 2480 per
2585 2398 3197 2461 immersionem

757 2507 819 2573 Ι.
854 2506 1173 2588 colligitur
1204 2525 1281 2571 ex
1317 2508 1455 2587 ipso
1490 2525 1587 2570 no
1604 2507 1761 2569 min
1779 2525 1815 2571 0
1846 2506 2167 2587 baptismi,
2188 2505 2359 2587 quod
2380 2504 2714 2569 derivatur
2734 2522 2775 2567 a
2794 2510 3005 2590 βάπτω
3027 2521 3196 2566 mer-

577 2631 745 2690 gere,
783 2612 1233 2694 submergere3
1268 2612 1538 2695 aliisque
1570 2612 1937 2676 nominibus
1971 2612 2234 2690 lavacri,
2266 2612 2478 2676 balnei
2511 2610 2812 2676 salutaris
2844 2617 2997 2684 etc.;

756 2740 821 2808 2.
859 2757 939 2803 ex
989 2739 1409 2820 baptismo
1460 2738 1734 2802 eunuchi
1786 2739 1967 2815 illius,
2015 2741 2125 2821 qui
2169 2746 2240 2804 ut
2287 2738 2732 2820 baptizaretur
2764 2736 3099 2802 descendit
3130 2736 3194 2799 in

577 2865 838 2929 aquam,
871 2852 1066 2929 atque
1099 2847 1178 2911 de
1212 2865 1291 2911 ea
1323 2845 1614 2912 ascendit
1646 2847 1784 2910 Act.
1819 2853 1876 2921 8,
1911 2851 1997 2916 38
2029 2867 2075 2910 5.
2111 2846 2441 2927 Colligitur

758 2973 820 3039 3.
854 2991 935 3036 ex
968 2972 1253 3036 verbis
1286 2971 1467 3035 Pauli
1499 2972 1681 3035 Rom.
1716 2979 1775 3047 6,
1812 2977 1851 3041 3
1883 2991 1998 3047 ss.;
2051 2970 2291 3035 Coloss.
2325 2979 2386 3046 2,
2424 2976 2524 3046 12,
2585 2971 2693 3051 qui
2737 2969 3068 3033 disserens
3115 2966 3194 3032 de

579 3203 726 3247 nem
761 3184 1011 3260 Christi,
1047 3186 1218 3267 quod
1250 3205 1475 3251 verum
1507 3194 1606 3250 est
1637 3187 1718 3251 de
1750 3187 2139 3268 baptismate
2171 3207 2284 3267 per
2316 3186 2807 3250 immersionem.

560 3351 622 3414 ζ
753 3307 820 3376 4.
857 3327 935 3372 ex
966 3311 1203 3390 praxi
1234 3309 1573 3388 Ecclesiae,
1606 3330 1776 3394 quae
1807 3311 1915 3376 diu
1950 3311 2356 3376 immersione
2389 3310 2779 3392 baptizabat„
2813 3309 3123 3374 Ceterum

754 3419 819 3484 5.
855 3416 1089 3482 silicet
1122 3417 1447 3498 baptizare
1493 3437 1607 3498 per
1652 3420 2108 3500 aspersionem,
2154 3437 2193 3482 a
2239 3418 2487 3482 fortiori
2516 3416 2929 3482 immersione
2961 3415 3195 3479 licebit.

757 3545 903 3611 308.
939 3540 1154 3621 Quare
1186 3545 1401 3624 potius
1434 3545 1847 3626 probandum
1880 3552 1995 3622 est,
2027 3545 2242 3610 valere
2274 3546 2664 3627 baptismum
2695 3542 3195 3625 aspersione

576 3647 674 3712 vel
729 3649 1151 3715 infusione
1202 3658 1430 3715 contra
1478 3652 1795 3735 quosdam
1842 3670 2111 3730 graecos
2162 3652 2625 3727 schismaticos,
2673 3651 2781 3732 qui
2828 3651 2891 3713 in
2939 3650 3195 3732 synodo

573 3776 632 3818 0.
673 3760 841 3825 1756
875 3756 1100 3822 habita
1133 3755 1543 3823 declararunt
1591 3759 1916 3840 baptisma
1949 3759 2293 3822 latinorum
2327 3757 2693 3832 invalidum,
2724 3764 2789 3822 et
2819 3757 2970 3821 hinc
2999 3755 3195 3821 reba-

575 3863 812 3943 ptizant
848 3881 980 3927 non
1012 3864 1219 3927 solum
1251 3871 1701 3945 protestantes,
1746 3865 1860 3930 sed
1894 3871 1958 3930 et
1990 3865 2356 3929 catholicos.
2420 3863 2663 3929 Contra
2692 3864 2865 3927 hunc
2897 3882 3193 3929 errorem

574 3971 800 4034 statuit
833 3987 1011 4033 0000.
1048 3970 1231 4036 trid.
1266 3990 1405 4034 can.
1414 3978 1501 4058 ,3-
1499 3994 1513 4035 ;
1556 3970 1659 4045 „Si
1692 3974 1832 4054 quis
1866 3973 2112 4050 dixerit,
2147 3972 2210 4035 in
2230 3972 2513 4037 Ecclesia
2546 3988 2838 4046 romana,
2859 3989 3029 4053 quae
3051 3989 3194 4035 om-

575 4077 749 4140 nium
784 4076 1207 4140 ecclesiarum
1240 4085 1447 4143 mater
1480 4086 1577 4142 est
1608 4086 1673 4144 et
1705 4080 2031 4160 magistra,
2078 4098 2210 4142 000
2241 4098 2383 4143 0550
2415 4096 2635 4142 veram
2668 4077 2749 4141 de
2780 4085 3195 4143 sacramento

574 4183 874 4264 baptismi
908 4183 1287 4259 doctrinam,
1327 4186 1397 4249 A.
1435 4185 1531 4249 S«
1585 4185 1787 4250 Porro
1821 4187 2254 4252 immersionis
2288 4188 2445 4251 ritus
2479 4185 2733 4250 videtur
2768 4184 3052 4265 viguisse
3083 4205 3194 4249 us-

572 4308 699 4370 que
733 4289 814 4353 ad
848 4308 974 4354 sec.
1006 4289 1185 4382 :Sl—Y,
1236 4299 1302 4356 et
1351 4292 1434 4355 ab
1486 4311 1562 4358 eo
1615 4298 1904 4373 tempore
1953 4292 2297 4358 invaluisse
2347 4293 2509 4358 ritus
2559 4292 2913 4369 inlusioniS,
2960 4293 3114 4357 hinc
3145 4314 3194 4355 s.

573 4395 924 4460 Thomas
959 4396 1173 4460 adhuc
1206 4400 1431 4463 statuit
1463 4405 1502 4468 3
1536 4418 1593 4480 q.
1627 4404 1712 4466 66
1743 4415 1801 4461 0.
1839 4405 1896 4474 7,
1942 4393 2236 4481 quamvis
2283 4401 2605 4466 immersio
2651 4419 2782 4464 non
2834 4401 2916 4464 sit
2960 4400 3042 4464 de
3076 4419 3192 4465 ne-

573 4502 877 4568 cessitate
910 4503 1211 4586 baptismi
1254 4552 1278 4579 ,,
1292 4506 1488 4570 tutius
1522 4523 1666 4570 esse
1696 4506 2029 4587 baptizare
2074 4524 2190 4588 per
2239 4507 2502 4570 modum
2553 4506 3003 4584 immersioniS,
3037 4507 3193 4590 quia

575 4612 696 4675 hoc
727 4612 926 4677 habet
945 4613 1346 4677 communior
1377 4626 1585 4676 usus.²
1627 4612 1678 4676 A
1701 4630 1826 4678 sec.
1848 4613 2108 4677 demum
2127 4613 2260 4677 XV.
2283 4621 2347 4677 et
2363 4613 2522 4678 XVI.
2545 4615 2902 4696 praevaluit
2941 4614 3191 4695 baptis-

574 4737 720 4781 mus
753 4738 866 4799 per
899 4719 1302 4784 infusionem.
1367 4719 1453 4783 Cf.
1488 4720 1709 4783 Funk
1759 4720 1917 4783 T‘ub.
1951 4718 2218 4798 Qtlschr.
2258 4727 2427 4791 1882
2460 4742 2518 4804 p.
2557 4727 2878 4792 114—23.
2942 4722 3191 4789 Asserti
