3538 5364
581 247 710 312 228
1157 238 1341 291 Tract.
1368 236 1460 291 IX.
1489 236 1559 290 de
1588 235 1971 290 sacramentis.
1999 234 2082 289 De
2109 235 2594 288 sacramentorum

581 424 728 500 quid
761 423 1123 500 hujusmodi.
1170 423 1264 480 Ad
1294 422 1575 481 ultimum
1596 424 1797 481 autem
1818 421 2113 492 effectum,
2143 420 2303 496 quod
2336 422 2431 479 est
2458 419 2669 497 gratia,
2702 437 2822 478 non
2849 419 3209 496 pertingunt

580 513 760 572 etiam
792 512 1349 581 instrumentaliter,
1382 510 1501 569 nisi
1533 511 1900 586 dispositive,
1935 511 2000 569 in
2031 512 2327 586 quantum
2359 508 2485 581 boc,
2538 509 2612 567 ad
2645 508 2806 585 quod
2837 508 3201 567 instrumen-

577 603 782 661 taliter
810 602 1073 660 effective
1105 600 1476 677 pertingunt,
1510 603 1605 658 est
1635 599 1960 676 dispositiO,
1993 617 2146 675 quae
2178 602 2271 657 est
2301 598 2639 668 necessitas,
2689 601 2985 673 quantum
3033 597 3098 655 in
3142 615 3208 655 se

579 695 689 763 est,
722 691 796 749 ad
828 691 1055 768 gratiae
1087 690 1584 764 susceptionem.¹
1633 690 1719 748 De
1752 691 1876 765 pot.
1910 708 1966 765 q,
2002 698 2037 751 3
2074 708 2123 747 a.
2156 697 2194 750 4
2229 688 2303 746 ad
2339 698 2373 751 7
2412 698 2473 745 et
2508 695 2542 750 8
2579 686 2801 746 diserte
2851 689 3053 764 negat,
3109 704 3205 744 sa-

579 784 879 839 cramenta
908 779 1248 856 pertingere
1284 779 1832 837 instrumentaliter
1863 778 1938 837 ad
1976 778 2201 854 gratiae
2239 777 2708 853 productionem.
2778 776 2987 851 Neque
3033 774 3209 833 adest

577 869 882 928 sufficiens
927 868 1102 938 ratio,
1147 873 1218 926 ut
1269 869 1638 944 Cajetano
1678 868 1742 926 in
1779 877 1812 930 3
1849 886 1905 943 q.
1942 876 2021 929 62
2070 886 2120 929 a.
2162 877 2187 928 1
2241 865 2652 937 concedamus,
2705 884 2751 923 s.
2803 865 3106 925 doctorem
3138 865 3205 921 in

579 962 819 1019 Summa
862 960 1209 1017 retractasse
1257 957 1634 1028 sententiam,
1666 975 1846 1032 quam
1878 955 2047 1031 prius
2077 958 2376 1015 tenuerat.

1041 1110 1076 1179 fl
1120 1110 1202 1164 11.
1244 1112 1329 1165 De
1367 1111 1887 1166 sacramentorum
1926 1109 2131 1164 Novae
2170 1109 2349 1175 Legis
2391 1109 2736 1164 effectibus-

758 1222 905 1289 267.
939 1216 1508 1283 Sacramentorum
1540 1215 1802 1281 effectus
1834 1216 1917 1280 ad
1952 1223 2024 1279 tr
2038 1234 2074 1280 e
2094 1235 2125 1279 s
2155 1216 2635 1300 revocabimus·
2685 1212 3000 1280 Omnibus
3031 1216 3206 1281 enim

577 1346 920 1392 commune
967 1332 1083 1403 est,
1129 1325 1400 1406 gratiam
1447 1323 1739 1389 conferre
1772 1344 1804 1387 s
1821 1342 1861 1387 a
1876 1344 1920 1389 n
1937 1331 2012 1389 et
2034 1323 2124 1387 isi
2145 1341 2183 1388 c
2196 1342 2236 1388 a
2254 1344 2297 1388 n
2314 1330 2391 1389 te
2406 1343 2472 1387 m
2517 1342 2772 1389 necnon
2801 1323 3045 1405 gratias
3077 1342 3111 1386 s
3129 1341 3209 1386 a·

577 1451 613 1497 c
631 1453 665 1496 r
683 1450 724 1497 a
740 1452 802 1496 m
823 1452 858 1497 e
874 1452 916 1495 n
936 1431 1049 1495 tal
1067 1449 1102 1495 e
1121 1451 1183 1495 s:
1218 1431 1407 1495 trium
1428 1448 1582 1495 vero
1602 1430 1957 1512 proprium,
1979 1430 2347 1511 imprimere
2380 1430 2577 1495 etiam
2609 1430 2701 1493 ch
2715 1449 2755 1495 a
2770 1450 2802 1494 r
2817 1448 2857 1494 a
2873 1435 2951 1494 ct
2966 1449 3002 1494 e
3018 1449 3051 1492 r
3066 1448 3103 1494 e
3120 1449 3207 1492 m.

578 1539 757 1618 Quae
791 1538 875 1603 ad
904 1539 1149 1621 priores
1181 1538 1344 1601 duos
1376 1537 1640 1602 effectus
1671 1536 2010 1618 pertinent,
2043 1537 2265 1618 paucis
2298 1537 2729 1618 expediemus,

757 1646 820 1716 l.
864 1645 1093 1710 Omnia
1115 1643 1192 1708 N.
1213 1643 1397 1729 Leqis
1428 1650 1831 1708 sacramenta
1863 1646 2100 1729 semper
2130 1643 2461 1726 conferunt
2496 1650 2778 1727 qratiam
2819 1645 3204 1709 habitualem

578 1771 692 1817 seu
724 1751 1232 1817 sanctificantem
1262 1769 1395 1814 non
1425 1750 1816 1832 ponentibus
1836 1750 2105 1816 obicem.
2162 1750 2337 1816 Haec
2369 1758 2467 1816 est
2498 1752 2820 1816 sententia
2838 1753 3206 1815 communis

577 1860 1044 1940 theologorum,
1090 1877 1168 1923 ac
1200 1865 1378 1941 patet
1408 1878 1486 1924 ex
1519 1864 2077 1923 sacramentorum
2107 1858 2264 1924 fine:
2310 1877 2426 1940 per
2469 1859 2613 1940 ipsa
2656 1858 2846 1936 enim,
2889 1865 2962 1923 ut
3009 1857 3209 1923 docet

577 1966 913 2031 concilium
958 1966 1142 2030 trid.
1184 1967 1517 2048 prooemio
1568 1984 1722 2030 sess.
1779 1972 1835 2042 7,
1885 1965 2137 2040 ‚omnis
2180 1983 2337 2030 vera
2373 1966 2623 2047 justitia
2665 1966 2770 2030 vel
2810 1965 3055 2046 incipit,
3100 1966 3205 2029 vel

576 2079 808 2154 coepta
853 2079 1140 2155 augetur,
1184 2074 1285 2138 vel
1331 2074 1573 2137 amissa
1601 2079 1999 2154 reparatum·
2054 2071 2228 2155 quod
2272 2073 2411 2138 sine
2456 2073 2704 2153 gratiae
2734 2071 3207 2138 sanctificantis

577 2176 890 2245 infusione
921 2198 1054 2244 non
1085 2180 1156 2244 fit
1180 2182 1246 2268 ¹).
1294 2180 1394 2244 Ad
1423 2182 1602 2257 haee,
1636 2184 2051 2245 sacramenta
2083 2178 2422 2243 conferunt
2452 2179 2726 2260 gratiam
2760 2180 2957 2244 etiam
2991 2178 3207 2243 infan-

576 2288 748 2352 tibus
780 2294 846 2352 et
875 2306 1069 2352 sensu
1099 2287 1450 2353 destitutis:
1484 2306 1615 2351 non
1645 2305 1802 2353 vero
1837 2286 2189 2361 actualem3
2223 2304 2376 2366 ergo
2408 2285 2822 2353 habitualem.

753 2416 1095 2476 Notandum
1124 2419 1329 2477 tamen
1358 2420 1450 2476 est
1480 2417 1807 2476 secundum
1840 2417 2039 2475 datam
2074 2434 2255 2492 supra
2285 2436 2344 2478 n.
2380 2425 2504 2481 255
2541 2416 2974 2493 expositionem
3004 2434 3197 2474 sacra-

576 2507 777 2565 menta
806 2525 926 2565 non
957 2506 1301 2565 immediate
1333 2524 1575 2565 causare
1607 2506 1794 2582 ipsam
1826 2505 2100 2582 gratiam,
2134 2505 2237 2565 sed
2270 2506 2546 2575 effectum
2567 2507 2823 2583 aliquem
2846 2505 3199 2563 distinctum

575 2615 611 2653 a
639 2595 834 2673 gratia
865 2599 927 2654 et
957 2596 1029 2654 ad
1061 2615 1194 2655 eam
1226 2594 1551 2670 praevium,
1599 2595 1706 2671 qui
1743 2597 1839 2653 est
1868 2594 2187 2669 dispositio
2219 2595 2343 2655 sive
2373 2596 2597 2655 titulus
2630 2595 2702 2654 de
2735 2613 2797 2653 se
2828 2594 3070 2671 exigens
3103 2594 3204 2652 in-

574 2685 864 2744 fusionem
897 2686 1139 2762 gratiae,
1187 2684 1472 2760 quamdiu
1502 2685 1567 2743 in
1599 2685 1837 2743 homine
1870 2688 2196 2760 permanet,
2229 2705 2480 2760 eamque
2511 2685 2853 2744 immediate
2884 2684 3204 2755 inducens,

575 2774 693 2833 nisi
726 2774 887 2833 obsit
916 2774 1082 2842 obex,
1115 2774 1210 2832 vel
1242 2773 1446 2832 statim
1479 2776 1614 2848 post
1643 2777 1940 2833 remotum
1973 2774 2196 2833 obicem
2232 2771 2331 2856 (cf.
2362 2794 2542 2851 supra
2572 2794 2631 2837 n.
2668 2772 2840 2852 259).
2887 2773 3045 2832 Haec
3075 2772 3204 2832 dis·

574 2863 793 2940 positio
824 2863 888 2920 in
920 2863 1277 2938 quibusdam
1312 2862 1694 2921 sacramentis
1726 2866 1820 2921 est
1851 2862 2168 2935 character,
2211 2866 2276 2923 in
2306 2864 2442 2922 aliis
2474 2865 2546 2935 is,
2593 2881 2769 2940 quem
2803 2862 3014 2921 dicunt
3044 2861 3200 2921 titu-

574 2953 701 3010 lum
734 2952 1082 3028 exigitivum
1114 2951 1358 3027 gratiae,
1395 2951 1487 3009 vel
1524 2954 1848 3020 ,ornatum
1880 2951 2171 3023 animae‘,
2206 2953 2445 3012 nomine
2477 2952 2778 3012 communi
2814 2971 2980 3021 ‚rem
3012 2956 3076 3011 et
3106 2969 3199 3011 sa·

576 3044 939 3100 crementum
956 3048 1002 3100 ‘.
1068 3040 1222 3098 Huic
1253 3040 1552 3099 doctrinae
1583 3040 1722 3099 olim
1756 3045 1851 3101 sat
1880 3042 2159 3118 vulgatae
2191 3042 2461 3101 inhaeret
2493 3060 2538 3101 s.
2569 3041 2885 3100 Thomas
2927 3042 2992 3099 in
3038 3059 3204 3100 com-

573 3133 754 3191 ment.
805 3129 867 3187 in
915 3129 978 3186 ll.
1029 3131 1210 3191 sent.:
1272 3146 1380 3187 nec
1442 3148 1567 3188 eam
1618 3148 1924 3190 revocasse
1976 3130 2216 3190 videtur
2276 3131 2338 3189 in
2402 3149 2511 3190 sua
2564 3150 2795 3190 summa
2845 3129 3204 3207 theologica,

574 3217 869 3296 quidquid
901 3218 1088 3293 aliqui
1119 3218 1340 3279 dicant.
1405 3218 1549 3276 Eam
1594 3222 1807 3278 tuetur
1851 3220 2106 3278 Billot
2150 3221 2188 3278 l.
2220 3238 2267 3283 c.
2299 3220 2387 3279 th.
2421 3231 2455 3284 6
2506 3219 2614 3278 hac
2657 3219 2899 3278 innixus
2931 3220 3197 3278 ratione:

577 3311 992 3378 ‚Sacramenta
1022 3311 1268 3367 causant
1297 3307 1378 3379 id,
1412 3308 1573 3382 quod
1605 3309 1975 3386 significant;
2023 3309 2191 3385 atqui
2221 3308 2563 3387 significant
2594 3308 2888 3384 quendam
2921 3308 3203 3367 effectum

575 3395 922 3455 distinctum
955 3417 988 3454 a
1019 3398 1211 3474 gratia
1241 3399 1302 3456 et
1333 3396 1408 3455 ad
1429 3415 1556 3455 eam
1576 3399 1903 3474 praevium,
1936 3418 1972 3457 a
2002 3417 2120 3473 quo
2142 3398 2472 3475 dependeat
2491 3398 2726 3474 gratiae
2747 3397 3206 3457 sacramentalis

574 3485 828 3545 collatio,
896 3485 1053 3562 Ergo
1102 3489 1257 3549 etc.¹
1326 3487 1800 3562 Propositionem
1839 3488 2126 3546 minorem
2172 3487 2435 3546 ostendit
2479 3487 2843 3546 inductione.
2908 3487 3203 3544 Provocat

574 3574 785 3633 deinde
830 3574 904 3631 ad
951 3575 1189 3646 factum,
1237 3575 1491 3653 gratiam
1536 3596 1645 3651 per
1690 3576 1956 3635 validum
1988 3579 2421 3635 sacramentum
2458 3576 2712 3636 subinde
2759 3595 2880 3635 non
2925 3574 3202 3634 conferri.

574 3664 729 3742 Ergo
779 3681 889 3732 ,eo
921 3664 1053 3740 ipso
1086 3667 1318 3740 oportet
1348 3665 1712 3735 concludere,
1762 3666 1920 3739 quod
1954 3670 2455 3725 sacramentorum
2489 3664 2844 3743 significatio
2892 3666 2954 3723 et
3003 3664 3207 3723 virtus

572 3770 681 3812 nec
711 3753 974 3828 proxime
1005 3772 1113 3812 nec
1144 3753 1416 3812 absolute
1450 3755 1524 3813 al
1555 3756 1828 3814 effectum
1860 3755 2086 3832 gratiae
2120 3773 2182 3813 se
2215 3755 2499 3826 extendit,
2535 3754 2637 3813 sed
2671 3754 2925 3812 mediate
2957 3757 3201 3812 tantum

573 3845 636 3901 et
666 3842 778 3900 sub
810 3848 970 3900 certa
987 3842 1331 3919 hypothesi:
1365 3843 1619 3902 mediate
1649 3844 1688 3908 i.
1721 3863 1767 3906 e.
1804 3845 1997 3902 medio
2016 3844 2216 3914 titulo,
2248 3843 2354 3918 qui
2374 3843 2631 3921 gratiam
2651 3842 2868 3919 exigit3
2902 3843 3016 3901 sub
3036 3847 3205 3901 certa

575 3930 890 4007 hypothesi
921 3931 957 3989 i.
992 3951 1039 3990 e.
1086 3932 1261 3991 modo
1294 3950 1413 3990 non
1445 3931 1602 3991 adsit
1633 3933 1796 4005 obex,
1846 3953 1880 3991 a
1925 3952 2045 4009 quo
2088 3932 2256 3991 illius
2295 3933 2465 3991 tituli
2498 3932 2801 4010 exigentia
2832 3930 3202 4007 impediatur

578 4014 662 4100 (p.
703 4016 871 4097 109).
890 4027 917 4056 ‘
966 4020 1122 4079 Hinc
1151 4024 1350 4080 censet
1380 4021 1601 4095 optime
1632 4022 1914 4098 explicari
1932 4022 2409 4081 reviviscentiam
2432 4023 2936 4081 sacramentorum
2967 4023 3203 4079 remoto

571 4109 753 4167 obice.
820 4107 899 4170 Cf.
935 4111 1357 4182 Schazlerg
1398 4118 1492 4172 18.

795 4301 830 4370 ι)
860 4298 943 4353 Cf.
967 4299 1239 4354 Suarez
1279 4297 1333 4353 d.
1361 4299 1395 4353 7
1420 4302 1553 4353 sect.
1583 4306 1629 4353 2.
1658 4308 1707 4362 4,
1735 4298 1837 4352 ubi
1877 4299 2099 4364 statuit,
2145 4302 2445 4370 peccatum
2473 4300 2700 4352 tantum
2727 4297 2966 4351 mortale
2992 4297 3195 4368 poeni·

573 4378 755 4432 tentia
779 4396 896 4433 non
922 4379 1295 4432 retractatum
1323 4376 1539 4431 obicem
1567 4393 1683 4431 esse
1710 4377 1959 4448 gratiae;
1999 4378 2136 4433 hinc
2177 4377 2353 4431 infert
2391 4380 2688 4448 peccatum
2736 4393 2766 4429 v
2783 4392 2814 4429 e
2831 4375 3036 4431 niale
3076 4394 3194 4431 non

571 4456 850 4526 impedire
891 4457 1233 4512 sacramenti
1271 4457 1553 4521 effectum,
1595 4473 1709 4525 qua
1749 4457 2010 4511 doctrina
2052 4459 2345 4529 proposita
2386 4458 2652 4528 subjicit:
2706 4455 3014 4519 „Doctrina
3059 4457 3204 4512 haec

572 4539 729 4607 apud
757 4554 846 4592 me
873 4540 989 4592 fero
1015 4542 1170 4593 certa.
1195 4540 1296 4598 est,
1324 4536 1462 4604 quia
1489 4538 1777 4590 contraria
1818 4540 1980 4592 nulla
2019 4538 2241 4593 ratione
2282 4542 2384 4593 aut
2422 4537 2766 4594 auctoritate
2793 4535 3005 4591 nititur
3031 4538 3090 4591 et
3116 4540 3207 4590 est

575 4616 746 4672 nimis
771 4618 960 4689 rigida
985 4635 1051 4671 ac
1077 4621 1303 4687 praeter
1326 4618 1638 4672 humanam
1664 4617 2090 4687 fragilitatem.“
2123 4617 2206 4672 Cf.
2233 4618 2302 4672 de
2330 4619 2557 4672 euchar.
2586 4617 2639 4672 d.
2663 4624 2731 4674 63
2752 4635 2793 4670 s.
2814 4623 2878 4677 3:
2906 4616 3001 4670 Th
3018 4633 3214 4670 omas

574 4704 622 4753 3.
651 4717 707 4767 p.
733 4716 786 4766 q.
813 4703 883 4755 79
909 4714 957 4750 a.
986 4705 1049 4757 8:
1077 4697 1410 4750 Becanus
1439 4716 1482 4751 c.
1513 4704 1578 4752 22
1608 4715 1662 4765 q.
1691 4703 1721 4751 2
1750 4697 1819 4751 de
1846 4698 2091 4754 eucher.
