3538 5364
536 345 665 411 296
905 338 1089 391 Tract.
1119 338 1210 391 IX.
1238 337 1308 391 de
1336 337 1697 391 eucharistia.
1725 336 1925 390 Thesis
1952 336 2186 390 CCXIX.
2214 334 2401 390 Realis
2429 337 2750 406 praesentia

536 520 733 583 liter
766 525 830 583 et
861 518 1559 582 substantialiter
1590 536 1824 598 corpus
1860 524 1925 582 et
1955 517 2336 597 sanguinem
2367 534 2500 580 una
2531 536 2676 579 cum
2710 518 2929 581 anima
2962 524 3027 581 et
3056 518 3153 582 di-

536 626 803 691 vinitate
834 623 903 689 D.
936 625 1008 688 N.
1041 625 1092 690 J.
1125 622 1359 689 Christi
1405 643 1482 688 ac
1528 625 1795 706 proinde
1838 631 2044 689 totum
2077 623 2416 701 Christum,
2463 623 2576 688 sed
2609 624 2838 688 dixerit
2869 631 3153 689 tantum-

538 731 731 796 modo
764 751 906 797 esse
937 732 1002 795 in
1036 750 1114 797 eo
1147 738 1219 795 ut
1250 732 1317 794 in
1348 731 1533 811 signo
1580 731 1680 795 vel
1729 731 1935 812 figura
1968 736 2082 795 aut
2111 731 2362 807 virtute,
2394 730 2467 793 A.
2507 728 2568 793 S.
2588 743 2640 793 2‘
2681 730 2913 812 quibus
2944 731 3157 796 verbis

540 838 851 920 triplicem
897 838 1164 903 damnat
1209 838 1725 903 adversariorum
1775 856 2082 914 errorem,
2133 838 2362 904 adesse
2394 838 2525 901 scil.
2559 853 2793 919 corpus
2825 837 3061 902 Christi
3091 839 3156 902 in

541 947 929 1012 eucharistia
958 965 1091 1011 non
1111 965 1261 1011 vere
1281 947 1396 1011 sed
1417 951 1668 1010 tantum
1700 965 1731 1009 r
1749 964 1786 1009 e
1800 966 1841 1027 p
1858 965 1890 1009 r
1906 963 1947 1009 a
1962 964 1997 1010 e
2013 965 2043 1009 5
2061 964 2097 1010 6
2112 964 2156 1008 n
2171 952 2197 1009 t
2211 963 2252 1008 a
2266 945 2326 1008 ti
2344 964 2381 1007 v
2398 963 2450 1021 e,
2484 944 2855 1026 symbolice,
2888 946 3155 1026 figurate

536 1061 609 1118 ut
639 1055 705 1118 in
735 1055 936 1135 signo,
968 1053 1188 1135 figura,
1221 1052 1499 1133 imagine
1532 1053 1872 1139 (adversus
1902 1053 2383 1133 Zwinglium
2416 1055 2594 1139 etc.);
2627 1053 2728 1116 vel
2761 1052 2991 1118 adesse
3010 1059 3155 1117 tan-

538 1168 674 1226 tum
709 1161 842 1243 obj
861 1162 1131 1225 ective
1182 1179 1298 1226 seu
1329 1160 1620 1225 idealiter
1652 1179 1766 1241 per
1800 1160 2381 1241 apprehensionem
2428 1165 2492 1225 et
2522 1158 2730 1236 fidem,
2762 1177 2895 1223 non
2926 1160 3157 1242 reipsa,

540 1287 671 1332 non
702 1268 989 1343 realiter3
1036 1268 1137 1332 vel
1183 1268 1412 1333 adesse
1461 1267 1960 1331 virtualiter
1990 1286 2105 1348 per
2135 1266 2416 1343 effectuS,
2451 1284 2582 1329 non
2613 1266 2970 1330 secundum
3002 1265 3156 1349 sub-

539 1377 846 1440 stantiam
881 1376 1215 1462 (adversus
1250 1373 1720 1461 Calvinum).

715 1506 774 1566 Si
822 1505 981 1580 quod
1027 1510 1116 1566 est
1160 1506 1298 1565 fidei
1342 1506 1664 1565 catholicae
1696 1506 1926 1583 dogma,
1973 1504 2068 1563 cui
2114 1504 2419 1579 probando
2450 1506 2688 1580 praesto
2722 1507 2868 1561 sunt
2898 1504 3158 1579 plurima

537 1612 722 1668 eaque
754 1594 1082 1654 decretoria
1112 1598 1480 1672 argumenta,
1513 1594 1666 1653 illud
1697 1597 1806 1669 est,
1842 1595 1913 1652 de
1944 1612 2064 1669 quo
2097 1594 2274 1652 nobis
2306 1592 2479 1651 modo
2510 1592 2798 1652 adversus
2830 1610 3158 1651 sacramen-

535 1683 717 1742 tarios
748 1702 854 1742 seu
886 1685 1254 1762 umbraticos,
1290 1688 1362 1744 ut
1391 1702 1490 1744 eos
1522 1684 1678 1743 belle
1710 1662 1975 1760 appellat
2006 1681 2561 1751 GuitmunduS,
2596 1685 2687 1741 est
2719 1676 3156 1750 disserendum

537 1772 699 1831 unde
728 1773 999 1833 miranda
1030 1776 1123 1833 est
1153 1774 1359 1833 divina
1389 1773 1779 1851 providentia,
1822 1792 1991 1849 quae,
2035 1791 2153 1848 quo
2186 1770 2491 1830 difficilius
2525 1774 2585 1830 et
2614 1771 2858 1847 gravius
2889 1768 2997 1830 hoc
3026 1789 3157 1846 my-

538 1862 790 1920 sterium
821 1866 915 1921 est
946 1863 1193 1934 creditu,
1225 1881 1294 1923 eo
1324 1864 1499 1939 plura
1531 1861 1944 1939 suppeditavit
1973 1860 2047 1920 ad
2079 1860 2232 1920 illud
2265 1860 2768 1936 comprobandum
2790 1864 3155 1936 argumenta,

536 1953 609 2007 ut
639 1951 738 2010 vix
770 1952 834 2010 in
866 1953 941 2011 iis
970 1952 1373 2029 proponendis
1403 1952 1646 2011 modum
1680 1969 1915 2010 servare
1946 1951 2259 2027 possimus.
2745 1979 2749 1982 ⁴

716 2075 863 2140 332.
912 2073 1169 2140 'rhesis
1202 2070 1522 2141 CCXIX.
1592 2093 1873 2159 Douma
1926 2092 2343 2146 catholicum
2396 2094 2481 2147 de
2520 2091 2703 2146 reali
2741 2092 3061 2157 eorporis
3097 2096 3162 2145 et

537 2183 911 2248 caminis
951 2174 1211 2237 Cremu
1248 2184 1326 2237 in
1363 2183 1802 2236 eucharistia
1832 2183 2251 2248 praesentia
2289 2194 2368 2234 eo
2407 2180 2900 2247 eredibilitatie
2930 2181 3160 2262 salvet

537 2270 931 2337 splendore,
953 2274 1055 2335 ut,
1077 2270 1186 2324 vel
1207 2272 1507 2337 seposito
1527 2271 1856 2325 examine
1886 2272 2249 2325 doctrinae
2268 2271 2676 2336 scripturae
2699 2274 3159 2337 patrumque,

537 2360 927 2414 revelatum
962 2360 1148 2415 illud
1184 2374 1328 2414 esse
1359 2365 1625 2427 pateat,
1647 2361 2209 2414 sacramentarii
2232 2373 2393 2413 vero
2417 2361 2750 2413 novitatis
2767 2359 3159 2413 haereticae

540 2448 646 2499 rei
683 2451 927 2514 aperte
965 2450 1490 2502 convincantur.

716 2551 1291 2621 Demonstratio.
1326 2552 1720 2616 Assertionis
1740 2552 1978 2616 veritas
1999 2551 2227 2615 eadem
2249 2550 2615 2631 disputandi
2655 2551 2958 2616 methodo
2979 2570 3158 2616 com-

537 2657 866 2738 probatur,
899 2678 1030 2741 qua
1062 2659 1160 2749 usi
1192 2678 1413 2724 sumus
1447 2659 1535 2724 th.
1570 2664 1717 2729 214.
1782 2656 2066 2723 Sufficiet
2097 2676 2243 2723 eam
2277 2658 2578 2723 innuisse.

722 2786 780 2854 1.
814 2783 1144 2865 Colligitur
1174 2785 1532 2865 apostolica
1564 2784 1884 2866 dogmatis
1916 2784 2214 2849 catholici
2248 2783 2428 2865 origo
2461 2802 2540 2849 ex
2563 2802 2887 2849 consensu
2911 2785 3158 2849 theolo-

538 2911 764 2973 gorum
798 2900 861 2957 et
892 2892 1174 2956 fidelium
1206 2892 1396 2972 plane
1429 2893 1762 2974 splendido
1784 2897 2231 2974 praevertente
2254 2892 2728 2957 controversias
2748 2908 2873 2956 566.
2893 2891 3053 2956 XVI.
3081 2892 3159 2956 de

537 2999 694 3065 reali
727 2998 960 3063 Christi
992 3000 1058 3063 in
1089 2999 1477 3063 eucharistia
1506 3001 1907 3080 praesentia:
1941 2999 2256 3081 ejusmodi
2293 3005 2512 3063 autem
2532 3017 2887 3064 consensus
2908 3019 3162 3082 semper

538 3106 796 3170 habitus
827 3105 944 3170 fuit
975 3106 1298 3171 criterium
1328 3107 1689 3172 traditionis
1722 3107 2118 3189 apostolicae
2152 3106 2252 3193 (cf.
2286 3113 2327 3171 t.
2360 3106 2401 3170 1.
2434 3126 2494 3170 n.
2534 3109 2718 3197 134);

714 3231 779 3300 2.
814 3249 892 3294 ex
926 3249 1023 3307 e0,
1056 3231 1229 3313 quod
1273 3233 1435 3297 haec
1482 3239 1579 3297 est
1623 3233 1919 3298 doctrina
1964 3251 2160 3298 verae
2193 3232 2532 3307 Ecclesiae,
2580 3250 2621 3294 a
2664 3224 2845 3312 cujus
2898 3250 3010 3297 ore
3042 3250 3161 3295 nos

537 3336 818 3419 pendere
852 3344 1123 3419 oportet,
1168 3339 1290 3403 nisi
1331 3358 1473 3405 esse
1519 3341 1790 3406 velimus
1841 3340 2079 3404 ethnici
2125 3347 2190 3404 et
2238 3339 2565 3422 publicani
2597 3338 2843 3426 (Matth.
2884 3344 2980 3414 18,
3021 3341 3160 3424 17);

538 3461 693 3508 nam
725 3462 951 3509 omnes
982 3452 1224 3523 coetuS,
1275 3447 1386 3529 qui
1431 3447 1551 3510 has
1601 3453 2098 3528 praecesserunt
2146 3447 2621 3512 controversias
2666 3447 2900 3529 quique
2947 3445 3162 3527 aliqua

541 3551 1009 3633 probabilitatis
1059 3554 1270 3634 specie
1317 3573 1387 3619 se
1436 3553 1670 3618 Christi
1720 3553 2025 3620 dicebant
2089 3553 2461 3630 Ecclesiam,
2521 3554 2762 3618 realem
2814 3551 3046 3616 Christi
3094 3552 3161 3614 in

540 3659 932 3723 eucharistia
962 3660 1231 3742 professi
1262 3668 1412 3725 sunt
1443 3661 1911 3743 praesentiam:
1945 3662 2112 3726 inter
2149 3661 2270 3724 hos
2306 3667 2522 3725 autem
2553 3658 2670 3724 fuit
2688 3677 2842 3723 vera
2860 3658 3162 3735 Ecclesia,

540 3783 686 3829 cum
720 3785 799 3830 ea
830 3768 913 3831 sit
942 3769 1241 3849 perennis
1276 3774 1339 3834 et
1369 3769 1635 3833 visibilis
1669 3767 1783 3854 (th.
1820 3770 1948 3854 38).

677 3917 682 3920 ·
717 3893 783 3958 3.
820 3890 1145 3973 Colligitur
1196 3912 1276 3958 ex
1325 3911 1647 3958 consensu
1700 3894 2012 3960 ecclesiae
2065 3912 2340 3974 graecae
2355 3895 2421 3981 1).
2485 3893 2778 3959 Celebria
2810 3893 2981 3958 enim
3014 3898 3166 3956 sunt

540 3997 663 4060 hac
695 3998 775 4062 de
808 4017 876 4063 re
910 4005 1061 4062 acta
1090 3999 1588 4081 protestantium
1620 4019 1771 4064 cum
1803 4001 2077 4066 ecclesia
2108 4018 2345 4080 graeca
2377 3999 2809 4076 schismatica,
2841 4005 2913 4063 ut
2933 4017 3079 4063 eam
3101 3999 3163 4061 in

539 4122 691 4168 suas
725 4105 1056 4170 traherent
1085 4112 1301 4187 partes
1334 4114 1399 4172 et
1431 4125 1713 4184 errores3
1747 4126 2022 4191 quorum
2056 4106 2299 4171 fructus
2333 4106 2449 4170 fuit
2479 4106 2733 4170 nonnisi
2766 4105 3165 4171 manifestior

541 4211 857 4291 dogmatis
890 4212 1187 4275 catholici
1217 4211 1530 4294 professio
1565 4219 1629 4278 et
1662 4215 1899 4277 erroris
1934 4220 2323 4278 novatorum
2356 4212 2704 4275 damnatio.

718 4341 787 4399 Id
819 4344 987 4418 patet
1017 4361 1086 4400 ex
1118 4343 1385 4402 conciliis
1407 4343 1567 4405 CP.a
1595 4354 1758 4406 1642
1795 4346 1905 4401 art.
1944 4354 2017 4407 17
2055 4346 2116 4402 et
2147 4342 2859 4418 hierosolymitano
2905 4361 2956 4402 a.
3003 4349 3163 4403 1672

541 4448 662 4504 cap.
703 4439 800 4500 17,
852 4431 959 4489 ubi
1007 4432 1168 4491 inter
1212 4433 1329 4491 alia
1377 4433 1663 4510 legimus:
1719 4432 1830 4501 ,ln
1881 4433 2062 4508 huJus
2113 4433 2316 4508 itaque
2366 4430 2760 4491 celebratione
2810 4429 3165 4488 sacramenti

543 4517 609 4575 D.
642 4518 713 4576 N.
746 4518 802 4577 J.
836 4519 1136 4580 Christum
1167 4520 1461 4580 credimus
1508 4540 1630 4579 esse
1677 4525 2067 4598 praesentem,
2116 4539 2238 4579 non
2281 4520 2525 4597 quidem
2559 4517 2885 4578 secundum
2916 4518 3168 4595 figuram

767 4721 803 4788 ¹)
833 4717 915 4772 Cf.
945 4717 1278 4788 Perpetuite
1318 4718 1388 4771 de
1428 4718 1485 4770 la
1512 4717 1593 4772 foi
1620 4721 1662 4778 t.
1694 4726 1714 4773 l
1746 4719 1783 4772 1.
1813 4723 1860 4773 2.
1889 4726 1952 4778 3;
1979 4722 2019 4771 t.
2047 4721 2143 4777 31.
2171 4727 2233 4775 82
2277 4717 2409 4771 Nat..
2452 4718 2886 4771 Alexander
2925 4716 3058 4771 diss,
3099 4715 3169 4768 de

543 4797 869 4869 praesentia
896 4796 1036 4850 reali
1065 4815 1116 4850 a.
1144 4805 1193 4862 3,
1221 4798 1282 4850 in
1311 4798 1454 4852 thes.
1483 4797 1839 4851 Zaccaria
1868 4800 1907 4851 t.
1942 4804 2021 4852 10.
2051 4800 2116 4863 Il,
2144 4805 2247 4856 616
2276 4815 2346 4851 sa.
