3538 5364
1456 307 1536 362 De
1564 307 1958 378 indulgentiis.
2868 315 3002 379 499

383 517 516 557 esse
548 499 739 557 solum
771 498 1154 574 integrantea
1215 497 1308 592 Qa
1341 496 1404 553 in
1434 496 1734 570 praesenti
1782 514 1918 570 pars
1953 494 2278 554 materialis
2311 495 2616 572 integrans
2650 495 2999 553 sacramenti

381 591 483 646 est
527 587 870 656 satisfactio,
917 605 1068 663 qnae
1114 591 1311 644 tamen
1349 587 1562 661 utpote
1601 603 1735 659 pars
1767 585 2206 643 sacramentalis
2256 584 2320 641 in
2368 603 2475 642 sua
2526 584 2732 643 morali
2782 584 3001 642 unione

390 696 524 735 cum
555 677 759 748 forma,
804 694 936 733 cum
970 680 1108 734 actu
1137 669 1367 733 scilicet
1388 674 1662 749 judiciali
1694 674 2048 732 retentionis
2093 678 2154 731 et
2198 673 2609 743 absolutionis,
2658 673 2777 731 vim
2824 673 3002 731 etiam

389 767 571 824 habet
602 764 1082 823 sacramentalem
1105 763 1178 822 ad
1200 762 1678 822 satisfaciendum
1712 782 1782 821 ex
1815 782 1988 837 opere
2019 765 2318 838 operat0.‘
2353 763 2436 820 De
2453 781 2596 822 sacr.
2614 762 2676 820 in
2693 762 2925 839 genth.
2945 770 3000 822 4.

383 855 469 913 Cf.
502 855 815 912 Thomas
850 862 904 916 3.
937 874 993 929 p.
1028 872 1081 927 q.
1119 863 1197 914 90
1234 872 1284 910 a.
1320 862 1387 921 23
1423 851 1796 911 Palmieri
1828 852 1912 916 th.
1953 862 2047 913 14.

1493 1042 1754 1129 caput
1802 1044 1892 1111 vl.

1332 1167 1436 1232 De
1485 1168 2049 1247 indulgentiis.

359 1381 362 1382 ἦ
569 1291 829 1361 519111
876 1293 958 1357 ab
1005 1293 1181 1357 initio
1229 1292 1636 1358 manifestum
1683 1293 1781 1369 sit,
1829 1293 1982 1376 quid
2031 1292 2311 1357 Ecclesia
2361 1290 2679 1355 catholica
2740 1290 3003 1354 indul-

385 1401 856 1481 gentiarum
888 1401 1147 1464 nomine
1179 1400 1502 1480 intelligat,
1529 1400 1764 1481 juverit
1795 1399 1958 1490 illius
1991 1399 2320 1463 notionem
2354 1417 2433 1462 ex
2467 1399 2851 1463 authenticis
2884 1398 3003 1461 Ec-

381 1507 622 1571 clesiae
674 1507 1103 1571 monumentis
1156 1513 1219 1572 et
1266 1507 1538 1572 decretis
1589 1526 1829 1572 eruere.
1893 1505 2137 1586 Quibus
2187 1506 2493 1570 consultis
2510 1507 2555 1591 ²)
2619 1504 3003 1586 colligimus:

399 1617 460 1683 1.
500 1615 768 1679 Fontem
822 1614 1357 1695 indulgentiarum
1407 1632 1549 1678 esse
1601 1614 1925 1679 Ecclesiae
1972 1615 2366 1690 thesaurum,
2418 1614 2525 1695 qui
2575 1612 2877 1676 coalescit
2926 1630 3004 1675 ex

389 1721 935 1785 satisfactionibus
970 1721 1207 1785 Christi
1239 1729 1302 1786 et
1333 1729 1737 1797 sanctorum3
1771 1721 1835 1791 2.
1860 1721 2211 1786 Ecclesiam
2243 1722 2277 1783 i.
2312 1740 2363 1785 e.
2398 1739 2716 1784 summum
2749 1718 3004 1800 pontifi-

388 1847 534 1893 cem
568 1827 771 1909 primo
822 1829 1040 1909 gradu,
1088 1827 1290 1893 altero
1337 1828 1675 1909 episcopos
1721 1827 2014 1892 fidelibus
2061 1828 2382 1909 applicare
2427 1845 2621 1908 posse
2667 1827 2785 1890 has
2817 1826 3004 1889 satis-

393 1935 738 2010 factiones;
772 1936 834 2004 3.
867 1936 991 1999 hac
1025 1936 1450 2017 applicatione
1495 1935 1789 1999 fidelibus
1813 1935 1949 2016 jam
1975 1934 2335 2015 justificatis
2367 1934 2604 1997 remitti
2636 1952 2767 1997 non
2798 1932 3006 1996 solum

389 2042 821 2123 poenitentias
871 2042 1235 2118 canonicas,
1286 2043 1399 2106 sed
1445 2049 1509 2106 et
1558 2060 1805 2123 poenas
1855 2041 2258 2122 temporaleS,
2309 2058 2475 2122 quae
2522 2041 2787 2104 dimissa
2817 2038 3007 2121 culpa

395 2166 735 2230 poenaque
769 2154 1037 2213 aeterna
1089 2168 1166 2213 ex
1199 2148 1454 2212 divinae
1496 2148 1786 2230 justitiae
1838 2148 2097 2212 decreto
2147 2147 2420 2212 luendae
2472 2147 2683 2210 adhuc
2734 2147 2892 2222 sint;
2943 2153 3008 2211 et

391 2254 651 2335 quidem
682 2256 750 2321 4.
786 2255 876 2318 ita
906 2260 977 2318 ut
1005 2254 1169 2319 haec
1199 2255 1488 2319 remissio
1520 2255 1732 2317 valida
1763 2255 1847 2318 sit
1877 2254 1943 2317 in
1973 2253 2113 2318 foro
2147 2254 2395 2328 divin03
2431 2256 2495 2320 5.
2532 2254 2595 2317 in
2626 2254 2749 2317 hac
2779 2255 3004 2318 remis-

394 2361 574 2426 sione
594 2362 947 2426 consistere
969 2360 1445 2440 indulgentiam,
1467 2378 1635 2441 quae
1654 2363 1723 2428 6.
1745 2359 1942 2424 etiam
1962 2358 2242 2439 suffragii
2261 2359 2455 2422 modo
2478 2357 2784 2439 applicari
2804 2359 3007 2439 possit

385 2466 722 2531 defunctis.
761 2459 1003 2547 'Quare
1037 2467 1465 2548 indulgentiae
1497 2473 1677 2530 sunt:
1729 2466 2020 2529 remissio
2055 2463 2724 2531 extrasacramentalis
2756 2483 3006 2546 poenae

393 2569 765 2655 temporalis
798 2575 1062 2638 dimissa
1093 2574 1281 2656 culpa
1300 2574 1579 2656 peccatis
1600 2573 1875 2648 debitae,
1909 2590 2130 2636 coram
2150 2572 2284 2636 Deo
2319 2571 2545 2647 valida,
2582 2570 3007 2653 applicatione

391 2682 677 2747 thesauri
716 2682 1038 2749 Ecclesiae
1085 2702 1124 2747 a
1156 2684 1483 2763 superiore
1515 2682 1798 2763 legitimo
1834 2681 2019 2746 facta.
2083 2680 2450 2745 Notandum
2484 2689 2700 2745 tamen
2733 2685 2846 2753 est,
2880 2677 3007 2742 duo

400 2797 646 2854 tantum
679 2791 1034 2856 secundum
1066 2807 1243 2854 conc.
1277 2790 1491 2854 tride
1512 2789 1830 2854 ntinum
1862 2809 2016 2854 sess.
2051 2793 2135 2857 25
2168 2806 2310 2854 esse
2342 2787 2422 2852 de
2456 2787 2594 2863 side,
2629 2788 2758 2851 scil.
2790 2787 3008 2851 Eccle-

393 2897 558 2959 siam
589 2898 830 2963 habere
862 2905 1254 2980 potestatem
1288 2898 1681 2963 concedendi
1715 2898 2139 2978 indulgentias
2166 2898 2522 2978 harumque
2554 2914 2741 2959 usum
2772 2895 3008 2976 populo

388 3006 745 3071 christiano
780 3026 924 3072 esse
957 3007 1325 3071 salutarem.
1389 3006 1677 3086 Reliqua,
1725 3023 1893 3087 quae
1939 3023 2134 3086 supra
2181 3004 2539 3078 statuimuS,
2588 3021 2717 3065 non
2750 3000 3009 3084 quidem

393 3121 544 3177 sunt
575 3114 654 3178 de
685 3114 826 3190 fide,
873 3121 1166 3196 spectant
1215 3121 1430 3179 tamen
1476 3115 1738 3177 omnino
1788 3113 1870 3176 ad
1917 3112 2276 3177 doctrinam
2316 3111 2780 3197 catholicam2)‚
2814 3126 3008 3190 quam

393 3220 937 3300 propositionibus
969 3222 1212 3304 aliquot
1243 3220 1727 3284 vindicabimus.
2692 3229 2714 3240 ·

617 3413 650 3476 ¹)
684 3404 916 3459 Potior-a
943 3407 1284 3460 documenta
1312 3408 1449 3459 sunt
1473 3408 1578 3459 art.
1610 3412 1673 3461 12
1714 3405 1787 3457 W
1806 3406 1826 3458 i
1844 3422 1872 3458 6
1889 3406 1909 3459 l
1926 3422 1954 3459 e
1972 3407 1999 3458 f
2010 3405 2037 3458 f
2047 3404 2066 3458 i
2103 3405 2407 3459 damnatus
2432 3423 2466 3459 a
2493 3422 2648 3460 conc.
2678 3421 2705 3457 c
2723 3421 2754 3457 0
2773 3423 2806 3456 n
2829 3406 3009 3456 stan·

389 3487 420 3537 t
435 3502 456 3537 1
472 3501 501 3538 e
517 3504 555 3538 n
573 3488 652 3543 si:
678 3488 785 3539 art.
807 3490 892 3541 26.
915 3490 999 3543 27.
1021 3494 1106 3551 28,
1128 3486 1197 3539 de
1218 3485 1428 3554 quibus
1445 3503 1695 3540 errorum
1727 3486 1800 3538 W
1818 3486 1884 3540 ic
1900 3488 1920 3541 l
1936 3503 1965 3540 e
1983 3486 2079 3538 ffi
2106 3489 2163 3539 et
2190 3486 2239 3539 H
2252 3504 2290 3539 u
2304 3504 2363 3540 ss
2388 3484 2638 3555 suspecti
2658 3501 2722 3537 ex
2739 3483 3009 3537 mandato

398 3564 457 3617 M
473 3582 506 3617 a
523 3583 551 3617 r
568 3568 592 3618 t
608 3566 627 3618 i
644 3566 721 3618 ni
748 3566 815 3619 V.
843 3566 1236 3637 interrogandi
1264 3568 1400 3619 sunt
1418 3587 1429 3625 ς
1458 3582 1616 3636 prop.
1647 3573 1679 3622 6
1707 3566 1748 3619 P
1765 3584 1795 3620 e
1813 3567 1915 3619 tri
1942 3566 2263 3620 oxumeusis
2288 3583 2321 3618 a
2349 3564 2562 3619 Sixto
2594 3564 2683 3618 lV.
2711 3564 3009 3620 damnata:

395 3661 610 3699 errores
635 3646 678 3699 L
696 3665 732 3699 u
752 3647 830 3699 th
848 3646 954 3699 eri
988 3650 1192 3703 18—2‘2
1220 3662 1254 3699 a
1280 3646 1367 3700 Le
1387 3663 1417 3699 o
1436 3665 1473 3699 n
1490 3663 1520 3697 e
1545 3647 1610 3699 X.
1632 3646 1922 3705 damnati;
1950 3645 2178 3701 concilii
2206 3645 2376 3698 trid.
2403 3661 2532 3698 sess.
2561 3649 2629 3700 ‘25
2658 3643 2804 3696 decr.
2833 3642 2901 3695 de
2930 3641 3011 3694 in·

394 3725 746 3795 dulgentiis;
775 3728 918 3797 prof.
947 3726 1115 3784 trid.
1138 3747 1150 3786 ς
1178 3743 1339 3797 prop.
1369 3732 1437 3782 60
1464 3725 1591 3795 Baj
1611 3726 1649 3789 i,
1683 3733 1746 3782 16
1776 3725 1831 3778 Μ
1849 3726 2005 3780 olin
2024 3743 2114 3790 os,
2144 3744 2265 3794 syn.
2293 3725 2424 3796 pist.
2453 3730 2663 3780 40-43
2690 3724 3009 3785 damnatae,

393 3822 542 3873 quae
583 3806 827 3875 reperies
866 3806 928 3859 in
967 3806 1286 3860 enchiridio
1327 3807 1504 3874 symb.
1544 3808 1603 3858 et
1641 3805 1860 3859 definit.
1900 3807 1986 3862 ed.
2014 3806 2060 3858 D
2082 3824 2111 3860 6
2130 3825 2166 3858 11
2183 3824 2210 3857 z
2229 3806 2248 3859 i
2266 3824 2301 3857 n
2318 3824 2355 3875 g
2372 3821 2401 3858 e
2418 3822 2461 3856 r.
2514 3803 2742 3857 Potiora
2769 3802 3008 3855 decursu

394 3884 808 3954 disputationis
833 3885 1115 3939 dabimus.
1143 3885 1362 3950 Quibus
1389 3885 1534 3939 adde
1561 3886 2029 3942 constitutionem
2059 3886 2179 3940 Cle
2196 3905 2249 3939 m
2270 3902 2298 3938 e
2315 3903 2352 3938 n
2372 3884 2465 3938 tis
2493 3884 2585 3936 V1.
2612 3899 2662 3937 a.
2696 3888 2829 3938 1349
2852 3879 3008 3952 apud

394 3966 444 4019 R
461 3983 494 4019 a
510 3984 547 4034 y
565 3965 741 4020 nald
760 3986 868 4020 um
896 3967 968 4020 ad
995 3983 1045 4019 a.
1072 3974 1206 4024 1349
1233 3985 1287 4019 n.
1321 3976 1376 4022 ll
1411 3971 1468 4020 et
1494 3968 1646 4020 intra
1673 3966 1977 4037 Extravag.
2005 3983 2330 4023 communes
2356 3966 2392 4019 l.
2423 3974 2452 4019 5
2481 3964 2568 4017 tit.
2593 3968 2625 4017 9
2645 3978 2692 4016 6.
2721 3958 3010 4029 ‚Unigeni-

396 4050 504 4100 tus‘
535 4055 598 4103 2:
625 4048 699 4102 cf.
724 4065 781 4099 n.
809 4052 926 4103 520.
981 4046 1063 4102 Cf.
1092 4046 1375 4100 Palmie
1393 4048 1454 4100 ri
1480 4047 1549 4101 de
1577 4045 1790 4117 poenit.
1817 4049 2065 4117 append.
2093 4047 2161 4100 de
2188 4046 2411 4115 indulg.
2438 4054 2465 4111 ξ
2497 4051 2541 4098 1.

612 4130 652 4195 ²)
683 4124 865 4189 Quare
893 4126 1084 4178 minus
1111 4124 1254 4178 bene
1280 4128 1340 4179 et
1362 4127 1623 4178 accurate
1650 4123 1850 4178 scribit
1877 4125 1927 4178 H
1945 4126 2063 4179 old
2080 4142 2109 4178 6
2127 4143 2165 4177 n
2192 4124 2252 4177 in
2279 4122 2505 4191 analysi
2530 4121 2661 4175 fidei
2682 4121 2719 4173 l.
2737 4128 2767 4173 2
2785 4129 2812 4186 5
2829 4127 2861 4176 3
2887 4136 2932 4172 6.
2950 4126 3009 4175 6:

399 4204 629 4265 „Cetera
657 4204 849 4259 omnia
875 4207 1122 4275 (praeter
1146 4204 1266 4268 illa,
1292 4221 1440 4272 quae
1466 4204 1716 4258 diximus
1742 4204 1813 4258 de
1842 4205 1949 4259 fide
1976 4209 2113 4276 esse)
2141 4204 2317 4258 dubia
2339 4205 2475 4256 sunt
2500 4205 2557 4254 et
2580 4219 2614 4252 a
2643 4199 2927 4269 theologis
2948 4199 3009 4252 in

399 4286 699 4353 utramque
726 4288 945 4354 partem
970 4283 1221 4355 agitata:
1248 4283 1534 4348 nimirum,
1561 4301 1636 4338 an
1663 4284 1739 4338 sit
1763 4286 2064 4338 thesaurus
2091 4284 2303 4351 aliquis
2329 4281 2661 4337 meritorum
2682 4282 2740 4332 et
2759 4279 3008 4332 satisfac-

396 4364 622 4419 tionum
649 4363 711 4418 in
736 4363 1003 4428 Ecclesia,
1032 4366 1195 4434 cujus
1222 4364 1640 4435 dispensatores
1666 4364 1785 4418 sint
1809 4363 2031 4418 romani
2059 4363 2356 4432 pontifices
2410 4363 2468 4414 et
2491 4359 2700 4428 reliqui
2728 4359 3009 4413 Ecclesiae

397 4446 680 4513 pastores:
707 4461 781 4497 an
807 4461 1008 4514 poena,
1036 4461 1183 4512 quae
1210 4461 1278 4498 ex
1307 4450 1510 4498 natura
1537 4446 1620 4498 rei
1646 4450 1702 4499 et
1729 4461 1918 4499 coram
1945 4443 2061 4499 Deo
2102 4443 2372 4498 solvenda
2399 4443 2476 4496 sit
2500 4458 2602 4511 pro
2630 4442 2861 4511 peccato
2889 4440 3009 4493 sive

398 4541 474 4593 pu
483 4524 647 4589 blico,
665 4523 783 4578 sive
799 4527 1028 4589 secret0,
1049 4524 1228 4595 possit
1241 4526 1315 4578 ab
1332 4526 1445 4580 alio
1463 4541 1807 4594 quocunque
1823 4525 2066 4595 impleri,
2085 4541 2256 4593 quam
2273 4525 2346 4577 ab
2361 4524 2608 4593 ipsomet
2621 4524 2914 4593 peccatore
2932 4562 2944 4575 .
2965 4561 2977 4573 .
2996 4561 3009 4573 .

398 4602 478 4656 De
504 4604 708 4674 poenis
732 4608 924 4658 autem
953 4605 1276 4675 purgatorii
1301 4605 1588 4659 solvendis
1627 4604 1831 4672 majori
1874 4605 2042 4673 longe
2070 4604 2475 4658 incertitudine
2502 4604 2875 4672 disputantur
2902 4601 3009 4654 hae

396 4683 774 4751 quaestiones,
800 4684 941 4738 adeo
970 4687 1037 4738 ut
1061 4700 1126 4738 ex
1153 4685 1262 4739 fide
1288 4684 1487 4738 divina
1513 4687 1571 4737 et
1595 4684 1877 4739 catholica
1903 4700 2018 4737 non
2047 4686 2282 4747 constet,
2309 4700 2383 4736 an
2401 4701 2501 4753 per
2527 4699 2898 4751 quascunque
2925 4682 3009 4734 in-

390 4761 723 4832 dulgentias
750 4766 856 4816 aut
880 4763 1059 4817 levari
1084 4767 1188 4817 aut
1212 4763 1427 4818 remitti
1452 4763 1675 4834 possint
1700 4763 2031 4831 hujusmodi
2067 4779 2300 4835 poenae,
2327 4779 2475 4832 quae
2502 4779 2687 4816 coram
2718 4760 2833 4814 Deo
2861 4764 2918 4813 et
2944 4777 3007 4813 ex

2578 4862 2671 4913 32·
