3538 5364
1386 268 1509 324 sine
1534 268 1723 339 gratia
1749 268 1936 323 factis.
2882 274 2968 340 55

516 463 619 518 62.
652 451 1208 519 Demonstratio
1239 469 1307 535 ι).
1339 451 1446 518 II.
1513 454 1681 514 Ultro
1726 452 2104 513 concedimus
2137 454 2388 513 concilia
2416 457 2480 513 et
2509 458 2709 530 patres
2741 453 2998 525 docere‚.

335 561 444 603 nos
477 544 612 602 sine
642 544 844 621 gratia
874 543 1079 604 nihil
1106 544 1246 604 boni
1279 562 1469 621 posse.
1537 545 1756 604 Verum
1786 544 2109 620 respondet
2138 562 2181 603 s.
2213 544 2775 603 Bonaventura
2811 543 2877 602 in
2912 552 2968 607 2.

336 632 473 695 dist.
513 641 596 695 28
644 653 699 691 a.
734 642 770 695 2
820 652 877 709 q.
920 643 991 697 3:
1041 634 1404 708 ,Propterea
1448 633 1644 693 dicere
1689 636 1944 701 sanctos,
1993 631 2155 708 quod
2201 650 2277 691 ne
2327 632 2605 710 cogitare,
2655 650 2764 691 nec
2814 631 2966 691 velle

336 722 533 797 possit
565 722 744 782 homo
774 722 1001 782 bonum
1032 722 1254 799 absque
1278 722 1589 799 juvamine
1608 722 1845 782 divinae
1865 723 2112 799 matisc,
2147 723 2287 798 quia
2318 722 2657 797 loquuntur
2688 721 2761 779 de
2792 721 2967 796 bone,

336 811 671 870 secundum
704 812 867 888 quod
897 815 992 870 est
1021 811 1359 871 ordinatum
1390 812 1463 871 ad
1508 812 1937 888 assequendam
1971 810 2424 881 beatitudinem,
2443 818 2471 849 ¹
2519 810 2646 871 scil.
2695 810 2768 869 de
2813 809 2968 869 bono

337 901 693 959 salutari
724 903 788 959 et
817 900 1136 960 meritorio.
1202 900 1282 960 cf.
1316 901 1596 961 Suarez
1626 902 1672 972 1,
1710 909 1811 965 20.

516 990 805 1065 Major-em
850 989 1264 1057 difficultatem
1308 990 1554 1066 praebet
1595 1008 1721 1049 can.
1758 998 1839 1052 22
1887 1007 2046 1050 conc.
2093 988 2543 1048 arausicani
2589 988 2674 1046 11:
2727 987 2959 1057 ,Nemo

336 1078 519 1137 habet
552 1079 629 1136 de
661 1096 770 1138 suo
801 1077 921 1137 nisi
950 1079 1323 1138 mendacium
1353 1083 1417 1140 et
1445 1082 1771 1156 peccatum.
1820 1079 1880 1137 Si
1914 1078 2059 1154 quid
2081 1080 2280 1136 autem
2301 1077 2475 1136 homo
2495 1077 2675 1136 habet
2693 1077 2967 1136 veritatis

337 1169 443 1226 aut
465 1167 763 1243 justitiae,
798 1168 873 1226 ab
904 1167 1010 1227 illo
1039 1167 1204 1227 fonte
1235 1172 1346 1237 est,
1380 1187 1558 1245 quem
1577 1166 1865 1227 debemus
1898 1167 2066 1226 sitire
2098 1166 2164 1225 in
2195 1166 2302 1224 hac
2332 1184 2530 1226 eremo
2562 1170 2716 1226 etc.‘
2759 1166 2966 1225 Multi-

335 1258 473 1333 plex
506 1260 606 1316 est
635 1256 1052 1334 theologorum
1083 1257 1155 1316 de
1186 1257 1430 1317 canonis
1463 1275 1644 1318 sensu
1676 1257 1992 1319 sententia.
2059 1256 2216 1315 Sunt
2244 1256 2403 1314 enim

525 1341 588 1410 l.
622 1345 729 1420 qui
759 1365 896 1404 eum
928 1346 1229 1421 explicent
1258 1349 1331 1407 ut
1363 1347 1621 1418 effatum,
1656 1364 1834 1422 opera
1863 1345 2192 1405 infidelium
2226 1363 2354 1404 esse
2385 1346 2623 1420 peccata
2652 1364 2711 1403 n.
2750 1354 2849 1408 55.

519 1431 591 1497 2.
624 1438 780 1495 Sunt
824 1435 932 1512 qui
977 1436 1197 1505 dicant,
1245 1454 1528 1495 canonem
1568 1453 1697 1494 esse
1742 1434 2142 1506 verissimum,
2189 1452 2322 1493 cum
2356 1434 2539 1493 etiam
2571 1452 2749 1510 opera
2778 1433 2971 1492 ethice

342 1523 503 1582 bona
533 1524 676 1599 plus
707 1526 909 1583 minus
937 1526 1059 1583 Deo
1090 1524 1352 1583 adscribi
1384 1523 1655 1606 debeant,
1690 1524 1885 1584 solum
1915 1527 2221 1601 peccatum
2252 1523 2333 1582 sit
2372 1526 2674 1582 nostrum:
2721 1525 2969 1582 eatenus

341 1612 503 1670 enim
535 1631 870 1688 peccamus,
917 1616 1213 1690 quatenus
1262 1632 1469 1674 sumus
1502 1612 1902 1674 defectibiles:
1954 1613 2086 1672 ideo
2137 1631 2274 1671 vero
2324 1630 2533 1672 sumus
2585 1610 2968 1682 defectibileS,

343 1701 491 1776 quia
521 1720 594 1759 ex
628 1701 835 1771 nihilo,
872 1703 1032 1777 quod
1060 1702 1236 1762 nobis
1266 1706 1361 1762 est
1391 1703 1717 1780 proprium,
1751 1704 1823 1763 ut
1853 1705 1920 1766 τὸ
1952 1720 2082 1762 esse
2112 1701 2249 1760 Deo,

523 1805 594 1871 3.
629 1810 786 1868 Sunt
817 1810 924 1884 qui
971 1813 1198 1883 notent,
1247 1814 1444 1888 patres
1479 1816 1688 1870 contra
1717 1810 2061 1887 pelagianos
2092 1810 2450 1869 disserentes
2482 1808 2700 1883 duplex
2731 1810 2971 1866 tantum

342 1902 596 1957 actuum
626 1917 819 1976 genus
851 1918 989 1974 prae
1021 1900 1211 1959 oculis
1244 1901 1489 1962 habere:
1536 1918 1636 1960 eos
1667 1899 1909 1969 scilicet,
1959 1899 2065 1975 qui
2097 1899 2191 1958 vel
2223 1899 2293 1958 ad
2329 1897 2583 1957 salutem
2615 1897 2966 1965 conducant,

338 1987 438 2045 vel
470 1988 547 2045 ab
580 2006 648 2046 ea
678 1991 966 2059 avertant,
999 1989 1219 2048 omissa
1247 1990 1489 2049 interim
1521 1988 1991 2048 consideratione
2021 1992 2263 2047 actuum
2295 1986 2487 2045 ethice
2517 1986 2828 2057 bonorum,
2862 1984 2967 2062 qui

337 2080 555 2152 utpote
590 2080 825 2151 praeter
853 2077 1012 2136 viam
1043 2078 1229 2138 relate
1274 2078 1348 2137 ad
1394 2079 1572 2138 finem
1618 2078 2135 2154 supernaturalem
2168 2076 2337 2135 velut
2367 2075 2773 2135 indifferentes
2807 2077 2966 2133 sunt.

340 2164 472 2234 Qua
503 2165 827 2241 partitione
859 2166 1171 2243 supposita
1203 2168 1353 2226 nihil
1384 2169 1583 2227 verius
1614 2186 1855 2226 canone.
1902 2166 1983 2229 Cf.
2015 2167 2390 2235 Fontana‚
2425 2163 2592 2223 bulla
2611 2163 2971 2241 Unigenitus

338 2254 601 2331 theolog.
634 2259 1008 2332 propugnata
1037 2257 1102 2314 in
1132 2274 1301 2333 prop.
1335 2267 1415 2320 40
1451 2277 1497 2318 c.
1534 2266 1589 2319 2.

519 2357 593 2424 4.
628 2361 782 2420 Sunt
812 2361 913 2438 qui
949 2380 1084 2420 cum
1116 2361 1442 2437 Ripalda
1472 2362 1527 2420 d.
1551 2370 1630 2424 20
1667 2360 2042 2431 contendant,
2076 2359 2140 2418 in
2170 2360 2470 2436 praesenti
2501 2359 2722 2428 ordine,
2758 2361 2970 2433 utpote

343 2450 811 2526 supernaturali,
847 2469 1052 2509 revera
1070 2469 1273 2509 omnes
1306 2455 1476 2510 actus
1508 2469 1635 2509 esse
1667 2451 1761 2509 vel
1795 2468 1822 2508 s
1841 2449 1966 2509 alu
1984 2453 2106 2507 tar
2122 2468 2153 2507 e
2170 2468 2197 2507 s
2230 2450 2328 2507 vel
2359 2468 2417 2506 m
2435 2449 2505 2507 al
2523 2466 2557 2507 o
2574 2466 2620 2517 s,
2655 2465 2792 2506 cum
2812 2448 2971 2506 Deus

337 2540 543 2609 toties,
582 2539 817 2615 quoties
850 2538 1024 2598 homo
1055 2539 1205 2598 bene
1225 2539 1452 2616 operari
1475 2539 1638 2610 velit,
1672 2539 1868 2616 gratia
1898 2557 2008 2597 sua
2038 2538 2209 2597 adsit.
2244 2538 2400 2597 Hinc
2421 2540 2588 2596 actus
2610 2537 2795 2595 bonos
2817 2554 2969 2595 sem-

341 2648 450 2704 per
479 2646 613 2688 esse
644 2627 1064 2689 adscribendos
1096 2628 1340 2708 gratiae,
1374 2629 1561 2689 malos
1594 2628 1709 2705 ipsi
1742 2627 2001 2689 homini:
2052 2628 2319 2704 hancque
2351 2626 2640 2686 theoriam
2685 2625 2816 2701 ipso
2861 2625 2973 2684 hoc

342 2737 573 2777 canone
606 2719 849 2794 probari
880 2718 1218 2793 opinantur,

522 2821 588 2888 5.
620 2825 890 2900 Denique
910 2843 1016 2901 pro
1037 2825 1335 2884 solutione
1356 2825 1729 2884 difficultatis
1748 2823 1865 2884 dici
1890 2828 2088 2900 potest
2109 2825 2263 2883 illud
2296 2824 2388 2894 ‚de
2420 2831 2545 2884 suo‘
2579 2816 2737 2883 sumi
2769 2817 2974 2886 in'hoc

344 2932 568 2973 canone
601 2917 665 2972 et
693 2914 915 2990 passim
945 2915 1019 2972 ab
1050 2914 1534 2992 Augustino,
1580 2933 1650 2973 ex
1694 2933 1813 2991 quo
1845 2917 2124 2990 sumptus
2158 2916 2252 2972 est
2282 2931 2470 2973 canon
2502 2909 2601 2995 (tr.
2640 2924 2672 2976 5
2708 2914 2771 2972 in
2803 2913 2973 2975 Joan.

341 3023 401 3066 n.
442 2999 525 3084 1),
566 3021 751 3062 sensu
781 3003 1217 3074 contrario,
1265 3006 1337 3063 ut
1382 3003 1769 3081 significetur,
1806 3002 2103 3062 hominem
2138 3021 2278 3061 sane
2310 3003 2572 3074 deficere,
2621 3003 2673 3062 si
2720 3022 2783 3062 se
2829 3004 2974 3062 sub·

341 3092 547 3150 trahat
578 3092 788 3150 ductui
821 3091 1023 3151 divino
1069 3110 1295 3168 suaque
1340 3092 1652 3151 voluntate
1695 3112 1731 3150 a
1776 3091 1979 3150 divina
2021 3091 2390 3167 emancipata
2434 3095 2494 3151 et
2537 3093 2973 3172 independente

346 3181 473 3258 regi
504 3181 673 3239 velit.
719 3180 881 3258 Quae
914 3180 1331 3257 interpretatio
1362 3181 1601 3258 egregie
1634 3180 2020 3240 confirmatur
2051 3200 2121 3240 ex
2153 3180 2350 3240 verbis
2385 3200 2431 3239 s.
2464 3180 2723 3241 doctoris
2757 3181 2830 3240 de
2862 3182 2974 3241 civ.

344 3270 451 3328 Dei
482 3269 635 3339 xlv,
673 3279 710 3332 4
743 3288 802 3327 n.
845 3281 896 3340 1,
930 3288 1081 3347 quae
1113 3269 1520 3329 commentarii
1556 3270 1749 3329 instar
1781 3272 1956 3328 sunt:
2007 3270 2198 3339 ,Cum
2243 3270 2397 3329 vivit
2440 3271 2614 3330 homo
2647 3271 2974 3330 secundum

344 3359 679 3432 veritatem,
713 3377 836 3417 non
867 3359 1020 3417 vivit
1053 3358 1380 3418 secundum
1415 3359 1695 3435 seipsum,
1730 3358 1832 3418 sed
1868 3358 2197 3419 secundum
2228 3360 2449 3428 Deum;
2497 3359 2656 3419 Deus
2689 3363 2783 3418 est
2812 3361 2970 3419 enim

345 3447 450 3523 qui
483 3447 669 3506 dixit:
700 3448 827 3523 Eyo
858 3466 988 3506 sum
1019 3450 1248 3506 veritas.
1294 3448 1438 3507 Cum
1470 3467 1610 3507 vero
1642 3447 1796 3507 vivit
1827 3448 2156 3508 secundum
2176 3449 2441 3524 seipsum
2473 3449 2527 3508 h.
2560 3468 2608 3508 e.
2643 3448 2973 3507 secundum

346 3537 665 3614 hominem,
699 3554 821 3595 non
854 3536 1179 3595 secundum
1199 3538 1407 3607 Deum,
1443 3538 1704 3613 profecto
1737 3538 2066 3596 secundum
2099 3538 2473 3596 mendacium
2505 3538 2656 3596 vivit
2687 3581 2700 3595 .
2733 3581 2747 3595 .
2782 3582 2794 3595 .
2829 3537 2972 3613 quia

348 3622 520 3684 homo
552 3625 640 3683 ita
672 3624 865 3685 factus
897 3628 992 3684 est
1020 3628 1232 3697 rectuS,
1278 3631 1349 3684 ut
1392 3645 1514 3686 non
1545 3627 1871 3685 secundum
1904 3626 2186 3702 seipsum,
2236 3626 2339 3685 sed
2374 3627 2700 3686 secundum
2734 3646 2891 3696 eum,
2939 3646 2973 3684 a

346 3732 464 3790 quo
497 3714 691 3773 factus
723 3717 832 3786 est,
865 3715 1111 3787 viveret,
1144 3715 1184 3775 i.
1216 3734 1266 3778 e.
1299 3715 1467 3774 illius
1500 3715 1705 3791 potius
1737 3735 1917 3792 quam
1949 3735 2118 3774 suam
2147 3715 2366 3774 faceret
2397 3715 2801 3784 voluntatem3
2851 3734 2974 3773 non

345 3807 545 3862 autem
578 3803 664 3861 ita
692 3804 914 3877 vivere,
949 3804 1441 3879 quemadmodum
1476 3804 1669 3863 factus
1715 3809 1810 3863 est
1854 3807 1924 3864 ut
1966 3805 2210 3874 viveret,
2257 3804 2367 3863 hoc
2412 3807 2506 3862 est
2535 3804 2968 3862 mendacium.‘

347 3893 427 3952 ef.
478 3892 907 3964 Scheeben,
953 3893 1057 3967 qui
1104 3888 1135 3957 ἓ
1173 3902 1295 3957 298
1348 3894 1640 3971 sagaciter
1670 3893 1822 3952 hanc
1851 3893 2409 3969 interpretationem
2441 3896 2682 3963 tuetur-3
2730 3892 2971 3951 Ernst

347 3981 384 4039 l.
417 3999 465 4043 c.
497 3984 561 4040 et
593 3981 874 4041 zeitschr.
905 3981 1005 4040 fiir
1034 3982 1089 4041 k.
1110 3982 1308 4041 Theol.
1340 3992 1503 4046 1895
1541 4002 1596 4058 p.
1629 3992 1743 4046 17⁷
1780 4001 1857 4041 ss.
1890 3983 1996 4058 qui
2027 4000 2150 4044 can.
2170 3982 2424 4058 explicat
2450 3981 2779 4040 secundum
2813 3981 2971 4039 dicta

347 4089 403 4130 n.
440 4080 519 4133 56
556 4089 634 4142 s.;
667 4070 911 4129 Faure
941 4071 1013 4129 ad
1045 4071 1281 4129 Euchir.
1314 4090 1363 4133 s.
1394 4072 1717 4149 Augustini
1751 4090 1798 4130 c.
1839 4082 1957 4134 105
1995 4090 2071 4132 ss.

526 4203 628 4257 63.
661 4190 1207 4259 Demonstratlo
1255 4211 1325 4276 p.
1372 4192 1517 4258 III.
1584 4195 1866 4272 Legimus
1912 4194 2069 4270 apud
2115 4194 2651 4270 Augustinum
2696 4193 2970 4270 proposi-

348 4283 558 4356 tiones,
592 4303 745 4360 quae
776 4284 873 4342 vix
905 4284 1140 4343 differre
1171 4284 1489 4343 videantur
1518 4303 1552 4342 a
1585 4302 1747 4360 prop.
1773 4294 1850 4347 27
1887 4285 1988 4342 Ba
1995 4284 2019 4358 j
2041 4283 2092 4341 i:
2131 4283 2455 4352 ,Liberum
2487 4283 2806 4342 arbitrium
2840 4283 2970 4342 sine

348 4372 452 4431 Dei
485 4372 787 4449 adjutorio
818 4373 1060 4432 nonnisi
1091 4374 1165 4431 ad
1195 4373 1556 4449 peccandum
1588 4374 1806 4435 valet.‘
1875 4373 1968 4431 Ita
2013 4373 2173 4432 enim
2218 4392 2305 4432 ex.
2351 4393 2439 4450 gr.
2473 4373 2684 4431 scribit
2715 4391 2805 4449 ep.
2846 4382 2966 4436 168

349 4480 406 4520 n.
436 4472 549 4525 47:
599 4462 768 4531 ,Sine
803 4481 922 4538 qua
954 4458 1199 4544 (gratia)
1233 4481 1339 4522 nos
1373 4462 1647 4533 dicimus,
1681 4462 1751 4519 ad
1785 4481 1904 4520 non
1937 4462 2301 4538 peccandum
2331 4462 2485 4521 nihil
2517 4462 2845 4521 voluntatis
2875 4481 2969 4519 ar-

350 4550 597 4610 bitrium
630 4552 902 4622 valer03‘
948 4551 1022 4610 de
1068 4552 1289 4628 spiritu
1319 4554 1381 4610 et
1412 4551 1499 4613 lit.
1534 4570 1581 4610 c.
1618 4562 1652 4614 3
1686 4570 1743 4610 n.
1783 4562 1851 4614 5:
1899 4551 2096 4621 ,Nam
2139 4570 2333 4626 neque
2366 4551 2624 4609 liberum
2656 4551 2972 4609 arbitrium

357 4640 649 4716 quidquid
680 4639 801 4699 nisi
850 4641 923 4700 ad
954 4637 1316 4717 peccandum
1351 4642 1530 4712 valet,
1578 4641 1630 4698 si
1676 4641 1860 4699 lateat
1905 4640 2179 4700 veritatis
2217 4641 2387 4708 via3‘
2436 4642 2640 4699 contra
2684 4638 2832 4698 duas
2881 4657 2969 4714 ep.

356 4729 539 4806 pelag.
585 4729 624 4793 l.
675 4739 711 4792 3
752 4748 797 4788 c.
836 4739 870 4793 8
906 4749 963 4788 n.
1001 4738 1113 4792 24:
1167 4730 1481 4799 ,Liberum
1517 4730 1833 4790 arbitrium
1863 4730 2229 4805 captivatum
2259 4729 2498 4787 nonnisi
2547 4728 2618 4786 ad
2663 4732 2969 4803 peccatum
