3538 5364
890 305 1089 361 Thesis
1116 306 1455 360 CCXXXIV.
1482 307 1686 361 Missae
1714 305 2055 360 sacrificium
2083 305 2379 376 probatur.
2809 315 2938 378 385

321 493 441 553 nisi
473 492 868 552 caeremoniae
899 491 1205 551 ordinatae
1235 491 1309 550 ad
1340 494 1711 569 majestatem
1750 496 1813 550 et
1857 491 2311 550 declarationem
2344 490 2612 550 sacrificii
2644 510 2677 549 a
2708 492 2941 551 Christo

322 582 613 652 instituti,
658 581 1000 639 nullatenus
1030 580 1408 651 sacrificium;
1460 581 1601 657 quia
1647 599 1766 640 non
1812 580 1987 639 modo
2032 580 2200 639 deest
2242 579 2546 639 institutio
2591 580 2655 638 in
2699 582 2940 658 signum

324 671 671 741 sacrificum,
705 670 806 728 sed
836 669 991 728 facta
1011 670 1133 745 jam
1164 669 1459 729 divinitus
1479 662 1861 729 inetitutione
1879 670 2059 728 unius
2088 669 2355 728 sacrificii
2384 669 2783 728 excluduntur
2814 689 2939 729 om-

323 779 431 820 nes
461 760 610 819 aliae
642 758 970 817 oblationes
1002 777 1037 816 a
1066 758 1297 817 ratione
1329 759 1595 818 sacrificii
1612 755 1677 842 ι).
1741 757 2113 835 Quapropter
2156 777 2351 834 neque
2395 758 2460 816 in
2505 762 2800 834 potestate
2831 758 2939 817 Ec-

325 849 532 908 clesiae
564 852 659 907 est
689 847 1004 907 instituere
1037 847 1333 906 sacrificia.
1399 848 1481 910 Cf.
1517 848 1739 907 Sasse
1773 847 1817 919 Ι,
1851 847 1936 906 th.
1968 847 2117 910 XIX.

432 970 441 979 ’
503 986 939 1055 403.·Τ11θ818
971 985 1424 1056 CCXXXIV.
1476 1008 1913 1063 Traditionis
1950 1006 2294 1071 suffr-aulo
2331 1006 2583 1058 invicte
2622 1018 2940 1071 compro-

324 1097 540 1149 batur
574 1097 1040 1150 eucharistiae
1077 1097 1537 1152 celebratione
1562 1110 1809 1150 verum
1828 1097 2348 1163 propriamque
2375 1093 2523 1148 Deo
2550 1094 2798 1159 offerri
2827 1107 2942 1147 sa-

328 1188 699 1251 orificium.

507 1308 950 1376 Declaratio.
1004 1303 1321 1372 Statuitur
1351 1306 1549 1371 thesis
1581 1305 1933 1386 generatim
1965 1311 2192 1368 contra
2223 1310 2571 1370 novatores
2604 1324 2728 1369 sec.
2761 1305 2940 1383 XVI..

328 1416 439 1498 qui
470 1415 762 1499 quamvis
793 1413 1063 1478 subinde
1089 1414 1481 1495 permittant,
1526 1419 1597 1476 ut
1628 1412 2054 1477 eucharistiae
2087 1411 2434 1478 celebratio
2467 1412 2695 1476 laxiori
2726 1419 2791 1478 et
2820 1412 2943 1476 im-

326 1522 590 1603 proprio
623 1539 820 1585 sensu
852 1520 1102 1585 dicatur
1131 1519 1532 1596 sacrificium,
1564 1526 1637 1583 ut
1668 1518 1990 1602 quaelibet
2021 1519 2367 1600 gratiarum
2400 1519 2571 1583 actio
2606 1515 2707 1584 vel
2741 1519 2943 1585 virtu-

327 1628 411 1692 tis
443 1636 657 1694 actus:
708 1627 978 1692 unisone
1029 1632 1092 1690 et
1141 1625 1530 1690 clamoribus
1580 1644 1729 1691 vere
1779 1624 2120 1688 inconditis
2164 1625 2461 1689 sacrificii
2505 1624 2762 1707 proprie
2793 1626 2946 1690 dicti

327 1735 704 1816 dignitatern
734 1740 799 1800 et
829 1734 1145 1799 rationem
1186 1732 1272 1796 illi
1304 1733 1640 1814 denegant,
1675 1738 1739 1796 et
1768 1732 1938 1797 hanc
1969 1731 2291 1797 Ecclesiae
2322 1732 2681 1798 catholicae
2715 1733 2945 1797 totius-

329 1862 455 1924 que
505 1840 902 1924 antiquitatis
951 1839 1142 1906 fidem
1192 1839 1737 1904 abominationem
1790 1844 2041 1902 vocant.
2105 1837 2193 1902 Cs.
2245 1834 2572 1903 Oswald
2617 1838 2653 1903 l.
2685 1856 2738 1903 c.
2772 1842 2806 1925 ξ
2841 1845 2943 1908 24.

330 1948 574 2013 Contra
604 1967 766 2032 quos
799 1949 1139 2014 concilium
1171 1948 1347 2012 trid.
1381 1947 1617 2027 dogma
1649 1946 2037 2010 catholicum
2070 1945 2150 2010 de
2182 1944 2456 2012 veritate
2477 1946 2771 2011 sacrificii
2792 1949 2944 2011 mis-

327 2074 445 2122 sae
474 2074 629 2121 sess,
663 2062 747 2125 22
780 2064 1054 2140 quatuor
1086 2061 1301 2121 tuetur
1330 2054 1705 2130 canonibuS,
1746 2072 2023 2137 quorum
2062 2060 2115 2121 1.
2148 2054 2240 2118 ita
2272 2053 2499 2120 habet:
2539 2053 2643 2130 ,Si
2676 2057 2816 2139 quis
2850 2057 2945 2120 di-

329 2163 514 2241 xerit,
545 2162 613 2226 in
642 2163 841 2227 missa
872 2181 1004 2227 non
1036 2163 1248 2228 offerri
1280 2162 1414 2226 Deo
1446 2179 1669 2226 verum
1718 2168 1784 2227 et
1833 2160 2161 2243 proprium
2195 2160 2596 2240 sacrificium,
2631 2169 2744 2227 aut
2774 2164 2947 2247 quod

332 2269 545 2335 offerri
578 2288 709 2333 non
740 2271 823 2334 sit
853 2269 1041 2346 aliud,
1075 2288 1271 2352 quam
1303 2268 1491 2333 nobis
1523 2267 1848 2332 Christum
1881 2268 1965 2331 ad
1997 2268 2519 2332 manducandum
2553 2270 2710 2347 dari,
2745 2270 2816 2334 A.
2839 2268 2939 2334 S.‹

330 2376 522 2441 Miss
540 2394 631 2440 ae
664 2385 881 2442 autem
913 2376 1171 2441 nomine
1204 2375 1608 2456 intelligimus
1638 2374 2140 2441 celebrationem
2173 2375 2606 2442 eucharistiae
2626 2377 2749 2441 sub
2770 2385 2947 2442 utra-

331 2502 458 2566 que
487 2483 701 2565 specie
732 2484 1083 2548 secundum
1129 2482 1323 2547 ritum
1356 2501 1396 2546 a
1427 2480 1680 2547 Christo
1730 2483 2090 2547 institutum
2140 2488 2205 2546 et
2233 2481 2575 2568 [Ecclesiae
2626 2483 2949 2560 traditum,

331 2610 481 2655 cum
513 2591 701 2655 dixit:
734 2588 874 2654 Hoc
903 2591 1097 2672 facite
1129 2592 1197 2653 in
1226 2609 1428 2654 meam
1460 2591 2095 2653 commemorationem
2126 2588 2274 2652 Luc.
2313 2594 2415 2665 22,
2458 2593 2561 2664 19,
2600 2609 2792 2673 quem
2829 2590 2949 2654 Ec-

331 2698 529 2763 clesia
558 2717 674 2780 pro
706 2705 1028 2780 potestate
1073 2697 1195 2761 sibi
1244 2698 1480 2761 tradita
1524 2697 1791 2779 adjectis
1836 2696 2032 2761 variis
2075 2696 2371 2777 precibus
2418 2703 2480 2761 et
2527 2700 2948 2763 caeremoniis

331 2805 787 2869 solemniorem
817 2805 1107 2870 reddidit.

515 2945 661 2997 404.
693 2934 924 2993 Nomen
954 2939 1155 2994 autem
1185 2935 1400 2993 missae
1430 2933 1522 2993 illi
1554 2934 1748 2993 haesit
1766 2934 2092 2993 secundum
2111 2934 2342 3010 aliquos
2376 2954 2444 2994 ex
2476 2935 2759 2995 formula:
2800 2936 2946 3008 ‚Ite,

332 3024 518 3083 missa
548 3024 585 3082 i.
618 3042 666 3084 e.
711 3023 930 3093 missi0,
977 3024 1242 3082 dimissio
1276 3022 1503 3106 (coetus
1535 3042 1640 3082 seu
1672 3019 2024 3104 conventus)
2056 3025 2211 3094 est,‘
2258 3043 2377 3098 qua
2420 3023 2614 3082 eidem
2659 3024 2794 3084 finis
2838 3026 2950 3084 im-

333 3113 668 3191 ponebatur
699 3108 844 3194 (qua
874 3113 1101 3171 ratione
1133 3114 1315 3171 missa
1346 3132 1451 3187 pro
1483 3112 1778 3171 defunctis
1809 3112 2035 3172 dicitur
2064 3112 2363 3187 Requiem,
2407 3133 2441 3170 a
2472 3131 2613 3172 voce
2645 3114 2950 3192 Requiem‚

334 3222 457 3279 qua
484 3202 713 3278 incipit,
759 3205 820 3260 et
851 3202 1030 3260 missa
1059 3202 1354 3261 adventus
1387 3197 1655 3283 Rorate):
1703 3220 1883 3278 quam
1915 3204 2116 3259 tamen
2148 3201 2507 3260 sententiam
2539 3203 2855 3280 impugnat
2885 3205 2953 3263 D.

335 3291 542 3349 Mark
586 3291 649 3349 in
693 3310 891 3368 progr.
923 3291 1232 3368 Ursprung
1262 3289 1387 3348 und
1421 3290 1778 3367 Bedeutung
1808 3289 1910 3349 des
1941 3290 2173 3348 Wortes
2203 3291 2398 3360 missa,
2450 3291 2726 3351 Brixinae
2766 3302 2951 3362 1883,

334 3380 400 3438 in
431 3399 550 3455 quo
583 3380 851 3438 ostendit
881 3380 990 3439 hoc
1020 3399 1235 3438 nomen
1267 3378 1522 3438 derivari
1554 3398 1589 3437 a
1621 3379 1803 3438 verbo
1833 3379 2181 3449 mittere,
2222 3380 2380 3455 quod
2414 3381 2593 3438 etiam
2625 3382 2783 3456 apud
2815 3401 2952 3441 auc-

334 3473 496 3528 tores
529 3469 799 3528 classicos
830 3469 1083 3528 subinde
1115 3468 1409 3546 significat
1428 3469 1720 3544 perficere,
1756 3467 2069 3538 celebrare,
2103 3467 2309 3539 dicare,
2344 3487 2590 3539 sacrare,
2622 3471 2829 3529 offerre
2862 3490 2954 3529 sa-

337 3557 640 3617 crificium.
704 3558 867 3617 Licet
897 3563 1099 3617 autem
1129 3557 1572 3616 substantivum
1602 3557 1788 3616 missa
1816 3558 1968 3616 sorte
1998 3556 2257 3633 primum
2302 3557 2367 3615 in
2412 3559 2650 3634 scriptis
2697 3578 2742 3619 s.
2787 3562 2956 3618 Am-

336 3646 589 3705 brosii
624 3639 742 3730 (ep.
777 3656 857 3709 20
894 3651 955 3705 et
986 3665 1159 3711 serm.
1196 3642 1304 3727 25)
1337 3649 1624 3716 occurrat,
1674 3646 1942 3722 potuisse
1988 3645 2142 3704 illud
2178 3646 2302 3721 jam
2348 3646 2516 3721 prius
2563 3647 2721 3723 apud
2753 3647 2956 3707 fideles

337 3753 465 3794 esse
496 3735 560 3793 in
592 3754 704 3794 usu
735 3736 798 3794 in
830 3754 1009 3794 sensu
1041 3735 1328 3795 sacrificii.
1376 3735 1590 3794 Contra
1620 3752 1799 3809 quem
1821 3735 2073 3810 priorem
2094 3734 2541 3810 explicationem
2575 3735 2791 3794 iterum
2823 3740 2954 3796 tue-

337 3827 444 3883 tur
488 3825 996 3883 Rottmanner
1040 3824 1188 3883 Tfib.
1222 3822 1475 3893 Qtlscbr.
1518 3832 1679 3887 1889
1714 3843 1768 3899 p.
1810 3832 1951 3886 531.
2015 3823 2177 3881 Alias
2220 3823 2644 3900 explicationes
2677 3826 2959 3900 proponit

340 3912 629 3972 Scbrod
661 3913 777 3971 KL.
814 3923 870 3983 8,
910 3922 1097 3976 1311.

521 4063 666 4117 405.
697 4050 1267 4118 Demonstratlo.
1316 4056 1653 4129 Antequam
1687 4052 2031 4112 traditionis
2064 4054 2393 4113 evolvimus
2423 4059 2824 4128 monumenta,
2863 4057 2960 4115 vel

341 4162 378 4201 a
404 4143 652 4218 priori
689 4145 1050 4220 conjecturis
1082 4144 1240 4203 haud
1275 4142 1620 4219 spernendis
1652 4142 1890 4200 suaderi
1919 4145 2129 4218 potest,
2176 4161 2304 4201 esse
2337 4143 2579 4219 aliquod
2608 4145 2673 4203 in
2703 4145 2961 4204 Ecclesia

341 4250 551 4290 verum
581 4232 960 4303 sacrificium3
994 4252 1113 4309 quo
1147 4235 1329 4292 semel
1362 4250 1651 4301 concessO,
1680 4232 1805 4306 jam
1826 4231 2076 4291 dubium
2096 4231 2330 4289 nullum
2353 4233 2609 4308 amplius
2641 4233 2774 4306 erit,
2807 4235 2961 4293 illud

566 4458 600 4526 ¹)
630 4453 711 4510 Cf.
739 4454 1016 4510 Suarez
1056 4455 1203 4526 disp.
1250 4458 1321 4514 73
1360 4459 1493 4510 sect.
1520 4465 1583 4515 4;
1624 4454 1769 4525 disp.
1799 4461 1870 4512 74
1909 4456 2041 4508 sect.
2081 4459 2140 4516 33
2177 4453 2693 4510 Bellarminus
2736 4456 2803 4520 V,
2831 4463 2860 4510 2
2891 4475 2963 4514 s.;

340 4533 752 4588 Franzelin
792 4536 876 4589 th.
927 4543 996 4591 23
1036 4536 1105 4590 de
1148 4535 1335 4590 sacrif.
1363 4534 1649 4590 sacrificia.
1688 4534 1997 4605 gentilium
2037 4535 2202 4587 erant
2240 4534 2515 4588 sacrificia
2542 4551 2606 4589 eo
2634 4536 2820 4599 modo,
2848 4553 2963 4603 quo

340 4615 539 4668 eorum
566 4617 755 4670 cultus
782 4619 869 4669 est
894 4615 1214 4687 generatim
1242 4617 1435 4671 cultus
1461 4616 1712 4681 divinus,
1737 4615 1779 4670 i.
1806 4632 1852 4669 e.
1879 4614 2121 4668 aderant
2146 4614 2411 4668 sacrificii
2436 4617 2717 4671 elementa
2743 4621 2965 4687 praeter

341 4694 631 4764 objectum
657 4695 862 4761 cultus,
891 4695 1047 4764 quod
1073 4713 1189 4750 non
1216 4698 1303 4749 est
1328 4713 1539 4761 verum,
1567 4695 1662 4750 sed
1685 4694 2074 4749 existimatum
2097 4698 2355 4749 tantum:
2381 4712 2561 4763 eoque
2583 4695 2724 4766 ipso,
2748 4703 2964 4766 quanto

341 4773 619 4828 sacrificia
648 4774 1069 4830 excellentioris
1096 4776 1284 4829 cultus
1311 4778 1449 4830 sunt
1474 4775 1776 4846 expressio²
1806 4792 1870 4830 co
1898 4774 2129 4844 maj0ris
2156 4777 2321 4828 erant
2345 4775 2680 4844 impietatis.

560 4871 762 4920 Hurte
782 4887 834 4932 r,
873 4873 1126 4934 Compend-
1163 4874 1425 4930 theologiae
1460 4873 1545 4933 111,
1590 4875 1673 4921 11.
1714 4874 1788 4922 ed.
2577 4869 2645 4920 25
