<?xml version="1.0" encoding="UTF-8"?>
<!DOCTYPE html PUBLIC "-//W3C//DTD XHTML 1.0 Transitional//EN"
    "http://www.w3.org/TR/xhtml1/DTD/xhtml1-transitional.dtd">
<html xmlns="http://www.w3.org/1999/xhtml" xml:lang="en" lang="en">
 <head>
  <title>
</title>
<meta http-equiv="Content-Type" content="text/html;charset=utf-8" />
  <meta name='ocr-system' content='tesseract 3.04.00' />
  <meta name='ocr-capabilities' content='ocr_page ocr_carea ocr_par ocr_line ocrx_word'/>
</head>
<body>
  <div class='ocr_page' id='page_1' title='image "./theologiaedogma00hurtgoog_0529.png"; bbox 0 0 3538 5364; ppageno 0'>
   <div class='ocr_carea' id='block_1_1' title="bbox 1488 290 2958 364">
    <p class='ocr_par' dir='ltr' id='par_1_1' title="bbox 1488 290 2958 364">
     <span class='ocr_line' id='line_1_1' title="bbox 1488 290 2958 364; baseline 0 -21"><span class='ocrx_word' id='word_1_1' title='bbox 1488 290 1568 344; x_wconf 88' lang='lat' dir='ltr'><strong>De</strong></span> <span class='ocrx_word' id='word_1_2' title='bbox 1595 291 1834 345; x_wconf 78' lang='lat' dir='ltr'><strong>clericis.</strong></span> <span class='ocrx_word' id='word_1_3' title='bbox 2828 299 2958 364; x_wconf 83' lang='lat'><strong>519</strong></span> 
     </span>
    </p>
   </div>
   <div class='ocr_carea' id='block_1_2' title="bbox 341 476 2956 911">
    <p class='ocr_par' dir='ltr' id='par_1_2' title="bbox 341 476 2956 911">
     <span class='ocr_line' id='line_1_2' title="bbox 344 476 2953 554; baseline 0 -18"><span class='ocrx_word' id='word_1_4' title='bbox 344 497 414 536; x_wconf 80' lang='lat' dir='ltr'><strong>ex</strong></span> <span class='ocrx_word' id='word_1_5' title='bbox 446 478 663 536; x_wconf 90' lang='lat' dir='ltr'><strong>summi</strong></span> <span class='ocrx_word' id='word_1_6' title='bbox 693 477 990 553; x_wconf 86' lang='lat' dir='ltr'><strong>pontificis</strong></span> <span class='ocrx_word' id='word_1_7' title='bbox 1009 478 1383 536; x_wconf 87' lang='lat' dir='ltr'><strong>concessione</strong></span> <span class='ocrx_word' id='word_1_8' title='bbox 1401 496 1680 553; x_wconf 79' lang='lat' dir='ltr'><strong>expressa</strong></span> <span class='ocrx_word' id='word_1_9' title='bbox 1708 477 1806 537; x_wconf 80' lang='lat' dir='ltr'><strong>vel</strong></span> <span class='ocrx_word' id='word_1_10' title='bbox 1834 476 2015 536; x_wconf 87' lang='lat' dir='ltr'><strong>tacita</strong></span> <span class='ocrx_word' id='word_1_11' title='bbox 2045 494 2214 554; x_wconf 88' lang='lat' dir='ltr'><strong>posse</strong></span> <span class='ocrx_word' id='word_1_12' title='bbox 2245 478 2441 536; x_wconf 90' lang='lat' dir='ltr'><strong>oleum</strong></span> <span class='ocrx_word' id='word_1_13' title='bbox 2473 477 2745 537; x_wconf 81' lang='lat' dir='ltr'><strong>benedici</strong></span> <span class='ocrx_word' id='word_1_14' title='bbox 2773 478 2953 537; x_wconf 87' lang='lat' dir='ltr'><strong>etiam</strong></span> 
     </span>
     <span class='ocr_line' id='line_1_3' title="bbox 343 565 2953 643; baseline 0 -18"><span class='ocrx_word' id='word_1_15' title='bbox 343 587 377 625; x_wconf 98' lang='lat' dir='ltr'><strong>a</strong></span> <span class='ocrx_word' id='word_1_16' title='bbox 408 567 774 643; x_wconf 79' lang='lat' dir='ltr'><strong>presbytero.</strong></span> <span class='ocrx_word' id='word_1_17' title='bbox 821 567 901 626; x_wconf 85' lang='lat' dir='ltr'><strong>cf.</strong></span> <span class='ocrx_word' id='word_1_18' title='bbox 935 567 1411 626; x_wconf 78' lang='lat' dir='ltr'><strong>Benedictus</strong></span> <span class='ocrx_word' id='word_1_19' title='bbox 1442 566 1591 626; x_wconf 86' lang='lat' dir='ltr'><strong>XIV.</strong></span> <span class='ocrx_word' id='word_1_20' title='bbox 1624 566 1696 625; x_wconf 98' lang='lat' dir='ltr'><strong>de</strong></span> <span class='ocrx_word' id='word_1_21' title='bbox 1727 584 1857 642; x_wconf 82' lang='lat' dir='ltr'><strong>syn.</strong></span> <span class='ocrx_word' id='word_1_22' title='bbox 1889 565 2070 629; x_wconf 90' lang='lat' dir='ltr'><strong>dioec.</strong></span> <span class='ocrx_word' id='word_1_23' title='bbox 2091 565 2248 636; x_wconf 90' lang='lat' dir='ltr'><strong>VIII,</strong></span> <span class='ocrx_word' id='word_1_24' title='bbox 2290 577 2313 628; x_wconf 99' lang='grc'><strong>1</strong></span> <span class='ocrx_word' id='word_1_25' title='bbox 2356 567 2731 626; x_wconf 84' lang='lat' dir='ltr'><strong>Katholik</strong></span> <span class='ocrx_word' id='word_1_26' title='bbox 2768 576 2953 631; x_wconf 83' lang='lat'><strong>1885.</strong></span> 
     </span>
     <span class='ocr_line' id='line_1_4' title="bbox 342 653 2952 733; baseline 0 -19"><span class='ocrx_word' id='word_1_27' title='bbox 342 657 417 718; x_wconf 85' lang='lat'><strong>11.</strong></span> <span class='ocrx_word' id='word_1_28' title='bbox 447 690 537 700; x_wconf 92' lang='lat'>—</span> <span class='ocrx_word' id='word_1_29' title='bbox 566 653 631 721; x_wconf 74' lang='lat'><strong>⁶2.</strong></span> <span class='ocrx_word' id='word_1_30' title='bbox 661 656 869 716; x_wconf 87' lang='lat' dir='ltr'><strong>Form</strong></span> <span class='ocrx_word' id='word_1_31' title='bbox 888 676 923 715; x_wconf 91' lang='lat' dir='ltr'><strong>a</strong></span> <span class='ocrx_word' id='word_1_32' title='bbox 952 656 1132 733; x_wconf 86' lang='lat' dir='ltr'><strong>hujus</strong></span> <span class='ocrx_word' id='word_1_33' title='bbox 1164 655 1515 715; x_wconf 86' lang='lat' dir='ltr'><strong>sacramenti</strong></span> <span class='ocrx_word' id='word_1_34' title='bbox 1536 657 1661 732; x_wconf 88' lang='lat' dir='ltr'><strong>jam</strong></span> <span class='ocrx_word' id='word_1_35' title='bbox 1692 675 1727 714; x_wconf 90' lang='lat' dir='ltr'><strong>a</strong></span> <span class='ocrx_word' id='word_1_36' title='bbox 1756 655 2036 732; x_wconf 88' lang='lat' dir='ltr'><strong>pluribus</strong></span> <span class='ocrx_word' id='word_1_37' title='bbox 2055 656 2270 714; x_wconf 88' lang='lat' dir='ltr'><strong>seculis</strong></span> <span class='ocrx_word' id='word_1_38' title='bbox 2302 658 2396 714; x_wconf 90' lang='lat' dir='ltr'><strong>est</strong></span> <span class='ocrx_word' id='word_1_39' title='bbox 2426 655 2814 732; x_wconf 79' lang='lat' dir='ltr'><strong>deprecativa,</strong></span> <span class='ocrx_word' id='word_1_40' title='bbox 2849 656 2952 715; x_wconf 83' lang='lat' dir='ltr'><strong>sed</strong></span> 
     </span>
     <span class='ocr_line' id='line_1_5' title="bbox 342 744 2956 820; baseline -0 -16"><span class='ocrx_word' id='word_1_41' title='bbox 342 745 483 804; x_wconf 89' lang='lat' dir='ltr'><strong>olim</strong></span> <span class='ocrx_word' id='word_1_42' title='bbox 512 744 838 804; x_wconf 85' lang='lat' dir='ltr'><strong>indicativa</strong></span> <span class='ocrx_word' id='word_1_43' title='bbox 868 744 1013 803; x_wconf 86' lang='lat' dir='ltr'><strong>fuit:</strong></span> <span class='ocrx_word' id='word_1_44' title='bbox 1060 763 1168 803; x_wconf 90' lang='lat' dir='ltr'><strong>nec</strong></span> <span class='ocrx_word' id='word_1_45' title='bbox 1197 745 1393 803; x_wconf 91' lang='lat' dir='ltr'><strong>ullum</strong></span> <span class='ocrx_word' id='word_1_46' title='bbox 1424 748 1516 804; x_wconf 90' lang='lat' dir='ltr'><strong>est</strong></span> <span class='ocrx_word' id='word_1_47' title='bbox 1546 745 1816 815; x_wconf 85' lang='lat' dir='ltr'><strong>dubium,</strong></span> <span class='ocrx_word' id='word_1_48' title='bbox 1863 744 1937 803; x_wconf 92' lang='lat' dir='ltr'><strong>de</strong></span> <span class='ocrx_word' id='word_1_49' title='bbox 1968 746 2096 820; x_wconf 86' lang='lat' dir='ltr'><strong>ejus</strong></span> <span class='ocrx_word' id='word_1_50' title='bbox 2126 744 2386 803; x_wconf 76' lang='lat' dir='ltr'><strong>essentia</strong></span> <span class='ocrx_word' id='word_1_51' title='bbox 2416 763 2535 803; x_wconf 90' lang='lat' dir='ltr'><strong>non</strong></span> <span class='ocrx_word' id='word_1_52' title='bbox 2566 763 2712 816; x_wconf 85' lang='lat' dir='ltr'><strong>esse,</strong></span> <span class='ocrx_word' id='word_1_53' title='bbox 2759 748 2830 804; x_wconf 91' lang='lat' dir='ltr'><strong>ut</strong></span> <span class='ocrx_word' id='word_1_54' title='bbox 2874 746 2956 803; x_wconf 70' lang='lat' dir='ltr'><strong>sit</strong></span> 
     </span>
     <span class='ocr_line' id='line_1_6' title="bbox 341 833 2510 911; baseline 0.001 -19"><span class='ocrx_word' id='word_1_55' title='bbox 341 834 728 911; x_wconf 83' lang='lat' dir='ltr'><strong>deprecativa.</strong></span> <span class='ocrx_word' id='word_1_56' title='bbox 790 834 871 897; x_wconf 86' lang='lat' dir='ltr'><strong>Cf.</strong></span> <span class='ocrx_word' id='word_1_57' title='bbox 902 836 1246 894; x_wconf 81' lang='lat' dir='ltr'><strong>Martene</strong></span> <span class='ocrx_word' id='word_1_58' title='bbox 1279 833 1351 892; x_wconf 90' lang='lat' dir='ltr'><strong>de</strong></span> <span class='ocrx_word' id='word_1_59' title='bbox 1384 837 1505 896; x_wconf 85' lang='lat' dir='ltr'><strong>ant.</strong></span> <span class='ocrx_word' id='word_1_60' title='bbox 1536 833 1689 893; x_wconf 89' lang='lat' dir='ltr'><strong>Eccl.</strong></span> <span class='ocrx_word' id='word_1_61' title='bbox 1721 834 1941 893; x_wconf 89' lang='lat' dir='ltr'><strong>ritibus</strong></span> <span class='ocrx_word' id='word_1_62' title='bbox 1973 834 2019 890; x_wconf 92' lang='lat' dir='ltr'><strong>I.</strong></span> <span class='ocrx_word' id='word_1_63' title='bbox 2052 853 2108 908; x_wconf 89' lang='lat' dir='ltr'><strong>p.</strong></span> <span class='ocrx_word' id='word_1_64' title='bbox 2145 841 2178 896; x_wconf 85' lang='lat'><strong>2</strong></span> <span class='ocrx_word' id='word_1_65' title='bbox 2214 851 2262 893; x_wconf 94' lang='lat' dir='ltr'><strong>c.</strong></span> <span class='ocrx_word' id='word_1_66' title='bbox 2299 845 2330 896; x_wconf 85' lang='lat'><strong>7</strong></span> <span class='ocrx_word' id='word_1_67' title='bbox 2369 853 2419 894; x_wconf 87' lang='lat' dir='ltr'><strong>a.</strong></span> <span class='ocrx_word' id='word_1_68' title='bbox 2454 844 2510 896; x_wconf 86' lang='lat'><strong>4.</strong></span> 
     </span>
    </p>
   </div>
   <div class='ocr_carea' id='block_1_3' title="bbox 333 953 2961 2369">
    <p class='ocr_par' dir='ltr' id='par_1_3' title="bbox 333 953 2961 2369">
     <span class='ocr_line' id='line_1_7' title="bbox 523 953 2953 1034; baseline -0.003 -11"><span class='ocrx_word' id='word_1_69' title='bbox 523 969 667 1023; x_wconf 86' lang='lat'><strong>541.</strong></span> <span class='ocrx_word' id='word_1_70' title='bbox 713 953 780 1021; x_wconf 83' lang='lat'><strong>3.</strong></span> <span class='ocrx_word' id='word_1_71' title='bbox 829 960 910 1018; x_wconf 88' lang='lat' dir='ltr'><strong>De</strong></span> <span class='ocrx_word' id='word_1_72' title='bbox 943 958 1238 1018; x_wconf 88' lang='lat' dir='ltr'><strong>effectu</strong></span> <span class='ocrx_word' id='word_1_73' title='bbox 1270 959 1355 1016; x_wconf 89' lang='lat' dir='ltr'><strong>ita</strong></span> <span class='ocrx_word' id='word_1_74' title='bbox 1385 957 1562 1016; x_wconf 88' lang='lat' dir='ltr'><strong>habet</strong></span> <span class='ocrx_word' id='word_1_75' title='bbox 1592 957 1907 1017; x_wconf 88' lang='lat' dir='ltr'><strong>concilium</strong></span> <span class='ocrx_word' id='word_1_76' title='bbox 1940 958 2117 1015; x_wconf 90' lang='lat' dir='ltr'><strong>trid.</strong></span> <span class='ocrx_word' id='word_1_77' title='bbox 2150 976 2273 1033; x_wconf 90' lang='lat' dir='ltr'><strong>cap.</strong></span> <span class='ocrx_word' id='word_1_78' title='bbox 2310 968 2378 1019; x_wconf 80' lang='lat'><strong>2:</strong></span> <span class='ocrx_word' id='word_1_79' title='bbox 2429 957 2585 1026; x_wconf 83' lang='lat' dir='ltr'><strong>,Res</strong></span> <span class='ocrx_word' id='word_1_80' title='bbox 2631 959 2811 1034; x_wconf 88' lang='lat' dir='ltr'><strong>hujus</strong></span> <span class='ocrx_word' id='word_1_81' title='bbox 2861 977 2953 1016; x_wconf 88' lang='lat' dir='ltr'><strong>sa-</strong></span> 
     </span>
     <span class='ocr_line' id='line_1_8' title="bbox 341 1046 2953 1126; baseline 0 -19"><span class='ocrx_word' id='word_1_82' title='bbox 341 1049 626 1108; x_wconf 90' lang='lat' dir='ltr'><strong>cramenti</strong></span> <span class='ocrx_word' id='word_1_83' title='bbox 657 1048 849 1126; x_wconf 82' lang='lat' dir='ltr'><strong>gratia</strong></span> <span class='ocrx_word' id='word_1_84' title='bbox 892 1052 982 1108; x_wconf 89' lang='lat' dir='ltr'><strong>est</strong></span> <span class='ocrx_word' id='word_1_85' title='bbox 1027 1047 1291 1124; x_wconf 80' lang='lat' dir='ltr'><strong>Spiritus</strong></span> <span class='ocrx_word' id='word_1_86' title='bbox 1337 1046 1549 1117; x_wconf 84' lang='lat' dir='ltr'><strong>sancti,</strong></span> <span class='ocrx_word' id='word_1_87' title='bbox 1595 1048 1767 1123; x_wconf 88' lang='lat' dir='ltr'><strong>cujus</strong></span> <span class='ocrx_word' id='word_1_88' title='bbox 1801 1047 2006 1105; x_wconf 90' lang='lat' dir='ltr'><strong>unctio</strong></span> <span class='ocrx_word' id='word_1_89' title='bbox 2038 1046 2271 1120; x_wconf 87' lang='lat' dir='ltr'><strong>delicta,</strong></span> <span class='ocrx_word' id='word_1_90' title='bbox 2324 1047 2373 1105; x_wconf 90' lang='lat' dir='ltr'><strong>si</strong></span> <span class='ocrx_word' id='word_1_91' title='bbox 2424 1066 2574 1123; x_wconf 89' lang='lat' dir='ltr'><strong>quae</strong></span> <span class='ocrx_word' id='word_1_92' title='bbox 2608 1048 2730 1106; x_wconf 83' lang='lat' dir='ltr'><strong>sint</strong></span> <span class='ocrx_word' id='word_1_93' title='bbox 2760 1047 2953 1107; x_wconf 88' lang='lat' dir='ltr'><strong>adhuc</strong></span> 
     </span>
     <span class='ocr_line' id='line_1_9' title="bbox 339 1135 2951 1214; baseline -0.001 -17"><span class='ocrx_word' id='word_1_94' title='bbox 339 1137 650 1214; x_wconf 81' lang='lat' dir='ltr'><strong>expianda,</strong></span> <span class='ocrx_word' id='word_1_95' title='bbox 695 1155 761 1196; x_wconf 83' lang='lat' dir='ltr'><strong>ac</strong></span> <span class='ocrx_word' id='word_1_96' title='bbox 804 1138 1026 1212; x_wconf 87' lang='lat' dir='ltr'><strong>peccati</strong></span> <span class='ocrx_word' id='word_1_97' title='bbox 1072 1136 1354 1213; x_wconf 79' lang='lat' dir='ltr'><strong>reliquias</strong></span> <span class='ocrx_word' id='word_1_98' title='bbox 1384 1136 1692 1213; x_wconf 79' lang='lat' dir='ltr'><strong>abstergit,</strong></span> <span class='ocrx_word' id='word_1_99' title='bbox 1740 1139 1801 1194; x_wconf 86' lang='lat' dir='ltr'><strong>et</strong></span> <span class='ocrx_word' id='word_1_100' title='bbox 1833 1136 2060 1213; x_wconf 77' lang='lat' dir='ltr'><strong>aegroti</strong></span> <span class='ocrx_word' id='word_1_101' title='bbox 2092 1135 2345 1195; x_wconf 86' lang='lat' dir='ltr'><strong>animam</strong></span> <span class='ocrx_word' id='word_1_102' title='bbox 2378 1135 2619 1195; x_wconf 80' lang='lat' dir='ltr'><strong>alleviat</strong></span> <span class='ocrx_word' id='word_1_103' title='bbox 2648 1139 2710 1195; x_wconf 91' lang='lat' dir='ltr'><strong>et</strong></span> <span class='ocrx_word' id='word_1_104' title='bbox 2740 1136 2951 1196; x_wconf 88' lang='lat' dir='ltr'><strong>confir-</strong></span> 
     </span>
     <span class='ocr_line' id='line_1_10' title="bbox 339 1218 2961 1304; baseline 0 -19"><span class='ocrx_word' id='word_1_105' title='bbox 339 1219 481 1298; x_wconf 88' lang='lat' dir='ltr'><strong>mat,</strong></span> <span class='ocrx_word' id='word_1_106' title='bbox 526 1245 798 1304; x_wconf 82' lang='lat' dir='ltr'><strong>magnam</strong></span> <span class='ocrx_word' id='word_1_107' title='bbox 844 1227 909 1285; x_wconf 88' lang='lat' dir='ltr'><strong>in</strong></span> <span class='ocrx_word' id='word_1_108' title='bbox 954 1244 1021 1285; x_wconf 91' lang='lat' dir='ltr'><strong>eo</strong></span> <span class='ocrx_word' id='word_1_109' title='bbox 1067 1225 1299 1285; x_wconf 81' lang='lat' dir='ltr'><strong>divinae</strong></span> <span class='ocrx_word' id='word_1_110' title='bbox 1343 1224 1781 1284; x_wconf 78' lang='lat' dir='ltr'><strong>misericordiae</strong></span> <span class='ocrx_word' id='word_1_111' title='bbox 1812 1223 2084 1283; x_wconf 86' lang='lat' dir='ltr'><strong>fiduciam</strong></span> <span class='ocrx_word' id='word_1_112' title='bbox 2131 1223 2458 1295; x_wconf 85' lang='lat' dir='ltr'><strong>excitando,</strong></span> <span class='ocrx_word' id='word_1_113' title='bbox 2512 1244 2630 1300; x_wconf 92' lang='lat' dir='ltr'><strong>qua</strong></span> <span class='ocrx_word' id='word_1_114' title='bbox 2679 1218 2961 1285; x_wconf 78' lang='lat' dir='ltr'><strong>infirmus</strong></span> 
     </span>
     <span class='ocr_line' id='line_1_11' title="bbox 338 1313 2953 1384; baseline -0.001 -9"><span class='ocrx_word' id='word_1_115' title='bbox 338 1316 682 1376; x_wconf 76' lang='lat' dir='ltr'><strong>sublevatus</strong></span> <span class='ocrx_word' id='word_1_116' title='bbox 714 1319 774 1374; x_wconf 87' lang='lat' dir='ltr'><strong>et</strong></span> <span class='ocrx_word' id='word_1_117' title='bbox 805 1315 998 1374; x_wconf 86' lang='lat' dir='ltr'><strong>morbi</strong></span> <span class='ocrx_word' id='word_1_118' title='bbox 1029 1313 1395 1373; x_wconf 83' lang='lat' dir='ltr'><strong>incommoda</strong></span> <span class='ocrx_word' id='word_1_119' title='bbox 1440 1333 1508 1372; x_wconf 86' lang='lat' dir='ltr'><strong>ac</strong></span> <span class='ocrx_word' id='word_1_120' title='bbox 1550 1314 1779 1373; x_wconf 85' lang='lat' dir='ltr'><strong>labores</strong></span> <span class='ocrx_word' id='word_1_121' title='bbox 1822 1313 2015 1373; x_wconf 84' lang='lat' dir='ltr'><strong>levius</strong></span> <span class='ocrx_word' id='word_1_122' title='bbox 2062 1314 2191 1384; x_wconf 80' lang='lat' dir='ltr'><strong>sert,</strong></span> <span class='ocrx_word' id='word_1_123' title='bbox 2241 1316 2302 1372; x_wconf 91' lang='lat' dir='ltr'><strong>et</strong></span> <span class='ocrx_word' id='word_1_124' title='bbox 2346 1314 2781 1373; x_wconf 81' lang='lat' dir='ltr'><strong>tentationibus</strong></span> <span class='ocrx_word' id='word_1_125' title='bbox 2813 1314 2953 1373; x_wconf 85' lang='lat' dir='ltr'><strong>dae-</strong></span> 
     </span>
     <span class='ocr_line' id='line_1_12' title="bbox 336 1402 2949 1485; baseline 0 -23"><span class='ocrx_word' id='word_1_126' title='bbox 336 1404 531 1464; x_wconf 88' lang='lat' dir='ltr'><strong>monis</strong></span> <span class='ocrx_word' id='word_1_127' title='bbox 562 1405 828 1485; x_wconf 72' lang='lat' dir='ltr'><strong>calcaneo</strong></span> <span class='ocrx_word' id='word_1_128' title='bbox 859 1403 1205 1463; x_wconf 86' lang='lat' dir='ltr'><strong>insidiantis</strong></span> <span class='ocrx_word' id='word_1_129' title='bbox 1250 1403 1481 1462; x_wconf 87' lang='lat' dir='ltr'><strong>facilius</strong></span> <span class='ocrx_word' id='word_1_130' title='bbox 1529 1403 1791 1473; x_wconf 79' lang='lat' dir='ltr'><strong>resistit3</strong></span> <span class='ocrx_word' id='word_1_131' title='bbox 1842 1406 1904 1461; x_wconf 90' lang='lat' dir='ltr'><strong>et</strong></span> <span class='ocrx_word' id='word_1_132' title='bbox 1953 1402 2267 1462; x_wconf 83' lang='lat' dir='ltr'><strong>sanitatem</strong></span> <span class='ocrx_word' id='word_1_133' title='bbox 2317 1403 2579 1480; x_wconf 89' lang='lat' dir='ltr'><strong>corporis</strong></span> <span class='ocrx_word' id='word_1_134' title='bbox 2628 1403 2949 1474; x_wconf 88' lang='lat' dir='ltr'><strong>interdum,</strong></span> 
     </span>
     <span class='ocr_line' id='line_1_13' title="bbox 337 1491 2953 1572; baseline -0.001 -19"><span class='ocrx_word' id='word_1_135' title='bbox 337 1494 442 1553; x_wconf 90' lang='lat' dir='ltr'><strong>ubi</strong></span> <span class='ocrx_word' id='word_1_136' title='bbox 476 1494 659 1552; x_wconf 85' lang='lat' dir='ltr'><strong>saluti</strong></span> <span class='ocrx_word' id='word_1_137' title='bbox 690 1493 920 1553; x_wconf 88' lang='lat' dir='ltr'><strong>animae</strong></span> <span class='ocrx_word' id='word_1_138' title='bbox 952 1492 1294 1568; x_wconf 84' lang='lat' dir='ltr'><strong>expedierit,</strong></span> <span class='ocrx_word' id='word_1_139' title='bbox 1340 1492 1785 1569; x_wconf 84' lang='lat' dir='ltr'><strong>consequitur.‘</strong></span> <span class='ocrx_word' id='word_1_140' title='bbox 1852 1491 1985 1550; x_wconf 92' lang='lat' dir='ltr'><strong>Scil.</strong></span> <span class='ocrx_word' id='word_1_141' title='bbox 2022 1492 2133 1550; x_wconf 89' lang='lat' dir='ltr'><strong>hoc</strong></span> <span class='ocrx_word' id='word_1_142' title='bbox 2164 1495 2526 1551; x_wconf 90' lang='lat' dir='ltr'><strong>sacramento</strong></span> <span class='ocrx_word' id='word_1_143' title='bbox 2559 1491 2689 1572; x_wconf 88' lang='lat' dir='ltr'><strong>(sed</strong></span> <span class='ocrx_word' id='word_1_144' title='bbox 2721 1511 2827 1569; x_wconf 89' lang='lat' dir='ltr'><strong>per</strong></span> <span class='ocrx_word' id='word_1_145' title='bbox 2858 1511 2953 1552; x_wconf 89' lang='lat' dir='ltr'><strong>ac·</strong></span> 
     </span>
     <span class='ocr_line' id='line_1_14' title="bbox 335 1578 2953 1665; baseline 0 -24"><span class='ocrx_word' id='word_1_146' title='bbox 335 1578 563 1665; x_wconf 89' lang='lat' dir='ltr'><strong>cidens)</strong></span> <span class='ocrx_word' id='word_1_147' title='bbox 598 1583 874 1641; x_wconf 89' lang='lat' dir='ltr'><strong>delentur</strong></span> <span class='ocrx_word' id='word_1_148' title='bbox 920 1586 1156 1657; x_wconf 87' lang='lat' dir='ltr'><strong>peccata</strong></span> <span class='ocrx_word' id='word_1_149' title='bbox 1200 1581 1493 1652; x_wconf 87' lang='lat' dir='ltr'><strong>mortalia,</strong></span> <span class='ocrx_word' id='word_1_150' title='bbox 1540 1601 1690 1658; x_wconf 86' lang='lat' dir='ltr'><strong>quae</strong></span> <span class='ocrx_word' id='word_1_151' title='bbox 1734 1583 2100 1640; x_wconf 86' lang='lat' dir='ltr'><strong>sacramento</strong></span> <span class='ocrx_word' id='word_1_152' title='bbox 2142 1581 2546 1657; x_wconf 87' lang='lat' dir='ltr'><strong>poenitentiae</strong></span> <span class='ocrx_word' id='word_1_153' title='bbox 2592 1582 2789 1641; x_wconf 85' lang='lat' dir='ltr'><strong>deleta</strong></span> <span class='ocrx_word' id='word_1_154' title='bbox 2831 1600 2953 1641; x_wconf 91' lang='lat' dir='ltr'><strong>non</strong></span> 
     </span>
     <span class='ocr_line' id='line_1_15' title="bbox 337 1670 2953 1747; baseline 0 -17"><span class='ocrx_word' id='word_1_155' title='bbox 337 1676 499 1742; x_wconf 91' lang='lat' dir='ltr'><strong>sunt,</strong></span> <span class='ocrx_word' id='word_1_156' title='bbox 549 1671 866 1730; x_wconf 91' lang='lat' dir='ltr'><strong>dummodo</strong></span> <span class='ocrx_word' id='word_1_157' title='bbox 899 1671 1058 1729; x_wconf 88' lang='lat' dir='ltr'><strong>adsit</strong></span> <span class='ocrx_word' id='word_1_158' title='bbox 1104 1671 1333 1730; x_wconf 85' lang='lat' dir='ltr'><strong>attritio</strong></span> <span class='ocrx_word' id='word_1_159' title='bbox 1384 1675 1445 1729; x_wconf 90' lang='lat' dir='ltr'><strong>et</strong></span> <span class='ocrx_word' id='word_1_160' title='bbox 1494 1670 1811 1730; x_wconf 85' lang='lat' dir='ltr'><strong>confitendi</strong></span> <span class='ocrx_word' id='word_1_161' title='bbox 1860 1670 2339 1745; x_wconf 86' lang='lat' dir='ltr'><strong>impossibilitas:</strong></span> <span class='ocrx_word' id='word_1_162' title='bbox 2392 1670 2669 1730; x_wconf 89' lang='lat' dir='ltr'><strong>delentur</strong></span> <span class='ocrx_word' id='word_1_163' title='bbox 2718 1674 2953 1747; x_wconf 85' lang='lat' dir='ltr'><strong>peccata</strong></span> 
     </span>
     <span class='ocr_line' id='line_1_16' title="bbox 335 1758 2947 1836; baseline -0 -17"><span class='ocrx_word' id='word_1_164' title='bbox 335 1761 608 1830; x_wconf 79' lang='lat' dir='ltr'><strong>venialia,</strong></span> <span class='ocrx_word' id='word_1_165' title='bbox 640 1758 958 1820; x_wconf 90' lang='lat' dir='ltr'><strong>dummodo</strong></span> <span class='ocrx_word' id='word_1_166' title='bbox 991 1760 1150 1819; x_wconf 88' lang='lat' dir='ltr'><strong>adsit</strong></span> <span class='ocrx_word' id='word_1_167' title='bbox 1180 1758 1480 1818; x_wconf 88' lang='lat' dir='ltr'><strong>sufficiens</strong></span> <span class='ocrx_word' id='word_1_168' title='bbox 1501 1759 1835 1835; x_wconf 81' lang='lat' dir='ltr'><strong>dispositiO,</strong></span> <span class='ocrx_word' id='word_1_169' title='bbox 1868 1761 1930 1817; x_wconf 89' lang='lat' dir='ltr'><strong>et</strong></span> <span class='ocrx_word' id='word_1_170' title='bbox 1959 1759 2137 1818; x_wconf 89' lang='lat' dir='ltr'><strong>etiam</strong></span> <span class='ocrx_word' id='word_1_171' title='bbox 2169 1777 2390 1836; x_wconf 88' lang='lat' dir='ltr'><strong>poenae</strong></span> <span class='ocrx_word' id='word_1_172' title='bbox 2420 1760 2795 1836; x_wconf 81' lang='lat' dir='ltr'><strong>temporales,</strong></span> <span class='ocrx_word' id='word_1_173' title='bbox 2829 1779 2947 1818; x_wconf 93' lang='lat' dir='ltr'><strong>non</strong></span> 
     </span>
     <span class='ocr_line' id='line_1_17' title="bbox 333 1848 2945 1926; baseline -0.001 -17"><span class='ocrx_word' id='word_1_174' title='bbox 333 1858 536 1909; x_wconf 87' lang='lat' dir='ltr'><strong>tamen</strong></span> <span class='ocrx_word' id='word_1_175' title='bbox 567 1867 800 1926; x_wconf 88' lang='lat' dir='ltr'><strong>semper</strong></span> <span class='ocrx_word' id='word_1_176' title='bbox 830 1868 1051 1908; x_wconf 91' lang='lat' dir='ltr'><strong>omnes.</strong></span> <span class='ocrx_word' id='word_1_177' title='bbox 1101 1848 1180 1911; x_wconf 84' lang='lat' dir='ltr'><strong>cf.</strong></span> <span class='ocrx_word' id='word_1_178' title='bbox 1214 1867 1259 1907; x_wconf 77' lang='lat' dir='ltr'><strong>a.</strong></span> <span class='ocrx_word' id='word_1_179' title='bbox 1291 1848 1604 1907; x_wconf 85' lang='lat' dir='ltr'><strong>Thomas</strong></span> <span class='ocrx_word' id='word_1_180' title='bbox 1636 1848 1835 1924; x_wconf 90' lang='lat' dir='ltr'><strong>suppl.</strong></span> <span class='ocrx_word' id='word_1_181' title='bbox 1867 1867 1923 1924; x_wconf 90' lang='lat' dir='ltr'><strong>q.</strong></span> <span class='ocrx_word' id='word_1_182' title='bbox 1948 1858 2025 1911; x_wconf 89' lang='lat'><strong>30</strong></span> <span class='ocrx_word' id='word_1_183' title='bbox 2062 1868 2111 1907; x_wconf 88' lang='lat' dir='ltr'><strong>a.</strong></span> <span class='ocrx_word' id='word_1_184' title='bbox 2154 1860 2203 1911; x_wconf 90' lang='lat'><strong>1.</strong></span> <span class='ocrx_word' id='word_1_185' title='bbox 2250 1848 2522 1907; x_wconf 84' lang='lat' dir='ltr'><strong>Ceterum</strong></span> <span class='ocrx_word' id='word_1_186' title='bbox 2556 1849 2652 1908; x_wconf 90' lang='lat' dir='ltr'><strong>hic</strong></span> <span class='ocrx_word' id='word_1_187' title='bbox 2682 1849 2945 1919; x_wconf 86' lang='lat' dir='ltr'><strong>effectus,</strong></span> 
     </span>
     <span class='ocr_line' id='line_1_18' title="bbox 336 1936 2947 2015; baseline -0.001 -17"><span class='ocrx_word' id='word_1_188' title='bbox 336 1959 514 2014; x_wconf 92' lang='lat' dir='ltr'><strong>quem</strong></span> <span class='ocrx_word' id='word_1_189' title='bbox 546 1939 846 2015; x_wconf 85' lang='lat' dir='ltr'><strong>apostolus</strong></span> <span class='ocrx_word' id='word_1_190' title='bbox 878 1937 1091 1998; x_wconf 85' lang='lat' dir='ltr'><strong>asserit</strong></span> <span class='ocrx_word' id='word_1_191' title='bbox 1120 1937 1475 2009; x_wconf 88' lang='lat' dir='ltr'><strong>inunctioni,</strong></span> <span class='ocrx_word' id='word_1_192' title='bbox 1508 1937 1811 1995; x_wconf 82' lang='lat' dir='ltr'><strong>evidenter</strong></span> <span class='ocrx_word' id='word_1_193' title='bbox 1841 1936 2122 2006; x_wconf 83' lang='lat' dir='ltr'><strong>ostendit,</strong></span> <span class='ocrx_word' id='word_1_194' title='bbox 2170 1955 2290 1996; x_wconf 89' lang='lat' dir='ltr'><strong>non</strong></span> <span class='ocrx_word' id='word_1_195' title='bbox 2333 1955 2460 1997; x_wconf 89' lang='lat' dir='ltr'><strong>esse</strong></span> <span class='ocrx_word' id='word_1_196' title='bbox 2498 1955 2828 1997; x_wconf 89' lang='lat' dir='ltr'><strong>sermonem</strong></span> <span class='ocrx_word' id='word_1_197' title='bbox 2874 1938 2947 1996; x_wconf 90' lang='lat' dir='ltr'><strong>de</strong></span> 
     </span>
     <span class='ocr_line' id='line_1_19' title="bbox 333 2026 2949 2102; baseline -0.001 -15"><span class='ocrx_word' id='word_1_198' title='bbox 333 2027 617 2087; x_wconf 86' lang='lat' dir='ltr'><strong>unctione</strong></span> <span class='ocrx_word' id='word_1_199' title='bbox 663 2026 906 2098; x_wconf 85' lang='lat' dir='ltr'><strong>medica,</strong></span> <span class='ocrx_word' id='word_1_200' title='bbox 958 2030 1027 2086; x_wconf 91' lang='lat' dir='ltr'><strong>ut</strong></span> <span class='ocrx_word' id='word_1_201' title='bbox 1076 2026 1451 2086; x_wconf 85' lang='lat' dir='ltr'><strong>somniarunt</strong></span> <span class='ocrx_word' id='word_1_202' title='bbox 1497 2026 1702 2102; x_wconf 89' lang='lat' dir='ltr'><strong>plures</strong></span> <span class='ocrx_word' id='word_1_203' title='bbox 1752 2044 1785 2084; x_wconf 91' lang='lat' dir='ltr'><strong>e</strong></span> <span class='ocrx_word' id='word_1_204' title='bbox 1832 2026 2316 2102; x_wconf 81' lang='lat' dir='ltr'><strong>protestantibus,</strong></span> <span class='ocrx_word' id='word_1_205' title='bbox 2402 2026 2482 2085; x_wconf 86' lang='lat' dir='ltr'><strong>cf.</strong></span> <span class='ocrx_word' id='word_1_206' title='bbox 2534 2027 2804 2086; x_wconf 74' lang='lat' dir='ltr'><strong>Glaser</strong></span> <span class='ocrx_word' id='word_1_207' title='bbox 2852 2026 2949 2085; x_wconf 93' lang='lat' dir='ltr'><strong>die</strong></span> 
     </span>
     <span class='ocr_line' id='line_1_20' title="bbox 336 2114 2947 2194; baseline 0.001 -19"><span class='ocrx_word' id='word_1_208' title='bbox 336 2117 802 2194; x_wconf 72' lang='lat' dir='ltr'><strong>Krankenolung</strong></span> <span class='ocrx_word' id='word_1_209' title='bbox 830 2116 895 2174; x_wconf 94' lang='lat' dir='ltr'><strong>in</strong></span> <span class='ocrx_word' id='word_1_210' title='bbox 926 2116 1088 2175; x_wconf 89' lang='lat' dir='ltr'><strong>ihrer</strong></span> <span class='ocrx_word' id='word_1_211' title='bbox 1116 2115 1261 2177; x_wconf 91' lang='lat' dir='ltr'><strong>bibl.</strong></span> <span class='ocrx_word' id='word_1_212' title='bbox 1293 2135 1352 2178; x_wconf 91' lang='lat' dir='ltr'><strong>u.</strong></span> <span class='ocrx_word' id='word_1_213' title='bbox 1383 2115 1522 2174; x_wconf 89' lang='lat' dir='ltr'><strong>hist.</strong></span> <span class='ocrx_word' id='word_1_214' title='bbox 1541 2115 1952 2193; x_wconf 81' lang='lat' dir='ltr'><strong>Begriindung</strong></span> <span class='ocrx_word' id='word_1_215' title='bbox 1969 2115 2333 2192; x_wconf 86' lang='lat' dir='ltr'><strong>dargestellt,</strong></span> <span class='ocrx_word' id='word_1_216' title='bbox 2368 2114 2720 2175; x_wconf 82' lang='lat' dir='ltr'><strong>Ratisbonae</strong></span> <span class='ocrx_word' id='word_1_217' title='bbox 2748 2124 2903 2180; x_wconf 87' lang='lat'>1831</span> <span class='ocrx_word' id='word_1_218' title='bbox 2931 2137 2947 2186; x_wconf 90' lang='lat'>;</span> 
     </span>
     <span class='ocr_line' id='line_1_21' title="bbox 342 2203 2951 2281; baseline 0 -17"><span class='ocrx_word' id='word_1_219' title='bbox 342 2206 668 2265; x_wconf 88' lang='lat' dir='ltr'><strong>Schmitz</strong></span> <span class='ocrx_word' id='word_1_220' title='bbox 700 2206 771 2264; x_wconf 91' lang='lat' dir='ltr'><strong>de</strong></span> <span class='ocrx_word' id='word_1_221' title='bbox 802 2204 1109 2263; x_wconf 85' lang='lat' dir='ltr'><strong>effectibus</strong></span> <span class='ocrx_word' id='word_1_222' title='bbox 1143 2223 1287 2263; x_wconf 86' lang='lat' dir='ltr'><strong>sacr.</strong></span> <span class='ocrx_word' id='word_1_223' title='bbox 1320 2207 1463 2263; x_wconf 83' lang='lat' dir='ltr'><strong>extr.</strong></span> <span class='ocrx_word' id='word_1_224' title='bbox 1495 2203 1815 2274; x_wconf 82' lang='lat' dir='ltr'><strong>unctioniS,</strong></span> <span class='ocrx_word' id='word_1_225' title='bbox 1847 2203 2127 2281; x_wconf 86' lang='lat' dir='ltr'><strong>Friburgi</strong></span> <span class='ocrx_word' id='word_1_226' title='bbox 2156 2213 2339 2267; x_wconf 85' lang='lat'><strong>1893.</strong></span> <span class='ocrx_word' id='word_1_227' title='bbox 2371 2236 2456 2246; x_wconf 90' lang='lat'><strong>—-</strong></span> <span class='ocrx_word' id='word_1_228' title='bbox 2489 2204 2618 2273; x_wconf 84' lang='lat' dir='ltr'><strong>Quo</strong></span> <span class='ocrx_word' id='word_1_229' title='bbox 2644 2206 2780 2281; x_wconf 88' lang='lat' dir='ltr'><strong>jure</strong></span> <span class='ocrx_word' id='word_1_230' title='bbox 2812 2223 2951 2281; x_wconf 89' lang='lat' dir='ltr'><strong>pro-</strong></span> 
     </span>
     <span class='ocr_line' id='line_1_22' title="bbox 339 2292 2950 2369; baseline -0 -16"><span class='ocrx_word' id='word_1_231' title='bbox 339 2295 525 2353; x_wconf 86' lang='lat' dir='ltr'><strong>hibita</strong></span> <span class='ocrx_word' id='word_1_232' title='bbox 569 2294 651 2353; x_wconf 90' lang='lat' dir='ltr'><strong>sit</strong></span> <span class='ocrx_word' id='word_1_233' title='bbox 694 2294 929 2352; x_wconf 84' lang='lat' dir='ltr'><strong>iteratio</strong></span> <span class='ocrx_word' id='word_1_234' title='bbox 967 2294 1147 2369; x_wconf 88' lang='lat' dir='ltr'><strong>hujus</strong></span> <span class='ocrx_word' id='word_1_235' title='bbox 1179 2292 1531 2352; x_wconf 84' lang='lat' dir='ltr'><strong>sacramenti</strong></span> <span class='ocrx_word' id='word_1_236' title='bbox 1562 2293 1816 2352; x_wconf 89' lang='lat' dir='ltr'><strong>durante</strong></span> <span class='ocrx_word' id='word_1_237' title='bbox 1847 2294 2049 2352; x_wconf 88' lang='lat' dir='ltr'><strong>eodem</strong></span> <span class='ocrx_word' id='word_1_238' title='bbox 2080 2293 2302 2362; x_wconf 87' lang='lat' dir='ltr'><strong>morb0,</strong></span> <span class='ocrx_word' id='word_1_239' title='bbox 2348 2293 2604 2368; x_wconf 88' lang='lat' dir='ltr'><strong>inquirit</strong></span> <span class='ocrx_word' id='word_1_240' title='bbox 2648 2293 2950 2353; x_wconf 88' lang='lat' dir='ltr'><strong>Schmid</strong></span> 
     </span>
    </p>
   </div>
   <div class='ocr_carea' id='block_1_4' title="bbox 345 2382 1708 2458">
    <p class='ocr_par' dir='ltr' id='par_1_4' title="bbox 345 2382 1708 2458">
     <span class='ocr_line' id='line_1_23' title="bbox 345 2382 1708 2458; baseline -0.001 -17"><span class='ocrx_word' id='word_1_241' title='bbox 345 2384 569 2446; x_wconf 89' lang='lat' dir='ltr'><strong>Ztschr.</strong></span> <span class='ocrx_word' id='word_1_242' title='bbox 600 2383 698 2441; x_wconf 76' lang='lat' dir='ltr'><strong>fiir</strong></span> <span class='ocrx_word' id='word_1_243' title='bbox 727 2384 784 2445; x_wconf 84' lang='lat' dir='ltr'><strong>k.</strong></span> <span class='ocrx_word' id='word_1_244' title='bbox 815 2382 1008 2446; x_wconf 86' lang='lat' dir='ltr'><strong>Theol.</strong></span> <span class='ocrx_word' id='word_1_245' title='bbox 1049 2391 1206 2445; x_wconf 87' lang='grc'><strong>1901</strong></span> <span class='ocrx_word' id='word_1_246' title='bbox 1248 2402 1307 2458; x_wconf 89' lang='lat' dir='ltr'><strong>p.</strong></span> <span class='ocrx_word' id='word_1_247' title='bbox 1343 2390 1708 2446; x_wconf 83' lang='lat'><strong>258—269.</strong></span> 
     </span>
    </p>
   </div>
   <div class='ocr_carea' id='block_1_5' title="bbox 1387 2629 1901 2713">
    <p class='ocr_par' dir='ltr' id='par_1_5' title="bbox 1387 2629 1901 2713">
     <span class='ocr_line' id='line_1_24' title="bbox 1387 2629 1901 2713; baseline 0 -4"><span class='ocrx_word' id='word_1_248' title='bbox 1387 2629 1699 2711; x_wconf 87' lang='lat' dir='ltr'><strong>Sectio</strong></span> <span class='ocrx_word' id='word_1_249' title='bbox 1758 2631 1901 2713; x_wconf 87' lang='lat' dir='ltr'><strong>VI.</strong></span> 
     </span>
    </p>
   </div>
   <div class='ocr_carea' id='block_1_6' title="bbox 1183 2780 2090 2840">
    <p class='ocr_par' dir='ltr' id='par_1_6' title="bbox 1183 2780 2090 2840">
     <span class='ocr_line' id='line_1_25' title="bbox 1183 2780 2090 2840; baseline 0 -6"><span class='ocrx_word' id='word_1_250' title='bbox 1183 2780 1283 2834; x_wconf 91' lang='lat' dir='ltr'><strong>De</strong></span> <span class='ocrx_word' id='word_1_251' title='bbox 1332 2782 1763 2834; x_wconf 80' lang='lat' dir='ltr'><strong>sacramento</strong></span> <span class='ocrx_word' id='word_1_252' title='bbox 1814 2780 2090 2840; x_wconf 82' lang='lat' dir='ltr'><strong>ordinis.</strong></span> 
     </span>
    </p>
   </div>
   <div class='ocr_carea' id='block_1_7' title="bbox 325 2911 2951 4807">
    <p class='ocr_par' dir='ltr' id='par_1_7' title="bbox 325 2911 2951 4807">
     <span class='ocr_line' id='line_1_26' title="bbox 512 2911 2951 2996; baseline -0.001 -20"><span class='ocrx_word' id='word_1_253' title='bbox 512 2917 659 2983; x_wconf 79' lang='grc'><strong>542.</strong></span> <span class='ocrx_word' id='word_1_254' title='bbox 692 2914 989 2981; x_wconf 77' lang='lat' dir='ltr'><strong>Lemma</strong></span> <span class='ocrx_word' id='word_1_255' title='bbox 1020 2914 1081 2984; x_wconf 92' lang='lat'><strong>1.</strong></span> <span class='ocrx_word' id='word_1_256' title='bbox 1113 2912 1210 2978; x_wconf 85' lang='lat' dir='ltr'><strong>De</strong></span> <span class='ocrx_word' id='word_1_257' title='bbox 1239 2914 1490 2981; x_wconf 78' lang='lat' dir='ltr'><strong>clericis,</strong></span> <span class='ocrx_word' id='word_1_258' title='bbox 1518 2953 1606 2961; x_wconf 92' lang='lat'><strong>—</strong></span> <span class='ocrx_word' id='word_1_259' title='bbox 1640 2912 1992 2977; x_wconf 84' lang='lat' dir='ltr'><strong>Discrimen</strong></span> <span class='ocrx_word' id='word_1_260' title='bbox 2029 2914 2199 2989; x_wconf 87' lang='lat' dir='ltr'><strong>illud,</strong></span> <span class='ocrx_word' id='word_1_261' title='bbox 2238 2931 2366 2996; x_wconf 91' lang='lat' dir='ltr'><strong>quo</strong></span> <span class='ocrx_word' id='word_1_262' title='bbox 2406 2911 2511 2977; x_wconf 87' lang='lat' dir='ltr'><strong>alii</strong></span> <span class='ocrx_word' id='word_1_263' title='bbox 2563 2913 2625 2975; x_wconf 89' lang='lat' dir='ltr'><strong>in</strong></span> <span class='ocrx_word' id='word_1_264' title='bbox 2664 2912 2951 2976; x_wconf 80' lang='lat' dir='ltr'><strong>Ecclesia</strong></span> 
     </span>
     <span class='ocr_line' id='line_1_27' title="bbox 335 3019 2946 3103; baseline -0.001 -20"><span class='ocrx_word' id='word_1_265' title='bbox 335 3026 486 3084; x_wconf 89' lang='lat' dir='ltr'><strong>sunt</strong></span> <span class='ocrx_word' id='word_1_266' title='bbox 500 3019 924 3103; x_wconf 87' lang='lat' dir='ltr'><strong>dicunturque</strong></span> <span class='ocrx_word' id='word_1_267' title='bbox 957 3020 1080 3085; x_wconf 90' lang='lat' dir='ltr'><strong>cle</strong></span> <span class='ocrx_word' id='word_1_268' title='bbox 1096 3021 1266 3096; x_wconf 88' lang='lat' dir='ltr'><strong>rici,</strong></span> <span class='ocrx_word' id='word_1_269' title='bbox 1299 3019 1406 3083; x_wconf 87' lang='lat' dir='ltr'><strong>alii</strong></span> <span class='ocrx_word' id='word_1_270' title='bbox 1437 3019 1656 3095; x_wconf 79' lang='lat' dir='ltr'><strong>laici,</strong></span> <span class='ocrx_word' id='word_1_271' title='bbox 1683 3020 1819 3101; x_wconf 87' lang='lat' dir='ltr'><strong>jam</strong></span> <span class='ocrx_word' id='word_1_272' title='bbox 1842 3037 1882 3082; x_wconf 89' lang='lat' dir='ltr'><strong>a</strong></span> <span class='ocrx_word' id='word_1_273' title='bbox 1898 3019 2108 3102; x_wconf 88' lang='lat' dir='ltr'><strong>prima</strong></span> <span class='ocrx_word' id='word_1_274' title='bbox 2126 3020 2447 3085; x_wconf 84' lang='lat' dir='ltr'><strong>Ecclesiae</strong></span> <span class='ocrx_word' id='word_1_275' title='bbox 2469 3021 2710 3101; x_wconf 89' lang='lat' dir='ltr'><strong>origine</strong></span> <span class='ocrx_word' id='word_1_276' title='bbox 2730 3019 2946 3100; x_wconf 84' lang='lat' dir='ltr'><strong>viguit,</strong></span> 
     </span>
     <span class='ocr_line' id='line_1_28' title="bbox 331 3125 2944 3209; baseline 0 -18"><span class='ocrx_word' id='word_1_277' title='bbox 331 3145 452 3192; x_wconf 88' lang='lat' dir='ltr'><strong>nec</strong></span> <span class='ocrx_word' id='word_1_278' title='bbox 484 3126 739 3190; x_wconf 86' lang='lat' dir='ltr'><strong>aliunde</strong></span> <span class='ocrx_word' id='word_1_279' title='bbox 772 3134 872 3191; x_wconf 89' lang='lat' dir='ltr'><strong>est</strong></span> <span class='ocrx_word' id='word_1_280' title='bbox 902 3127 1337 3208; x_wconf 86' lang='lat' dir='ltr'><strong>repetendum,</strong></span> <span class='ocrx_word' id='word_1_281' title='bbox 1370 3145 1564 3209; x_wconf 87' lang='lat' dir='ltr'><strong>quam</strong></span> <span class='ocrx_word' id='word_1_282' title='bbox 1597 3145 1676 3190; x_wconf 85' lang='lat' dir='ltr'><strong>ex</strong></span> <span class='ocrx_word' id='word_1_283' title='bbox 1708 3125 1941 3190; x_wconf 85' lang='lat' dir='ltr'><strong>Christi</strong></span> <span class='ocrx_word' id='word_1_284' title='bbox 1961 3126 2284 3193; x_wconf 87' lang='lat' dir='ltr'><strong>Ecclesiae</strong></span> <span class='ocrx_word' id='word_1_285' title='bbox 2303 3127 2683 3191; x_wconf 88' lang='lat' dir='ltr'><strong>institutoris</strong></span> <span class='ocrx_word' id='word_1_286' title='bbox 2715 3127 2944 3191; x_wconf 87' lang='lat' dir='ltr'><strong>volun-</strong></span> 
     </span>
     <span class='ocr_line' id='line_1_29' title="bbox 331 3232 2943 3320; baseline 0 -23"><span class='ocrx_word' id='word_1_287' title='bbox 331 3239 486 3309; x_wconf 86' lang='lat' dir='ltr'><strong>tate,</strong></span> <span class='ocrx_word' id='word_1_288' title='bbox 519 3252 598 3298; x_wconf 84' lang='lat' dir='ltr'><strong>ex</strong></span> <span class='ocrx_word' id='word_1_289' title='bbox 623 3233 768 3314; x_wconf 87' lang='lat' dir='ltr'><strong>jure</strong></span> <span class='ocrx_word' id='word_1_290' title='bbox 801 3251 952 3314; x_wconf 87' lang='lat' dir='ltr'><strong>ergo</strong></span> <span class='ocrx_word' id='word_1_291' title='bbox 974 3233 1188 3297; x_wconf 87' lang='lat' dir='ltr'><strong>divino</strong></span> <span class='ocrx_word' id='word_1_292' title='bbox 1224 3233 1336 3319; x_wconf 88' lang='lat' dir='ltr'><strong>(th.</strong></span> <span class='ocrx_word' id='word_1_293' title='bbox 1357 3235 1488 3320; x_wconf 88' lang='grc'><strong>48).</strong></span> <span class='ocrx_word' id='word_1_294' title='bbox 1520 3232 1655 3296; x_wconf 91' lang='lat' dir='ltr'><strong>Hoc</strong></span> <span class='ocrx_word' id='word_1_295' title='bbox 1689 3232 2038 3298; x_wconf 89' lang='lat' dir='ltr'><strong>tenendum</strong></span> <span class='ocrx_word' id='word_1_296' title='bbox 2071 3239 2170 3298; x_wconf 89' lang='lat' dir='ltr'><strong>est</strong></span> <span class='ocrx_word' id='word_1_297' title='bbox 2201 3240 2429 3298; x_wconf 88' lang='lat' dir='ltr'><strong>contra</strong></span> <span class='ocrx_word' id='word_1_298' title='bbox 2459 3252 2583 3298; x_wconf 91' lang='lat' dir='ltr'><strong>sec.</strong></span> <span class='ocrx_word' id='word_1_299' title='bbox 2617 3233 2776 3297; x_wconf 90' lang='lat' dir='ltr'><strong>XVI.</strong></span> <span class='ocrx_word' id='word_1_300' title='bbox 2810 3252 2943 3297; x_wconf 86' lang='lat' dir='ltr'><strong>no-</strong></span> 
     </span>
     <span class='ocr_line' id='line_1_30' title="bbox 330 3339 2947 3421; baseline 0 -19"><span class='ocrx_word' id='word_1_301' title='bbox 330 3347 673 3404; x_wconf 84' lang='lat' dir='ltr'><strong>vatores</strong></span> <span class='ocrx_word' id='word_1_302' title='bbox 718 3346 1052 3421; x_wconf 87' lang='lat' dir='ltr'><strong>tamquam</strong></span> <span class='ocrx_word' id='word_1_303' title='bbox 1095 3339 1241 3404; x_wconf 87' lang='lat' dir='ltr'><strong>fidei</strong></span> <span class='ocrx_word' id='word_1_304' title='bbox 1286 3340 1537 3419; x_wconf 83' lang='lat' dir='ltr'><strong>dogma,</strong></span> <span class='ocrx_word' id='word_1_305' title='bbox 1583 3345 1655 3402; x_wconf 89' lang='lat' dir='ltr'><strong>ut</strong></span> <span class='ocrx_word' id='word_1_306' title='bbox 1699 3345 1876 3420; x_wconf 87' lang='lat' dir='ltr'><strong>patet</strong></span> <span class='ocrx_word' id='word_1_307' title='bbox 1921 3358 2000 3404; x_wconf 83' lang='lat' dir='ltr'><strong>ex</strong></span> <span class='ocrx_word' id='word_1_308' title='bbox 2046 3358 2199 3404; x_wconf 89' lang='lat' dir='ltr'><strong>sess.</strong></span> <span class='ocrx_word' id='word_1_309' title='bbox 2236 3346 2270 3407; x_wconf 82' lang='lat'><strong>7</strong></span> <span class='ocrx_word' id='word_1_310' title='bbox 2307 3358 2447 3404; x_wconf 89' lang='lat' dir='ltr'><strong>can.</strong></span> <span class='ocrx_word' id='word_1_311' title='bbox 2488 3341 2567 3409; x_wconf 83' lang='lat'><strong>10&#39;</strong></span> <span class='ocrx_word' id='word_1_312' title='bbox 2602 3347 2775 3406; x_wconf 87' lang='lat' dir='ltr'><strong>etex</strong></span> <span class='ocrx_word' id='word_1_313' title='bbox 2808 3346 2947 3404; x_wconf 83' lang='lat' dir='ltr'><strong>tota</strong></span> 
     </span>
     <span class='ocr_line' id='line_1_31' title="bbox 331 3445 2943 3530; baseline 0 -21"><span class='ocrx_word' id='word_1_314' title='bbox 331 3463 488 3509; x_wconf 90' lang='lat' dir='ltr'><strong>sess.</strong></span> <span class='ocrx_word' id='word_1_315' title='bbox 523 3448 610 3513; x_wconf 83' lang='lat'><strong>23</strong></span> <span class='ocrx_word' id='word_1_316' title='bbox 642 3462 820 3508; x_wconf 88' lang='lat' dir='ltr'><strong>conc.</strong></span> <span class='ocrx_word' id='word_1_317' title='bbox 855 3445 1315 3520; x_wconf 84' lang='lat' dir='ltr'><strong>tridentini,</strong></span> <span class='ocrx_word' id='word_1_318' title='bbox 1349 3445 1520 3527; x_wconf 86' lang='lat' dir='ltr'><strong>quod</strong></span> <span class='ocrx_word' id='word_1_319' title='bbox 1553 3445 1644 3508; x_wconf 85' lang='lat' dir='ltr'><strong>ita</strong></span> <span class='ocrx_word' id='word_1_320' title='bbox 1677 3464 1773 3510; x_wconf 85' lang='lat' dir='ltr'><strong>ex.</strong></span> <span class='ocrx_word' id='word_1_321' title='bbox 1806 3465 1893 3527; x_wconf 87' lang='lat' dir='ltr'><strong>gr.</strong></span> <span class='ocrx_word' id='word_1_322' title='bbox 1928 3465 2065 3528; x_wconf 90' lang='lat' dir='ltr'><strong>cap.</strong></span> <span class='ocrx_word' id='word_1_323' title='bbox 2087 3452 2129 3514; x_wconf 90' lang='lat'>4</span> <span class='ocrx_word' id='word_1_324' title='bbox 2162 3448 2415 3511; x_wconf 79' lang='lat' dir='ltr'><strong>statuit:</strong></span> <span class='ocrx_word' id='word_1_325' title='bbox 2452 3446 2679 3526; x_wconf 85' lang='lat' dir='ltr'><strong>,Quod</strong></span> <span class='ocrx_word' id='word_1_326' title='bbox 2713 3448 2766 3510; x_wconf 90' lang='lat' dir='ltr'><strong>si</strong></span> <span class='ocrx_word' id='word_1_327' title='bbox 2799 3449 2943 3530; x_wconf 82' lang='lat' dir='ltr'><strong>quis</strong></span> 
     </span>
     <span class='ocr_line' id='line_1_32' title="bbox 330 3550 2945 3636; baseline 0 -21"><span class='ocrx_word' id='word_1_328' title='bbox 330 3569 558 3615; x_wconf 90' lang='lat' dir='ltr'><strong>omnes</strong></span> <span class='ocrx_word' id='word_1_329' title='bbox 590 3552 973 3615; x_wconf 88' lang='lat' dir='ltr'><strong>christianos</strong></span> <span class='ocrx_word' id='word_1_330' title='bbox 1003 3552 1366 3634; x_wconf 88' lang='lat' dir='ltr'><strong>promiscue</strong></span> <span class='ocrx_word' id='word_1_331' title='bbox 1398 3550 1469 3614; x_wconf 92' lang='lat' dir='ltr'><strong>N.</strong></span> <span class='ocrx_word' id='word_1_332' title='bbox 1503 3552 1570 3615; x_wconf 91' lang='lat' dir='ltr'><strong>T.</strong></span> <span class='ocrx_word' id='word_1_333' title='bbox 1622 3553 1995 3617; x_wconf 82' lang='lat' dir='ltr'><strong>sacerdotes</strong></span> <span class='ocrx_word' id='word_1_334' title='bbox 2029 3571 2173 3618; x_wconf 90' lang='lat' dir='ltr'><strong>esse</strong></span> <span class='ocrx_word' id='word_1_335' title='bbox 2205 3560 2320 3618; x_wconf 84' lang='lat' dir='ltr'><strong>aut</strong></span> <span class='ocrx_word' id='word_1_336' title='bbox 2350 3572 2575 3618; x_wconf 91' lang='lat' dir='ltr'><strong>omnes</strong></span> <span class='ocrx_word' id='word_1_337' title='bbox 2606 3555 2747 3636; x_wconf 87' lang='lat' dir='ltr'><strong>pari</strong></span> <span class='ocrx_word' id='word_1_338' title='bbox 2777 3554 2945 3618; x_wconf 89' lang='lat' dir='ltr'><strong>inter</strong></span> 
     </span>
     <span class='ocr_line' id='line_1_33' title="bbox 329 3656 2945 3743; baseline 0 -22"><span class='ocrx_word' id='word_1_339' title='bbox 329 3676 400 3722; x_wconf 89' lang='lat' dir='ltr'><strong>se</strong></span> <span class='ocrx_word' id='word_1_340' title='bbox 431 3664 757 3740; x_wconf 85' lang='lat' dir='ltr'><strong>potestate</strong></span> <span class='ocrx_word' id='word_1_341' title='bbox 789 3656 1104 3740; x_wconf 86' lang='lat' dir='ltr'><strong>spirituali</strong></span> <span class='ocrx_word' id='word_1_342' title='bbox 1135 3658 1460 3740; x_wconf 89' lang='lat' dir='ltr'><strong>praeditos</strong></span> <span class='ocrx_word' id='word_1_343' title='bbox 1491 3658 1781 3733; x_wconf 83' lang='lat' dir='ltr'><strong>affirmet,</strong></span> <span class='ocrx_word' id='word_1_344' title='bbox 1814 3660 1966 3724; x_wconf 89' lang='lat' dir='ltr'><strong>nihil</strong></span> <span class='ocrx_word' id='word_1_345' title='bbox 1999 3661 2171 3724; x_wconf 89' lang='lat' dir='ltr'><strong>aliud</strong></span> <span class='ocrx_word' id='word_1_346' title='bbox 2204 3659 2414 3726; x_wconf 87' lang='lat' dir='ltr'><strong>facere</strong></span> <span class='ocrx_word' id='word_1_347' title='bbox 2445 3660 2714 3737; x_wconf 85' lang='lat' dir='ltr'><strong>videtur,</strong></span> <span class='ocrx_word' id='word_1_348' title='bbox 2748 3679 2945 3743; x_wconf 89' lang='lat' dir='ltr'><strong>quam</strong></span> 
     </span>
     <span class='ocr_line' id='line_1_34' title="bbox 330 3763 2943 3845; baseline 0 -17"><span class='ocrx_word' id='word_1_349' title='bbox 330 3763 830 3828; x_wconf 87' lang='lat' dir='ltr'><strong>ecclesiasticam</strong></span> <span class='ocrx_word' id='word_1_350' title='bbox 860 3763 1307 3840; x_wconf 84' lang='lat' dir='ltr'><strong>hierarchiam,</strong></span> <span class='ocrx_word' id='word_1_351' title='bbox 1355 3782 1521 3845; x_wconf 90' lang='lat' dir='ltr'><strong>quae</strong></span> <span class='ocrx_word' id='word_1_352' title='bbox 1567 3771 1667 3829; x_wconf 89' lang='lat' dir='ltr'><strong>est</strong></span> <span class='ocrx_word' id='word_1_353' title='bbox 1711 3773 1785 3830; x_wconf 88' lang='lat' dir='ltr'><strong>ut</strong></span> <span class='ocrx_word' id='word_1_354' title='bbox 1823 3772 2183 3830; x_wconf 87' lang='lat' dir='ltr'><strong>castrorum</strong></span> <span class='ocrx_word' id='word_1_355' title='bbox 2233 3767 2406 3831; x_wconf 88' lang='lat' dir='ltr'><strong>acies</strong></span> <span class='ocrx_word' id='word_1_356' title='bbox 2438 3767 2751 3844; x_wconf 85' lang='lat' dir='ltr'><strong>ordinata,</strong></span> <span class='ocrx_word' id='word_1_357' title='bbox 2785 3785 2943 3830; x_wconf 92' lang='lat' dir='ltr'><strong>con-</strong></span> 
     </span>
     <span class='ocr_line' id='line_1_35' title="bbox 327 3868 2944 3957; baseline 0.002 -25"><span class='ocrx_word' id='word_1_358' title='bbox 327 3868 622 3935; x_wconf 83' lang='lat' dir='ltr'><strong>fundere:</strong></span> <span class='ocrx_word' id='word_1_359' title='bbox 654 3870 918 3952; x_wconf 90' lang='lat' dir='ltr'><strong>perinde</strong></span> <span class='ocrx_word' id='word_1_360' title='bbox 949 3888 1026 3934; x_wconf 87' lang='lat' dir='ltr'><strong>ac</strong></span> <span class='ocrx_word' id='word_1_361' title='bbox 1058 3871 1112 3933; x_wconf 90' lang='lat' dir='ltr'><strong>si</strong></span> <span class='ocrx_word' id='word_1_362' title='bbox 1143 3877 1373 3934; x_wconf 88' lang='lat' dir='ltr'><strong>contra</strong></span> <span class='ocrx_word' id='word_1_363' title='bbox 1402 3870 1461 3934; x_wconf 90' lang='lat' dir='ltr'><strong>b.</strong></span> <span class='ocrx_word' id='word_1_364' title='bbox 1495 3869 1679 3935; x_wconf 88' lang='lat' dir='ltr'><strong>Pauli</strong></span> <span class='ocrx_word' id='word_1_365' title='bbox 1725 3874 2088 3937; x_wconf 86' lang='lat' dir='ltr'><strong>doctrinam</strong></span> <span class='ocrx_word' id='word_1_366' title='bbox 2135 3893 2359 3939; x_wconf 90' lang='lat' dir='ltr'><strong>omnes</strong></span> <span class='ocrx_word' id='word_1_367' title='bbox 2392 3874 2685 3957; x_wconf 88' lang='lat' dir='ltr'><strong>apostoli,</strong></span> <span class='ocrx_word' id='word_1_368' title='bbox 2720 3878 2944 3940; x_wconf 85' lang='lat' dir='ltr'><strong>omnes</strong></span> 
     </span>
     <span class='ocr_line' id='line_1_36' title="bbox 327 3976 2938 4068; baseline 0.002 -28"><span class='ocrx_word' id='word_1_369' title='bbox 327 3976 701 4059; x_wconf 81' lang='lat' dir='ltr'><strong>prophetae,</strong></span> <span class='ocrx_word' id='word_1_370' title='bbox 718 3995 944 4041; x_wconf 90' lang='lat' dir='ltr'><strong>omnes</strong></span> <span class='ocrx_word' id='word_1_371' title='bbox 959 3978 1408 4058; x_wconf 83' lang='lat' dir='ltr'><strong>evangelistae,</strong></span> <span class='ocrx_word' id='word_1_372' title='bbox 1425 3996 1649 4043; x_wconf 91' lang='lat' dir='ltr'><strong>omnes</strong></span> <span class='ocrx_word' id='word_1_373' title='bbox 1666 3986 1978 4061; x_wconf 79' lang='lat' dir='ltr'><strong>pastoreS,</strong></span> <span class='ocrx_word' id='word_1_374' title='bbox 1996 4000 2220 4046; x_wconf 90' lang='lat' dir='ltr'><strong>omnes</strong></span> <span class='ocrx_word' id='word_1_375' title='bbox 2237 3983 2364 4045; x_wconf 86' lang='lat' dir='ltr'><strong>sint</strong></span> <span class='ocrx_word' id='word_1_376' title='bbox 2377 3982 2674 4046; x_wconf 90' lang='lat' dir='ltr'><strong>doctores</strong></span> <span class='ocrx_word' id='word_1_377' title='bbox 2692 3983 2777 4068; x_wconf 91' lang='lat'><strong>(1.</strong></span> <span class='ocrx_word' id='word_1_378' title='bbox 2796 3981 2938 4046; x_wconf 90' lang='lat' dir='ltr'><strong>Cor.</strong></span> 
     </span>
     <span class='ocr_line' id='line_1_37' title="bbox 335 4083 2942 4170; baseline 0.002 -20"><span class='ocrx_word' id='word_1_379' title='bbox 335 4088 436 4159; x_wconf 78' lang='lat'><strong>12,</strong></span> <span class='ocrx_word' id='word_1_380' title='bbox 468 4088 553 4152; x_wconf 82' lang='lat'><strong>28</strong></span> <span class='ocrx_word' id='word_1_381' title='bbox 586 4086 679 4170; x_wconf 91' lang='lat' dir='ltr'><strong>s.).</strong></span> <span class='ocrx_word' id='word_1_382' title='bbox 741 4083 1018 4148; x_wconf 90' lang='lat' dir='ltr'><strong>Proinde</strong></span> <span class='ocrx_word' id='word_1_383' title='bbox 1051 4090 1471 4149; x_wconf 86' lang='lat' dir='ltr'><strong>sacrosancta</strong></span> <span class='ocrx_word' id='word_1_384' title='bbox 1501 4086 1789 4168; x_wconf 85' lang='lat' dir='ltr'><strong>synodus</strong></span> <span class='ocrx_word' id='word_1_385' title='bbox 1819 4086 2124 4164; x_wconf 87' lang='lat' dir='ltr'><strong>declarat,</strong></span> <span class='ocrx_word' id='word_1_386' title='bbox 2158 4095 2417 4170; x_wconf 89' lang='lat' dir='ltr'><strong>praeter</strong></span> <span class='ocrx_word' id='word_1_387' title='bbox 2446 4098 2697 4155; x_wconf 91' lang='lat' dir='ltr'><strong>ceteros</strong></span> <span class='ocrx_word' id='word_1_388' title='bbox 2730 4090 2942 4154; x_wconf 90' lang='lat' dir='ltr'><strong>eccle-</strong></span> 
     </span>
     <span class='ocr_line' id='line_1_38' title="bbox 327 4188 2942 4276; baseline 0.003 -23"><span class='ocrx_word' id='word_1_389' title='bbox 327 4188 623 4255; x_wconf 83' lang='lat' dir='ltr'><strong>siasticos</strong></span> <span class='ocrx_word' id='word_1_390' title='bbox 654 4191 909 4271; x_wconf 78' lang='lat' dir='ltr'><strong>graduS,</strong></span> <span class='ocrx_word' id='word_1_391' title='bbox 943 4191 1297 4273; x_wconf 78' lang='lat' dir='ltr'><strong>episcopOS,</strong></span> <span class='ocrx_word' id='word_1_392' title='bbox 1345 4194 1451 4275; x_wconf 91' lang='lat' dir='ltr'><strong>qui</strong></span> <span class='ocrx_word' id='word_1_393' title='bbox 1496 4193 1562 4257; x_wconf 95' lang='lat' dir='ltr'><strong>in</strong></span> <span class='ocrx_word' id='word_1_394' title='bbox 1610 4196 2051 4276; x_wconf 89' lang='lat' dir='ltr'><strong>apostolorum</strong></span> <span class='ocrx_word' id='word_1_395' title='bbox 2097 4196 2310 4260; x_wconf 89' lang='lat' dir='ltr'><strong>locum</strong></span> <span class='ocrx_word' id='word_1_396' title='bbox 2357 4204 2824 4274; x_wconf 86' lang='lat' dir='ltr'><strong>successerunt,</strong></span> <span class='ocrx_word' id='word_1_397' title='bbox 2859 4198 2942 4261; x_wconf 89' lang='lat' dir='ltr'><strong>ad</strong></span> 
     </span>
     <span class='ocr_line' id='line_1_39' title="bbox 326 4296 2940 4385; baseline 0.003 -26"><span class='ocrx_word' id='word_1_398' title='bbox 326 4296 499 4360; x_wconf 90' lang='lat' dir='ltr'><strong>hunc</strong></span> <span class='ocrx_word' id='word_1_399' title='bbox 530 4297 1000 4361; x_wconf 89' lang='lat' dir='ltr'><strong>hierarchicum</strong></span> <span class='ocrx_word' id='word_1_400' title='bbox 1020 4298 1309 4364; x_wconf 89' lang='lat' dir='ltr'><strong>ordinem</strong></span> <span class='ocrx_word' id='word_1_401' title='bbox 1327 4301 1670 4382; x_wconf 84' lang='lat' dir='ltr'><strong>praecipue</strong></span> <span class='ocrx_word' id='word_1_402' title='bbox 1691 4303 2042 4382; x_wconf 88' lang='lat' dir='ltr'><strong>pertinere;</strong></span> <span class='ocrx_word' id='word_1_403' title='bbox 2077 4308 2142 4367; x_wconf 86' lang='lat' dir='ltr'><strong>et</strong></span> <span class='ocrx_word' id='word_1_404' title='bbox 2171 4303 2434 4384; x_wconf 53' lang='lat' dir='ltr'><strong>positos</strong></span> <span class='ocrx_word' id='word_1_405' title='bbox 2466 4305 2629 4368; x_wconf 88' lang='lat' dir='ltr'><strong>sicut</strong></span> <span class='ocrx_word' id='word_1_406' title='bbox 2660 4303 2940 4385; x_wconf 89' lang='lat' dir='ltr'><strong>Aposto-</strong></span> 
     </span>
     <span class='ocr_line' id='line_1_40' title="bbox 325 4402 2940 4496; baseline 0.005 -30"><span class='ocrx_word' id='word_1_407' title='bbox 325 4402 426 4466; x_wconf 87' lang='lat' dir='ltr'><strong>lus</strong></span> <span class='ocrx_word' id='word_1_408' title='bbox 457 4404 546 4467; x_wconf 88' lang='lat' dir='ltr'><strong>ait</strong></span> <span class='ocrx_word' id='word_1_409' title='bbox 580 4403 741 4490; x_wconf 89' lang='lat' dir='ltr'><strong>(Act.</strong></span> <span class='ocrx_word' id='word_1_410' title='bbox 776 4410 881 4480; x_wconf 78' lang='lat'><strong>20,</strong></span> <span class='ocrx_word' id='word_1_411' title='bbox 914 4406 1044 4493; x_wconf 77' lang='grc'><strong>28),</strong></span> <span class='ocrx_word' id='word_1_412' title='bbox 1078 4424 1117 4469; x_wconf 90' lang='lat' dir='ltr'><strong>a</strong></span> <span class='ocrx_word' id='word_1_413' title='bbox 1150 4403 1388 4487; x_wconf 86' lang='lat' dir='ltr'><strong>Spiritu</strong></span> <span class='ocrx_word' id='word_1_414' title='bbox 1420 4427 1467 4470; x_wconf 90' lang='lat' dir='ltr'><strong>s.</strong></span> <span class='ocrx_word' id='word_1_415' title='bbox 1501 4426 1719 4488; x_wconf 85' lang='lat' dir='ltr'><strong>regere</strong></span> <span class='ocrx_word' id='word_1_416' title='bbox 1751 4408 2099 4473; x_wconf 85' lang='lat' dir='ltr'><strong>Ecclesiam</strong></span> <span class='ocrx_word' id='word_1_417' title='bbox 2129 4410 2259 4487; x_wconf 89' lang='lat' dir='ltr'><strong>Dei,</strong></span> <span class='ocrx_word' id='word_1_418' title='bbox 2293 4429 2534 4494; x_wconf 88' lang='lat' dir='ltr'><strong>eosque</strong></span> <span class='ocrx_word' id='word_1_419' title='bbox 2552 4414 2940 4496; x_wconf 80' lang='lat' dir='ltr'><strong>presbyteris</strong></span> 
     </span>
     <span class='ocr_line' id='line_1_41' title="bbox 327 4510 2938 4593; baseline 0.005 -22"><span class='ocrx_word' id='word_1_420' title='bbox 327 4510 688 4590; x_wconf 89' lang='lat' dir='ltr'><strong>superiores</strong></span> <span class='ocrx_word' id='word_1_421' title='bbox 720 4528 882 4587; x_wconf 87' lang='lat' dir='ltr'><strong>esse,</strong></span> <span class='ocrx_word' id='word_1_422' title='bbox 915 4529 991 4575; x_wconf 90' lang='lat' dir='ltr'><strong>ac</strong></span> <span class='ocrx_word' id='word_1_423' title='bbox 1037 4518 1516 4577; x_wconf 87' lang='lat' dir='ltr'><strong>sacramentum</strong></span> <span class='ocrx_word' id='word_1_424' title='bbox 1561 4514 2065 4579; x_wconf 87' lang='lat' dir='ltr'><strong>confirmationis</strong></span> <span class='ocrx_word' id='word_1_425' title='bbox 2110 4516 2418 4593; x_wconf 85' lang='lat' dir='ltr'><strong>conferre,</strong></span> <span class='ocrx_word' id='word_1_426' title='bbox 2464 4519 2788 4584; x_wconf 83' lang='lat' dir='ltr'><strong>ministros</strong></span> <span class='ocrx_word' id='word_1_427' title='bbox 2819 4519 2938 4583; x_wconf 89' lang='lat' dir='ltr'><strong>Ec-</strong></span> 
     </span>
     <span class='ocr_line' id='line_1_42' title="bbox 327 4615 2937 4708; baseline 0.005 -30"><span class='ocrx_word' id='word_1_428' title='bbox 327 4615 560 4680; x_wconf 88' lang='lat' dir='ltr'><strong>clesiae</strong></span> <span class='ocrx_word' id='word_1_429' title='bbox 593 4617 908 4695; x_wconf 89' lang='lat' dir='ltr'><strong>ordinare,</strong></span> <span class='ocrx_word' id='word_1_430' title='bbox 942 4626 1135 4701; x_wconf 88' lang='lat' dir='ltr'><strong>atque</strong></span> <span class='ocrx_word' id='word_1_431' title='bbox 1166 4620 1294 4683; x_wconf 85' lang='lat' dir='ltr'><strong>alia</strong></span> <span class='ocrx_word' id='word_1_432' title='bbox 1325 4621 1629 4702; x_wconf 89' lang='lat' dir='ltr'><strong>pleraque</strong></span> <span class='ocrx_word' id='word_1_433' title='bbox 1661 4640 1970 4702; x_wconf 83' lang='lat' dir='ltr'><strong>peragere</strong></span> <span class='ocrx_word' id='word_1_434' title='bbox 2001 4623 2175 4703; x_wconf 88' lang='lat' dir='ltr'><strong>ipsos</strong></span> <span class='ocrx_word' id='word_1_435' title='bbox 2208 4642 2417 4705; x_wconf 89' lang='lat' dir='ltr'><strong>posse,</strong></span> <span class='ocrx_word' id='word_1_436' title='bbox 2452 4644 2724 4708; x_wconf 89' lang='lat' dir='ltr'><strong>quarum</strong></span> <span class='ocrx_word' id='word_1_437' title='bbox 2756 4627 2937 4691; x_wconf 83' lang='lat' dir='ltr'><strong>func-</strong></span> 
     </span>
     <span class='ocr_line' id='line_1_43' title="bbox 330 4721 2469 4807; baseline 0.005 -23"><span class='ocrx_word' id='word_1_438' title='bbox 330 4721 573 4786; x_wconf 88' lang='lat' dir='ltr'><strong>tionum</strong></span> <span class='ocrx_word' id='word_1_439' title='bbox 607 4730 995 4804; x_wconf 88' lang='lat' dir='ltr'><strong>potestatem</strong></span> <span class='ocrx_word' id='word_1_440' title='bbox 1026 4725 1251 4807; x_wconf 89' lang='lat' dir='ltr'><strong>reliqui</strong></span> <span class='ocrx_word' id='word_1_441' title='bbox 1281 4725 1593 4791; x_wconf 81' lang='lat' dir='ltr'><strong>inferioris</strong></span> <span class='ocrx_word' id='word_1_442' title='bbox 1627 4728 1867 4791; x_wconf 91' lang='lat' dir='ltr'><strong>ordinis</strong></span> <span class='ocrx_word' id='word_1_443' title='bbox 1898 4728 2139 4792; x_wconf 89' lang='lat' dir='ltr'><strong>nullam</strong></span> <span class='ocrx_word' id='word_1_444' title='bbox 2173 4730 2469 4796; x_wconf 76' lang='lat' dir='ltr'><strong>habent‘</strong></span> 
     </span>
    </p>
   </div>
  </div>
 </body>
</html>
