3538 5364
992 302 1563 355 sacramentariorum
1591 318 1806 355 errores
1833 302 2341 371 praedamnarunt.
2842 311 2966 374 327

348 487 753 563 quaerendam
783 487 1073 557 exciteris,
1119 491 1180 544 et
1223 485 1641 546 inveniendam
1672 487 1990 563 adjuveris,
2054 486 2302 556 Quando
2346 488 2408 546 in
2454 488 2729 547 manibus
2778 506 2970 547 sacra·

349 582 626 635 mentum
657 576 786 651 ejus
818 580 1006 644 tenea,
1053 576 1440 651 corporaliter
1469 580 1664 635 tecum
1698 581 1808 637 est.
1871 575 2116 645 Quando
2149 595 2249 635 ore
2278 577 2545 653 suscipis,
2590 577 2973 653 corporaliter

350 669 552 724 tecum
584 668 689 723 est.
737 664 980 734 Quando
1000 664 1320 723 manducas
1354 670 1417 724 et
1448 665 1688 740 quando
1721 669 1951 742 gustas.
1986 666 2377 741 corporaliter
2406 669 2605 725 tecum
2635 669 2745 725 est.
2793 667 2972 725 Deni-

350 773 472 830 que
505 755 563 813 in
598 755 744 821 visu,
779 754 840 811 in
873 756 1056 819 tactu,
1107 753 1168 811 in
1214 773 1418 829 sapore
1451 755 1833 830 corporaliter
1864 757 2060 813 tecum
2096 760 2202 818 est.
2265 754 2557 824 Quamdiu
2607 773 2812 813 sensus
2846 773 2973 813 cor·

349 842 642 918 poraliter
685 842 957 912 afficitur,
1005 844 1340 918 praesentia
1383 844 1512 918 ejus
1559 843 1874 919 corporalis
1926 862 2045 903 non
2076 844 2361 902 aufertur.
2423 845 2743 919 Postquam
2773 847 2973 903 autem

350 951 559 991 sensus
591 932 908 1008 corporalis
939 932 1003 990 in
1033 932 1408 1009 percipiendo
1459 932 1677 1002 deficit,
1731 933 2008 1008 deinceps
2054 933 2371 1009 corporalis
2415 934 2749 1008 praesentia
2792 952 2973 1008 quae-

349 1021 539 1080 renda
581 1040 702 1080 non
743 1025 849 1090 est,
898 1021 1001 1080 sed
1048 1021 1329 1096 spiritalis
1360 1022 1686 1080 retinenda.
1750 1022 2122 1098 Dispensatio
2175 1022 2465 1098 completa
2496 1025 2586 1080 est
2617 1041 2722 1097 per
2753 1022 2971 1080 factum

351 1112 805 1181 sacramentum,
840 1110 1006 1168 intus
1037 1114 1240 1169 manet
1271 1110 1553 1180 Christus,
1588 1110 1659 1169 de
1690 1129 1792 1169 ore
1822 1111 1896 1169 ad
1932 1129 2030 1170 cor
2054 1111 2330 1170 t1·ansit.‘
2366 1111 2527 1181 Quae
2547 1111 2815 1170 derivata
2833 1114 2975 1169 sunt

352 1218 421 1257 ex
456 1200 826 1276 Hugonea
855 1219 897 1258 s,
933 1198 1168 1257 Victore
1198 1199 1273 1258 de
1305 1219 1446 1257 sacr.
1479 1201 1518 1263 l.
1555 1209 1590 1262 2
1625 1218 1681 1275 p.
1717 1210 1751 1264 8
1790 1221 1835 1261 c.
1878 1209 1972 1262 13.

533 1321 596 1389 8.
646 1316 714 1382 Si
765 1318 1133 1401 quaerimus
1184 1337 1224 1382 a
1275 1320 1818 1397 sacramentariis
1852 1338 2051 1403 quare
2104 1321 2169 1383 in
2217 1319 2607 1385 eucharistia
2640 1319 2975 1385 videantur

353 1427 540 1508 panis
574 1432 640 1491 et
670 1426 798 1488 vini
830 1426 1096 1508 specieS‚
1117 1428 1527 1508 respondent,
1550 1428 1704 1510 quia
1722 1429 1907 1510 panis
1928 1428 2141 1492 etvini
2159 1426 2523 1491 substantia
2541 1434 2780 1503 manet,
2801 1426 2975 1491 nulla

353 1533 529 1598 enim
574 1532 847 1597 mutatio
893 1531 1333 1598 substantialis
1383 1532 1597 1598 locum
1644 1534 1858 1599 habet„
1921 1535 2097 1599 Alias
2148 1534 2424 1600 reddunt
2461 1535 2741 1616 majores
2772 1535 2975 1598 nostri

357 1640 663 1716 rationes
715 1657 883 1721 quae
925 1640 1187 1704 omnino
1219 1641 1460 1706 realem
1492 1643 1783 1723 corporis
1816 1649 1881 1706 et
1913 1642 2240 1722 sanguinis
2274 1640 2509 1705 Christi
2542 1642 2975 1722 praesentiam

351 1752 742 1828 supponunt.
793 1745 1038 1812 Docent
1083 1748 1272 1821 euim,
1318 1749 1565 1830 species
1601 1766 1881 1827 manere,
1913 1769 1996 1814 ne
2028 1749 2414 1812 horreamus
2447 1764 2707 1813 carnem
2739 1746 2974 1811 Christi

353 1852 751 1918 manducare
783 1860 849 1918 et
880 1860 950 1918 ut
982 1855 1064 1917 sit
1095 1854 1275 1919 locus
1308 1854 1472 1918 fidei.

533 1982 629 2040 Ita
657 1982 848 2040 Lanf
856 2002 989 2042 ran
1011 2003 1141 2042 cus
1191 1985 1263 2043 de
1297 2003 1451 2060 corp.
1482 1987 1545 2044 et
1576 2004 1742 2063 sang.
1778 1986 1844 2044 D.
1880 2008 1925 2043 c.
1966 1995 2075 2048 18:
2142 1983 2488 2053 ,Credimus
2532 1987 2800 2043 terrenas
2833 1982 2973 2041 sub-

353 2072 622 2141 stantias,
661 2089 813 2146 quae
844 2072 905 2129 in
938 2092 1142 2132 mensa
1172 2073 1466 2132 dominica
1508 2093 1615 2150 per
1662 2074 2021 2133 sacerdotale
2065 2073 2469 2132 ministerium
2516 2072 2807 2131 divinitus
2842 2091 2973 2129 san·

357 2160 709 2230 ctificantur,
772 2160 1172 2233 ineffabiliter,
1224 2162 1916 2239 incomprehensibiliter,
1970 2162 2325 2221 mirabiliter
2385 2163 2664 2238 operante
2716 2179 2973 2236 superna

359 2248 624 2324 potentia
673 2251 936 2308 converti
983 2251 1047 2309 in
1096 2252 1411 2310 essentiam
1461 2252 1741 2311 dominici
1802 2252 2058 2328 corporis
2101 2251 2412 2310 reservatis
2461 2251 2724 2326 ipsarum
2774 2268 2971 2308 rerum

356 2338 664 2415 speciebus
706 2340 768 2396 et
811 2340 1167 2413 quibusdam
1213 2341 1347 2398 aliis
1394 2341 1803 2416 qualitatibus,
1852 2360 1926 2400 ne
1969 2341 2366 2417 percipientes
2395 2339 2581 2399 cruda
2625 2343 2688 2397 et
2731 2341 2976 2397 cruenta

351 2429 684 2497 horrerent,
716 2431 780 2485 et
809 2430 880 2486 ut
913 2428 1218 2488 credentes
1261 2429 1401 2488 fidei
1445 2430 1705 2506 praemia
1751 2429 2040 2506 ampliora
2087 2429 2518 2505 perciperent.‘
2554 2462 2641 2472 —-
2672 2428 2975 2485 Praeclare

352 2518 780 2575 Germanus
827 2517 933 2575 ΟΡ.
979 2518 1043 2576 in
1088 2520 1245 2578 hom.
1292 2518 1365 2577 de
1411 2520 1822 2578 sacramentali
1868 2537 2111 2596 corpore
2144 2519 2212 2577 D.
2242 2518 2315 2581 N.
2346 2518 2403 2581 J.
2436 2517 2652 2576 Christi
2699 2512 2789 2597 (in
2833 2515 2976 2574 edit.

353 2605 833 2664 Renaudotii
865 2625 922 2681 p.
957 2616 994 2668 4
1028 2603 1117 2690 a),
1163 2608 1461 2667 Christum
1492 2608 1578 2667 ita
1610 2609 1952 2685 loquentem
2000 2607 2074 2667 ad
2106 2606 2432 2684 discipulos
2462 2605 2723 2665 inducit:
2790 2605 2973 2673 ,Ver-

353 2697 567 2755 borum
598 2714 867 2755 meornm
898 2696 1155 2756 efficacia
1185 2717 1423 2757 omnem
1453 2718 1668 2775 panem
1698 2702 1759 2757 et
1795 2698 2002 2758 vinum
2046 2698 2109 2756 in
2140 2716 2338 2757 meum
2370 2698 2722 2773 sanguinem
2753 2700 2814 2753 et
2847 2713 2974 2752 cor-

355 2804 469 2860 pus
498 2785 927 2844 transmutabit
959 2836 972 2848 .
1007 2830 1021 2842 .
1055 2830 1068 2842 .
1133 2787 1340 2862 Neque
1371 2807 1510 2846 vero
1542 2788 1739 2864 gravis
1769 2788 1936 2847 vobis
1968 2787 2145 2846 debet
2175 2789 2283 2845 aut
2326 2786 2513 2846 durus
2557 2803 2680 2844 esse
2714 2802 2974 2843 commu-

360 2873 556 2931 nionis
584 2892 796 2933 sermo.
858 2874 992 2933 Non
1023 2876 1180 2933 enim
1212 2877 1691 2936 absterrebimini
1724 2896 1957 2936 carnem
1988 2876 2231 2935 edentes
2260 2876 2580 2934 humanam
2627 2876 2691 2933 et
2735 2874 2975 2949 sangui-

365 2979 499 3019 nem
527 2961 801 3022 bibentes
833 2964 945 3023 sub
976 2964 1177 3022 eadem
1212 2965 1417 3026 forma.
1451 2985 1571 3041 qna
1600 2965 1939 3025 subsistunt
1982 2969 2043 3024 et
2088 2965 2153 3023 in
2195 2983 2290 3023 me
2324 2968 2487 3036 sunt,
2540 2963 2641 3024 sed
2673 2965 2976 3037 tamquam

366 3049 430 3107 in
462 3068 609 3124 pane
639 3055 700 3109 et
728 3053 870 3112 vino
900 3053 1350 3113 manducabitis,
1400 3055 1575 3114 Panis
1606 3059 1809 3113 autem
1841 3057 1901 3113 et
1936 3055 2056 3113 vini
2094 3072 2382 3130 apparens
2415 3053 2634 3113 veritas
2665 3051 2974 3110 veritatem

360 3156 486 3197 non
518 3145 893 3214 apparentem
945 3143 1205 3218 corporis
1255 3146 1317 3201 et
1365 3144 1669 3220 sanguinis
1720 3144 2082 3212 continebit;
2133 3142 2465 3202 substantia
2510 3141 2750 3218 quidem
2781 3142 2977 3198 trans-

360 3230 595 3286 mutata
624 3231 696 3286 ut
723 3230 786 3289 in
817 3232 983 3290 vobis
1015 3235 1446 3291 sacramentum
1478 3237 1788 3309 operetur:
1836 3236 2077 3292 externa
2124 3251 2261 3290 vero
2294 3232 2482 3290 forma
2512 3231 2714 3290 eadem
2746 3248 2974 3304 perma-

357 3319 577 3388 mente‚
624 3335 698 3377 ne
746 3339 865 3395 qna
913 3338 1016 3379 vos
1069 3321 1379 3380 haesitatio
1429 3325 1490 3380 et
1539 3322 1749 3381 horror
1794 3321 2068 3380 detinens
2114 3341 2148 3379 a
2196 3320 2607 3380 communione
2658 3319 2972 3378 abducat.‘

354 3406 577 3465 Eadem
608 3407 705 3466 vel
735 3408 953 3467 similia
985 3410 1196 3469 docent
1241 3411 1344 3468 alii
1388 3415 1615 3469 veteres
1661 3411 1992 3485 scriptores,
2040 3428 2188 3484 quos
2232 3408 2502 3468 dedimus
2534 3427 2736 3485 opusc.
2764 3406 2975 3476 XXIII,

364 3504 484 3557 112
519 3515 593 3559 ss,
624 3500 690 3555 et
720 3497 1002 3569 XXXVII,
1040 3509 1142 3562 50.
1204 3500 1283 3559 cf.
1317 3519 1360 3557 S.
1393 3500 1709 3558 Thomas
1745 3509 1781 3562 3
1816 3519 1872 3575 q.
1911 3509 1987 3562 75
2023 3519 2071 3560 a.
2111 3509 2165 3560 5.

535 3619 687 3685 355·
719 3617 975 3685 Thesis
1008 3615 1341 3686 CCXXV·
1375 3639 1569 3694 Adeo
1638 3652 2060 3704 persuasum
2114 3640 2272 3691 erat
2303 3638 2632 3702 patribus
2667 3638 2751 3690 cle
2791 3636 2975 3688 reali

361 3730 673 3793 corporis
711 3733 775 3782 et
811 3730 1186 3795 sananim-9
1237 3730 1308 3784 J.
1349 3730 1608 3782 Christi
1657 3731 1737 3782 in
1788 3729 2222 3782 eucharistia
2266 3728 2699 3793 praesentia,
2735 3730 2812 3779 ut
2849 3728 2975 3780 hoc

361 3819 681 3883 doqmate
705 3820 821 3872 uei
844 3820 986 3872 sint
1007 3819 1349 3885 principii
1373 3820 1608 3872 instar
1632 3820 1936 3884 indubii,
1955 3831 2090 3886 quo
2112 3822 2359 3871 contra
2378 3818 2764 3871 haereticos
2784 3817 2973 3870 alias

365 3908 901 3972 comprobarent
933 3907 1101 3971 fidei
1138 3908 1518 3962 catholicae
1554 3909 1903 3961 veritates.

538 4011 1108 4080 Demonstratio.
1180 4013 1240 4078 1.
1291 4010 1624 4092 Negarunt
1670 4010 2037 4091 gnostici
2084 4011 2136 4074 J.
2185 4008 2508 4073 Christum
2558 4009 2781 4072 Filium
2828 4026 2974 4072 esse

357 4116 685 4181 Creatoris
736 4116 973 4180 mundi.
1041 4113 1168 4180 Sed
1201 4134 1312 4180 eos
1357 4114 1584 4181 refellit
1631 4115 2030 4181 Irenaeus
2080 4115 2177 4190 lv,
2234 4121 2310 4183 18
2360 4134 2419 4176 n.
2468 4121 2540 4182 4:
2597 4112 2974 4192 ‚Quomodo

359 4223 684 4287 constabit
714 4225 806 4289 eis
839 4241 984 4288 eum
1019 4241 1270 4304 panem,
1302 4224 1367 4286 in
1401 4241 1528 4305 quo
1561 4222 1811 4303 gratiae
1844 4229 2028 4286 actae
2061 4230 2227 4297 sunt,
2276 4239 2513 4302 corpus
2547 4239 2689 4283 esse
2723 4219 2975 4282 Domini

358 4329 460 4391 sui
492 4334 556 4393 et
585 4330 852 4395 calicem
885 4330 1215 4412 sanguinis
1248 4331 1402 4411 ejuS‚
1436 4331 1489 4393 si
1522 4347 1651 4393 non
1686 4329 1896 4410 ipsum
1931 4328 2334 4392 fabricatoris
2369 4327 2589 4391 mundi
2620 4325 2847 4390 Filium
2879 4326 2974 4389 di·—

359 4444 513 4500 cant
542 4437 578 4500 i.
612 4457 664 4502 e.
729 4437 1015 4502 Verbum
1049 4438 1206 4519 ejus,
1253 4456 1368 4519 per
1412 4437 1584 4519 quod
1617 4486 1634 4501 .
1665 4488 1677 4499 .
1712 4488 1724 4498 .
1760 4444 1934 4501 terra
1966 4436 2077 4499 dat
2109 4436 2389 4515 primum
2424 4433 2682 4515 quidem
2715 4432 2975 4498 foenum

358 4542 701 4631 (herbam).
735 4552 882 4626 post
914 4544 1144 4609 deinde
1176 4546 1437 4626 spicam,
1472 4544 1703 4609 deinde
1734 4543 1999 4624 plenum
2035 4542 2313 4606 triticum
2347 4542 2414 4604 in
2445 4542 2622 4622 spica
2637 4543 2704 4604 P‘
2754 4539 2975 4622 Neque

356 4650 532 4713 enim
576 4649 869 4714 Christus
914 4655 1321 4716 converteret
1363 4668 1600 4731 panem
1649 4650 1713 4712 in
1759 4666 1999 4728 corpus
2050 4667 2257 4720 suum,
2307 4648 2429 4711 nisi
2475 4655 2651 4711 esset
2686 4646 2879 4710 Filius
2912 4653 2976 4710 et

354 4755 647 4822 Verbum
683 4757 864 4833 illius,
898 4759 1003 4840 qui
1026 4763 1125 4821 est
1141 4765 1368 4822 auctor
1387 4756 1601 4839 panis:
1636 4754 1900 4819 alterius
1921 4754 2231 4820 creatoris
2254 4762 2623 4818 creaturam
2642 4769 2973 4834 nunquam
