3538 5364
1339 295 1559 364 gratiae
1588 293 1956 364 praestantia.
2917 305 2958 367 3

345 477 507 541 enim
536 477 658 540 Dei
693 476 925 558 Filius,
980 482 1144 540 teste
1175 475 1426 541 Joanne
1468 484 1495 543 1
1534 493 1629 557 ep.
1663 481 1726 551 5,
1758 481 1863 552 20,
1909 482 1964 539 et
1994 475 2163 538 dedit
2195 476 2368 539 nobis
2396 496 2643 539 sensum
2676 482 2958 561 διάνοιαν,

345 589 409 645 ut
436 602 888 665 coquoseamus
934 602 1145 647 verum
1178 581 1381 646 Deum
1432 589 1488 645 et
1537 585 1731 647 simus
1779 585 1846 646 in
1896 601 2031 645 vero
2062 579 2228 645 Filio
2259 584 2392 664 ejus
2406 583 2486 668 1):
2535 584 2706 648 unde
2737 584 2846 666 qui
2876 602 2956 648 eo

342 689 789 766 destituuntur,
842 688 1140 753 dicuntur
1184 708 1224 753 a
1271 688 1471 753 Paulo
1528 696 1561 758 1
1599 688 1742 753 Cor.
1776 694 1836 766 2,
1875 694 1955 758 14
2003 690 2326 767 animales,
2376 690 2485 772 qui
2535 708 2613 754 eo
2659 688 2957 755 fruuntur

337 796 713 880 spirituales,
777 794 1002 862 Gratia
1030 815 1268 861 novam
1313 797 1536 862 inserit
1579 797 2099 861 voluntatem
2144 814 2510 878 novumque
2543 814 2657 860 cor
2688 796 2814 883 (Ez.
2852 802 2952 873 11,

346 907 420 971 19
451 923 531 978 s.;
566 907 674 979 36,
707 909 792 972 26
827 906 920 989 s),
955 910 1302 987 tantasque
1333 904 1777 968 subministrat
1821 903 2057 980 vireS,
2104 910 2176 967 ut
2213 902 2508 968 imbecilli
2556 904 2729 985 prius
2761 911 2955 986 atque

339 1008 584 1073 infirmo
619 1026 766 1073 cum
800 1010 1000 1075 Paulo
1025 1010 1162 1093 jam
1194 1011 1404 1076 dicere
1436 1011 1657 1075 liceat:
1720 1010 1948 1074 Omnia
1988 1029 2248 1093 possum
2293 1011 2363 1071 in
2414 1030 2502 1089 ee,
2551 1013 2659 1094 qui
2690 1033 2784 1074 me
2816 1033 2954 1076 con-

336 1114 529 1196 fortat
560 1114 791 1198 Philip.
822 1122 883 1193 4,
922 1121 1019 1185 13.
1082 1117 1299 1196 Quare
1331 1118 1497 1181 sicut
1528 1115 1698 1182 Deus
1730 1115 2101 1198 inspirando
2146 1115 2394 1179 homini
2444 1116 2524 1180 de
2554 1117 2707 1181 limo
2741 1124 2954 1183 terrae

336 1221 611 1287 formato
645 1224 1048 1305 spiraculum
1079 1223 1251 1289 vitae
1284 1243 1430 1288 eum
1464 1223 1612 1288 fecit
1637 1224 1701 1287 in
1723 1224 2006 1287 animam
2038 1222 2386 1288 viventem:
2420 1224 2509 1287 ita
2541 1224 2955 1306 inspiratione

338 1331 576 1409 gratiae
610 1331 938 1396 hominem
973 1330 1318 1395 animalem
1348 1330 1597 1412 refingit
1629 1329 1963 1412 redditque
1994 1328 2468 1416 spiritualem2).

508 1453 646 1517 lmo
677 1455 744 1522 4.
781 1454 1117 1519 conferunt
1161 1461 1379 1537 patres
1425 1455 1667 1535 gratiae
1717 1454 2000 1517 animam
2046 1453 2407 1519 invadentis
2452 1461 2517 1519 et
2547 1455 2954 1537 pervadentis

344 1562 785 1642 operationem
829 1579 976 1626 cum
1021 1562 1256 1627 virtute
1287 1563 1596 1627 Altissimi
1626 1563 1685 1626 b.
1718 1562 2065 1644 Virginem,
2113 1569 2182 1626 ut
2216 1560 2541 1626 Christum
2589 1563 2955 1644 conciperet

339 1665 757 1745 Salvatorem,
792 1669 1254 1734 obumbrantis
1294 1670 1570 1743 ,Forma
1589 1671 1955 1752 praecessit,
1994 1671 2085 1734 ita
2123 1668 2568 1749 Fulgentius
2600 1669 2680 1734 de
2712 1669 2952 1732 incarn.

334 1780 397 1837 et
425 1794 511 1855 gr.
547 1774 697 1839 Chr.
729 1793 782 1839 c.
816 1783 919 1855 ⁸20,
952 1778 1018 1841 in
1049 1796 1244 1843 carne
1277 1776 1528 1854 Christi,
1561 1795 1755 1860 quam
1790 1777 1855 1840 in
1885 1777 2010 1841 fide
2042 1783 2266 1842 nostra
2286 1776 2697 1858 spiritualiter
2716 1794 2951 1856 agnos-

334 1899 572 1945 camus.
606 1881 771 1946 Nam
806 1883 1093 1949 Christus
1126 1885 1319 1948 Filius
1338 1885 1454 1949 Dei
1485 1885 1837 1949 secundum
1871 1902 2133 1948 carnem
2165 1884 2245 1949 de
2266 1881 2502 1965 Spiritu
2533 1889 2758 1947 sancto
2793 1901 2949 1946 con-

333 2092 676 2163 exemplum.
729 2093 876 2148 Nam
904 2095 1053 2149 sicut
1076 2111 1143 2149 ex
1171 2095 1356 2166 seipsa
1383 2112 1512 2151 caro
1539 2096 1717 2150 vitam
1756 2112 1875 2149 non
1914 2096 2105 2160 habet,
2147 2095 2242 2150 scd
2270 2097 2343 2149 ab
2367 2095 2561 2148 anima
2586 2092 2827 2164 accipit:
2870 2092 2950 2147 sic

336 2170 497 2225 homo
526 2187 648 2224 non
673 2174 862 2241 potest
886 2172 1094 2227 habere
1134 2174 1320 2238 fidem,
1362 2173 1475 2228 nisi
1513 2191 1747 2229 munere
1774 2172 1879 2228 Dei
1920 2173 2189 2228 donantis
2227 2173 2528 2243 acceperit.
2578 2172 2740 2226 Sicut
2777 2169 2949 2225 etiam

334 2252 418 2319 (al.
445 2249 642 2322 enim),
670 2255 737 2305 ut
760 2269 890 2307 caro
915 2253 1092 2317 vivat,
1120 2254 1298 2309 solius
1325 2272 1469 2324 opus
1495 2256 1583 2308 est
1600 2254 1857 2309 animae:
1883 2254 1968 2307 ita
1988 2270 2236 2323 quoque,
2263 2256 2330 2307 ut
2349 2255 2519 2307 homo
2541 2253 2750 2316 credat,
2772 2251 2949 2306 solius

334 2345 471 2400 opus
498 2335 588 2385 est
613 2333 863 2402 gratiae:
891 2336 949 2388 et
972 2334 1124 2388 sicut
1148 2351 1277 2388 caro
1307 2334 1455 2388 nihil
1482 2334 1705 2404 operari
1732 2337 1938 2404 potest,
1965 2334 2015 2388 si
2040 2351 2166 2388 eam
2188 2334 2475 2389 vivificare
2495 2333 2687 2387 anima
2706 2331 2946 2396 desinat,

334 2408 410 2463 sic
436 2409 611 2465 homo
640 2411 791 2466 nihil
816 2415 957 2468 bene
986 2414 1130 2468 velle
1157 2416 1362 2485 potest,
1391 2414 1439 2468 si
1465 2416 1539 2468 ab
1565 2431 1630 2469 eo
1657 2414 1878 2485 gratiae
1896 2415 2172 2484 juvamen
2217 2414 2502 2469 abscedat.
2555 2412 2633 2466 Ut
2656 2428 2792 2483 ergo
2819 2427 2948 2466 caro

332 2494 388 2542 et
412 2490 606 2545 vivere
637 2494 817 2562 possit
841 2495 902 2547 et
925 2495 1165 2565 operari,
1193 2496 1508 2565 praesentis
1532 2495 1759 2550 animae
1788 2494 2173 2550 vivificatione
2201 2492 2468 2555 fulcitur;
2503 2495 2674 2548 homo
2702 2508 2948 2562 quoque,

340 2573 404 2624 ut
428 2571 646 2625 bonum
675 2574 816 2628 velit
838 2576 941 2628 aut
966 2574 1160 2638 faciat,
1185 2574 1405 2645 gratiae
1435 2574 1780 2629 vivificantis
1809 2573 2064 2629 subsidio
2090 2575 2306 2645 jugiter
2331 2574 2656 2642 adjuvatur.
2712 2574 2952 2626 interest

334 2654 527 2706 autem
553 2654 628 2706 ut
652 2668 784 2709 caro
812 2659 1021 2720 nostra,
1048 2658 1332 2725 quantum
1359 2657 1417 2728 (f.
1447 2655 1746 2726 quamdiu)
1768 2655 2096 2711 vivificatur
2113 2658 2188 2711 ab
2208 2655 2417 2722 anima,
2444 2672 2560 2710 non
2582 2656 2762 2711 solum
2789 2656 2947 2720 bene,

332 2731 425 2786 sed
450 2732 631 2787 etiam
658 2734 806 2788 male
833 2736 1107 2806 operandi
1133 2737 1382 2808 accipiat
1406 2737 1736 2794 facultatem
1760 2759 1772 2798 ς
1799 2754 1928 2792 cum
1954 2740 2146 2792 autem
2173 2755 2277 2792 nos
2303 2737 2491 2808 gratia
2517 2736 2785 2798 vivificat,
2811 2751 2947 2789 non-

337 2810 444 2865 nisi
462 2813 539 2866 ad
557 2814 700 2867 bene
718 2815 1041 2881 volendum,
1052 2833 1155 2872 nec
1171 2817 1284 2871 nisi
1304 2818 1376 2871 ad
1399 2819 1541 2871 bene
1562 2818 1918 2888 operandum
1940 2817 2103 2872 nobis
2122 2816 2476 2886 adjutorium
2496 2815 2942 2872 subministrat.“

555 2899 589 2964 ¹)
621 2896 751 2949 Ideo
779 2914 820 2949 s.
848 2897 1049 2952 literae
1072 2902 1375 2969 patresque
1416 2899 1662 2968 gratiam
1702 2898 1914 2969 passim
1955 2916 2084 2953 cum
2110 2900 2236 2953 luce
2277 2896 2518 2952 coelitus
2542 2896 2796 2952 immissa
2822 2912 2947 2952 con-

330 2974 543 3040 ferunt,
571 2992 687 3043 qua
713 2976 928 3047 privati
953 2979 1107 3032 coeci
1131 2995 1199 3032 ac
1223 2979 1285 3032 in
1314 2978 1563 3033 tenebris
1590 2978 1850 3032 sedentes
1870 2995 2067 3032 sumus
2091 2979 2184 3048 (cf.
2202 2979 2269 3032 Is.
2287 2984 2337 3043 9,
2353 2985 2384 3032 2
2407 2978 2532 3033 coll.
2551 2977 2755 3031 Matth.
2773 2987 2822 3041 4,
2844 2981 2947 3048 16).

337 3053 880 3120 „Quemadmodum
923 3058 1122 3127 inquit
1147 3059 1188 3113 C
1205 3061 1340 3114 lem
1357 3075 1387 3113 e
1404 3076 1484 3115 ns
1526 3060 1601 3115 al.
1644 3060 1861 3115 cohort.
1906 3060 1979 3113 ad
2006 3061 2204 3129 gentes
2231 3078 2285 3113 n.
2318 3068 2399 3122 ll,
2443 3059 2676 3112 absente
2704 3060 2818 3113 sole
2846 3074 2946 3128 per

327 3138 513 3190 cetera
541 3136 775 3205 quidem
801 3142 953 3192 astra
978 3155 1091 3193 uox
1117 3142 1263 3193 esset
1291 3139 1505 3209 ubique
1531 3139 1772 3193 diffusa:
1801 3139 1881 3193 sic
1907 3139 2018 3193 nisi
2046 3141 2295 3194 Verbum
2317 3140 2777 3209 cognovissemus
2798 3141 2856 3191 et
2873 3140 2947 3192 ab

329 3231 390 3267 eo
417 3232 670 3270 essemus
689 3217 1024 3281 illuminati,
1043 3219 1127 3273 nil
1149 3236 1283 3272 sane
1304 3219 1660 3274 differremus
1679 3222 1753 3274 ab
1773 3220 2031 3275 altilibus
2052 3218 2282 3290 gallinis
2297 3219 2358 3272 in
2380 3219 2630 3273 tenebris
2651 3218 2944 3289 saginatis,

327 3298 392 3346 ut
415 3297 619 3364 postea
644 3300 883 3350 mortem
912 3298 1248 3368 patiamur.“
1297 3298 1421 3358 „Sic
1447 3303 1534 3353 est
1557 3298 1749 3368 ipsum
1775 3298 2020 3352 liberum
2047 3296 2299 3352 hominis
2324 3297 2644 3362 arbitrium,
2670 3297 2949 3366 inquiunt

325 3373 580 3444 episcopi
605 3375 848 3430 africani
874 3380 934 3430 in
961 3377 1225 3432 Sardinia
1250 3379 1473 3433 exsules
1516 3396 1603 3450 ep.
1632 3397 1757 3447 syn.
1783 3401 1836 3435 n.
1867 3388 1915 3443 5,
1960 3378 2175 3446 absque
2203 3378 2352 3432 dono
2391 3375 2626 3447 gratiae,
2672 3377 2820 3431 sicut
2863 3379 2948 3431 est

326 3454 524 3508 oculus
551 3454 671 3507 sine
698 3455 823 3510 luce
850 3500 859 3510 .
889 3500 903 3512 .
932 3498 945 3510 .
971 3457 1131 3512 Sicut
1155 3475 1291 3529 ergo
1319 3459 1571 3530 corporis
1598 3461 1797 3514 oculus
1824 3476 2044 3530 semper
2081 3458 2307 3528 indiget
2347 3457 2540 3510 lumen
2580 3457 2853 3527 accipere,
2879 3461 2947 3511 ut

325 3532 512 3603 ipsum
540 3537 733 3591 lumen
760 3537 940 3608 possit
971 3538 1253 3610 aspicere:
1298 3539 1378 3593 sic
1418 3541 1479 3594 et
1520 3539 1698 3594 libero
1743 3539 1983 3595 arbitrio
2026 3539 2277 3594 hominis
2318 3537 2478 3592 nulla
2513 3541 2700 3606 potest
2724 3538 2942 3609 gratiae

328 3617 635 3687 suffragari
660 3618 933 3688 cognitio,
960 3620 1074 3673 nisi
1098 3619 1268 3673 detur
1293 3620 1478 3690 ipsius
1503 3621 1781 3691 spiritalis
1806 3620 2027 3691 gratiae
2052 3619 2318 3674 infus50.“

544 3702 583 3769 ²)
613 3698 889 3764 Quocirca
913 3701 1101 3771 gratia
1126 3717 1161 3753 a
1188 3701 1229 3753 P
1245 3719 1273 3754 r
1289 3718 1321 3754 o
1338 3719 1364 3754 s
1380 3722 1416 3772 p
1434 3718 1464 3755 e
1480 3719 1509 3754 r
1528 3719 1560 3753 o
1588 3702 1649 3754 in
1675 3699 1926 3754 carmine
1953 3701 2023 3754 de
2050 3699 2295 3771 ingratis
2320 3720 2375 3770 p.
2403 3704 2434 3751 2
2465 3717 2513 3751 v.
2542 3701 2647 3755 337
2667 3716 2708 3751 s.
2730 3697 2945 3751 dicitur

328 3783 592 3840 „mutans
616 3778 777 3833 intus
803 3783 1051 3835 mentem
1079 3785 1252 3849 atque
1278 3783 1609 3845 reformans,
1652 3798 1865 3849 vasque
1907 3798 2120 3835 novum
2161 3795 2226 3833 ex
2272 3779 2453 3833 fracto
2481 3780 2701 3846 fingens
2728 3777 2941 3832 virtute

326 3859 607 3912 creandi.“
664 3858 747 3913 Cf.
775 3878 966 3931 opusc.
994 3862 1195 3916 XXIV.
1224 3868 1292 3919 93
1319 3881 1359 3916 s.
1387 3879 1517 3916 cum
1545 3867 1741 3916 annot.
1768 3862 2026 3932 subjecta
2053 3863 2111 3913 et
2136 3880 2188 3931 p.
2216 3866 2301 3917 99.
2353 3858 2675 3913 Mirabilem
2720 3859 2941 3929 gratiae

327 3938 604 3994 virtutem
633 3942 918 4010 praeclare
944 3942 1215 3996 describit
1241 3942 1282 3996 C
1297 3961 1334 4010 y
1351 3961 1387 4012 p
1406 3961 1433 3996 r
1450 3942 1517 3996 ia
1534 3961 1574 3996 n
1590 3961 1628 3997 u
1645 3960 1670 3996 s
1697 3960 1786 4013 cp.
1819 3952 1842 3999 1
1874 3961 1929 3995 n.
1957 3952 2020 3998 4:
2073 3941 2414 4009 „Postquam
2461 3939 2647 3993 undae
2674 3938 2942 4008 genitalis

323 4019 547 4073 auxilio
575 4021 885 4091 superioris
910 4022 1039 4076 aevi
1064 4023 1192 4076 labe
1219 4023 1457 4087 detersa,
1484 4021 1546 4076 in
1573 4021 1864 4092 expiatum
1881 4024 2081 4091 pectus
2101 4037 2360 4074 serenum
2382 4036 2447 4072 ac
2465 4037 2671 4089 purum
2698 4019 2942 4088 desuper

324 4117 379 4154 se
406 4101 607 4153 lumen
634 4100 869 4166 infudit,
895 4106 1201 4173 postquam
1229 4103 1466 4157 coelitus
1507 4102 1713 4173 spiritu
1741 4101 1949 4155 hausto
1975 4101 2037 4155 in
2065 4118 2277 4155 novum
2304 4116 2393 4153 me
2420 4100 2706 4154 hominem
2735 4098 2940 4152 nativi-

323 4181 409 4232 tas
428 4180 682 4235 secunda
696 4182 1002 4251 reparavit,
1022 4183 1227 4238 mirum
1250 4183 1311 4236 in
1332 4185 1565 4238 modum
1582 4182 1846 4252 protinus
1866 4182 2197 4235 confirmare
2219 4197 2275 4233 se
2296 4180 2491 4245 dubia,
2514 4183 2707 4250 patere
2727 4180 2939 4244 clausa,

324 4258 515 4314 lucere
544 4261 863 4326 tenebrosa,
888 4261 1223 4316 facultatem
1250 4263 1403 4326 dare,
1430 4261 1585 4331 quod
1612 4261 1774 4332 prius
1801 4261 2036 4314 difficile
2081 4259 2385 4314 videbatur
2410 4261 2533 4330 geri
2559 4277 2740 4331 posse,
2786 4259 2939 4328 quod

326 4338 685 4410 impossibile
712 4342 1058 4410 putabatur:
1096 4346 1164 4396 ut
1202 4346 1350 4397 esset
1390 4357 1695 4412 agnoscere
1722 4345 2011 4396 terrenum
2037 4341 2230 4404 fuisse,
2266 4340 2421 4408 quod
2449 4340 2607 4410 prius
2633 4339 2939 4393 carnaliter

322 4422 525 4475 natum
551 4420 776 4475 delictis
803 4421 1109 4478 obnoxium
1137 4423 1372 4488 viveret,
1399 4422 1504 4476 Dei
1530 4438 1648 4476 esse
1674 4420 1943 4490 coepisse,
1971 4421 2126 4489 quod
2146 4422 2266 4490 jam
2289 4420 2534 4491 Spiritus
2561 4423 2792 4475 sanctus
2820 4421 2937 4474 ani-

326 4503 555 4558 maret*
588 4500 671 4557 Of.
698 4522 754 4557 n.
781 4506 831 4557 3.
860 4511 909 4558 5.
938 4537 1000 4544 —
1031 4501 1236 4568 Quaeri
1263 4506 1456 4557 autem
1482 4504 1688 4573 potest,
1716 4504 1912 4555 utrum
1940 4501 2076 4557 ordo
2104 4518 2232 4572 gra
2250 4501 2404 4555 tiae
2431 4504 2489 4554 et
2515 4501 2652 4556 ordo
2693 4520 2772 4555 su
2789 4522 2825 4572 p
2843 4518 2871 4555 e
2889 4520 2936 4554 r·

320 4581 718 4635 naturalis
769 4583 844 4638 ab
881 4581 1128 4637 invicem
1171 4583 1649 4653 distinguantur?
1698 4581 1863 4653 Resp.
1907 4583 1954 4635 si
1994 4582 2213 4651 gratiae
2252 4584 2310 4635 et
2350 4580 2801 4652 supernaturalis
2843 4599 2935 4634 no·

320 4660 506 4716 tiones
522 4662 716 4716 stricte
732 4664 1048 4727 sumantur,
1066 4681 1245 4717 unum
1262 4663 1530 4734 abaltero
1547 4679 1580 4714 a
1596 4663 1758 4733 parte
1775 4662 1856 4716 rei
1873 4680 1989 4717 non
2010 4662 2311 4731 distingui,
2329 4664 2572 4728 utroque
2589 4660 2827 4731 proinde
2844 4677 2935 4713 vo·

318 4741 525 4796 cabulo
552 4742 798 4797 eundem
824 4741 1114 4812 designari
1140 4743 1415 4807 ordinem,
1437 4742 1539 4811 qui
1561 4745 1887 4814 comparate
1907 4742 1980 4795 ad
2001 4745 2284 4805 naturam,
2312 4758 2484 4809 quam
2512 4757 2684 4808 supra
2711 4756 2934 4793 ornnem

2545 4837 2571 4885 1
