3538 5364
1277 322 1363 373 eet
1391 319 1458 373 N.
1487 318 1548 373 L.
1575 320 2012 374 sacramentum.
2817 326 2945 391 497

328 526 438 567 nec
483 508 710 584 aliquid
755 507 1063 583 prodesset
1110 507 1185 564 ad
1235 506 1362 580 ejus
1410 506 1473 563 in
1520 504 1798 580 periculis
1843 503 2208 580 baptismum
2239 521 2492 575 currere,
2543 524 2617 563 ne
2666 504 2794 563 sine
2843 505 2948 563 illo
2990 513 3466 644 μούναν·

331 597 573 656 finiatur
605 597 746 655 baec
775 597 917 666 vita,
951 614 1059 654 nec
1090 596 1164 653 ad
1195 595 1755 663 reconciliationem,
1797 594 1848 652 si
1881 594 2032 652 forte
2064 612 2170 669 per
2243 594 2629 653 oenitentiam
2661 594 2949 652 malamve
3256 605 3397 636 *υ

330 687 749 746 conscientiam
780 685 1039 761 quisque
1083 684 1156 742 ab
1203 683 1407 742 eodem
1447 702 1690 759 corpore
1723 686 2033 759 separatus
2077 614 2595 742 εεῖΤΕΕῧ-εῗῖιῗιῖ
2617 683 2771 742 fiunt
2813 683 2947 755 ista,
2984 653 3056 760 Ῑ

330 776 449 834 nisi
481 776 623 851 quia
653 775 872 846 fideles,
918 773 1099 831 etiam
1131 773 1414 842 defuncti,
1462 772 1727 831 membra
1758 774 1888 848 ejus
1921 774 2148 830 sunt?‘
2217 772 2371 830 Hinc
2402 777 2642 847 patrum
2674 773 2947 848 querelae

332 865 405 923 de
437 865 531 934 iia,
577 864 649 921 de
696 862 915 939 quibus
948 862 1407 920 Ambrosius
1443 861 1505 919 in
1537 861 1674 920 Luc.
1710 860 1836 930 VII,
1878 870 1994 923 221
2038 861 2277 918 scribit:
2328 861 2503 929 ,Scio
2535 860 2823 936 quosdam
2860 862 2949 920 di-

331 973 478 1024 cere,
513 953 671 1029 quod
704 954 774 1011 ad
810 959 1059 1009 mortem
1092 951 1205 1010 sibi
1240 950 1457 1009 lavacri
1488 950 1741 1028 gratiam
1774 950 1870 1008 vel
1902 950 2330 1025 poenitentiam
2364 955 2732 1010 reservent.‘

511 1059 657 1123 515.
692 1055 872 1134 Quae
904 1074 1052 1118 cum
1092 1055 1181 1118 ita
1215 1056 1357 1126 sint,
1405 1054 1634 1118 merito
1681 1053 2025 1126 inferimuS,
2072 1053 2173 1116 vel
2218 1053 2610 1133 baptismum
2645 1072 2775 1117 non
2809 1073 2950 1118 esse

333 1163 714 1242 novaelegis
749 1170 1243 1238 sacramentum,
1267 1162 1382 1237 vel,
1417 1162 1471 1224 si
1503 1162 1860 1242 baptismus
1893 1167 2009 1237 est,
2042 1179 2175 1224 non
2208 1161 2416 1224 minus
2448 1180 2669 1226 verum
2700 1163 2950 1243 propri-

334 1289 569 1351 umque
614 1278 1090 1334 sacramentum
1123 1288 1264 1335 esse
1299 1268 1786 1350 poenitentiam,
1836 1285 2002 1350 quae
2036 1267 2102 1331 in
2132 1267 2415 1333 Ecclesia
2448 1267 2669 1348 agitur.
2723 1268 2948 1335 lisdem

333 1376 504 1441 enim
536 1376 891 1457 baptismus
925 1384 989 1441 et
1020 1376 1183 1440 haec
1215 1376 1611 1457 poenitentia
1658 1374 2080 1455 designantur
2122 1374 2507 1451 nominibuS,
2549 1375 2720 1440 idem
2753 1373 2950 1457 Spiri-

334 1491 439 1547 tus
471 1504 517 1547 s.
553 1481 617 1546 in
649 1490 921 1564 utroque
954 1490 1259 1563 operatur
1290 1483 1433 1558 ritu,
1481 1482 1709 1546 eadem
1757 1482 2086 1563 utriusque
2133 1489 2233 1546 est
2277 1481 2564 1546 efficacia
2608 1500 2686 1546 ac
2733 1485 2949 1558 virtus,

332 1609 452 1672 par
484 1590 565 1653 ad
598 1588 873 1655 salutem
906 1589 1276 1683 ryg—essitas
1312 1588 1589 1653 eandem
1626 1587 1688 1650 in
1722 1587 2012 1651 ministro
2045 1570 2418 1651 missionem
2450 1588 2949 1690 delegationem-

335 1715 459 1780 que
491 1696 774 1759 divinam
807 1701 1191 1777 supponunt,
1238 1694 1525 1776 ejusdem
1569 1693 2065 1769 misericordiae,
2112 1712 2280 1775 quae
2324 1714 2454 1758 non
2500 1697 2634 1758 vult
2678 1705 2952 1762 mortem

333 1792 851 1886 peccaffiffi-sed
883 1811 953 1868 ut
984 1804 1176 1878 vivat,
1212 1802 1436 1866 salutis
1468 1810 1615 1865 sunt
1649 1800 1971 1898 praesidia
1992 1819 2069 1864 ac
2091 1801 2349 1864 canales
2372 1803 2613 1896 gratiae
2635 1803 2951 1867 abluentis

333 1912 640 1975 maculas.
704 1908 771 1974 Si
804 1910 1114 1985 differunt,
1150 1928 1226 1974 ea
1261 1909 1554 1974 differunt
1584 1907 1856 1983 rati'one,
1902 1915 1973 1972 ut
2017 1908 2180 1973 haec
2213 1908 2569 1973 differentia
2599 1910 2727 1973 vim
2762 1929 2950 1991 argu-

334 2019 533 2083 menti
563 2017 912 2082 confirmet,
975 2017 1287 2083 Differunt
1323 2017 1491 2082 enim
1525 2016 1768 2108 ordine,
1806 2034 1952 2080 cum
1991 2015 2379 2097 baptismum
2410 2017 2806 2097 poenitentia
2839 2037 2950 2082 ex·

338 2126 532 2207 cipiat
564 2134 894 2206 tamquam
928 2125 1287 2205 baptismus
1320 2122 1513 2199 alter3
1561 2123 1861 2187 differunt
1906 2123 2218 2214 subjectO,
2263 2140 2409 2185 cum
2463 2122 2820 2203 baptismus
2854 2125 2950 2187 in-

342 2232 633 2308 fidelium,
668 2232 989 2296 absolutio
1022 2249 1175 2295 vero
1208 2237 1480 2311 peccata
1513 2230 1721 2295 deleat
1767 2228 2080 2305 fidelium3
2132 2228 2430 2294 differunt
2477 2230 2671 2318 modo
2720 2231 2950 2295 remis-

2506 2305 2864 2328 Ἃ

342 2340 556 2411 sionis,
589 2357 733 2402 cum
767 2339 831 2402 in
866 2338 1184 2419 baptismo
1218 2343 1485 2417 peccata
1516 2336 1711 2400 modo
1744 2336 2088 2399 ablutionis
2121 2335 2485 2400 deleantur:
2518 2337 2583 2400 in
2616 2339 2949 2418 poeniten·

337 2425 734 2527 ffidiciali
767 2445 1169 2508 absolutione
1220 2442 1725 2525 praesuppositis
1780 2442 2182 2519 contritione,
2231 2442 2632 2509 confessione
2683 2451 2745 2510 et
2796 2463 2952 2509 con-

333 2571 493 2632 grua
523 2551 982 2628 satisfactione,
1013 2551 1183 2616 unde
1216 2568 1293 2616 ea
1325 2550 1681 2631 baptismus
1717 2549 1986 2613 difficilis
2019 2549 2248 2614 dicitur
2280 2558 2343 2616 et
2373 2548 2752 2616 laboriosus.

515 2664 663 2729 516.
695 2660 762 2727 4.
798 2655 1051 2723 Omisso
1086 2665 1462 2740 argumento
1494 2658 1708 2722 valido
1740 2676 1821 2723 ex
1869 2676 2289 2724 consensu
2334 2657 2655 2724 Ecclesiae
2687 2678 2955 2741 graecae

337 2774 402 2832 et
433 2775 754 2832 sectarum
775 2762 1068 2841 OrientiS,
1088 2766 1259 2829 haud
1280 2766 1643 2847 spernenda
1663 2766 1914 2830 accedit
1935 2766 2100 2830 ratio
2134 2767 2215 2829 th
2233 2785 2268 2831 e
2285 2766 2416 2831 olo
2434 2787 2471 2847 g
2486 2768 2505 2830 i
2523 2787 2557 2831 c
2573 2785 2644 2830 a:
2678 2768 2766 2831 Ex
2798 2769 2954 2833 doe-

336 2874 506 2938 trina
537 2871 903 2954 Scripturae
955 2879 1018 2937 et
1066 2879 1321 2954 patrum
1371 2872 1655 2936 Ecclesia
1708 2879 1807 2937 est
1855 2873 2287 2954 dispensatrix
2336 2875 2790 2955 mysteriorum
2822 2874 2954 2950 Dei,

337 2999 452 3061 pro
488 2979 742 3044 Christo
774 2980 1092 3059 legatione
1127 2977 1420 3058 fungitur,
1455 2986 1519 3042 et
1552 2997 1713 3060 opus
1748 2978 1833 3042 ab
1872 2998 1948 3043 eo
1984 2980 2360 3043 inchoatum
2380 2981 2730 3044 continuat.
2764 2980 2957 3064 Atqui

338 3090 502 3152 inter
534 3088 838 3169 mysteria
869 3086 1001 3161 Dei,
1033 3086 1197 3150 inter
1231 3086 1586 3149 functiones
1618 3087 1961 3167 potestatis
1994 3086 2302 3150 salvantis
2335 3086 2565 3150 Christi
2597 3096 2697 3153 est
2728 3091 2955 3153 remis-

339 3196 436 3259 sio
453 3212 583 3257 non
604 3194 812 3257 solum
828 3200 1241 3275 peccatorum
1263 3199 1411 3257 ante
1427 3193 1819 3273 baptismum
1834 3192 2345 3268 commissorum,
2364 3195 2477 3259 sed
2499 3195 2694 3258 etiam
2714 3213 2955 3274 eorum,

339 3320 504 3385 quae
536 3309 683 3382 post
714 3299 1103 3380 baptismum
1135 3299 1592 3363 contraximus.
1625 3298 1791 3379 Ergo
1828 3317 1960 3363 non
1984 3299 2195 3362 solum
2217 3301 2486 3375 illorum,
2508 3302 2621 3365 sed
2643 3302 2956 3366 ethorum

337 3409 782 3473 remissionem
815 3409 1145 3490 dispensat
1179 3407 1475 3483 Ecclesia,
1510 3408 1777 3488 largitur
1802 3407 2089 3472 Christus
2121 3428 2235 3490 per
2257 3409 2624 3475 Ecclesiam.
2661 3408 2787 3474 Sed
2806 3430 2955 3493 pro-

340 3516 506 3582 fecto
538 3516 663 3579 ritu
695 3515 1033 3589 visibili,
1069 3521 1137 3578 ut
1169 3516 1397 3579 suadet
1429 3514 1732 3595 analogia
1764 3533 1908 3578 cum
1944 3514 2284 3596 baptismo,
2319 3517 2511 3597 exigit
2538 3517 2816 3581 conditio
2840 3518 2956 3581 Ec-

335 3624 570 3689 clesiae
603 3622 884 3697 visibilis,
916 3624 1097 3704 cujus
1130 3628 1358 3685 auctor
1391 3629 1488 3685 est
1519 3621 1825 3699 ChristuS,
1861 3620 2083 3686 efficax
2119 3623 2511 3686 remissionis
2543 3631 2953 3705 peccatorum

337 3738 486 3812 post
510 3729 894 3810 baptismum
914 3728 1420 3805 commissorum,
1456 3727 1678 3793 efficax
1698 3728 1845 3792 hinc
1860 3729 2121 3809 gratiae,
2142 3748 2257 3793 seu
2279 3729 2417 3792 aliis
2439 3730 2649 3795 verbis
2681 3749 2710 3792 s
2729 3748 2769 3793 a
2784 3750 2818 3794 c
2834 3750 2866 3793 r
2882 3749 2952 3793 a·

341 3858 402 3901 m
420 3858 455 3902 e
472 3857 514 3903 n
532 3843 556 3900 t
574 3856 616 3899 u
636 3856 700 3899 m
734 3835 1186 3916 poenitentiae.

517 3948 665 4012 517.
701 3943 1075 4012 Scholion.
1140 3941 1236 4005 De
1281 3943 1548 4006 materia
1582 3946 1962 4006 sacramenti
1990 3945 2414 4027 poenitentiae.
2449 3982 2531 3990 —
2569 3942 2828 4006 Certum
2860 3950 2957 4007 est

341 4051 692 4117 secundum
726 4069 968 4125 omneS,
1002 4049 1470 4125 contritionem,
1504 4047 1975 4113 confessionem
2004 4056 2066 4115 et
2095 4050 2596 4114 satisfactionem
2637 4050 2756 4124 ,ad
2790 4051 2953 4114 inte-

341 4159 631 4237 gritatem
679 4156 1083 4231 sacramenti,
1117 4157 1199 4219 ad
1219 4155 1602 4237 plenamque
1625 4162 1688 4220 et
1708 4155 2057 4237 perfectam
2077 4163 2492 4237 peccatorum
2512 4156 2954 4221 remissionem

343 4283 419 4328 ex
441 4264 555 4328 Dei
575 4264 970 4328 institutione
989 4263 1226 4344 requiri
1249 4264 1362 4348 (et)
1386 4264 1508 4327 hac
1527 4264 1780 4328 ratione
1799 4264 2231 4345 poenitentiae
2267 4271 2483 4344 partes
2517 4263 2701 4338 dici‘,
2736 4270 2807 4327 ut
2837 4265 2956 4327 do·

344 4377 445 4435 cet
474 4370 811 4434 concilium
848 4370 1025 4434 trid.
1061 4390 1213 4434 sess.
1253 4376 1335 4437 14
1369 4390 1419 4433 c.
1456 4375 1512 4437 3.
1576 4370 1820 4435 Verum
1871 4370 2310 4434 controversia
2343 4377 2458 4445 est,
2490 4390 2641 4433 num
2676 4371 2740 4433 hi
2773 4378 2955 4434 actus

345 4478 468 4540 sint
487 4497 552 4540 m
564 4496 604 4541 a
617 4484 687 4541 te
700 4478 830 4553 ria,
848 4495 923 4540 ex
938 4495 1066 4558 qua
1078 4484 1555 4541 sacramentum
1573 4478 2000 4552 constituitur,
2014 4495 2143 4539 non
2156 4494 2340 4540 secus
2355 4484 2545 4559 atque
2558 4478 2619 4539 in
2632 4477 2953 4559 baptismo

345 4603 514 4667 aqua
545 4604 658 4648 seu
693 4584 934 4648 ablutio
967 4602 1080 4665 per
1126 4602 1379 4665 aquam.
1442 4583 1781 4647 Affirmant
1826 4584 2108 4666 plerique
2162 4584 2455 4664 theologi,
2504 4584 2734 4666 quibus
2787 4585 2957 4650 favet

344 4691 771 4757 catechismus
803 4691 981 4755 trid.
1018 4691 1098 4754 de
1129 4708 1291 4760 sacr,
1323 4692 1757 4771 poenitentiae
1792 4710 1850 4753 n.
1889 4697 2003 4760 10:
2045 4690 2148 4765 ‚In
2181 4709 2258 4755 eo
2292 4692 2569 4756 maxime
2591 4693 2714 4754 hoc
2735 4709 2953 4755 sacra-

343 4806 631 4864 mentum
665 4798 746 4861 ab
780 4798 920 4861 aliis
953 4797 1175 4873 differt,
1209 4798 1380 4879 quod
1415 4799 1687 4861 aliorum
1718 4807 2274 4863 sacramentorum
2306 4800 2577 4864 materia
2599 4806 2696 4865 est
2716 4819 2816 4865 res
2838 4801 2952 4863 ali-

557 4911 830 4970 Hurter,
871 4912 1120 4971 Compeud.
1159 4913 1420 4967 theologiae
1460 4913 1541 4970 111,
1587 4914 1666 4959 11.
1706 4914 1782 4960 ed.
2565 4908 2631 4959 32
