3538 5364
1473 257 1830 325 argumenta.
2831 266 2962 331 205

333 443 617 503 tudine
665 443 1041 520 acceptanda,
1110 463 1229 519 qua
1278 442 1841 501 sollicitudine
1892 443 2239 513 adhibenda,
2302 462 2420 518 qua
2468 443 2962 501 strenuitate

333 533 388 592 ei
433 533 895 610 cooperandum,
944 552 1064 608 qua
1107 533 1417 591 cautela
1462 532 1788 590 cavendum
1834 550 1910 589 ne
1942 533 2191 609 gratiam
2226 533 2285 591 in
2321 550 2570 590 vacuum
2603 532 2956 608 recipiamus

338 631 394 685 2.
427 623 556 682 Cor.
590 633 649 691 6,
693 634 713 685 l
744 644 757 689 ;
793 641 913 697 quo
944 633 1149 680 metu
1179 625 1241 680 et
1269 625 1495 680 terrore
1528 622 1688 680 salus
1721 624 1929 679 nostra
1958 621 2251 698 operanda
2282 621 2432 684 Phil.
2458 630 2513 690 2,
2556 630 2631 684 12
2667 621 2741 679 ob
2774 621 2960 680 ratio-

333 730 473 769 nem
505 710 870 770 reddendam
902 710 973 770 de
1001 714 1172 769 tanto
1204 711 1431 769 talento
1461 730 1495 769 a
1526 710 1648 768 Deo
1681 714 1935 787 accepto,

522 844 668 899 242.
717 832 818 897 Π.
867 835 1165 894 Illustrat-i
1194 838 1392 911 potest
1421 836 1571 894 mira
1601 834 1884 911 operandi
1917 836 2067 893 ratio
2100 835 2327 912 gratiae
2359 835 2425 894 in
2457 834 2693 892 homine
2726 852 2958 910 compa-

334 925 570 983 ratione
600 924 888 983 instituta
918 941 1052 983 cum
1084 943 1119 983 o
1138 923 1259 999 pif
1266 924 1416 983 icio
1451 942 1547 983 sex
1581 924 1812 983 dierum
1844 920 1926 1004 (n.
1964 924 2039 986 2⁸
2070 922 2179 1005 a.);
2225 925 2319 984 vel
2350 922 2818 983 consideratione
2849 924 2960 980 im-

333 1014 690 1072 mutationis
722 1032 900 1089 quam
934 1013 1116 1072 efficit
1149 1008 1211 1076 l.
1245 1013 1308 1071 in
1341 1013 1597 1072 hominis
1643 1013 2103 1085 intellectu,
2150 1015 2321 1089 cujus
2367 1030 2428 1076 8.
2473 1012 2746 1071 tenebras
2780 1012 2957 1070 dissi-

334 1105 470 1178 ραις
525 1100 593 1167 Ι).
637 1103 1039 1179 cognitionem
1084 1102 1298 1160 dilatat
1341 1107 1401 1160 et
1446 1103 1655 1172 elevat,
1707 1102 2105 1178 suppeditatis
2138 1103 2526 1162 nobilissimis
2557 1101 2629 1159 ad
2662 1102 2959 1178 agendum

334 1192 614 1261 motivis;
660 1206 724 1257 (3.
760 1192 991 1268 judicia
1032 1210 1277 1250 erronea
1320 1210 1388 1249 ex
1434 1192 1695 1250 naturali
1740 1191 1813 1249 ad
1859 1191 2165 1251 sensibilia
2194 1193 2508 1268 pronitate,
2553 1191 2958 1261 institutione,

333 1281 787 1340 conversatione
817 1281 1115 1339 mundana
1147 1280 1422 1339 imbibita
1451 1286 1513 1340 et
1545 1282 1873 1339 inveterata
1891 1281 2138 1359 corrigit
2154 1277 2272 1359 31¹·
2305 1287 2508 1340 contra
2528 1280 2707 1338 dubia
2728 1279 2955 1345 firmat;

333 1368 400 1433 2.
433 1370 496 1427 in
522 1371 655 1446 ejus
685 1370 1085 1439 voluntate,
1130 1371 1302 1446 cujus
1334 1386 1398 1432 8.
1433 1374 1675 1447 gustum
1708 1370 2017 1441 immutat;
2050 1384 2225 1446 quam
2260 1367 2332 1433 b.
2366 1371 2575 1429 duram
2608 1373 2670 1428 et
2700 1368 2957 1446 gelidam

331 1459 555 1528 mollit,
589 1460 1011 1534 obsequentem
1031 1459 1247 1528 reddit,
1267 1459 1538 1535 inspirat,
1559 1458 1844 1530 accendit,
1867 1459 2198 1518 inflammat
2217 1456 2300 1540 (n.
2329 1455 2513 1539 124);
2546 1477 2723 1534 quam
2758 1473 2819 1521 ο.
2855 1476 2958 1515 an-

331 1554 579 1625 gustam
611 1548 689 1606 ob
719 1567 976 1606 amorem
995 1548 1304 1624 proprium
1337 1548 1579 1616 dilatat;
1613 1548 1908 1606 infirmam
1940 1544 2012 1610 (l.
2048 1550 2118 1606 ad
2149 1549 2349 1608 omnia
2379 1548 2634 1616 roborat,
2668 1550 2738 1605 ut
2768 1546 2960 1605 dicere

331 1636 510 1695 nobis
544 1638 752 1695 liceat:
802 1638 1010 1695 Omm'a
1033 1656 1274 1712 possum
1307 1639 1369 1695 in
1399 1656 1483 1711 eo,
1515 1638 1616 1714 qui
1646 1655 1734 1694 me
1763 1639 2050 1711 confortat
2082 1638 2231 1697 Phil.
2269 1648 2324 1708 4,
2366 1648 2441 1701 13
2475 1632 2559 1720 (n.
2596 1634 2772 1714 93⁸);
2807 1636 2961 1694 circa

330 1726 1064 1800 concupiscentiam
1109 1722 1177 1788 3.
1224 1727 1396 1801 cujus
1442 1732 1532 1785 est
1576 1725 1822 1789 medela.
1886 1727 1966 1785 ef.
2013 1728 2313 1802 praeclara
2342 1731 2581 1802 patrum
2613 1724 2959 1784 testimonia

328 1833 392 1873 n.
428 1824 464 1877 2
501 1835 554 1876 a.
585 1834 722 1891 pag.
759 1825 828 1885 33
877 1815 1120 1886 n.16²;
1167 1811 1232 1880 4.
1263 1816 1417 1873 circa
1449 1815 1939 1885 libertatem,
1986 1835 2162 1890 quam
2209 1832 2271 1880 8.
2304 1836 2337 1874 a
2369 1815 2751 1891 compedibus
2783 1814 2950 1890 igno-

327 1904 571 1962 rantiae
615 1911 678 1962 et
720 1904 1232 1980 concupiscentiae
1269 1904 1515 1974 liberat3
1569 1901 1640 1966 b.
1689 1904 1904 1962 dilatat
1933 1906 2205 1983 augendo
2238 1907 2368 1981 ejus
2401 1904 2834 1971 sufficientiam,
2887 1910 2958 1961 ut

326 1993 515 2052 homo
546 2012 674 2051 eam
707 1993 803 2051 vel
835 1993 899 2051 in
931 1993 1297 2069 amplissimo
1328 1993 1532 2052 ordine
1557 1994 1999 2069 supernaturali
2030 2013 2298 2054 exercere
2330 1995 2549 2069 possit3
2583 1993 2679 2052 cui
2713 2006 2777 2055 (3.
2811 1992 2958 2049 facis

327 2083 534 2140 instar
565 2081 773 2156 praeit,
823 2084 894 2139 ut
939 2083 1068 2158 ejus
1114 2082 1323 2141 electio
1355 2102 1496 2141 sana
1526 2087 1588 2140 et
1618 2082 1879 2158 prudens
1911 2083 1990 2142 sit
2022 2079 2104 2163 (n.
2140 2094 2218 2147 88
2255 2081 2373 2161 ss.).
2439 2084 2594 2141 Haec
2639 2082 2701 2140 in
2749 2099 2811 2139 se
2856 2099 2957 2138 ex-

324 2171 661 2247 periuntur
690 2175 1028 2246 peccatores
1058 2171 1253 2249 gratia
1283 2171 1487 2230 divina
1517 2171 1590 2229 ad
1626 2172 1813 2230 Deum
1847 2173 2129 2231 conversi.
2195 2173 2273 2233 Cf.
2319 2191 2363 2231 s.
2403 2171 2743 2248 Cypriani
2777 2169 2957 2228 verba

325 2278 391 2318 n.
428 2259 507 2321 2³
539 2281 588 2318 a.
656 2260 847 2328 Quare
892 2255 955 2325 5.
1002 2261 1211 2319 merito
1242 2261 1432 2337 gratia
1462 2261 1692 2319 ratione
1726 2261 1969 2320 virtutis
2015 2265 2077 2319 et
2120 2262 2359 2320 effectus
2391 2261 2704 2320 exhibetur
2734 2262 2805 2317 ut
2834 2278 2953 2317 re-

325 2348 680 2418 novatio,
711 2350 1123 2420 recreatio,
1157 2349 1676 2427 regeneratio,
1711 2351 2256 2421 resuscitatio,
2306 2349 2730 2409 incarnationis
2762 2347 2951 2406 conti-

325 2439 545 2497 nuatio
576 2435 659 2517 (n.
695 2432 816 2521 2⁴).
881 2438 1032 2497 Hinc
1078 2441 1236 2497 sicut
1279 2437 1343 2505 6.
1389 2438 1678 2515 expositio
1710 2440 2012 2499 mundana
2045 2432 2635 2523 (Weltausstellung)
2670 2435 2951 2505 ostendit,

327 2527 478 2603 quid
515 2528 710 2597 possit
748 2528 1056 2605 ingenium
1102 2531 1163 2587 et
1207 2547 1301 2586 ars
1348 2528 1633 2598 humana;
1680 2527 1838 2586 sicut
1880 2548 1986 2587 ver
2028 2529 2433 2587 inexhaustam
2470 2532 2715 2586 naturae
2746 2526 2951 2585 fecun-

326 2616 587 2676 ditatem
606 2617 918 2676 arboribus
939 2616 1259 2676 fructiferis
1280 2617 1640 2693 floribusque
1674 2617 1908 2693 prodit:
1945 2618 2032 2676 ita
2062 2618 2282 2677 festum
2316 2616 2583 2676 omnium
2616 2620 2952 2675 sanctorum

327 2724 444 2765 seu
475 2707 805 2783 generatim
854 2708 1011 2766 vitae
1052 2712 1393 2766 sanctorum
1440 2707 1825 2766 manifestant
1864 2711 2050 2767 artem
2084 2708 2363 2778 divinam,
2412 2727 2518 2766 seu
2563 2706 2712 2782 quid
2764 2704 2955 2782 possit

325 2797 531 2872 gratia
566 2796 672 2854 Dei
701 2796 762 2853 in
795 2796 1049 2859 homine.
1125 2796 1317 2854 Venite
1347 2805 1398 2854 et
1430 2798 1606 2855 videte
1636 2814 1814 2871 opera
1846 2797 2104 2873 Domini,
2153 2817 2301 2874 quae
2324 2798 2522 2873 posuit
2547 2795 2821 2872 prodiyia
2852 2813 2950 2851 su-

317 2903 443 2960 per
484 2893 708 2943 tetram
755 2885 848 2948 Ps.
884 2894 982 2952 45,
1021 2896 1075 2948 9.
1142 2884 1310 2954 Quod
1345 2886 1498 2944 Deus
1529 2886 1723 2962 gratia
1753 2905 1860 2944 sua
1891 2891 2171 2962 operatus
2204 2891 2297 2945 est
2329 2888 2390 2945 in
2424 2886 2660 2952 sanctis,
2708 2887 2953 2959 paratus

325 2978 428 3032 eet
457 2975 692 3049 operari
724 2981 785 3032 et
816 2974 880 3033 in
913 2975 1116 3044 nobis3
1164 2976 1304 3050 quia
1347 2977 1446 3051 qui
1475 2977 1652 3050 coepit
1683 2977 1747 3032 in
1779 2976 1933 3034 vobis
1962 2995 2108 3051 opus
2140 2977 2365 3052 bonum,
2396 2976 2651 3052 perficiet
2682 2991 2858 3050 usque
2891 2974 2953 3029 in

324 3064 487 3120 diem
525 3063 745 3120 Christi
774 3064 916 3121 Jesu
949 3064 1097 3122 Phil.
1143 3074 1190 3133 1,
1228 3074 1284 3133 6,
1317 3063 1636 3122 dummodo
1670 3082 1786 3123 non
1821 3064 2085 3124 desimus
2118 3066 2345 3142 gratiae
2377 3065 2585 3141 ipsius.

519 3195 662 3249 243.
694 3182 838 3250 ῙΙῙ.
875 3188 956 3246 De
988 3188 1212 3264 gratiae
1245 3188 1673 3247 sanctificantis
1703 3183 1833 3265 pra
1854 3190 2205 3248 estantia
2236 3189 2533 3266 copiosam
2565 3188 2952 3248 concionibus

321 3274 584 3351 praebet
615 3276 918 3334 materiam
950 3296 1006 3339 n.
1042 3286 1076 3339 2
1113 3280 1174 3335 et
1204 3296 1262 3335 n.
1309 3288 1667 3348 167—201,
1700 3279 2048 3354 praesertim
2081 3279 2130 3337 si
2162 3278 2565 3337 commentarii
2598 3279 2786 3336 instar
2817 3296 2952 3334 con·
2998 3283 3006 3292 ‘

319 3365 502 3423 sulas
535 3384 778 3423 aureum
809 3365 1078 3424 libellum
1110 3367 1171 3424 P.
1202 3367 1252 3424 N
1273 3367 1653 3426 ierember
1665 3387 1706 3444 g
1737 3368 1983 3442 Aprecio
2015 3388 2055 3444 y
2076 3367 2297 3427 .estima
2327 3368 2401 3426 de
2432 3368 2487 3427 la
2517 3367 2717 3425 divina
2736 3366 2950 3443 gracia,

319 3471 594 3521 versum,
641 3458 1045 3525 retractatum,
1092 3458 1333 3514 auctum
1378 3476 1413 3515 a
1457 3456 1846 3515 Scheeben
1892 3457 2003 3516 sub
2036 3457 2450 3532 inscriptione:
2502 3457 2606 3516 Die
2653 3456 2951 3514 Herrlich-

316 3542 541 3600 keiten
571 3542 676 3601 der
703 3543 1031 3620 gottlichen
1065 3544 1281 3614 Gnade,
1329 3546 1560 3622 saepius
1599 3547 1722 3621 jam
1772 3546 2000 3604 editum
2048 3546 2323 3623 Friburgi
2363 3556 2528 3609 1863
2564 3550 2624 3604 et
2656 3545 2949 3621 deinceps.

317 3631 403 3688 In
437 3631 647 3707 primis
679 3632 787 3690 hae
821 3634 913 3691 vel
947 3633 1171 3692 similes
1202 3635 1426 3710 gratiae
1458 3635 1880 3693 sanctificantis
1903 3635 2348 3712 praerogativae
2381 3635 2779 3693 commendari
2812 3653 2949 3709 pos-

317 3725 514 3779 sunt:
552 3717 612 3783 l.
646 3741 714 3779 ea
744 3722 869 3780 scil.
901 3723 1114 3780 delet
1145 3728 1448 3799 peccatum
1483 3743 1662 3801 grave
1695 3739 1756 3787 8.
1789 3725 2077 3782 malorum
2113 3723 2374 3783 omnium
2407 3723 2760 3793 maximum3
2795 3723 2951 3781 delet

316 3807 408 3872 b.
442 3810 641 3868 omnia
671 3811 899 3869 etiamsi
932 3817 1128 3870 essent
1157 3812 1486 3883 innumera,
1520 3812 1813 3883 enormia;
1862 3812 2021 3871 delet
2066 3827 2126 3878 (3.
2172 3819 2504 3883 momento;
2553 3812 2688 3870 hinc
2726 3811 2951 3869 relaxat

316 3896 401 3962 d.
434 3918 680 3974 poenam
712 3906 1009 3958 aeternam
1041 3902 1294 3976 peccatis
1327 3901 1604 3968 debitam,
1645 3901 1922 3960 restituit
1952 3917 2015 3966 (3.
2050 3903 2236 3960 vitam
2266 3903 2495 3960 animae
2529 3904 2949 3976 supernatura-

316 3988 471 4056 lem,
507 3987 784 4059 divinam,
819 3993 1106 4063 quantum
1140 3996 1234 4048 est
1263 4009 1333 4049 ex
1366 4009 1429 4048 se
1460 3995 1773 4050 aeternam.
1822 3990 1884 4049 Si
1905 3992 2077 4050 homo
2088 3992 2215 4067 jam
2235 3992 2391 4049 tanti
2411 3991 2552 4049 facit
2572 3989 2944 4058 medicinam,

316 4095 488 4153 quae
520 4076 788 4135 restituit
819 4077 1133 4137 sanitatem
1164 4081 1541 4154 corporalem,
1574 4080 1757 4154 eripit
1786 4100 1892 4156 per
1912 4081 2142 4156 aliquot
2161 4083 2395 4138 tantum
2417 4098 2602 4137 annos
2635 4079 2728 4137 vel
2755 4078 2881 4136 dies
2914 4098 2949 4134 a

314 4169 526 4225 morte
544 4166 828 4241 corporis:
851 4186 969 4243 qua
988 4167 1270 4226 aviditate
1290 4168 1433 4227 talis
1450 4169 1758 4238 medicina,
1783 4173 2017 4228 tantum
2034 4169 2383 4228 beneficium
2402 4172 2495 4226 est
2513 4167 2948 4243 expetendum?

513 4266 576 4336 2.
613 4272 823 4330 Verum
855 4274 1045 4349 gratia
1076 4274 1446 4333 sanctificans
1478 4293 1599 4333 non
1638 4275 1834 4334 solum
1878 4294 2118 4351 puros
2164 4294 2271 4333 nos
2316 4275 2513 4333 reddit
2561 4276 2635 4333 ab
2680 4277 2948 4334 omnium

315 4361 648 4419 deterrima
690 4362 916 4437 peccati
963 4364 1209 4434 macula,
1254 4363 1356 4422 sed
1402 4366 1462 4422 et
1508 4365 1912 4441 gratiosos
1947 4364 2028 4440 (n.
2073 4374 2186 4428 175
2224 4382 2301 4433 s.;
2342 4362 2491 4443 184)
2527 4380 2592 4428 8.
2626 4366 2796 4424 oculo
2829 4383 2947 4422 non

313 4449 573 4520 carnali,
603 4452 826 4526 quique
858 4450 1050 4527 decipi
1083 4455 1297 4528 potest,
1331 4453 1429 4511 sed
1467 4450 1535 4516 b.
1571 4453 1839 4511 omnium
1859 4453 2126 4522 Domin0,
2162 4472 2331 4511 verae
2356 4454 2691 4512 nobilitatis
2724 4454 2947 4511 infalli-

311 4539 440 4598 bili
473 4539 851 4604 aestimatori.
885 4540 989 4615 qui
1024 4541 1135 4599 sibi
1168 4543 1234 4599 in
1263 4543 1460 4600 anima
1489 4543 1683 4618 gratia
1703 4543 2106 4601 sanctificante
2138 4542 2405 4618 praedita
2435 4561 2554 4601 non
2587 4544 2948 4618 complacere

311 4647 450 4688 non
481 4632 708 4703 potest:
742 4631 913 4704 cujus
936 4629 1234 4705 judicium
1267 4644 1328 4695 (3.
1360 4632 1552 4690 omnis
1585 4633 1721 4690 aula
1752 4632 2020 4690 coelestis
2050 4631 2338 4706 approbat
2369 4636 2430 4691 et
2462 4633 2755 4706 sequitur.
2803 4632 2947 4690 Eam

313 4736 467 4777 vero
500 4719 985 4793 complacentiam
1032 4716 1097 4784 d.
1142 4721 1527 4795 consequitur
1557 4721 1876 4796 singularis
1909 4720 2336 4791 benevolentia,
2386 4721 2504 4780 imo
2550 4725 2611 4779 et
2655 4721 2944 4784 amicitia;
