3538 5364
1345 253 1426 307 De
1452 251 1771 308 vocationis
1797 268 2002 323 gratia.
2890 261 2973 325 79

525 446 625 501 84.
657 430 1013 502 Scholion
1040 434 1142 501 11.
1184 439 1272 497 De
1302 441 1612 498 vocationis
1636 442 1854 519 qratia.
1886 473 1974 484 —
2007 440 2153 498 Cum
2184 456 2306 498 non
2337 438 2554 508 desint,
2590 439 2696 514 qui
2730 439 2974 498 videsn-

346 532 449 586 tur
486 526 797 597 affirmare,
846 527 957 597 illi,
1004 528 1110 602 qui
1153 528 1480 587 vocationis
1512 530 1765 605 gratiam
1798 528 2144 606 neglexerit,
2186 530 2311 604 jam
2358 528 2632 587 subtrahi
2678 528 2974 587 divinitus

346 635 519 675 omne
554 615 772 675 salutis
805 616 1168 675 subsidium:
1215 637 1284 676 ea
1313 617 1518 693 paucis
1550 618 2024 693 complectemur,
2061 636 2213 692 quae
2244 618 2353 675 hac
2385 617 2456 676 de
2487 635 2551 676 re
2582 620 2762 693 atque
2794 636 2974 694 gene·

346 706 521 763 ratim
554 704 627 764 de
660 705 987 763 vocationis
1018 705 1210 782 gratia
1238 706 1497 765 tenenda
1528 725 1854 765 censemus.

428 798 429 801 ’
528 792 592 857 l.
624 793 884 853 Omnino
917 794 1240 854 tenendum
1272 798 1381 867 est,
1414 813 1540 854 esse
1571 796 1833 872 aliquam
1866 795 2120 871 gratiam
2149 794 2495 865 vocationis,
2529 813 2648 871 qua
2679 794 2803 853 scil.
2838 795 2975 869 quis

346 902 465 942 non
498 884 699 941 solum
730 883 805 941 ad
834 883 1012 942 fidem
1043 892 1105 941 et
1134 886 1407 954 salutem,
1455 884 1530 942 ad
1574 885 1995 960 perfectionem
2028 884 2089 942 in
2123 903 2336 961 genere
2368 882 2663 942 divinitus
2694 888 2973 943 vocetur:

348 973 449 1031 sed
483 980 548 1030 et
579 972 659 1031 ad
689 975 917 1031 certum
949 974 1108 1032 vitae
1140 976 1395 1043 statum:
1431 992 1582 1050 quae
1613 973 1805 1051 gratia
1833 973 2078 1032 initium
2109 980 2171 1032 et
2202 973 2656 1032 fundamentum
2689 972 2772 1031 sit
2802 973 2976 1032 seriei

347 1061 712 1120 auxiliorum
745 1061 1090 1137 specialium
1121 1081 1228 1138 pro
1260 1061 1654 1121 determinato
1700 1063 1807 1121 illo
1851 1062 2093 1122 vivendi
2124 1081 2340 1137 genere
2372 1062 2443 1120 ad
2492 1062 2977 1121 satisfaciendum

351 1151 513 1209 illius
536 1150 891 1209 muneribus
911 1156 971 1208 et
989 1150 1221 1219 officiis,
1254 1153 1316 1209 et
1345 1150 1419 1209 ad
1450 1151 1683 1210 facilius
1704 1150 2175 1226 consequendam
2195 1151 2452 1210 salutem
2470 1153 2532 1210 et
2550 1151 2971 1226 perfectionem

356 1259 530 1315 qnam
565 1240 633 1297 in
665 1239 783 1298 alio
815 1243 996 1300 statu.
1062 1239 1188 1299 Hoc
1233 1240 1541 1316 colligitur
1585 1255 1648 1305 a.
1693 1260 1760 1299 ex
1796 1240 1994 1299 verbis
2025 1239 2242 1299 Christi
2273 1239 2367 1298 J0.
2407 1249 2504 1311 15,
2549 1248 2658 1303 16:
2707 1240 2840 1298 Non
2885 1258 2976 1299 vos

352 1348 436 1387 me
465 1330 733 1403 eleyistis,
781 1329 881 1387 sed
910 1347 1006 1405 eqo
1036 1330 1174 1407 eleqi
1214 1348 1310 1388 vos
1352 1333 1493 1397 etc.;
1542 1329 1751 1388 Matth.
1794 1339 1889 1397 19,
1933 1339 2041 1392 11:
2094 1326 2226 1389 Non
2258 1347 2446 1388 omnes
2475 1330 2713 1404 capiunt
2744 1329 2975 1388 verbum

348 1419 507 1476 istud
537 1414 639 1487 (de
670 1417 1085 1497 continentia),
1132 1419 1232 1477 sed
1261 1418 1469 1496 quibus
1498 1419 1700 1477 datum
1743 1426 1862 1492 est;
1907 1414 1978 1481 b.
2028 1437 2097 1476 ex
2143 1435 2438 1477 consensu
2481 1422 2828 1488 ascetarum,
2874 1419 2980 1494 qui

354 1508 596 1583 regulas
625 1506 880 1565 tradunt
909 1506 1343 1583 dignoscendae
1375 1508 1735 1577 vocationis;
1785 1522 1849 1572 c.
1894 1526 1962 1566 ex
2010 1525 2192 1566 sensu
2237 1507 2501 1566 fidelium
2541 1507 2613 1565 de
2645 1507 2839 1566 salute
2871 1526 2981 1566 sua

360 1595 771 1666 sollicitorum,
807 1596 911 1670 qui
945 1597 1151 1654 sedulo
1183 1596 1566 1671 impensaque
1598 1598 1670 1655 de
1703 1596 2013 1655 vocatione
2046 1614 2156 1655 sua
2186 1597 2481 1673 cogitant;
2530 1592 2600 1660 d.
2631 1615 2700 1655 ex
2731 1595 2824 1655 tot
2854 1614 2977 1655 mo-

357 1684 505 1742 nitis
553 1691 614 1743 et
658 1684 925 1743 consiliis
965 1685 1349 1744 fundatorum
1382 1686 1661 1744 ordinum
1692 1690 1755 1744 et
1786 1685 2194 1762 episcoporum
2226 1685 2299 1743 ad
2332 1684 2695 1761 probandam
2728 1687 2791 1743 et
2821 1685 2979 1760 diju-

352 1772 667 1831 dicandam
698 1774 1067 1832 novitiorum
1096 1779 1158 1833 et
1189 1774 1534 1833 clericorum
1556 1773 1960 1843 vocationem3
1995 1789 2054 1838 e.
2087 1793 2154 1832 ex
2188 1774 2546 1833 conscientia
2566 1773 2978 1849 plurimorum,

357 1862 454 1937 qui
489 1881 557 1919 se
590 1862 679 1920 ita
707 1862 782 1920 ad
813 1865 1042 1920 certum
1074 1862 1231 1922 vitae
1265 1881 1456 1939 genus
1488 1863 1782 1922 divinitus
1813 1864 2103 1938 impulsos
2133 1866 2473 1939 tractosque
2494 1864 2784 1933 sentiunt,
2817 1868 2890 1922 ut
2919 1882 2980 1922 se

358 1969 481 2009 reos
516 1954 901 2026 contemptus
948 1952 1042 2009 vel
1087 1952 1295 2010 saltem
1334 1952 1737 2029 negligentiae
1767 1952 1994 2030 gratiae
2025 1971 2272 2029 magnae
2295 1952 2653 2027 judicarent,
2701 1952 2822 2010 imo
2868 1952 2980 2011 im-

353 2041 685 2116 morigeros
718 2041 839 2097 Deo
872 2040 1121 2107 futuros,
1168 2041 1217 2099 si
1263 2041 1354 2099 illi
1400 2041 1689 2119 impulsui
1735 2058 1843 2100 seu
1874 2041 2171 2100 vocationi
2203 2059 2323 2100 non
2354 2041 2845 2117 obsequerentur,
2889 2060 2981 2100 se-

353 2129 618 2187 cundum
654 2129 755 2187 illa
784 2129 955 2186 Pauli
996 2140 1047 2192 1.
1079 2130 1205 2188 Cor.
1241 2139 1297 2200 9,
1341 2140 1448 2193 16:
1498 2131 1654 2188 Nam
1700 2132 1756 2189 si
1799 2132 2270 2207 evanyelizaverO,
2319 2149 2433 2189 non
2479 2138 2559 2188 est
2591 2131 2736 2187 mihi
2759 2130 2976 2210 yloria,

357 2220 677 2276 necessitas
706 2220 860 2276 enim
889 2219 1032 2275 mihi
1062 2218 1370 2277 incumbit:
1404 2238 1505 2277 vae
1536 2222 1686 2277 enim
1720 2220 1862 2277 mihi
1892 2227 1991 2295 est,
2028 2221 2083 2278 si
2113 2238 2226 2278 non
2258 2220 2731 2295 evanqelizavem.

534 2304 602 2372 2.
650 2307 761 2365 Per
805 2325 867 2365 se
913 2310 1077 2383 patet
1122 2323 1185 2370 ιι.
1231 2309 1535 2386 negligere
1583 2312 1871 2367 certam
1916 2308 2238 2368 vocationis
2268 2308 2537 2385 gratiam,
2585 2312 2796 2384 utpote
2842 2326 2979 2367 oon-

358 2415 570 2473 gruam
602 2396 863 2454 hominis
893 2396 1135 2472 ingenio
1180 2400 1243 2454 et
1286 2397 1614 2456 conditioni
1645 2397 2070 2473 matricemque
2101 2397 2273 2456 seriei
2312 2397 2639 2474 gratiarum
2687 2398 2762 2456 ad
2807 2397 2980 2455 finem

356 2486 516 2545 vitae
551 2503 763 2559 usque,
795 2505 919 2544 rem
950 2504 1079 2544 esse
1111 2485 1362 2562 periculi
1393 2487 1642 2562 plenam.
1700 2487 1778 2544 Et
1809 2505 1949 2545 sane
1983 2483 2053 2549 b.
2089 2487 2140 2544 si
2171 2486 2556 2544 temerarium
2586 2489 2693 2557 est,
2726 2487 2846 2544 imo
2877 2504 2982 2545 no·

353 2576 543 2643 xinm,
594 2574 710 2633 viri
756 2574 1067 2649 prudentis
1099 2575 1415 2633 consilium
1460 2575 1525 2633 in
1569 2575 1810 2653 negotio
1842 2575 2043 2652 magni
2076 2574 2359 2634 momenti
2405 2592 2704 2651 spernere,
2757 2577 2980 2651 quanto

352 2664 551 2741 magis
584 2663 887 2741 negligere
919 2664 1233 2723 consilium
1278 2665 1385 2723 Dei
1430 2665 1624 2742 gratia
1667 2664 1994 2724 vocationis
2042 2664 2309 2724 oblatum
2354 2664 2417 2723 in
2462 2664 2703 2741 negotio
2750 2664 2982 2727 salutis.

355 2753 588 2812 Deinde
621 2768 687 2816 c.
724 2754 827 2828 qui
858 2753 1082 2830 gratiae
1115 2754 1434 2813 vocationis
1466 2773 1568 2812 cor
1597 2755 1866 2830 pulsanti
1885 2755 2118 2830 saepius
2136 2754 2378 2823 resistit,
2411 2753 2808 2812 indurationis
2840 2772 2979 2812 oon-

358 2843 546 2900 trahit
576 2842 868 2909 habitum,
918 2861 1035 2917 quo
1067 2842 1221 2900 nihil
1254 2843 1652 2919 periculosius
1685 2847 1746 2902 et
1790 2861 1908 2919 quo
1941 2847 2242 2903 contracto
2274 2843 2502 2919 gratiae
2534 2842 2673 2901 illae
2703 2842 2980 2914 minores,

362 2950 508 3006 quas
560 2931 690 2990 loco
728 2931 953 3008 gratiae
984 2932 1312 2990 vocationis
1345 2933 1594 3007 rejectae
1624 2936 2042 3007 consequetur,
2088 2932 2276 3009 magis
2309 2931 2500 2990 adhuc
2530 2931 2857 2990 inefficaces
2889 2950 2980 2989 re·

360 3020 727 3079 manebunt:
773 3038 924 3095 quae
956 3022 1048 3078 est
1083 3021 1252 3090 ratio,
1300 3039 1483 3097 quare
1514 3025 1738 3081 ascetae
1771 3027 1894 3080 tam
1927 3024 2188 3098 graviter
2208 3021 2484 3096 judicent
2515 3019 2589 3078 de
2622 3020 2832 3080 salutis
2866 3020 2981 3078 dif—

359 3108 628 3168 ficultate
661 3109 921 3168 hominis
953 3110 1299 3185 repellentis
1331 3111 1584 3187 gratiam
1616 3110 1964 3171 vocationis.

541 3193 609 3261 3.
646 3199 966 3273 Nunquam
997 3202 1198 3256 tamen
1228 3198 1370 3257 licet
1398 3199 1706 3268 affirmare,
1742 3199 1984 3270 homini,
2033 3199 2138 3275 qui
2169 3218 2297 3258 eam
2330 3198 2673 3275 neglexerit,
2709 3199 2985 3257 subtrahi

360 3288 593 3364 gratias
625 3287 699 3345 ad
733 3287 989 3345 salutem
1009 3287 1371 3346 sufficientes
1389 3288 1707 3363 (quamdiu
1726 3286 1988 3370 vixerit),
2025 3288 2293 3364 alioquin
2313 3287 2405 3346 illi
2428 3291 2621 3347 status
2642 3288 2982 3364 religiosus,

362 3376 750 3434 sacerdotalis
782 3379 891 3434 etc.
923 3394 1041 3434 non
1074 3380 1232 3434 esset
1262 3376 1334 3434 de
1366 3377 1734 3448 consilio,
1783 3377 1884 3436 sed
1933 3379 2007 3436 de
2040 3383 2457 3454 praecepto
2491 3379 2654 3454 (nam
2685 3377 2745 3435 id
2778 3377 2984 3437 adulto

359 3465 763 3523 necessarium
809 3468 901 3524 est
944 3465 1152 3524 saltem
1198 3464 1271 3523 de
1316 3469 1646 3542 praecepto,
1694 3467 1824 3525 sine
1871 3484 1990 3540 quo
2023 3466 2187 3525 salus
2218 3465 2474 3525 obtineri
2508 3461 2775 3547 nequit):
2827 3466 2984 3540 quod

360 3556 564 3612 tamen
595 3570 769 3613 nemo
800 3553 1147 3620 affirmabit;
1194 3553 1526 3630 falsumque
1559 3557 1717 3614 esset
1748 3556 2005 3615 axioma:
2057 3555 2118 3616 Si
2167 3573 2286 3614 non
2335 3573 2398 3613 es
2449 3561 2705 3624 vocatus,
2757 3555 2863 3622 sac,
2917 3558 2987 3613 ut

359 3643 624 3714 voceris3
660 3642 920 3718 salsaque
953 3642 1037 3700 th.
1080 3653 1217 3706 189.
1282 3643 1602 3720 Continget
1648 3645 1740 3702 illi
1788 3645 1914 3704 scil.
1948 3645 2106 3720 quod
2139 3645 2313 3712 Esau,
2361 3643 2467 3719 qui
2514 3645 2732 3719 spretis
2765 3644 2982 3717 primo-

361 3732 588 3807 genitis
621 3729 791 3812 (Gen.
828 3741 928 3802 25,
965 3740 1040 3794 31
1082 3727 1207 3813 ss.)‚
1242 3731 1358 3790 sibi
1387 3738 1621 3791 tantum
1655 3733 1911 3792 detraxit
1942 3733 2015 3792 de
2045 3732 2392 3802 hereditate,
2440 3736 2511 3790 ut
2556 3733 2628 3791 de
2672 3733 2802 3808 ipso
2846 3751 2986 3808 prae

359 3820 549 3879 Jacob
584 3822 741 3879 Deus
772 3820 1020 3880 dixerit:
1053 3821 1219 3880 Esau
1249 3822 1377 3880 odio
1406 3822 1585 3880 habui
1617 3823 1779 3887 Rom.
1814 3834 1870 3892 9,
1913 3833 2008 3886 13.

542 3905 607 3974 4.
640 3909 982 3968 Tenendum
1014 3909 1252 3968 videtur
1280 3912 1531 3987 gratiam
1563 3912 1891 3970 vocationis
1923 3912 2176 3988 gratiam
2210 3930 2340 3970 esse
2371 3910 2788 3987 specialem
2807 3953 2823 3981 ,
2867 3929 2987 3968 non

365 3998 645 4057 omnibus
676 4017 1079 4057 communem:
1113 4018 1251 4057 nam
1282 4015 1349 4061 a.
1381 4000 1572 4076 gratia
1604 4001 1926 4059 vocationis
1958 4000 2179 4059 dicitur
2211 4019 2330 4059 non
2360 4004 2632 4074 respectu
2665 4000 2986 4075 cujuscun-

366 4106 481 4160 que
514 4090 728 4156 status,
761 4091 958 4146 status
988 4089 1334 4159 communia,
1368 4088 1470 4147 sed
1503 4093 1776 4165 respectu
1810 4093 2003 4148 status
2035 4089 2358 4148 altioris
2390 4087 2805 4163 perfectionis;
2852 4088 2986 4165 quis

366 4180 563 4235 autem
597 4177 771 4247 dicet,
811 4194 1013 4235 omnes
1047 4177 1314 4236 homines
1345 4181 1583 4236 vocatos
1615 4197 1742 4237 esse
1774 4179 1845 4236 ad
1881 4183 2104 4237 statum
2137 4178 2449 4236 altiorem?
2496 4182 2643 4235 tunc
2687 4177 2848 4235 enim
2891 4177 2988 4235 hic

366 4264 493 4339 ipse
523 4269 718 4324 status
748 4269 908 4324 esset
937 4269 1132 4324 status
1163 4266 1513 4325 communis.
1579 4266 1746 4335 Quod
1778 4269 1832 4326 si
1864 4268 2001 4343 quis
2032 4270 2283 4337 censeat,
2330 4266 2511 4325 etiam
2543 4266 2606 4323 in
2637 4269 2800 4325 statu
2831 4285 2988 4325 com-

370 4355 537 4411 muni
570 4353 696 4412 dari
728 4354 1095 4413 vocationem
1128 4355 1201 4413 ad
1233 4355 1694 4414 determinatum
1727 4357 1883 4415 vitae
1916 4374 2125 4432 genus,
2172 4375 2241 4414 ea
2281 4375 2401 4414 non
2432 4355 2673 4414 videtur
2703 4356 2984 4414 distincta

371 4459 407 4498 a
445 4442 766 4501 dictamine
812 4462 988 4502 sanae
1034 4444 1283 4502 rationis
1329 4450 1389 4503 et
1434 4445 1787 4520 prudentiae
1834 4446 2133 4503 illutratae
2177 4443 2290 4502 fide
2325 4441 2524 4525 (cujus
2556 4449 2649 4503 est
2682 4445 2987 4503 hominum

373 4531 554 4590 vitam
586 4531 863 4609 dirigere,
909 4552 1048 4591 nam
1064 4534 1268 4608 justus
1298 4552 1368 4591 ex
1394 4534 1507 4606 fide
1538 4537 1671 4591 vivit
1704 4535 1866 4593 Rom.
1908 4546 1958 4604 1,
2001 4530 2126 4615 17),
2174 4534 2270 4592 vel
2316 4534 2524 4591 saltem
2560 4534 2850 4610 ejusmodi
2885 4551 2986 4591 vo-

375 4620 523 4678 catio
556 4640 678 4680 non
708 4622 986 4680 omnibus
1018 4622 1209 4680 datur.
1277 4621 1383 4681 Cui
1426 4623 1742 4681 assertioni
1791 4620 1860 4686 b.
1909 4623 2148 4682 videtur
2191 4623 2387 4681 favere
2425 4623 2803 4698 experientia,
2851 4641 2988 4680 cum

375 4709 569 4782 plures
599 4710 788 4770 bonae
819 4710 1146 4769 voluntatis
1191 4714 1254 4769 et
1297 4712 1528 4771 sincero
1573 4712 1862 4771 desiderio
1906 4711 2158 4771 faciendi
2190 4712 2300 4770 Dei
2332 4712 2699 4771 voluntatem
2733 4709 2987 4787 praediti
