3538 5364
610 244 696 310 82
1320 233 1506 287 Tract.
1536 234 1655 287 VIl.
1681 234 1752 288 de
1777 233 1984 306 gratia.
2012 230 2320 287 Libertatis
2345 230 2524 285 notio.

607 418 823 482 velle
855 423 920 481 et
951 435 990 497 p
1009 432 1214 491 osse,
1247 414 1418 478 unde
1451 432 1572 479 nec
1603 416 1712 498 qui
1745 415 1898 492 vult,
1933 414 2239 479 continuo
2270 419 2503 495 potest,
2535 428 2655 476 nec
2687 410 2798 494 qui
2827 417 3042 492 potest
3071 426 3244 473 con-

605 526 789 589 tinuo
824 524 991 597 vult3
1026 522 1176 603 quia
1207 523 1371 586 sicut
1402 522 1698 586 volumus
1732 522 2104 605 aliquandO,
2137 521 2309 603 quod
2340 539 2471 585 non
2502 538 2862 601 possumuS,
2912 519 3005 581 sic
3035 519 3247 583 etiam

606 650 950 715 possumus
971 629 1337 711 aliquande,
1359 629 1531 711 quod
1552 629 1852 693 nolumus
1875 649 1891 692 ε
1923 630 2082 692 satis
2103 627 2375 693 evolutis
2393 628 2547 709 ipsis
2566 627 2764 691 etiam
2781 625 3116 690 vocabulis
3131 642 3244 689 re-

605 744 815 813 sonat,
849 736 1023 819 quod
1055 735 1138 798 ab
1173 753 1270 811 e0,
1303 735 1476 817 quod
1508 740 1607 799 est
1638 734 1818 811 velle,
1854 734 2173 811 volunta-5,
2208 734 2290 797 ab
2325 752 2403 798 eo
2438 740 2675 809 autem,
2696 733 2869 815 quod
2903 739 3003 798 est
3021 750 3246 814 posse,

606 849 895 926 potestas
927 859 1165 906 nomen
1185 836 1489 921 accepit‘
1531 841 1599 904 In
1620 842 1745 904 hoc
1767 842 2052 906 maxime
2072 840 2380 906 errabant
2396 859 2438 921 p
2455 841 2525 904 el
2541 858 2583 904 a
2599 860 2636 920 g
2653 840 2671 903 i
2687 858 2729 904 a
2743 859 2787 903 n
2803 840 2842 916 i,
2874 840 3046 923 quod
3065 840 3244 904 haec

605 970 738 1015 non
769 949 927 1014 satis
959 949 1423 1028 distinguerent
1454 954 1518 1012 et
1548 955 1942 1031 potestatem
1991 947 2285 1029 eligendi,
2337 965 2505 1029 quae
2551 953 2648 1012 est
2693 948 3024 1023 naturaliS,
3071 965 3244 1011 con-

604 1058 945 1124 tunderent
975 1074 1121 1120 cum
1154 1062 1479 1137 potestate
1512 1054 1843 1132 efficiendi,
1878 1072 2047 1138 quae
2079 1059 2296 1137 potest
2326 1072 2468 1119 esse
2501 1060 2565 1119 et
2585 1054 2991 1134 inpraesenti
3009 1054 3246 1119 ordine

605 1183 801 1247 saepe
834 1172 933 1229 est
963 1163 1503 1244 supernaturalisz
1552 1164 1618 1226 in
1665 1162 1893 1227 ordine
1939 1163 2135 1228 etiam
2180 1162 2458 1226 naturali
2508 1161 2696 1226 aliud.
2715 1169 2816 1226 est
2844 1160 3024 1238 velle,
3058 1162 3244 1226 aliud

605 1293 827 1357 posse:
859 1274 983 1337 hoc
1016 1272 1186 1337 enim
1217 1272 1454 1353 pendet
1486 1289 1527 1335 a
1558 1272 1900 1354 requisitiS,
1935 1289 2102 1353 quae
2140 1290 2273 1335 non
2305 1289 2560 1351 semper
2579 1275 2730 1334 sunt
2762 1270 2824 1332 in
2857 1276 3081 1334 nostra
3112 1288 3243 1350 po—

605 1386 855 1446 testate.
921 1377 1008 1443 Cs.
1042 1399 1102 1442 n.
1138 1384 1241 1448 96.

782 1506 848 1574 2.
885 1503 1180 1568 Essentia
1209 1503 1524 1569 libertatis
1556 1504 1854 1567 consistit
1882 1504 1949 1566 in
1973 1503 2117 1584 jure
2150 1509 2214 1567 et
2247 1502 2548 1568 facultate
2594 1502 2877 1584 seipsum
2929 1501 3243 1566 determi-

607 1611 822 1687 nandi,
855 1611 1063 1692 deque
1095 1610 1228 1674 suis
1260 1610 1500 1674 viribus
1532 1610 1930 1692 disponendi,
1976 1610 2040 1673 in
2087 1628 2218 1691 qua
2248 1610 2549 1674 convenit
2581 1609 2790 1673 omnis
2820 1608 3105 1686 libertas,
3141 1609 3243 1672 di—

605 1720 757 1783 vina
787 1717 937 1794 scil.,
971 1717 1262 1797 angelica
1293 1724 1359 1782 et
1390 1717 1604 1793 beata,
1636 1718 1943 1794 humana,
1976 1716 2312 1781 diabolica„
2373 1716 2698 1791 ,Libertas
2732 1715 2995 1793 arbitrii,
3029 1716 3246 1798 inquit

605 1824 1081 1890 Bernardus
1123 1824 1203 1889 de
1236 1844 1323 1904 gr.
1358 1830 1423 1890 et
1453 1824 1557 1889 lib.
1592 1825 1726 1888 arb.
1761 1842 1814 1888 c.
1848 1830 1889 1894 5
1923 1844 1983 1888 n.
2019 1828 2121 1900 15,
2156 1823 2404 1887 cunctis
2436 1824 2678 1904 pariter
2707 1824 2959 1889 ratione
2993 1826 3241 1891 utenti-

601 1934 724 1999 bus
757 1931 1072 2008 convenit,
1106 1950 1239 1995 non
1269 1932 1480 1995 minor
1512 1938 1826 2014 quantum
1857 1932 1924 1994 in
1955 1949 2026 1995 se
2060 1937 2157 1996 est
2189 1932 2252 1996 in
2286 1931 2490 2002 malis,
2536 1950 2730 2012 quam
2762 1932 2828 1995 in
2859 1932 3066 2008 boniS,
3102 1937 3243 1995 tam

602 2039 795 2122 plena
824 2041 890 2104 in
921 2040 1048 2103 hoc
1079 2039 1317 2115 secum,
1352 2056 1549 2121 quam
1580 2045 1646 2104 et
1677 2040 1743 2102 in
1776 2037 2058 2114 sutur03‘
2114 2040 2348 2124 quibus
2399 2038 2630 2103 similia
2662 2040 2904 2121 passim
2937 2040 3144 2106 habet
3175 2041 3243 2103 in

604 2147 835 2212 eodem
868 2164 1080 2228 opere.
1143 2146 1317 2211 Haec
1349 2151 1570 2211 tamen
1601 2147 1773 2212 intra
1805 2153 2018 2211 certos
2049 2147 2283 2212 limites
2315 2147 2578 2227 intelligi
2608 2147 2861 2224 debent,
2896 2168 3044 2212 cum
3079 2169 3240 2213 usus

604 2255 836 2319 saltem
866 2254 1179 2318 libertatis
1211 2271 1345 2317 non
1375 2254 1459 2316 sit
1491 2254 1663 2335 apud
1696 2271 1922 2318 omnes
1956 2253 2263 2335 aequalis,
2297 2259 2367 2317 ut
2399 2272 2479 2318 ex
2511 2272 2570 2316 n.
2605 2257 2690 2323 89
2722 2253 3002 2336 liquebit

782 2379 845 2447 3.
878 2378 1127 2460 Duplex
1176 2379 1581 2457 distinguitur
1630 2378 2005 2453 necessitas,
2057 2378 2406 2459 physica
2456 2385 2521 2443 et
2571 2378 2912 2442 moralis
2959 2380 3240 2463 ideoque

603 2486 837 2567 duplex
866 2486 1147 2563 libertas,
1182 2486 1447 2567 physica
1479 2492 1543 2550 et
1576 2484 1856 2548 moralis,
1922 2483 2290 2550 Necessitas
2335 2484 2604 2566 physica
2648 2486 2920 2566 perimit,
2968 2489 3240 2553 moralis

602 2593 1065 2657 circumscribit
1084 2593 1463 2668 libertatem,
1498 2592 1634 2672 ejus
1668 2609 1857 2655 usum
1891 2609 2023 2654 non
2057 2590 2268 2655 reddit
2300 2591 2778 2673 impossibilem,
2808 2593 2923 2659 sed
2943 2594 3236 2660 illicitum

603 2719 878 2784 eumque
911 2700 1191 2782 impedit,
1228 2699 1570 2779 obligando
1603 2699 1757 2779 ligat
1789 2705 1854 2763 et
1886 2699 2369 2762 circumscribit.

778 2827 843 2895 4.
875 2825 1164 2889 Libertas
1198 2823 1605 2904 peccandi
1657 2842 1792 2887 non
1827 2831 1923 2889 est
1955 2825 2302 2889 voluntatis
2334 2826 2575 2890 liberae
2607 2819 2931 2907 perfectiO,
2965 2827 3079 2893 sed
3114 2847 3236 2909 po-

602 2934 727 2997 tius
748 2932 990 3011 rubigo.
1014 2930 1201 3010 Quod
1221 2936 1398 3011 patet
1420 2937 1556 2994 tam
1577 2950 1618 2994 a
1637 2931 1852 3012 priori,
1874 2949 2070 3013 quam
2091 2950 2130 2995 a
2150 2933 2506 3014 posteriori.
2528 2932 2691 2997 Nam
2714 2953 2844 3016 quo
2865 2934 3067 3014 magis
3091 2935 3236 3017 quis

603 3038 850 3104 accedit
883 3037 965 3101 ad
999 3036 1221 3114 Deum,
1255 3056 1553 3101 normam
1586 3039 1795 3102 omnis
1842 3039 2017 3112 recti,
2067 3057 2143 3103 eo
2193 3040 2396 3120 magis
2437 3040 2678 3104 recedit
2709 3059 2750 3103 a
2779 3048 3068 3123 peccam,
3102 3043 3234 3104 imo

602 3150 667 3211 et
698 3163 738 3208 a
770 3144 1080 3226 peccandi
1115 3145 1535 3224 possibilitate
1580 3153 1629 3213 1.
1661 3145 1845 3209 Joan.
1882 3151 1941 3223 3,
1976 3150 2016 3214 9
2052 3146 2136 3232 (n.
2170 3148 2301 3234 45).
2366 3147 2464 3210 Ad
2514 3147 2691 3224 haec,
2738 3165 3083 3229 peccamus
3119 3149 3233 3214 eli-

601 3252 807 3332 gendo
842 3251 1113 3326 malum;
1168 3251 1393 3316 electio
1444 3270 1597 3316 vero
1651 3252 1803 3316 mali
1855 3259 1956 3317 est
2006 3253 2195 3331 mala,
2246 3255 2546 3336 supponit
2595 3256 2764 3318 enim
2791 3255 3101 3336 judicium
3133 3255 3232 3318 in-

599 3358 888 3423 tellectus
925 3375 1266 3422 erroneum
1300 3364 1363 3423 et
1394 3359 1745 3423 voluntatis
1779 3367 2036 3438 gustum
2071 3367 2460 3441 corruptum.

777 3485 843 3549 5.
878 3481 968 3544 Eo
1003 3480 1324 3546 efficacius
1359 3483 1715 3548 excluditur
1746 3484 2061 3549 libertatis
2109 3487 2422 3571 (creatae)
2457 3485 2718 3562 abusuS,
2753 3506 2880 3568 quo
2915 3488 3126 3566 magis,
3154 3505 3233 3552 ea

598 3588 836 3671 pendet
868 3607 907 3651 a
938 3606 1171 3651 norma
1202 3589 1411 3652 omnis
1444 3589 1601 3654 recti
1635 3589 1821 3671 eique
1855 3590 2181 3655 inhaeret:
2231 3591 2379 3655 inde
2415 3592 2585 3655 enim
2620 3610 2698 3656 ea
2731 3592 3017 3656 redditur
3047 3612 3229 3674 pura,

600 3695 868 3771 sincera,
902 3694 1202 3776 perfecta.
1237 3691 1460 3758 Omnis
1493 3703 1711 3760 autem
1744 3697 1902 3761 recti
1935 3715 2167 3760 norma
2199 3679 2299 3763 est
2318 3697 2504 3763 DeuS.
2538 3698 2702 3778 Ergo
2735 3706 2985 3762 tantum
3023 3699 3227 3790 abest,

599 3809 671 3866 ut
701 3801 1131 3882 dependentia
1163 3819 1202 3864 a
1230 3801 1361 3865 Deo
1395 3802 1674 3867 libertati
1706 3803 1789 3868 sit
1822 3803 2226 3881 detrimentO,
2261 3810 2329 3868 ut
2350 3822 2498 3868 eam
2519 3805 2733 3886 potius
2756 3806 2819 3869 in
2842 3807 3228 3871 immensum

599 3907 901 3990 perficiat.
963 3907 1183 3972 Justus
1217 3909 1309 3973 ita
1340 3927 1380 3972 a
1412 3908 1545 3974 Deo
1595 3910 1885 3991 pendens
1934 3929 2067 3974 non
2118 3911 2356 3992 indiget
2386 3911 2631 3991 legibus
2665 3913 2962 3989 externiS,
2997 3912 3226 3994 quibus

598 4023 856 4095 regatur
886 4017 951 4080 in
981 4016 1295 4082 libertatis
1327 4035 1466 4079 usu.
1530 4016 1672 4096 Quo
1708 4036 1905 4082 sensu
1937 4018 2158 4082 scribit
2190 4017 2428 4083 Paulus
2467 4025 2520 4085 1.
2555 4019 2637 4082 ad
2670 4018 2826 4082 Tim.
2869 4027 2921 4095 1,
2955 4023 3029 4086 9:
3095 4020 3228 4083 Lea:

588 4125 761 4205 justo
794 4143 919 4184 non
952 4130 1038 4186 est
1065 4127 1298 4207 posita,
1331 4125 1437 4186 sed
1472 4126 1740 4206 injustis,
1810 4124 1957 4189 Ideo
2005 4131 2220 4190 autem
2267 4144 2400 4188 non
2447 4130 2546 4190 est
2591 4126 2649 4191 ei
2680 4126 2781 4191 lex
2814 4127 3044 4207 posita,
3078 4127 3228 4207 quia

596 4230 803 4308 legem
836 4231 1188 4311 praevenit,
1223 4250 1352 4294 non
1386 4238 1718 4313 exspectat
1748 4232 1904 4311 legis
1941 4233 2312 4313 impulsum;
2361 4233 2511 4314 quia
2557 4239 2787 4314 sponte
2833 4252 2952 4298 sua
2985 4234 3223 4298 bonum

597 4342 921 4417 operatur,
944 4337 1250 4416 nonlegis
1272 4339 1537 4413 timore;
1571 4339 1721 4420 quia
1755 4338 1898 4420 plus
1917 4344 2221 4419 praestat,
2259 4357 2453 4419 quam
2473 4339 2574 4404 lex
2597 4340 2825 4419 exigat.
2861 4340 2996 4404 Huc
3029 4341 3221 4406 etiam

598 4449 896 4523 spectant
927 4443 1033 4507 illa
1066 4448 1122 4511 2.
1160 4443 1302 4507 Cor.
1338 4449 1398 4520 3,
1447 4450 1555 4512 17:
1603 4445 1717 4508 Ubi
1750 4443 2031 4527 Spiritus
2062 4444 2340 4528 Domini,
2373 4446 2459 4508 ibi
2490 4445 2757 4511 libertas.
2803 4446 3042 4511 Contra
3074 4465 3221 4513 vero

599 4567 727 4630 quo
761 4551 964 4630 magis
1000 4550 1214 4633 aliqua
1245 4551 1542 4614 voluntas
1575 4569 1808 4615 aversa
1841 4558 1937 4615 est
1969 4569 2009 4614 a
2041 4569 2270 4614 norma
2301 4553 2474 4628 recti,
2518 4571 2596 4617 eo
2645 4553 3074 4634 imperfectior
3106 4553 3222 4620 erit

600 4655 736 4736 ejus
770 4654 1034 4721 libertas
1066 4658 1129 4720 in
1164 4658 1386 4721 ordine
1418 4658 1646 4721 morali
1678 4665 1874 4740 atque
1906 4659 2281 4739 passionum
2312 4677 2517 4723 serva.
