3538 5364
1238 267 1528 321 invocatio
1556 270 1641 320 cst
1667 266 1827 320 licita
1855 269 1914 321 et
1940 266 2119 321 utilis.
2842 280 2973 342 673

351 456 586 514 crimini
632 455 759 516 dari
802 455 993 531 possit
1037 454 1388 529 compellare
1449 453 1678 512 felicem
1725 453 1982 512 animam
2035 454 2127 512 vel
2178 458 2446 513 sanctum
2494 456 2792 532 angelum,
2845 458 2973 532 ejus

352 544 837 604 intercessionem
882 544 978 602 vel
1024 542 1312 601 auxilium
1358 542 1658 618 postulare
1705 546 1858 601 εἴα(
1925 543 2198 601 Aliorum
2246 545 2709 619 protestantium
2747 545 2971 604 confes-

355 634 550 692 siones
583 633 654 691 cf.
689 631 751 691 in
785 651 875 707 op.
910 632 1324 707 Beleuchtung
1355 631 1460 689 der
1495 630 1539 686 V
1545 632 1876 690 orurtheile
1909 631 2093 690 wider
2124 631 2220 690 die
2252 631 2410 694 kath.
2444 633 2661 692 Kirche
2693 636 2735 692 t.
2771 643 2805 697 2
2841 653 2898 710 p.
2942 646 2962 696 l

353 742 488 799 pag.
532 731 648 785 152
687 740 764 782 ss,
825 721 904 780 cf.
937 720 1364 779 Trombelli
1398 720 1469 777 de
1501 720 1672 778 cultu
1705 722 1887 782 sanct.
1920 720 2058 779 diss,
2096 730 2130 783 3
2168 740 2212 779 c.
2250 730 2483 784 3—19.

537 846 679 909 721.
713 841 1262 908 Demonstratlo
1295 860 1362 924 p.
1395 839 1496 908 11.
1560 837 1834 903 Sanctos
1881 838 2049 905 licite
2099 839 2461 923 utiliterque
2512 859 2702 923 posse
2752 841 2972 906 invo-

355 948 545 1023 cari,
592 965 722 1010 non
756 965 834 1010 eo
864 946 1291 1010 invocationis
1323 962 1577 1026 genere,
1626 964 1756 1028 quo
1791 945 1994 1011 Deum
2028 948 2378 1026 gratiarum
2428 954 2761 1013 auctorem
2790 949 2973 1012 invo-

354 1071 614 1118 camus:
648 1053 761 1117 sed
793 1072 920 1135 quo
953 1054 1117 1134 regis
1151 1054 1394 1116 amicos
1430 1052 1514 1116 ob
1549 1070 1794 1127 eorum,
1844 1070 1974 1135 qua
2017 1055 2189 1134 apud
2222 1053 2397 1117 illum
2431 1053 2742 1131 fruuntur,
2774 1055 2973 1121 bene-

354 1159 702 1226 volentiam
734 1159 1195 1242 compellamus
1230 1158 1328 1245 (cf.
1363 1159 1718 1222 Thomas
1753 1164 1812 1224 2.
1847 1166 1887 1227 2
1922 1179 1979 1241 q.
2012 1165 2097 1228 83
2132 1177 2187 1223 a.
2222 1162 2310 1245 4),
2357 1166 2429 1224 ut
2460 1180 2578 1225 suo
2611 1166 2974 1228 interventu

355 1273 611 1330 nostras
642 1267 1064 1331 corroborent
1093 1283 1316 1349 preces
1349 1284 1428 1329 ac
1461 1284 1578 1347 pro
1612 1266 1799 1329 nobis
1833 1265 2250 1343 intercedant,
2283 1267 2595 1347 colligitur

535 1390 593 1459 l.
630 1411 708 1456 ex
741 1391 943 1455 dictis,
1004 1388 1069 1455 Si
1103 1391 1274 1456 enim
1306 1410 1422 1473 pro
1457 1391 1643 1455 nobis
1681 1392 2087 1456 intercedunt
2120 1392 2221 1457 vel
2253 1393 2652 1459 intercedere
2683 1400 2974 1474 possunt,

355 1516 578 1561 eorum
610 1496 1133 1563 intercessionem
1165 1498 1332 1562 votis
1365 1498 1788 1580 precibusque
1823 1505 2122 1579 expetere
2156 1498 2383 1565 licebit.

530 1624 598 1690 2.
632 1622 922 1703 Apostoli
972 1622 1375 1703 expetierunt
1423 1622 1705 1687 fidelium
1760 1623 2092 1687 orationes
2142 1624 2324 1688 Rom.
2368 1629 2462 1701 15,
2497 1629 2614 1699 303
2672 1630 2723 1692 1.
2755 1623 2974 1689 Thess

355 1732 414 1801 5,
449 1732 550 1796 25.
584 1727 675 1792 Eo
707 1729 909 1807 magis
942 1746 1092 1809 ergo
1126 1729 1339 1793 licebit
1367 1729 1668 1793 invocare
1703 1735 1965 1792 sanctos
2000 1737 2343 1811 regnantes
2376 1747 2522 1794 cum
2545 1731 2814 1807 Christe,
2848 1750 2975 1814 quo

355 1834 589 1897 certior
620 1834 850 1897 borum
884 1836 1210 1910 sanctitas,
1242 1836 1450 1917 major
1495 1837 1804 1918 potentia,
1850 1837 2160 1900 sincerior
2207 1836 2602 1902 familiaritas
2643 1858 2790 1902 cum
2823 1838 2974 1903 Deo.

363 1938 545 2014 ,Non
579 1940 786 2004 solnm
819 1941 883 2005 in
916 1943 1037 2006 boc
1070 1943 1171 2007 die
1205 1942 1385 2019 festo,
1419 1944 1511 2005 ita
1557 1941 2005 2025 Chrysosto
2026 1962 2195 2007 mus
2240 1944 2299 2007 h.
2352 1944 2432 2009 de
2464 1965 2544 2008 ss.
2578 1945 2881 2010 Berenice
2915 1953 2979 2011 et

356 2045 678 2111 Prosdoce
711 2068 770 2111 n.
805 2055 863 2124 7,
896 2050 1010 2114 sed
1042 2050 1106 2113 in
1139 2049 1277 2113 aliis
1311 2050 1506 2114 etiam
1552 2050 1778 2114 diebus
1825 2049 1909 2113 ad
1954 2051 2095 2113 illas
2141 2050 2702 2127 adhaerescamu5‚
2747 2051 2975 2133 depre-

357 2172 577 2218 cemur
609 2172 738 2230 eaS,
772 2175 1047 2232 oremuS,
1098 2163 1166 2220 ut
1215 2163 1528 2238 patronae
1577 2163 1840 2221 nostrae
1873 2157 2016 2220 sint.
2079 2156 2377 2238 Magnam
2410 2157 2647 2240 quippe
2678 2157 2977 2221 fiduciam

358 2261 530 2343 apud
565 2261 766 2326 Deum
800 2263 1093 2328 obtinent
1143 2283 1272 2327 non
1318 2265 1608 2328 viventes
1659 2264 2022 2339 dumtaxat,
2075 2264 2187 2328 sed
2239 2265 2433 2329 etiam
2483 2271 2795 2339 mortuae,
2848 2265 2975 2327 imo

356 2376 651 2433 mortuae
683 2369 882 2433 multo
916 2370 1136 2450 magis.
1200 2369 1385 2434 Nunc
1417 2372 1587 2435 enim
1619 2371 1924 2451 stigmata
1956 2368 2190 2433 Christi
2236 2376 2512 2451 portant.
2576 2370 2748 2435 Haec
2779 2389 2974 2452 porro

360 2476 659 2556 stigmata
690 2482 1148 2553 monstranteS,
1183 2476 1336 2540 nihil
1369 2495 1498 2541 non
1533 2477 1665 2557 regi
1697 2476 2098 2559 persuadere
2128 2483 2452 2558 possunt<

537 2601 603 2668 3.
638 2600 769 2664 Imo
804 2600 1120 2681 ejusmodi
1151 2601 1475 2665 invocatio
1509 2602 1851 2682 plurimum
1885 2602 2056 2666 cedit
2087 2602 2151 2665 in
2172 2601 2285 2666 Dei
2321 2602 2651 2666 honorem.
2684 2600 2777 2664 Ea
2807 2601 2977 2665 enim

356 2709 730 2791 profitemur
760 2714 1048 2772 nostram
1080 2709 1540 2789 indignitatem,
1574 2726 1895 2773 summam
1928 2708 2043 2772 Dei
2077 2709 2497 2790 majestatem,
2531 2708 2978 2772 liberalitatem

359 2816 424 2878 in
455 2822 731 2878 sanctos.
796 2814 1086 2880 Perbene
1117 2815 1498 2879 Asterius
1544 2833 1745 2879 amas,
1782 2817 1845 2879 in
1879 2816 2170 2881 encomio
2204 2836 2284 2879 ss.
2319 2822 2707 2896 martyrum:
2778 2814 2979 2891 ,Nam

361 2923 511 3004 quia
544 2922 801 2985 minime
833 2922 1068 2986 idonea
1101 2929 1199 2986 est
1231 2921 1438 2986 oratio
1491 2929 1713 2986 nostra
1763 2921 1848 2986 ad
1904 2922 2289 2987 flectendum
2322 2923 2664 2986 Dominum
2715 2921 2779 2985 in
2811 2927 2977 2987 tem-

358 3047 515 3111 pore
547 3028 950 3093 necessitatis
984 3035 1049 3092 et
1079 3027 1481 3102 calamitatis,
1516 3028 1832 3110 siquidem
1882 3031 2093 3092 oratio
2150 3035 2375 3092 nostra
2420 3047 2549 3091 non
2583 3034 2716 3091 tam
2748 3027 2976 3109 depre-

361 3137 531 3200 catio
565 3143 682 3210 est,
716 3154 910 3216 quam
942 3141 1355 3215 peccatorum
1388 3134 1452 3197 in
1485 3135 1869 3202 memoriam
1889 3135 2250 3200 revocatio:
2284 3135 2519 3198 idcirco
2552 3153 2673 3198 nos
2705 3133 2789 3197 ad
2820 3151 2977 3197 con-

360 3261 581 3306 servos
605 3242 853 3305 Domini
875 3242 1140 3305 dilectos
1162 3240 1618 3322 confugimus«
1659 3241 1906 3321 Quibus
1927 3242 2156 3305 similia
2176 3241 2373 3306 habet
2394 3262 2440 3305 s.
2464 3242 2518 3304 A
2535 3262 2574 3304 u
2593 3262 2629 3322 g
2646 3261 2686 3305 u
2703 3241 2872 3304 stin
2889 3261 2929 3304 u
2947 3261 2978 3304 s

360 3353 694 3417 serm.332
710 3369 768 3411 n.
789 3354 844 3416 2.
877 3348 1117 3412 Eadem
1148 3349 1313 3412 ratio
1348 3349 1607 3430 pulchre
1641 3348 2037 3429 significatur
2086 3351 2150 3412 in
2184 3356 2340 3413 orat.
2374 3369 2490 3431 pro
2524 3367 2745 3432 mense
2777 3347 2979 3429 Aprili

360 3456 427 3518 in
458 3455 962 3520 sacramentario
997 3455 1318 3519 Leonis:
1391 3455 1614 3532 ,Dens
1648 3456 1758 3537 qui
1790 3474 1910 3518 nos
1943 3455 2209 3520 idoneos
2244 3474 2373 3518 non
2407 3473 2548 3519 esse
2583 3455 2978 3536 perspiciens

360 3562 444 3627 ad
479 3562 1017 3643 magnificentiam
1050 3569 1247 3637 tuam,
1280 3562 1441 3626 sicut
1475 3563 1735 3642 dignum
1774 3568 1889 3637 est,
1924 3562 2341 3638 exorandam,
2377 3581 2601 3626 eorum
2632 3561 2837 3637 nobiS,
2872 3563 2979 3643 qui

359 3669 474 3733 tibi
505 3668 900 3750 placuerunt,
934 3669 1255 3749 praesidia
1286 3669 1645 3744 contulisti;
1691 3676 1954 3749 praesta
2000 3674 2067 3732 ut
2113 3686 2338 3733 eorum
2382 3667 2680 3749 precibus
2712 3667 2978 3748 adjuve-

359 3795 521 3849 mur,
556 3793 829 3857 quorum
859 3773 1193 3856 providisti
1225 3775 1412 3838 nobis
1444 3777 1790 3840 miseratus
1825 3771 2191 3839 auxilium.‘
2232 3773 2473 3839 Ibidem
2504 3775 2782 3854 reperies
2815 3763 2978 3838 alias

361 3883 686 3947 orationes
721 3880 803 3944 ad
836 3880 1070 3960 dogma
1100 3879 1562 3944 illustrandum.

538 4008 607 4073 4.
641 4005 801 4068 Hinc
826 4006 963 4086 ,iam
1002 4007 1223 4087 primis
1256 4005 1579 4071 Eeclesiae
1627 4006 1858 4070 seculis
1905 4006 2121 4070 fideles
2166 4005 2558 4069 invocabant
2603 4012 2882 4078 sanctos,
2917 4015 2981 4070 et

363 4115 416 4177 si
449 4114 527 4177 de
559 4113 682 4177 hac
730 4114 913 4196 praxi
963 4120 1254 4179 tacerent
1299 4115 1493 4178 etiam
1540 4119 1961 4177 monumenta
2007 4113 2265 4194 scripta,
2316 4130 2461 4176 eam
2514 4119 2730 4175 tamen
2763 4113 2978 4193 palam

363 4220 836 4303 proclamarent
869 4221 1128 4302 lapideS,
1162 4221 1391 4302 quibus
1438 4239 1478 4283 a
1522 4220 1956 4285 remotissima
2000 4227 2215 4284 aetate
2263 4219 2576 4299 ejusmodi
2607 4227 2979 4284 sanctorum

363 4328 802 4391 invocationes
854 4325 1209 4407 insculptae
1260 4327 1631 4412 leguntur1).
1697 4327 1792 4389 Ita
1842 4327 1907 4389 in
1957 4327 2344 4391 coemeterio
2391 4346 2438 4388 s.
2474 4324 2702 4388 Calixti
2745 4326 2865 4389 has
2916 4335 2980 4389 et

366 4434 605 4498 similes
626 4434 983 4514 reperimus
1003 4434 1478 4498 invocationes:
1518 4433 1969 4507 ,Marcianum
1992 4431 2393 4507 Successum,
2412 4429 2719 4495 Severum
2755 4431 2979 4512 spirita

587 4661 620 4723 ¹)
650 4654 730 4707 Cf.
761 4653 801 4704 P
820 4671 846 4705 c
866 4669 1081 4708 rrone
1123 4653 1388 4722 pratelect.
1431 4651 1602 4704 theol.
1631 4653 1670 4709 t,
1699 4658 1731 4707 6
1759 4651 1828 4704 de
1856 4652 2017 4704 cultu
2044 4652 2131 4704 SS.
2160 4669 2206 4705 c.
2236 4659 2297 4708 3:
2350 4651 2553 4705 Balm
2572 4667 2599 4703 e
2620 4668 2661 4713 s,
2690 4649 2875 4704 Briefe
2905 4667 2980 4704 an

364 4735 531 4789 einen
561 4735 809 4786 Zweitler
835 4751 922 4801 ep.
952 4742 1009 4788 21
1037 4755 1048 4792 2
1076 4732 1124 4784 K
1142 4750 1216 4785 ra
1235 4750 1271 4785 u
1289 4750 1312 4785 s
1340 4731 1400 4784 in
1428 4731 1605 4784 Roma
1631 4732 1989 4784 Sotterranea
2017 4730 2052 4783 l.
2080 4739 2112 4786 :3
2141 4749 2185 4784 c.
2215 4740 2261 4786 23.

584 4834 850 4892 Hurtcr‚
890 4832 1137 4892 Compcnd.
1177 4832 1448 4886 theologiae
1487 4829 1568 4879 111.
1609 4831 1688 4874 11.
1729 4830 1804 4875 cd.
2589 4826 2657 4875 43
