3538 5364
565 292 694 354 272
749 302 760 311 ·
1016 282 1200 336 Tract.
1230 282 1320 335 IX.
1349 282 1430 336 De
1458 281 1767 353 baptismo,
1799 282 1880 335 De
1907 280 2189 353 baptismo
2218 281 2278 333 in
2306 281 2535 336 nomine
2561 281 2714 337 Jesu.

561 464 741 527 cilius
773 464 1184 529 inveniuntur
1215 464 1538 539 haeretici,
1571 464 1679 546 qui
1712 464 1976 527 omnino
2009 482 2141 527 non
2172 462 2523 543 baptizent,
2556 480 2752 545 quam
2773 464 3033 545 quinon
3065 462 3182 527 illis

562 571 780 634 verbis
809 571 1139 652 baptizent
1154 572 1255 657 ¹).<<
1296 569 1703 652 Quapropter
1734 570 1929 635 Amb
1951 571 2229 635 rosius
2262 570 2341 634 de
2373 577 2558 652 myst.
2592 587 2644 632 c,
2676 575 2721 637 4
2751 588 2810 632 n.
2849 575 2961 637 10:
3018 568 3187 644 „Nisi

561 678 926 759 baptizatus
958 677 1150 742 fuerit
1183 679 1737 765 (catechumenus)
1791 679 1860 741 in
1903 677 2167 742 nomine
2200 676 2408 741 Patris
2456 684 2521 741 et
2553 676 2690 740 Filii
2721 684 2787 741 et
2817 674 3088 758 Spiritus
3122 697 3186 751 s.,

560 784 1006 850 remissionem
1040 803 1171 849 non
1202 792 1418 867 potest
1450 787 1745 867 accipere
1779 792 2213 867 peccatorum,
2247 803 2368 850 nec
2400 784 2747 866 spiritualis
2769 785 3012 864 gratiae
3045 803 3188 846 mu-

561 911 682 955 nus
714 892 1033 956 haurire.²

738 1017 800 1085 3.
833 1016 1023 1081 Ratio
1076 1019 1532 1099 congruentiae
1584 1025 1696 1094 est,
1752 1018 1924 1101 quod
1978 1035 2125 1081 cum
2176 1018 2539 1099 baptismus
2592 1021 3073 1082 sacramentum
3105 1015 3188 1077 sit

561 1122 705 1186 fidei
737 1130 801 1186 et
831 1126 1355 1203 regenerationis
1389 1144 1518 1208 qua
1549 1126 1745 1189 homo
1779 1124 1850 1188 fit
1882 1126 1995 1189 Dei
2028 1124 2211 1202 filius,
2246 1125 2639 1190 conveniens
2685 1124 2801 1188 fuit
2846 1141 2993 1188 eum
3026 1140 3187 1186 con-

563 1227 706 1292 ferri
737 1229 856 1292 sub
891 1248 1196 1311 expressa
1230 1232 1636 1298 invocatione
1668 1252 1749 1296 ss.
1784 1232 2139 1307 TrinitatiS‚
2172 1249 2338 1314 quae
2358 1233 2774 1314 praecipuum
2807 1235 2905 1294 est
2936 1235 3189 1312 myste-

561 1334 724 1397 rium
757 1335 917 1401 fidei.
983 1337 1070 1400 Cf.
1104 1337 1450 1418 Algerus
1483 1339 1563 1403 de
1596 1356 1756 1402 sacr.
1794 1357 1964 1420 corp.
2000 1346 2075 1441 et
2095 1358 2269 1420 sang.
2305 1339 2472 1403 dom.
2508 1338 2599 1415 111,
2639 1345 2735 1408 13.
2776 1342 2855 1406 14
2887 1356 2987 1418 op.
3022 1342 3124 1405 23-

741 1473 885 1528 310.
921 1460 1299 1532 Scholion.
1368 1468 1450 1526 De
1497 1469 1781 1541 baptismo
1828 1473 1889 1527 in
1920 1472 2148 1528 nomine
2179 1470 2340 1527 Jesu.
2373 1502 2461 1512 —
2494 1469 2775 1546 Legimus
2801 1468 2936 1526 Act,
2972 1476 3026 1537 2,
3065 1477 3183 1535 38;

563 1566 617 1621 8,
661 1561 770 1622 12;
813 1565 905 1633 10,
944 1565 1056 1627 483
1100 1567 1195 1625 19,
1234 1567 1267 1618 6
1304 1558 1592 1632 quosdam
1625 1559 1953 1634 baptizatos
1986 1559 2170 1618 fuisse
2204 1561 2266 1616 in
2298 1560 2525 1617 nomine
2557 1559 2699 1616 Jesu
2735 1557 2993 1615 Christi:
3022 1554 3187 1614 unde

559 1648 690 1699 orta
721 1646 816 1700 est
846 1632 1303 1719 quaestio‘i'n’fer
1334 1647 1655 1724 theologos,
1704 1648 1851 1723 quid
1900 1649 1973 1707 de
2004 1649 2114 1707 hoc
2145 1648 2502 1723 baptismate
2535 1647 2616 1705 sit
2647 1645 2992 1705 tenendum.
3057 1644 3191 1714 Qua

560 1730 630 1789 de
663 1750 726 1788 re
756 1731 973 1807 triplex
1004 1738 1098 1792 est
1130 1735 1440 1795 sententia.
1492 1737 1744 1794 Prima
1775 1738 2075 1796 sententia
2092 1741 2318 1806 tuetur,
2351 1736 2650 1812 baptisma
2680 1736 2742 1794 in
2775 1735 3014 1794 nomine
3032 1734 3189 1792 Jesu

557 1820 844 1878 collatum
875 1840 1001 1880 esse
1033 1823 1327 1893 validum3
1363 1824 1447 1882 ita
1476 1846 1530 1884 v.
1563 1826 1794 1893 Beda,
1830 1827 2043 1886 Petrus
2075 1826 2549 1885 Lombardus
2582 1829 2642 1884 et
2674 1825 2888 1883 Petrus
2926 1824 3137 1882 Picta
3162 1856 3190 1866 -

558 1908 856 1968 viensis
886 1912 1016 1985 ejus
1048 1912 1393 1988 discipulus,
1428 1914 1876 1989 Cajetanus‚
1909 1916 2264 1988 ToletuS,
2301 1916 2475 1974 Orsi
2507 1919 2635 1984 etc„
2684 1932 2932 1988 eamque
2965 1913 3182 1970 saltem

557 1997 901 2072 permittere
947 2001 1185 2060 videtur
1229 2003 1603 2062 Nicolaus
1649 2005 1692 2065 I
1744 2006 1806 2062 in
1858 2023 1967 2063 suo
2017 2005 2089 2063 ad
2141 2005 2416 2064 consulta
2445 2004 2833 2080 bulgarorum
2866 2019 3187 2102 response,

557 2103 682 2161 cap
724 2096 874 2151 104·
921 2093 1012 2157 ,A
1045 2092 1304 2165 quodam
1328 2092 1560 2167 judan,
1591 2093 1837 2152 nescitis
1868 2098 2076 2153 utrum
2107 2094 2429 2153 christiano
2461 2113 2535 2151 an
2566 2110 2814 2169 pagam,
2862 2091 3129 2150 multos
3114 2109 3185 2147 m

556 2176 750 2251 patria
780 2182 977 2236 vestra
1008 2179 1336 2255 baptizatos
1369 2183 1656 2254 asseritis
1704 2188 1765 2241 et
1812 2183 1960 2259 quid
2007 2184 2080 2241 de
2126 2184 2200 2241 iis
2248 2183 2330 2241 sit
2374 2183 2670 2259 agendum
2703 2180 3036 2243 consulitis
3100 2180 3183 2237 Hi

556 2265 821 2339 profecto
868 2267 917 2324 si
963 2268 1027 2325 in
1072 2270 1313 2329 nomine
1354 2290 1424 2334 ss
1459 2271 1769 2329 Trinitatis
1817 2273 1912 2330 vel
1956 2276 2192 2330 tantum
2240 2273 2303 2330 in
2346 2271 2567 2330 Christi
2598 2270 2855 2337 nomine,
2909 2270 3067 2327 sicut
3116 2267 3184 2326 in

556 2354 788 2413 actibus
834 2359 1235 2432 apostolorum
1282 2360 1556 2436 legimus,
1604 2361 1888 2436 baptizati
1937 2365 2080 2420 sunt
2129 2357 2345 2444 (unum
2379 2361 2600 2437 quippe
2631 2359 2909 2433 idemque
2953 2363 3057 2427 est,
3107 2362 3185 2415 ut

559 2462 602 2500 s.
636 2445 877 2519 exponit
906 2444 1411 2531 Ambrosius),
1447 2454 1693 2521 constat,
1728 2469 1828 2509 eos
1860 2469 1982 2509 non
2014 2470 2139 2510 esse
2172 2450 2366 2509 denuo
2398 2449 2843 2525 baptizandos!

733 2534 1007 2594 Altera
1039 2538 1337 2596 sententia
1368 2543 1461 2597 est
1492 2558 1537 2598 s·
1569 2541 2123 2598 Bonaventurae
2156 2546 2217 2598 et
2249 2558 2294 2597 s.
2327 2539 2650 2609 Thomas,
2686 2538 2791 2613 qui
2828 2548 2882 2600 3.
2918 2555 2971 2612 p.
3007 2556 3061 2611 q.
3097 2547 3180 2599 66

555 2641 605 2679 a.
642 2632 675 2685 6
711 2623 784 2681 ad
827 2635 850 2686 1
891 2625 1089 2685 docet:
1139 2627 1524 2699 ,Dicendum
1572 2630 1729 2705 quod
1777 2648 1847 2688 ex
1894 2629 2227 2705 speciali
2274 2628 2492 2688 Christi
2531 2627 2891 2687 revelatione
2923 2626 3185 2702 apostoli

555 2712 619 2769 in
649 2713 956 2788 primitiva
985 2715 1243 2774 Ecclesia
1273 2717 1337 2775 in
1381 2718 1620 2776 nomine
1654 2719 1872 2778 Christi
1904 2719 2303 2795 baptizabant,
2350 2722 2422 2776 ut
2465 2736 2683 2776 nomen
2729 2716 2966 2786 Christi,
3016 2715 3179 2790 quod

555 2805 682 2859 erat
703 2801 975 2861 odiosum
990 2805 1223 2879 judaeis
1255 2810 1314 2863 et
1346 2807 1692 2882 gentilibuS,
1730 2808 2075 2867 honorabile
2094 2808 2443 2866 redderetur
2461 2826 2568 2884 per
2587 2807 2711 2876 hoc,
2746 2805 2907 2881 quod
2937 2804 3012 2863 ad
3044 2805 3179 2880 ejus

553 2890 982 2955 invocationem
1017 2893 1275 2967 Spiritus
1308 2913 1350 2952 S.
1385 2896 1638 2954 dabatur
1669 2897 1732 2954 in
1765 2897 2122 2973 baptismo.‘
2182 2897 2373 2965 Quare
2403 2896 2576 2955 modo
2608 2894 2907 2970 baptisma
2938 2894 3024 2952 ita
3053 2893 3178 2951 col-

554 2979 745 3038 latum
777 2981 909 3042 lect.
947 2990 1000 3041 2.
1037 2993 1070 3044 3
1106 2983 1169 3042 in
1213 2994 1261 3044 1.
1295 2984 1418 3043 Cor.
1463 2997 1481 3047 1
1526 3002 1646 3044 non
1680 2986 1939 3061 amplius
1972 2989 2166 3045 valere
2199 2989 2413 3047 censet.

731 3069 776 3125 Τ
792 3088 824 3126 e
839 3088 870 3126 r
884 3069 946 3126 ti
963 3090 996 3127 a
1026 3073 1326 3130 sententia
1343 3092 1529 3149 eaque
1549 3076 1917 3134 communior
1936 3080 2114 3151 atque
2135 3075 2198 3133 in
2218 3075 2385 3151 praxi
2406 3074 2644 3134 omnino
2666 3074 2920 3132 tenenda
2939 3073 3175 3141 statuit,

552 3157 915 3232 baptismum
947 3159 1011 3216 in
1043 3161 1166 3219 solo
1201 3160 1419 3221 Christi
1451 3167 1689 3223 nomine
1720 3166 2002 3223 collatum
2035 3183 2164 3223 esse
2195 3164 2542 3226 invalidum.
2614 3163 2676 3220 Si
2721 3165 2921 3221 autem
2954 3161 3029 3218 ab
3062 3161 3179 3218 hu·

544 3247 646 3320 jus
693 3247 1023 3305 sententiae
1069 3251 1332 3324 patronis
1379 3254 1703 3327 quaeritur,
1753 3253 2047 3355 quomodo
2094 3252 2441 3328 explicanda
2473 3253 2595 3309 sint
2627 3252 2965 3327 Scripturae
2997 3249 3176 3308 effata

553 3334 624 3391 de
657 3334 1061 3408 baptismate'
1045 3357 1108 3395 in
1141 3339 1360 3398 Christi
1391 3342 1629 3401 nomine
1648 3343 1877 3412 collato,
1911 3343 1976 3401 in
2009 3342 2271 3401 diversas
2302 3342 2525 3400 abeunt
2555 3341 2899 3403 sententias,
2951 3342 3174 3400 Secun-

552 3422 695 3480 dum
727 3426 1051 3486 nonnullos
1098 3422 1228 3506 (sed
1274 3430 1473 3488 minus
1519 3428 1935 3513 probabiliter)
1981 3432 2318 3508 baptismus
2362 3431 2613 3490 collatus
2661 3430 2902 3504 quidem
2947 3429 3066 3487 fuit
3109 3428 3176 3486 in

552 3511 789 3572 nomine
821 3513 877 3571 J.
912 3514 1133 3576 Christi
1165 3517 1301 3576 Filii
1332 3520 1457 3591 Dei,
1504 3520 1607 3578 sed
1651 3539 1769 3579 non
1816 3521 2051 3580 excluso
2083 3521 2321 3579 nomine
2354 3520 2546 3579 Patris
2577 3524 2639 3578 et
2671 3519 2930 3595 Spiritus
2964 3517 3177 3576 sancti.

552 3634 634 3643 —
677 3601 829 3666 Aliis
879 3603 1118 3663 videtur
1164 3606 1272 3665 hac
1321 3608 1601 3684 loquendi
1651 3611 1881 3669 ratione
1930 3610 2231 3687 designari
2282 3610 2518 3668 nonnisi
2567 3609 2904 3683 baptismus
2955 3606 3177 3666 Christi

551 3692 922 3762 auctoritate,
972 3695 1230 3765 nomine,
1278 3717 1347 3756 ex
1393 3699 1522 3773 ejus
1568 3698 1937 3775 delegatione
1983 3700 2234 3758 collatus
2268 3717 2374 3757 seu
2407 3698 2511 3774 qui
2546 3718 2579 3755 a
2612 3697 2838 3756 Christo
2870 3701 2967 3755 est
2997 3695 3177 3754 insti-

549 3782 723 3838 tutus
746 3781 986 3855 vimque
1008 3784 1416 3844 sanctificandi
1438 3786 1630 3858 habet,
1665 3791 1725 3846 et
1756 3788 1973 3846 idcirco
2006 3788 2079 3846 ab
2112 3806 2180 3846 eo
2214 3788 2649 3857 denominatur,
2684 3787 2827 3844 adeo
2852 3788 2925 3843 ut
2942 3785 3178 3859 baptis-

550 3888 685 3927 mus
718 3869 780 3927 in
811 3872 1049 3930 nomine
1071 3873 1287 3931 Christi
1318 3875 1476 3933 idem
1509 3876 1590 3935 sit
1621 3895 1686 3934 ac
1706 3877 1923 3935 Christi
1942 3877 2277 3953 baptismus
2298 3876 2571 3935 diversus
2602 3895 2635 3934 a
2665 3875 2968 3950 baptismo
2989 3874 3178 3932 Joan-

552 3958 659 4014 nie.
693 3991 778 4002 --
812 3960 1081 4018 Eundem
1114 3962 1235 4020 fere
1268 3963 1331 4021 in
1364 3965 1608 4023 modum
1639 3967 1940 4041 explicant
1971 3983 2320 4041 responsum
2352 3965 2584 4025 Nicolai
2616 3965 2661 4027 Ι,
2695 3983 2877 4040 supra
2907 3964 3178 4022 allatum.

553 4047 646 4104 Ita
677 4047 836 4106 inter
865 4049 1011 4108 alios
1043 4054 1209 4110 notat
1242 4052 1494 4112 Billot
1524 4055 1608 4112 th.
1636 4065 1714 4117 23
1752 4053 1784 4120 ἓ
1822 4066 1856 4117 4
1893 4055 2292 4124 ,decisionem
2325 4056 2478 4115 hanc
2509 4073 2627 4113 non
2658 4055 2950 4128 respicere
2980 4071 3174 4110 sacra-

550 4136 741 4194 menti
774 4137 1022 4196 formam
1055 4186 1066 4198 .
1103 4186 1114 4198 .
1148 4185 1162 4198 .
1211 4140 1323 4199 Sed
1371 4142 1618 4201 dubium
1666 4151 1794 4202 erat
1824 4148 2029 4202 utrum
2061 4145 2233 4203 bomo
2279 4145 2383 4203 ille
2427 4144 2794 4218 baptismum
2825 4141 3173 4200 tradidisset

549 4243 657 4298 per
687 4225 926 4283 modum
960 4229 1266 4303 cujusdam
1301 4232 1594 4308 sortilegii
1627 4234 1718 4291 vel
1753 4233 2024 4309 specialis
2057 4234 2519 4310 superstitioni8‚
2568 4230 3064 4307 quemadmodum
3097 4230 3173 4288 de

553 4313 897 4387 hujusmodi
927 4315 1133 4392 ignoto
1167 4318 1416 4378 hebraeo
1449 4322 1732 4397 suspicari
1766 4323 2012 4381 licebat:
2045 4342 2121 4380 an
2153 4342 2287 4381 vere
2317 4323 2380 4380 in
2413 4321 2653 4381 nomine
2675 4321 2892 4380 Christi
2925 4321 3018 4378 vel
3038 4320 3171 4378 Tri-

773 4515 807 4583 1)
838 4512 963 4567 Non
992 4513 1238 4566 defuisse
1266 4517 1457 4569 tamen
1484 4517 1819 4578 haereticos
1848 4518 1949 4586 qui
1969 4518 2118 4572 circa
2140 4518 2406 4588 baptismi
2429 4519 2667 4573 formam
2691 4519 3007 4573 erraverint
3026 4536 3174 4573 eanu-

551 4603 661 4658 lue
689 4594 1066 4662 corruperint,
1110 4595 1372 4664 pluribus
1414 4598 1666 4651 ostendit
1705 4599 2109 4654 Holtzclau
2152 4599 2208 4651 in
2256 4599 2425 4652 theol.
2468 4598 2695 4652 wirceb.
2737 4604 2774 4654 t.
2806 4610 2836 4656 5
2864 4618 2913 4653 a.
2940 4608 2975 4654 4
3001 4619 3056 4653 n.
3084 4605 3171 4655 34.

552 4671 603 4723 S.
633 4670 974 4727 Basilius
1001 4675 1070 4728 de
1098 4677 1320 4766 Spiritu
1349 4695 1390 4730 s
1420 4695 1462 4730 c.
1497 4684 1559 4734 12
1589 4680 1723 4732 data
1751 4696 1923 4748 opera
1951 4678 2036 4732 dis
2014 4683 2211 4748 sputat
2236 4680 2508 4732 adversus
2535 4695 2644 4744 eos,
2675 4680 2775 4748 qui
2804 4680 3023 4745 dicunt,
3053 4679 3168 4733 suf-

553 4751 715 4804 ficere
747 4754 1133 4824 baptismum
1118 4775 1177 4809 in
1207 4757 1434 4811 nomine
1465 4757 1712 4822 Domini,
1741 4776 1935 4829 opusc.
1963 4759 2158 4822 XXXI,
2188 4769 2252 4813 52
2282 4778 2321 4811 s.
