3538 5364
1215 267 1301 318 est
1324 279 1660 336 permanens
1687 265 1744 317 et
1769 263 2089 319 inhaerens.
2833 274 2954 339 145

330 449 424 512 ita
455 448 665 528 gratia
694 444 976 528 Spiritus
1007 446 1074 508 in
1105 463 1201 522 ee,
1235 444 1342 526 qui
1372 444 1612 526 recepit
1644 461 1809 519 eam,
1841 461 2096 525 semper
2126 444 2381 526 quidem
2413 462 2720 526 praesens
2752 453 2866 524 est.
2890 453 2957 512 at

328 572 465 617 non
496 559 809 635 perpetuo
842 564 1176 634 operans.‘
1248 550 1335 615 Cf.
1370 551 1676 631 Fulgen
1699 551 1815 615 tiu
1835 570 1866 615 s
1899 569 2096 633 supra
2126 571 2187 615 n.
2221 558 2261 620 2
2295 569 2352 614 a.

516 679 583 746 3.
618 676 860 742 Eadem
893 684 994 743 est
1025 677 1244 758 gratia,
1295 695 1425 759 qua
1449 676 1880 757 justificantur
1929 676 2128 741 adulti
2160 684 2224 742 et
2256 677 2547 742 infantes.
2609 677 2794 759 Quod
2820 680 2956 762 jam

334 786 611 864 Augus
632 785 855 847 tinus
889 783 1109 847 docuit
1139 782 1219 848 de
1250 800 1427 864 pecc.
1464 787 1529 847 et
1549 801 1703 847 mer.
1737 783 1774 850 l.
1811 788 1843 850 1
1882 800 1935 846 c.
1970 785 2013 849 9
2043 801 2125 859 a:
2158 782 2491 864 probabile
2524 784 2638 847 suit
2668 790 2957 868 tempore

328 891 810 955 innocentii
841 890 956 966 111..
987 896 1060 954 ut
1087 895 1268 972 patet
1299 907 1377 954 ex
1412 906 1551 970 cap.
1587 888 1900 970 ,Majores‘
1921 889 2002 953 de
2024 888 2225 971 bapt3
2245 890 2641 972 probabilius
2672 897 2958 974 tempore

332 1015 519 1062 conc.
567 996 1078 1071 viennensiS,
1130 997 1302 1078 quod
1353 1015 1501 1060 cum
1563 994 1986 1061 Clemente
2017 995 2091 1060 V.
2143 995 2368 1062 statuit
2412 996 2478 1060 in
2526 995 2830 1063 Clement.
2878 1000 2958 1065 de

331 1123 594 1168 summa
625 1104 843 1168 Trinit
877 1109 943 1168 et
973 1103 1136 1168 cath.
1170 1102 1328 1168 fide:
1402 1097 1825 1184 ,Opinionem
1860 1103 2226 1178 secundam,
2261 1121 2426 1184 quae
2458 1102 2611 1168 dicit
2642 1110 2775 1168 tam
2807 1124 2957 1188 par-

333 1210 519 1288 vulis,
552 1229 752 1294 quam
782 1210 1015 1275 adultis
1046 1210 1323 1275 conferri
1354 1210 1419 1273 in
1452 1208 1776 1291 baptismo
1811 1206 2265 1274 insormantem
2297 1209 2570 1290 gratiam
2592 1217 2657 1275 et
2673 1210 2958 1289 virtuteS,

328 1326 674 1401 tamquam
704 1317 1208 1399 probabiliorem
1254 1324 1322 1381 et
1367 1317 1550 1381 dictis
1600 1323 1974 1380 sanctorum
2019 1323 2082 1381 et
2132 1316 2471 1381 doctorum
2502 1318 2959 1384 modernorum

330 1426 705 1506 theologiae
735 1425 938 1504 magis
969 1430 1474 1488 consentaneam
1507 1430 1574 1487 et
1603 1423 1992 1488 concordem
2035 1440 2223 1487 sacro
2254 1423 2655 1505 approbante
2687 1426 2958 1490 concilio

330 1532 639 1595 duximus
690 1531 1100 1611 eligendam.‘
1170 1528 1351 1596 Unde
1404 1530 1733 1595 evidenter
1787 1531 2118 1611 colligitur,
2170 1530 2443 1611 gratiam
2486 1531 2958 1613 justificationis

330 1637 696 1703 secundum
730 1637 1066 1719 theologos
1098 1637 1262 1702 illius
1295 1637 1523 1702 aetatis
1558 1644 1621 1702 et
1652 1637 2005 1701 secundum
2040 1637 2379 1701 concilium
2413 1656 2554 1703 esse
2575 1638 2810 1720 aliquid
2843 1640 2958 1704 ha-

331 1745 603 1823 bituale,
636 1746 920 1809 animam
952 1745 1322 1821 informans,
1354 1744 1438 1808 ab
1468 1744 1719 1809 actibus
1764 1744 2164 1808 distinctum:
2211 1750 2281 1808 ut
2312 1750 2491 1826 patet
2521 1764 2599 1810 ex
2629 1743 2771 1828 ipsa
2802 1766 2958 1811 con-

332 1852 673 1916 troversia.
737 1850 892 1932 Quis
940 1852 1109 1917 enim
1153 1852 1434 1934 prudens
1480 1869 1766 1934 unquam
1801 1850 2135 1932 probabile
2186 1851 2454 1916 credidit
2481 1851 2830 1917 infantibus
2861 1854 2959 1917 in-

331 1958 518 2023 fundi
549 1959 791 2040 gratias
824 1958 1154 2023 actuales?
1216 1958 1378 2038 Ergo
1429 1959 1651 2039 gratia,
1704 1977 1871 2040 quae
1919 1959 2058 2024 sine
2108 1958 2552 2023 controversia
2581 1959 2963 2024 credebatur

330 2065 575 2130 adultis
608 2064 871 2140 infundi,
906 2084 1037 2130 non
1068 2065 1451 2131 censebatur
1471 2065 1774 2130 actualis:
1807 2071 2029 2148 utpote
2049 2066 2277 2131 eadem
2298 2085 2446 2131 cum
2467 2084 2562 2143 ea,
2579 2085 2746 2149 quae
2766 2068 2961 2132 etiam

330 2171 693 2237 infantibus
725 2172 1086 2237 infunditur.
1150 2171 1343 2239 Certa
1387 2173 1661 2255 denique
1708 2174 1915 2237 evasit
1947 2173 2109 2239 haec
2140 2174 2461 2238 sententia
2491 2174 2557 2237 in
2590 2193 2769 2238 conc.
2822 2175 2961 2238 tri-

332 2279 378 2342 d
394 2298 432 2343 e
451 2299 496 2342 n
514 2281 634 2343 tin
650 2298 709 2355 ο,
742 2279 916 2362 quod
946 2279 1122 2343 nulla
1150 2279 1555 2345 distinctione
1576 2279 1752 2343 sacta
1769 2280 1937 2345 inter
1957 2278 2213 2343 adultos
2234 2285 2299 2345 et
2318 2279 2593 2344 infantes
2614 2280 2962 2345 universim

332 2387 533 2451 docet
562 2405 718 2451 sess.
752 2392 795 2455 5
827 2405 966 2451 can.
999 2392 1041 2456 5
1075 2388 1160 2473 (n.
1201 2388 1369 2473 160),
1402 2388 1608 2466 gratia
1653 2387 1719 2450 in
1776 2386 2099 2468 baptismo
2133 2386 2369 2450 collata
2400 2387 2597 2451 deleri
2628 2395 2966 2469 peccatum

332 2493 668 2573 originale.

520 2600 588 2669 4.
624 2599 753 2664 Etsi
784 2600 1124 2664 concilium
1175 2601 1345 2664 hanc
1392 2600 1755 2665 doctrinam
1808 2601 2059 2665 disertis
2109 2600 2320 2664 verbis
2371 2618 2503 2664 non
2553 2600 2854 2676 definivit,
2887 2620 2966 2666 ea

332 2708 754 2772 nihilominus
805 2708 887 2773 de
934 2709 1142 2789 gratia
1182 2709 1572 2790 justificante
1622 2708 1917 2784 affirmat,
1969 2727 2135 2791 quae
2181 2708 2351 2772 hanc
2398 2709 2571 2774 clare
2618 2708 2967 2774 ostendunt

327 2821 828 2896 permanentem
860 2822 926 2880 et
957 2816 1040 2879 ab
1074 2816 1321 2879 actibus
1353 2815 1742 2879 distinctam.
1811 2815 2018 2881 Docet
2049 2816 2219 2881 enim
2269 2833 2415 2879 eam
2447 2815 2707 2890 infundi,
2741 2815 2965 2880 inhae-

328 2939 504 2998 rere,
544 2923 932 2996 conservari,
967 2924 1201 3004 augeri,
1249 2923 1474 3000 amitti,
1515 2923 1764 3003 justum
1809 2941 2000 3003 posse
2047 2922 2129 2986 ab
2178 2941 2256 2987 ea
2289 2922 2599 2999 excidere,
2646 2940 2789 2987 eam
2824 2940 2965 2987 esse

328 3029 548 3093 stolae
580 3029 799 3104 instar,
832 3047 1027 3112 quam
1058 3029 1268 3093 Adam
1317 3029 1438 3093 sibi
1470 3038 1538 3095 et
1570 3028 1763 3094 nobis
1797 3029 2088 3111 perdidit,
2136 3047 2329 3112 quam
2378 3028 2718 3093 candidam
2752 3035 2816 3094 et
2846 3029 2964 3093 im-

329 3136 732 3200 maculatam
763 3154 1149 3201 conservare
1175 3136 1481 3219 jubentur
1513 3136 1743 3213 renati,
1800 3142 1869 3200 ut
1917 3155 2062 3201 eam
2112 3135 2439 3218 perferant
2487 3143 2637 3200 ante
2687 3136 2965 3200 tribunal

326 3243 493 3308 Jaeu
528 3241 760 3306 Christi
791 3249 855 3306 et
885 3242 1171 3308 babeant
1200 3243 1399 3307 vitam
1432 3249 1784 3307 aeternam.
1854 3243 1939 3307 Cf.
1973 3262 2126 3308 sess.
2160 3250 2200 3312 6
2236 3260 2373 3325 cap.
2409 3248 2465 3311 7.
2506 3249 2603 3312 10.
2640 3249 2716 3312 11
2756 3251 2816 3309 et
2856 3248 2964 3316 16³

328 3368 483 3413 can.
518 3354 622 3417 23.
655 3354 757 3417 24.
791 3352 877 3418 32
910 3356 1026 3414 etc.
1091 3347 1177 3412 Cf.
1212 3347 1723 3414 Pallavicini
1755 3350 1897 3414 hist„
1930 3349 2082 3427 Vlll,
2118 3356 2204 3418 14
2235 3370 2294 3414 n.
2333 3356 2431 3420 13.

521 3475 585 3542 5.
636 3477 940 3537 Accedunt
987 3478 1249 3538 rationes
1298 3480 1473 3555 plane
1524 3479 1768 3538 eximiae
1820 3498 1866 3543 s,
1916 3480 2240 3539 Thomae
2290 3498 2336 3537 c.
2388 3482 2595 3556 gentes
2644 3480 2749 3549 111,
2811 3490 2963 3543 150:

328 3609 362 3640 ,
382 3570 639 3644 Oportet
669 3571 868 3626 autem
902 3568 1052 3626 hanc
1081 3569 1334 3645 gratiam
1354 3567 1585 3643 aliquid
1615 3568 1679 3626 in
1710 3569 1949 3628 bomine
1971 3570 2304 3646 gratificato
2326 3587 2456 3628 esse
2477 3568 2648 3644 quasi
2668 3569 2965 3645 quandam

326 3658 590 3716 formam
622 3658 683 3714 et
713 3657 1132 3731 perfectionem
1164 3657 1374 3732 ipsius,
1409 3657 1577 3726 Quod
1608 3658 1764 3715 enim
1799 3659 1864 3717 in
1894 3659 2154 3735 aliquem
2188 3660 2365 3717 finem
2399 3657 2697 3734 dirigitur,
2732 3660 2966 3733 oportet

324 3747 499 3822 quod
522 3746 739 3804 habeat
757 3746 1106 3804 continuum
1128 3746 1393 3805 ordinem
1425 3748 1491 3804 in
1521 3747 1749 3822 ipsum3
1783 3768 1918 3806 nam
1948 3767 2194 3807 movens
2225 3748 2508 3807 continue
2527 3749 2725 3804 mutat
2743 3764 2965 3821 quous-

324 3855 457 3912 que
489 3835 711 3895 mobile
757 3854 863 3911 per
906 3839 1134 3893 motum
1183 3835 1360 3894 finem
1405 3835 1710 3897 sortiatur.
1779 3837 1924 3895 Cum
1972 3835 2165 3913 igitur
2210 3837 2430 3896 auxilio
2470 3834 2707 3893 divinae
2738 3834 2966 3911 gratiae

325 3926 520 3983 homo
550 3923 850 4001 dirigatur
882 3924 943 3982 in
976 3923 1254 3983 ultimum
1288 3925 1464 3983 finem
1499 3969 1512 3982 .
1548 3969 1560 3982 .
1594 3969 1607 3982 .
1641 3928 1876 4001 oportet
1906 3926 2066 4002 qnod
2097 3927 2378 3985 continuo
2411 3926 2584 3982 bomo
2609 3923 2725 3982 isto
2747 3923 2965 3983 auxilio

327 4015 628 4090 potiatur,
677 4031 990 4088 quousque
1021 4014 1095 4072 ad
1132 4013 1308 4072 finem
1340 4014 1662 4090 perveniat.
1725 4014 1854 4074 Hoc
1897 4019 2095 4074 autem
2129 4035 2244 4074 non
2279 4018 2449 4081 esset,
2499 4013 2547 4070 si
2597 4012 2963 4088 praedictum

326 4103 631 4162 auxilium
660 4102 1042 4178 participaret
1072 4102 1245 4162 homo
1278 4102 1602 4161 secundum
1638 4103 1897 4179 aliquem
1931 4109 2158 4164 motum
2210 4107 2318 4162 aut
2360 4102 2696 4179 passionem
2741 4103 2802 4159 et
2845 4120 2967 4160 non

326 4192 672 4252 secundum
692 4190 950 4266 aliquam
971 4193 1215 4250 sormam
1234 4194 1571 4251 manentem
1594 4195 1655 4251 et
1673 4193 1846 4266 quasi
1868 4195 2270 4269 quiescentem
2305 4194 2366 4250 in
2388 4193 2550 4268 ipso;
2584 4194 2786 4249 motus
2805 4191 2966 4248 enim

325 4285 403 4342 et
445 4282 644 4357 passio
674 4280 817 4339 talia
848 4299 968 4338 non
998 4283 1159 4339 esset
1189 4280 1253 4339 in
1301 4281 1555 4350 homine,
1602 4281 1719 4340 nisi
1753 4284 1990 4358 quando
2023 4285 2158 4341 actu
2192 4283 2640 4342 converteretur
2669 4281 2734 4338 in
2765 4279 2961 4350 finem,

326 4370 503 4448 qnod
534 4389 656 4428 non
686 4369 966 4429 continue
997 4369 1072 4428 ab
1103 4370 1342 4429 homine
1372 4371 1590 4447 agitur,
1626 4374 1696 4429 nt
1727 4372 2044 4447 praecipue
2065 4374 2231 4448 patet
2262 4373 2326 4430 in
2359 4370 2812 4430 dormientibus.
2861 4369 2966 4427 Est

326 4478 486 4536 ergo
517 4459 709 4536 gratia
738 4462 978 4535 gratum
1011 4458 1228 4517 faciens
1259 4459 1463 4536 aliqua
1495 4459 1682 4519 forma
1713 4463 1775 4518 et
1806 4462 2089 4536 perfectio
2123 4461 2185 4519 in
2218 4460 2456 4519 homine
2489 4477 2751 4527 manens,
2783 4458 2964 4516 etiam

327 4548 582 4624 quando
615 4566 735 4605 non
766 4550 1078 4623 operatur.
1100 4595 1114 4611 .
1136 4595 1152 4611 .
1183 4549 1491 4624 Amplius:
1524 4549 1995 4625 unumquodque
2028 4549 2341 4608 ordinatur
2372 4549 2436 4607 in
2468 4550 2642 4607 finem
2676 4546 2791 4605 sibi
2824 4564 2963 4604 con-

326 4638 682 4696 venientem
715 4637 1037 4695 secundnm
1083 4638 1372 4696 rationem
1421 4656 1562 4696 suae
1608 4637 1859 4706 formae;
1906 4638 2276 4696 diversarum
2322 4638 2482 4697 enim
2515 4636 2837 4712 specierum
2873 4633 2963 4692 di-

327 4727 501 4786 versi
534 4728 679 4784 sunt
711 4727 873 4788 fines.
905 4726 1017 4787 Sed
1050 4726 1183 4785 finis
1214 4727 1277 4785 in
1310 4746 1483 4802 quem
1519 4727 1692 4785 homo
1714 4726 2000 4804 dirigitur
2029 4747 2137 4802 per
2167 4727 2461 4786 auxilinm
2480 4726 2716 4784 divinae
2736 4724 2967 4800 gratiae

567 4836 839 4892 Bur-ter,
880 4834 1131 4894 Compend.
1169 4836 1435 4892 theologiae
1473 4836 1559 4894 111,
1602 4837 1680 4882 11.
1719 4836 1795 4882 ed.
2585 4830 2650 4878 10
