3538 5364
1318 299 1590 356 Doctrina
1616 317 1658 352 s.
1686 299 1954 354 Thomas.
2817 311 2940 374 107

314 482 537 563 gratia,
572 483 728 564 quin
760 499 833 545 se
866 482 1115 563 possint
1144 498 1455 546 excusare
1488 480 1572 545 ob
1605 479 1927 550 defectum
1948 480 2191 560 gratiae
2212 477 2486 545 efficacis
2507 481 2608 546 vel
2628 499 2698 546 se
2717 500 2944 546 socor-

315 590 458 654 diae
491 589 672 663 dare,
704 589 915 653 donee
945 587 1235 652 fruantur
1266 594 1491 670 optata
1522 588 1963 669 praemotione
1996 588 2279 671 physica.

502 727 646 782 121.
695 718 904 793 Neque
953 720 1107 777 favet
1150 716 1441 776 efficaciae
1486 718 1713 794 gratiae
1758 737 1827 776 ex
1870 719 2275 794 praemotione
2320 719 2565 795 physica
2603 717 2845 777 obortae
2891 737 2937 776 S.

312 808 654 877 ThomaS,
688 807 988 883 quidquid
1005 807 1329 866 reclamant
1346 805 1673 869 bafiesiani.
1725 808 1925 876 ‚Haec
1945 811 2038 867 est
2056 808 2215 867 enim
2234 808 2444 885 gratia,
2478 807 2681 883 inquit
2712 806 2785 866 ad
2817 826 2940 866 rem

314 896 643 955 Bastida
677 897 773 967 VI,
822 906 879 968 6,
929 915 1109 972 quam
1153 915 1285 955 cum
1325 896 1581 972 propriis
1613 896 1877 955 humeris
1910 897 2005 955 sui
2036 901 2308 955 auctores
2340 896 2495 956 ferre
2526 915 2644 956 non
2677 900 2939 971 possent,

316 1006 359 1046 s.
392 985 653 1045 'rhomae
686 985 913 1044 nomini
941 984 1291 1060 portandam
1323 986 1657 1060 imponunt,
1700 986 1831 1061 ipso
1864 989 2063 1045 tamen
2095 986 2362 1064 angelico
2394 986 2632 1045 doctore
2663 984 2941 1044 manibus

315 1075 694 1151 pedibusque
725 1078 1074 1136 renuente.‘
1140 1074 1289 1132 Sane
1333 1089 1397 1138 a.
1441 1074 1554 1132 etsi
1595 1075 1800 1133 doctor
1829 1074 2133 1152 angelicus
2166 1076 2505 1151 saepissime
2538 1074 2703 1145 dicit,
2753 1076 2936 1133 Deum

318 1164 716 1223 determinare
746 1181 949 1222 causas
982 1163 1289 1233 secundas,
1321 1182 1554 1222 movere
1585 1164 1974 1233 voluntatem,
2022 1184 2328 1240 nunquam
2362 1168 2561 1223 tamen
2594 1164 2752 1233 dicit,
2802 1183 2937 1222 eum

317 1253 863 1327 praedeterminare
883 1253 1254 1311 voluntatem
1284 1252 1357 1310 ad
1389 1256 1555 1312 actus
1574 1253 1815 1322 liberos,
1851 1254 2142 1312 salutares
2169 1258 2297 1326 etc„
2331 1273 2451 1330 qua
2472 1253 2771 1312 locutione
2791 1252 2945 1311 nihil

316 1342 694 1417 frequentius
725 1342 884 1417 apud
920 1341 1026 1399 hos
1060 1340 1361 1400 auctores!
1398 1341 1517 1399 imo
1551 1338 1616 1404 b.
1650 1342 1759 1401 hoc
1791 1345 1972 1419 negat
2004 1343 2065 1401 in
2100 1352 2156 1405 2.
2178 1342 2234 1404 d.
2259 1352 2338 1405 25
2376 1363 2430 1419 q.
2469 1354 2494 1406 1
2539 1343 2611 1401 ad
2636 1351 2706 1404 3:
2743 1343 2942 1411 ,Deus

316 1435 603 1507 operatur
648 1431 713 1489 in
758 1430 1051 1500 omnibus,
1096 1430 1183 1488 ita
1229 1433 1445 1501 tamen,
1491 1431 1651 1507 quod
1697 1431 1761 1490 in
1807 1450 2170 1507 unoquoque
2216 1431 2541 1491 secundum
2575 1435 2704 1507 eJ'us
2736 1431 2939 1490 condi·

314 1521 576 1589 tionem;
620 1520 781 1578 unde
813 1521 878 1578 in
908 1518 1085 1577 rebus
1116 1518 1492 1578 naturalibus
1524 1524 1807 1595 operatur
1837 1522 1997 1580 sicut
2025 1520 2371 1580 ministrans
2404 1521 2694 1580 virtutem
2726 1519 2939 1597 agendi

316 1614 377 1667 et
408 1610 573 1668 sicut
603 1608 1006 1669 determinans
1036 1612 1309 1667 naturam
1343 1608 1418 1667 ad
1450 1609 1629 1668 talem
1657 1611 1980 1679 actionem;
2014 1610 2078 1667 in
2111 1609 2298 1669 libero
2330 1616 2529 1670 autem
2552 1609 2802 1669 arbitrio
2835 1610 2945 1668 hoc

316 1698 489 1756 modo
520 1698 666 1775 agit,
714 1701 785 1756 ut
827 1698 1114 1756 virtutem
1160 1697 1373 1775 agendi
1418 1697 1534 1756 sibi
1581 1699 1887 1758 ministret
1920 1704 1980 1757 et
2012 1699 2142 1774 ipso
2176 1703 2458 1775 operante
2490 1699 2748 1758 liberum
2780 1699 2939 1757 arbi-

315 1788 505 1845 trium
524 1791 681 1864 agat,
716 1786 821 1846 sed
850 1790 1050 1845 tamen
1080 1786 1642 1846 determinatio
1674 1788 1926 1848 actionis
1959 1791 2021 1848 et
2052 1788 2185 1847 finis
2217 1789 2279 1846 in
2312 1791 2606 1864 potestate
2639 1789 2812 1847 liberi
2846 1807 2938 1846 ar·

314 1877 480 1935 bitrii
516 1877 937 1947 constituitur3
984 1876 1142 1935 unde
1173 1880 1440 1935 remanet
1472 1876 1586 1935 sibi
1618 1876 1950 1937 dominium
1983 1878 2076 1937 sui
2124 1882 2352 1936 actus.‘
2418 1879 2495 1937 Et
2537 1877 2601 1936 in
2651 1888 2707 1941 2.
2754 1878 2807 1938 d.
2860 1887 2939 1940 39

316 1986 370 2040 q.
413 1978 433 2025 1
478 1985 531 2023 a.
575 1977 640 2028 1:
691 1964 871 2042 ,Ipsa
901 1966 1059 2024 enim
1091 1966 1362 2040 potentia
1391 1965 1739 2036 voluntatiS,
1788 1973 2084 2044 quantum
2127 1968 2190 2027 in
2225 1986 2287 2025 se
2318 1972 2426 2033 est,
2471 1967 2818 2027 indifferens
2850 1969 2945 2025 est

315 2056 387 2113 ad
418 2055 626 2130 plum
676 2055 777 2113 sed
813 2054 971 2129 quod
1002 2054 1392 2113 determinate
1423 2057 1590 2113 exeat
1621 2056 1686 2113 in
1720 2056 1879 2115 hunc
1910 2059 2109 2116 actum
2142 2057 2239 2115 vel
2271 2057 2334 2116 in
2365 2057 2555 2123 illum,
2591 2075 2710 2115 non
2743 2060 2836 2115 est
2866 2056 2942 2114 ab

315 2144 430 2203 alio
463 2144 918 2212 determinante,
953 2143 1054 2202 sed
1086 2143 1161 2202 ab
1192 2144 1325 2219 ipsa
1353 2144 1738 2215 voluntate3‘
1775 2144 1824 2209 εἰ.
1862 2156 1930 2216 2;
1965 2146 2038 2204 de
2072 2150 2192 2221 pot.
2224 2166 2279 2221 q.
2317 2155 2351 2209 3
2388 2165 2438 2204 a.
2465 2157 2496 2208 7
2535 2146 2608 2205 ad
2637 2157 2745 2209 13:
2783 2145 2939 2215 ,Vo-

317 2232 517 2290 luntas
552 2232 778 2291 dicitur
809 2233 1022 2290 habere
1055 2232 1384 2291 dominium
1419 2233 1516 2292 sui
1547 2237 1715 2292 actus
1745 2254 1867 2293 non
1900 2255 2007 2310 per
2038 2236 2436 2294 exclusionem
2461 2253 2674 2294 causae
2696 2236 2937 2310 primae,

318 2321 419 2380 sed
454 2322 599 2395 quia
617 2340 796 2381 causa
815 2322 1005 2397 prima
1023 2341 1141 2380 non
1173 2321 1256 2381 ita
1286 2322 1413 2398 agit
1443 2322 1506 2380 in
1541 2322 1864 2392 voluntate,
1901 2328 1970 2383 ut
2000 2344 2126 2383 eam
2160 2324 2233 2383 de
2263 2325 2613 2383 necessitate
2643 2324 2717 2382 ad
2750 2344 2938 2384 unum

319 2410 696 2480 determinet,
745 2411 904 2469 sicut
947 2411 1301 2469 determinat
1344 2415 1633 2479 naturam,
1682 2412 1786 2471 sed
1834 2413 2247 2472 determinatio
2279 2417 2448 2472 actus
2479 2413 2845 2488 relinquitur
2876 2414 2938 2471 in

318 2503 620 2575 potestate
651 2499 905 2558 rationis
942 2504 1003 2558 et
1046 2500 1432 2559 voluntatis.‘
1498 2500 1636 2559 Ideo
1668 2520 1809 2561 vero
1841 2517 1905 2565 e.
1939 2508 2118 2579 negat
2150 2503 2338 2561 Deum
2370 2504 2738 2561 voluntatem
2773 2522 2941 2577 prae-

318 2588 736 2658 determinare,
771 2589 930 2664 quod
964 2588 1136 2647 homo
1168 2589 1431 2664 alioquin
1463 2608 1583 2648 non
1615 2595 1775 2649 esset
1804 2591 1972 2654 liber.
2023 2591 2197 2660 ‚Non
2222 2595 2382 2649 esset
2402 2591 2591 2662 home,
2625 2591 2831 2667 inquit
2861 2591 2939 2649 ib.

317 2678 375 2741 d.
413 2688 494 2743 28
531 2698 589 2754 q.
632 2690 656 2741 1
698 2698 750 2736 a.
793 2689 842 2751 l,
877 2677 1049 2737 liberi
1080 2677 1333 2748 arbitrii,
1380 2678 1500 2738 nisi
1546 2679 1616 2737 ad
1666 2699 1803 2739 eum
1850 2679 2418 2741 determinatio
2451 2680 2544 2739 sui
2578 2681 2773 2757 operis
2806 2700 2940 2756 per-

317 2768 616 2838 tineret3¹
652 2771 714 2826 et
744 2767 962 2827 iterum
994 2768 1072 2826 ib.
1105 2768 1160 2825 d.
1198 2777 1273 2831 25
1309 2788 1365 2843 q.
1409 2780 1429 2832 l
1472 2788 1522 2832 a.
1567 2780 1587 2831 l
1615 2790 1629 2827 τ
1672 2770 1782 2838 ‚In
1817 2772 1958 2830 solis
1990 2771 2365 2830 intellectum
2396 2771 2757 2829 habentibus
2789 2770 2937 2828 libe·

316 2877 447 2916 rum
481 2857 802 2915 arbitrium
835 2857 1156 2929 invenitur,
1202 2875 1323 2915 non
1369 2861 1568 2917 autem
1614 2858 1677 2916 in
1724 2859 1865 2929 illis,
1915 2878 2171 2936 quorum
2214 2861 2474 2919 actiones
2508 2879 2627 2918 non
2660 2859 2939 2919 determi-

316 2951 541 3004 nantur
572 2946 649 3004 ab
680 2946 832 3021 ipsis
864 2946 1198 3022 agentibus,
1240 2946 1345 3004 sed
1378 2967 1412 3004 a
1444 2947 1804 3022 quibusdam
1838 2949 1971 3007 aliis
2005 2950 2200 3008 causis
2235 2950 2610 3025 prioribus3‘
2658 2953 2720 3008 et
2762 2949 2836 3006 ad
2891 2961 2940 3011 l.

316 3036 468 3094 Nam
503 3033 836 3094 secundum
866 3034 1064 3111 ipsum
1097 3035 1169 3094 de
1201 3035 1372 3096 verit.
1405 3055 1459 3111 q.
1485 3046 1562 3099 22
1599 3056 1651 3099 a.
1686 3048 1741 3109 6,
1780 3039 2219 3106 ,necessarium
2239 3039 2475 3107 dicitur,
2511 3038 2671 3114 quod
2704 3041 2795 3096 est
2826 3039 2935 3096 im·

316 3124 694 3183 mutabiliter
723 3124 1182 3183 determinatum
1213 3124 1286 3182 ad
1330 3134 1578 3184 unumst
1645 3126 1725 3185 cf.
1771 3128 2017 3203 insuper
2056 3139 2106 3191 l.
2144 3137 2177 3189 2
2213 3148 2266 3203 q.
2311 3139 2382 3191 10
2418 3148 2467 3186 a.
2505 3137 2540 3189 4
2575 3131 2685 3187 etc.
2750 3127 2938 3202 Atqui

317 3201 651 3271 secundum
682 3211 1039 3273 banesianos
1070 3214 1267 3289 posita
1297 3216 1698 3290 praemotione
1730 3216 1971 3294 physica
1992 3217 2267 3292 sequitur
2284 3217 2744 3275 immutabiliter
2773 3221 2942 3275 actus

316 3308 376 3361 et
422 3302 671 3378 quidem
721 3302 824 3360 ille
872 3320 1030 3361 unus
1076 3302 1150 3361 ad
1194 3322 1370 3379 quem
1417 3304 1848 3363 determinatur
1877 3307 2174 3365 voluntas.
2241 3306 2395 3382 Ergo
2426 3310 2594 3364 actus
2641 3306 2834 3364 bonus
2880 3308 2942 3363 et

318 3392 600 3450 salutaris
645 3391 711 3449 in
756 3391 863 3450 hac
907 3392 1220 3468 hypothesi
1258 3410 1378 3451 non
1410 3397 1566 3451 esset
1610 3393 1780 3465 liber,
1821 3395 2025 3470 judice
2072 3414 2116 3453 s.
2163 3395 2404 3467 Thema,
2450 3395 2606 3470 quod
2655 3395 2942 3453 catholice

318 3480 601 3538 affirmari
631 3480 863 3555 nequit.
925 3481 1007 3539 cf.
1040 3480 1276 3540 Pesch
1313 3481 1372 3539 V.
1407 3500 1464 3545 n.
1501 3490 1626 3544 264
1663 3501 1735 3546 ss.

496 3602 670 3673 Quod
701 3605 753 3662 si
785 3601 854 3669 «l.
874 3606 1045 3664 —Deus
1074 3608 1275 3664 movet
1304 3605 1693 3678 voluntatem,
1728 3606 1814 3665 ita
1844 3627 1971 3666 eam
2004 3612 2217 3678 movet,
2254 3611 2324 3667 ut
2356 3609 2490 3684 ipsa
2521 3608 2658 3666 huic
2691 3608 2940 3665 motioni

318 3694 510 3768 possit
556 3693 853 3764 resistere,
905 3695 1064 3771 quod
1115 3695 1454 3753 inauditum
1504 3695 1567 3753 in
1616 3696 1846 3755 theoria
1894 3698 2317 3771 praemotionis
2368 3698 2658 3774 physicae.
2740 3697 2944 3765 ,Deus

319 3786 517 3841 movet
547 3782 764 3848 omnia,
799 3783 887 3841 ita
914 3783 1015 3842 ille
1045 3784 1247 3859 quodl.
1274 3794 1302 3846 1
1345 3804 1395 3844 a.
1432 3792 1465 3846 ’1
1501 3783 1574 3842 8(1
1612 3793 1665 3854 ⁴2,
1700 3785 2029 3843 secundum
2061 3786 2304 3845 modum
2337 3805 2560 3856 eorum,
2595 3789 2655 3844 et
2685 3785 2818 3843 ideo
2851 3787 2939 3844 di-

318 3872 455 3929 vina
487 3872 677 3930 motio
710 3891 746 3930 a
775 3872 1136 3947 quibusdam
1167 3873 1559 3949 participatur
1589 3892 1723 3931 cum
1756 3875 2126 3945 necessitate,
2178 3896 2212 3934 a
2256 3880 2471 3934 natura
2518 3880 2716 3933 autem
2757 3876 2939 3933 ratio·

318 3960 440 4018 nali
473 3979 617 4019 curn
648 3960 924 4019 libertate
955 3966 1198 4037 propter
1228 3963 1352 4032 hoc,
1386 3961 1545 4038 quod
1578 3962 1774 4020 virtus
1795 3964 2106 4023 rationalis
2140 3984 2201 4023 se
2232 3965 2412 4023 habet
2444 3965 2517 4022 ad
2550 3963 2848 4039 opposita;
2882 3970 2945 4022 et

318 4048 450 4108 ideo
484 4049 572 4108 sic
607 4050 764 4108 Deus
804 4056 1002 4110 movet
1033 4054 1287 4110 mentem
1334 4051 1655 4109 humanam
1700 4052 1774 4110 ad
1819 4053 2059 4123 bonum,
2107 4054 2264 4128 quod
2314 4057 2512 4112 tamen
2558 4057 2758 4130 potest
2804 4053 2943 4112 huic

318 4138 570 4198 motioni
603 4139 882 4198 resistere
914 4136 1082 4222 (ergo
1114 4141 1177 4199 in
1209 4158 1392 4198 sensu
1422 4139 1814 4222 composito):
1848 4146 1910 4201 et
1943 4143 2031 4201 sic
2062 4162 2131 4201 ex
2167 4145 2285 4201 Deo
2317 4147 2427 4210 est,
2464 4147 2534 4200 ut
2566 4144 2741 4201 homo
2774 4161 2836 4201 se
2868 4143 2939 4200 ad

318 4229 569 4304 gratiam
605 4232 945 4303 praeparet3
993 4230 1093 4288 sed
1135 4229 1294 4305 quod
1329 4230 1522 4306 gratia
1553 4235 1767 4300 careat,
1816 4250 1937 4291 non
1986 4231 2165 4289 habet
2197 4250 2434 4291 causam
2466 4252 2499 4290 a
2535 4233 2668 4302 Deo,
2719 4232 2820 4290 sed
2868 4232 2941 4291 ab

316 4316 556 4375 homine
590 4317 912 4375 secundum
945 4318 1098 4377 illud
1131 4319 1279 4377 Osee
1318 4328 1423 4382 13:
1457 4318 1713 4378 Perditio
1744 4328 1848 4378 tua
1880 4341 1950 4378 ex
1981 4329 2048 4396 le,
2083 4321 2294 4397 lsrael,
2328 4322 2721 4379 tantummodo
2751 4340 2820 4380 ex
2853 4341 2943 4380 me

318 4407 610 4464 auxilium
639 4413 866 4464 ταωνι(
912 4407 1003 4465 Ita
1034 4426 1172 4466 vero
1203 4407 1483 4466 conciliat
1501 4409 1821 4468 motionem
1842 4410 1972 4484 Dei,
2005 4429 2156 4485 quae
2187 4411 2261 4468 ad
2292 4411 2584 4488 agendum
2621 4415 2713 4468 est
2744 4429 2940 4469 neces·

318 4495 487 4562 saria,
522 4513 660 4554 cum
695 4494 948 4554 hominis
981 4496 1258 4555 libertate
1298 4508 1349 4560 1.
1388 4508 1419 4557 2
1456 4516 1509 4571 q.
1547 4507 1582 4559 9
1617 4518 1668 4555 8.
1704 4509 1738 4561 6
1774 4499 1849 4557 ad
1885 4509 1952 4561 3:
1990 4500 2362 4568 ,Dicendum
2385 4499 2543 4575 quod
2567 4500 2723 4558 Deus
2743 4504 2940 4557 movet

316 4584 690 4643 voluntatem
726 4581 1034 4666 (hominis)
1069 4585 1227 4645 sicut
1264 4586 1622 4645 universalis
1670 4590 1865 4645 motor
1908 4588 1983 4645 ad
2034 4588 2367 4647 universale
2400 4588 2692 4663 objectum
2727 4589 2938 4647 volun-

314 4674 476 4745 tatis,
513 4673 677 4749 quod
709 4679 804 4731 est
835 4674 1089 4746 bonum3
1122 4678 1184 4733 et
1213 4675 1339 4734 sine
1372 4676 1478 4733 hac
1508 4675 1832 4734 universali
1853 4678 2114 4736 motione
2137 4678 2311 4736 homo
2331 4696 2450 4736 non
2486 4679 2684 4751 potest
2715 4676 2937 4750 aliquid

311 4763 494 4832 velle;
540 4762 646 4821 sed
684 4761 860 4822 homo
891 4769 996 4839 per
1027 4764 1315 4822 rationem
1348 4764 1708 4823 determinat
1738 4782 1801 4824 se
1833 4766 1904 4823 ad
1939 4767 2261 4825 volendum
2296 4767 2403 4825 hoc
2434 4767 2530 4825 vel
2562 4764 2732 4836 illud,
2779 4765 2935 4841 quod
