3538 5364
803 297 1082 367 probatur
1106 314 1171 350 ex
1199 294 1514 350 sacerdotio
1542 296 1855 350 secundum
1885 294 2140 350 ordinem
2172 294 2601 350 Melchisedech.
2880 303 3009 366 395

389 484 637 560 propter
667 503 846 559 quam
877 483 1011 559 quis
1042 482 1237 558 possit
1266 481 1628 552 benedicere,
1675 499 1813 540 cum
1857 481 2032 541 etiam
2079 481 2184 557 qui
2231 499 2350 539 non
2396 480 2624 539 fuerint
2653 481 3007 547 sacerdotes,

390 572 806 632 benedixerint
834 571 959 631 Jos.
995 580 1052 642 8,
1112 583 1218 639 133
1278 578 1375 640 12,
1426 580 1495 639 6;
1551 579 1605 633 2.
1651 570 1792 647 Reg.
1842 580 1899 642 6,
1955 579 2062 640 183
2118 579 2175 633 3.
2210 570 2346 646 Beg.
2381 580 2437 639 8,
2475 579 2553 633 55
2590 572 2698 630 etc.
2765 571 3009 630 Accedit

391 658 465 725 (l.
516 680 626 737 pro
674 661 972 720 sententia
1017 664 1222 720 nostra
1269 659 1821 736 splendidissimum
1869 658 2210 718 traditionis
2259 659 2626 735 suffragium.
2693 658 2884 728 Quare
2933 660 3005 719 de

392 750 676 809 sacrificio
706 752 878 826 panis
910 752 973 808 et
1000 750 1126 808 vini
1158 770 1192 807 a
1224 748 1651 808 Melchisedech
1682 749 1882 807 oblato
1911 748 2189 807 dubitare
2219 765 2340 806 non
2370 748 2526 807 licet.

568 836 635 903 2.
667 839 877 915 Neque
907 837 1165 915 excipias
1197 839 1498 896 Christum
1530 838 1891 897 sacerdotem
1936 837 2052 895 dici
2097 837 2425 896 secundum
2463 836 2731 895 ordinem
2763 838 3007 897 Melchi-

391 927 601 987 sedech
631 932 879 1004 propter
920 928 1057 986 illas
1103 926 1563 1005 praerogativas,
1608 945 1757 1003 quas
1802 929 2069 986 recenset
2098 926 2322 985 Paulus
2353 926 2533 984 Hebr.
2571 936 2626 995 7,
2681 937 2705 987 1
2762 944 2855 997 ss„
2902 929 3008 985 ubi

388 1017 584 1077 fusius
629 1017 704 1075 de
748 1016 1171 1076 Melchisedech
1202 1020 1348 1093 typo
1379 1015 1592 1075 Christi
1621 1015 1882 1078 disserit.
1947 1016 2098 1074 Nam
2140 1018 2384 1091 propter
2429 1016 2532 1074 has
2576 1015 3007 1075 Melchisedech

389 1109 625 1183 typus
654 1110 784 1164 erat
815 1106 1050 1177 Christi,
1094 1123 1214 1165 non
1245 1124 1386 1165 vero
1418 1104 1723 1164 sacerdos:
1771 1105 1910 1164 hinc
1941 1107 2185 1181 propter
2216 1122 2314 1163 eas
2346 1103 2614 1164 Christus
2645 1104 2764 1162 dici
2796 1106 3004 1181 nequit

389 1214 495 1271 per
523 1195 933 1254 excellentiam
967 1194 1271 1265 ,sacerd
1289 1212 1367 1253 os
1400 1193 1727 1253 secundum
1758 1194 1891 1253 ord
1909 1193 2107 1253 inem
2137 1192 2626 1256 Melchisedech.‘
2677 1194 2754 1252 Et
2784 1212 3008 1263 revera,

394 1287 466 1343 ut
494 1284 644 1343 bene
675 1287 845 1342 notat
874 1283 1438 1353 BeHarminus,
1485 1301 1690 1343 omnes
1734 1282 1871 1341 illas
1914 1282 2357 1361 praerogativas
2388 1281 2815 1342 Melchisedech
2847 1302 3003 1342 com-

389 1391 599 1432 munes
631 1373 809 1432 habet
838 1372 1017 1431 etiam
1047 1391 1183 1431 cum
1213 1371 1364 1443 aliis,
1396 1372 1505 1431 soli
1537 1372 1656 1448 ipsi
1687 1372 1932 1447 propria
1959 1375 2140 1448 atque
2160 1372 2351 1447 prima
2381 1373 2473 1430 est
2504 1371 2770 1430 sacrificii
2801 1371 3007 1442 forma,

390 1482 423 1521 a
455 1481 572 1538 qua
602 1461 839 1520 demum
871 1461 1183 1521 sacerdotii
1215 1461 1356 1520 ordo
1385 1460 1624 1537 pendet.
2988 1460 2992 1467 ’

567 1546 629 1615 3.
661 1551 869 1626 Neque
900 1551 1099 1609 obstat
1128 1550 1380 1609 Paulum
1414 1551 1477 1608 in
1507 1569 1596 1626 ep.
1628 1550 1700 1608 ad
1723 1550 2017 1608 Hebraeos
2039 1554 2314 1626 agentem
2331 1550 2402 1608 de
2419 1549 2845 1609 Melchisedech
2859 1552 3008 1626 typo

389 1639 625 1709 Christi,
657 1639 884 1698 nullam
915 1640 1277 1700 mentionem
1308 1639 1497 1698 facere
1527 1638 1800 1698 sacrificii
1821 1639 2135 1698 incruenti.
2181 1640 2330 1698 Nam
2349 1640 2548 1698 noluit
2567 1639 2790 1698 Paulus
2822 1658 3004 1714 quae·

387 1729 638 1788 stionem
685 1727 758 1786 de
802 1729 1131 1788 sacerdotio
1174 1727 1392 1788 Christi
1438 1728 1765 1787 secundum
1810 1727 2077 1786 ordinem
2109 1728 2536 1788 Melchisedech
2584 1728 2895 1787 exhaurire
2945 1733 3002 1786 et

389 1817 712 1893 adaequate
744 1820 1132 1892 pertractare;
1166 1818 1297 1893 ipse
1327 1817 1488 1876 enim
1521 1817 1608 1877 ait
1637 1817 1817 1876 Hebr.
1853 1827 1908 1887 5,
1951 1828 2016 1879 ll
2048 1837 2060 1875 :
2100 1818 2180 1875 De
2211 1835 2322 1894 quo
2353 1818 2514 1876 nobis
2540 1819 2787 1895 yrandis
2816 1836 3005 1876 sermo

395 1913 445 1963 et
475 1907 982 1982 ininterpretabilis
1011 1908 1090 1966 ad
1120 1908 1438 1966 dicendum.
1504 1906 1772 1983 Attingit
1802 1925 1870 1964 ea
1900 1909 2156 1976 tantum,
2190 1925 2342 1981 quae
2373 1906 2781 1965 demonstrant
2813 1924 3003 1965 sacer-

390 1995 539 2053 dotii
571 1995 788 2053 Christi
821 1995 1142 2054 sacerdotio
1172 1995 1737 2054 melchisedechiauo
1755 1993 2138 2071 praefigurati
2157 1995 2636 2070 praecellentiam
2668 2014 2806 2070 prae
2837 2015 3001 2054 aaro-

388 2084 539 2155 nic0,
573 2084 646 2143 ad
678 2104 856 2160 quam
878 2084 1394 2144 demonstrandam
1425 2084 1574 2142 nihil
1598 2083 1968 2143 conducebat
1985 2084 2212 2142 mentio
2232 2084 2501 2143 sacrificii
2520 2084 2832 2153 incruenti,
2867 2102 3001 2143 cum

387 2193 455 2232 ex
489 2191 558 2232 eo
589 2192 709 2232 non
738 2173 1005 2250 potuerit
1034 2174 1184 2233 hanc
1213 2173 1692 2250 praecellentiam
1723 2174 2047 2232 illustrare.
2111 2173 2383 2232 Ceterum
2415 2191 2586 2232 omne
2618 2173 2870 2232 dubium
2902 2193 3002 2233 ex-

386 2262 578 2321 cludit
608 2263 890 2322 solemnis
920 2262 1164 2322 traditio
1195 2262 1508 2341 exegetica.
1572 2264 1780 2322 Patres
1825 2262 2002 2334 enim,
2048 2262 2163 2321 etsi
2211 2280 2385 2338 saepe
2422 2261 2566 2321 alias
2600 2279 2837 2339 quoque
2868 2264 3001 2321 red·

386 2351 542 2410 dunt
569 2352 847 2422 rationes,
880 2370 1062 2428 quare
1083 2352 1353 2411 Christus
1374 2352 1608 2411 dicatur
1626 2352 1897 2411 sacerdos
1918 2351 2246 2411 secundum
2266 2351 2532 2410 ordinem
2555 2351 3001 2421 Melchisedech,

386 2440 537 2499 hanc
565 2443 765 2500 tamen
796 2440 861 2499 in
890 2441 1100 2517 primis
1132 2441 1450 2511 inculcant,
1484 2440 1644 2518 quod
1677 2441 2063 2517 semetipsum
2095 2440 2158 2498 in
2189 2440 2583 2500 celebratione
2614 2440 3002 2499 eucharistiae

387 2528 501 2591 sub
533 2529 841 2606 speciebus
872 2529 1047 2606 panis
1079 2535 1141 2589 et
1180 2530 1306 2589 vini
1337 2531 1590 2589 offerens
1621 2534 1835 2606 typum
1881 2530 1943 2588 in
1984 2529 2415 2601 Melchisedech
2446 2529 2777 2589 exhibitum
2809 2529 2999 2587 adim-

387 2617 659 2694 pleverit.
707 2619 1001 2678 Audiatur
1032 2619 1465 2697 Cyprianus
1499 2638 1587 2697 ep.
1614 2629 1692 2682 63
1727 2638 1787 2684 n.
1822 2630 1890 2681 4:
1926 2619 2115 2690 ,Quis
2147 2620 2336 2696 magis
2369 2619 2635 2678 sacerdos
2654 2618 2760 2676 Dei
2781 2619 2996 2676 summi

387 2726 564 2782 quam
595 2708 664 2770 D.
695 2708 767 2767 N.
797 2708 854 2767 J.
886 2709 1172 2779 Christus,
1205 2709 1310 2785 qui
1344 2710 1691 2768 sacrificium
1714 2710 1834 2768 Deo
1854 2709 2019 2767 Patri
2048 2710 2299 2768 obtulit:
2334 2713 2395 2768 et
2425 2709 2650 2768 obtulit
2681 2709 2789 2767 hoc
2821 2708 3001 2776 idem,

387 2797 547 2871 quod
577 2791 1004 2857 Melchisedech
1038 2799 1339 2858 obtulerat
1368 2800 1405 2856 i.
1439 2817 1486 2856 e.
1518 2817 1731 2874 panem
1776 2801 1839 2857 et
1881 2799 2109 2871 vinum,
2157 2816 2333 2857 suum
2367 2798 2491 2857 scil.
2525 2816 2736 2874 corpus
2769 2801 2830 2856 et
2861 2815 2999 2856 san-

384 2885 672 2961 guinem?
704 2929 719 2944 .
752 2930 766 2944 .
801 2929 813 2942 .
861 2887 938 2944 Ut
975 2906 1114 2964 ergo
1147 2889 1208 2946 in
1241 2888 1454 2946 Genesi
1487 2906 1593 2963 per
1626 2887 2053 2946 Melchisedech
2086 2888 2448 2947 sacerdotem
2479 2887 2814 2946 benedictio
2846 2887 2998 2945 circa

384 2975 681 3033 Abraham
727 2978 927 3051 posset
969 2976 1085 3035 rite
1130 2976 1428 3045 celebrari,
1476 2976 1775 3051 praecedit
1806 2979 1944 3035 ante
1977 2977 2171 3053 imago
2202 2976 2467 3035 sacrificii
2500 2976 2714 3035 Christi
2754 2978 2815 3033 iu
2849 2995 3000 3051 pane

383 3066 447 3122 et
476 3063 615 3122 vino
647 3065 775 3123 scil.
806 3066 1150 3124 constituta.
1198 3065 1386 3134 Quam
1417 3084 1542 3123 rem
1574 3065 1882 3140 perficiens
1915 3068 1976 3123 et
2006 3065 2340 3141 adimplens
2375 3066 2663 3124 Dominus
2696 3083 2905 3140 panem
2938 3071 2998 3122 et

384 3152 620 3211 calicem
652 3153 905 3212 mixtum
937 3155 1078 3213 vino
1111 3154 1352 3223 obtulit,
1400 3157 1461 3213 et
1504 3154 1611 3229 qui
1654 3157 1747 3212 est
1790 3155 2102 3229 plenitudo
2134 3155 2422 3223 veritatis,
2469 3155 2784 3214 veritatem
2828 3173 2996 3230 prae-

382 3240 667 3318 figuratae
697 3242 972 3318 imaginis
1004 3242 1414 3319 adimplevit.‘
1450 3277 1536 3285 —-
1569 3243 1645 3300 Et
1687 3243 1824 3301 aliis
1868 3243 2106 3302 omissis
2137 3244 2637 3321 Augustinus
2683 3262 2728 3301 c.
2770 3242 2998 3304 advers.

382 3329 532 3407 legis
564 3333 625 3388 et
656 3332 860 3407 proph.
894 3332 940 3398 I,
981 3342 1092 3394 26:
1143 3332 1496 3401 ,Noverunt
1528 3332 1633 3406 qui
1678 3332 1973 3408 legerunt,
2022 3332 2165 3407 quid
2198 3334 2522 3407 protulerit
2553 3332 2995 3400 Melchisedech,

384 3418 620 3492 quando
650 3419 955 3478 benedixit
987 3421 1315 3480 Abraham:
1360 3423 1422 3480 et
1466 3421 1516 3479 si
1563 3421 1679 3495 jam
1712 3425 1856 3479 sunt
1886 3421 2206 3497 participes
2238 3423 2386 3497 ejus,
2426 3422 2633 3480 vident
2663 3422 2783 3480 tale
2815 3423 2993 3480 sacri-

380 3507 576 3566 ficium
608 3525 768 3566 nunc
788 3510 983 3568 offerri
1003 3511 1123 3570 Deo
1155 3513 1282 3570 toto
1315 3509 1456 3567 orbe
1475 3513 1831 3571 terrarum.‘
1867 3510 1945 3572 cf.
1970 3511 2344 3570 Petavius
2378 3511 2449 3568 de
2482 3511 2703 3569 incarn.
2724 3510 2853 3581 XII,
2885 3520 2957 3573 12
2981 3533 2995 3574 ;

380 3595 932 3656 Thomassinus
978 3599 1050 3658 de
1097 3599 1315 3659 incarn.
1348 3599 1415 3668 X,
1459 3608 1567 3668 153
1615 3599 2151 3657 Bellarminus
2183 3601 2250 3669 V,
2302 3610 2356 3660 6.
2421 3600 2663 3658 Patrum
2709 3599 2997 3675 suffragio

379 3684 675 3744 addantur
719 3686 897 3745 verba
942 3687 1005 3745 R.
1038 3688 1373 3746 Phinees
1403 3688 1467 3746 in
1500 3688 1679 3750 Num.
1714 3697 1793 3751 28
1835 3688 2256 3758 memorabilia,
2300 3706 2452 3763 quae
2498 3688 2636 3745 olim
2683 3688 2994 3746 exstabant.

381 3768 477 3853 (cf.
512 3774 733 3832 Ztschr.
766 3777 863 3833 fiir
892 3776 1051 3839 kath.
1085 3776 1305 3847 Theol.,
1339 3775 1659 3853 Oeniponti
1690 3786 1853 3840 1878
1884 3796 1942 3853 p.
1982 3773 2132 3858 767)
2153 3776 2218 3836 in
2238 3778 2499 3836 Berescit
2519 3776 2746 3835 Rahba:
2783 3777 2996 3845 ,Tem-

378 3879 520 3936 pore
553 3863 799 3922 Messias
830 3865 1028 3923 omnia
1058 3865 1343 3925 sacrificia
1374 3866 1710 3935 cessabunt,
1744 3865 1849 3924 sed
1883 3866 2234 3925 sacrificium
2266 3865 2438 3941 panis
2472 3869 2532 3923 et
2561 3866 2688 3924 vini
2717 3884 2833 3923 non
2869 3884 2992 3923 ces-

376 3950 561 4010 sabit:
597 3951 680 4010 sic
710 3952 934 4012 dictum
968 3958 1061 4013 est
1093 3956 1233 4015 Gen.
1264 3965 1358 4026 14,
1403 3965 1510 4018 18:
1548 3955 1624 4013 Et
1646 3951 2046 4013 Melchisedech
2077 3975 2184 4014 rex
2217 3956 2408 4013 Salem
2430 3956 2676 4028 protulit
2697 3974 2913 4029 panem
2946 3964 2996 4012 et

375 4040 588 4116 vinum,
636 4041 1059 4101 Melchisedech
1106 4044 1263 4102 enim
1311 4044 1348 4105 i.
1381 4061 1429 4105 e.
1476 4061 1577 4101 rex
1610 4044 1855 4102 Messias
1900 4045 2153 4121 excipiet
2197 4065 2231 4103 a
2274 4044 2602 4102 cessatione
2641 4044 2993 4101 sacrificium

374 4129 544 4203 panis
576 4132 637 4187 et
667 4129 813 4199 vini,
850 4133 1007 4190 sicut
1038 4132 1262 4191 dicitur
1292 4134 1386 4191 Ps.
1430 4142 1569 4202 109,
1612 4143 1678 4195 5:
1734 4134 1821 4190 Tu
1866 4153 1923 4192 es
1965 4135 2231 4192 sacerdos
2262 4135 2323 4190 in
2355 4140 2650 4191 aeternum
2681 4135 2991 4190 secundum

374 4219 635 4277 ordinem
667 4219 1125 4280 Melchisedech.‘
1193 4222 1273 4281 Cf.
1326 4222 1544 4279 Curti
1596 4221 1656 4280 in
1708 4221 1848 4284 diss.
1896 4222 2260 4280 Sacrificium
2307 4222 2686 4280 incruentum
2733 4222 2796 4280 in
2840 4221 2993 4283 thes,

372 4306 552 4369 theol.
586 4307 999 4368 Zachariae
1030 4310 1127 4380 XI,
1172 4311 1861 4380 1—10;Franzelin
1893 4311 1976 4369 th.
2015 4322 2046 4373 7
2086 4329 2163 4370 ss.

550 4431 700 4495 412.
732 4427 1286 4498 Demonstratio
1331 4451 1401 4517 p.
1452 4431 1575 4500 IV.
1638 4430 2099 4511 Apostolorum
2155 4432 2292 4512 jam
2355 4437 2643 4513 tempore
2705 4430 2992 4495 oblatum

372 4531 565 4597 fuisse
594 4533 721 4598 hoc
754 4535 1161 4613 sacrificium,
1194 4538 1247 4600 si
1279 4556 1411 4601 non
1442 4536 1737 4617 probant,
1772 4538 2046 4603 suadent
2075 4539 2305 4603 saltem

558 4641 618 4706 l.
653 4657 819 4720 quae
865 4640 1002 4705 Act.
1045 4647 1139 4714 13,
1175 4645 1215 4707 2
1249 4640 1549 4722 legimus:
1612 4643 2132 4707 Minimo-antibus
2181 4647 2731 4732 (λειτουργοὺντων)
2783 4652 2989 4708 autem

370 4742 497 4806 illis
528 4744 883 4829 (prophetis
916 4753 981 4811 et
1014 4746 1388 4811 doctoribus
1421 4748 1850 4834 antiochenis)
1898 4747 2189 4833 DominO,
2235 4752 2397 4814 dixit
2443 4751 2566 4814 illis
2599 4752 2879 4834 Spiritus
2910 4772 2989 4815 a:
