3538 5364
595 288 723 354 266
1267 279 1451 333 Tract.
1480 280 1573 333 IX.
1600 278 1668 332 de
1694 276 2080 332 sacramentis.
2108 275 2189 330 De
2218 276 2523 346 baptismo.

593 462 867 544 ideoque
900 468 964 526 et
995 461 1382 543 receptionis
1428 460 1734 537 ordine,
1782 467 1881 523 est
1928 459 2232 540 baptismi
2276 465 2769 522 sacramentum.
2833 456 3015 521 Sicut
3044 457 3206 522 enim

594 568 924 650 generatio
957 575 1056 633 est
1086 568 1465 649 principium
1498 573 1563 631 et
1593 565 2083 631 fundamentum
2104 566 2277 630 vitae
2298 564 2643 629 naturalis:
2674 565 2766 629 ita
2786 564 3203 645 regeneratiO,

595 693 762 758 quae
794 683 892 740 est
924 676 1190 740 effectus
1221 675 1525 756 baptismi
1556 674 1869 756 proprius,
1903 673 2151 737 initium
2197 679 2293 736 est.
2345 673 2519 737 vitae
2551 671 2947 758 (habitualis)
2985 690 3207 752 super-

593 783 921 860 naturalis,
953 800 1120 864 quae
1152 782 1302 847 dein
1334 781 1596 863 reliquis
1631 781 2002 845 conservari
2032 786 2096 844 et
2131 778 2338 844 excoli
2373 780 2566 845 debet
2584 779 3022 843 sacramentis,
3056 776 3209 840 Hinc

594 889 696 951 Eu
715 888 1002 969 genius
1035 888 1136 954 IV..
1168 888 1234 952 in
1266 888 1554 953 instruct.
1588 905 1706 968 pro
1742 886 2054 951 armenis:
2096 885 2416 960 ,Primum
2449 885 2736 949 omnium
2770 891 3212 948 sacramento-

591 1016 734 1059 rum
766 996 979 1059 locum
1013 1002 1190 1060 tenet
1220 1002 1517 1059 sanetum
1546 993 1891 1075 baptisma,
1923 992 2098 1076 quod
2130 993 2303 1058 vitae
2334 991 2681 1074 spiritualis
2706 992 2909 1073 janua
2943 998 3073 1054 est:
3102 1009 3214 1071 per

595 1104 802 1183 ipsum
835 1102 1003 1167 enim
1035 1102 1328 1166 membra
1360 1100 1593 1166 Christi
1641 1119 1718 1164 ac
1765 1101 1845 1165 de
1892 1118 2166 1183 corpore
2218 1098 2526 1165 efficimur
2555 1099 2895 1163 Ecclesiae.
2960 1098 3037 1160 let
3068 1114 3212 1161 cum

592 1228 707 1290 per
735 1210 1013 1291 primum
1045 1209 1373 1273 hominem
1409 1227 1583 1272 mors
1602 1208 1917 1272 introierit
1950 1208 2014 1270 in
2050 1208 2405 1283 univerSOS,
2438 1206 2556 1269 nisi
2597 1224 2676 1270 ex
2699 1223 2871 1287 aqua
2891 1212 2957 1271 et
2977 1203 3215 1287 Spiritu

593 1317 1008 1393 renascimur,
1042 1335 1173 1381 non
1205 1335 1568 1399 possumus,
1603 1321 1673 1379 ut
1705 1315 1912 1397 inquit
1944 1314 2202 1379 Veritas
2238 1313 2445 1399 (Joan.
2468 1317 2526 1390 3,
2549 1314 2636 1399 5),
2671 1312 2736 1376 in
2768 1330 3036 1393 regnum
3065 1329 3214 1374 coe-

592 1424 804 1488 lorum
834 1424 1161 1488 introire«

773 1563 918 1617 303.
965 1554 1287 1630 Multiplici
1330 1558 1511 1630 typo
1555 1556 1753 1629 patres
1799 1554 1910 1611 hoc
1939 1556 2371 1611 sacramentum
2403 1552 2466 1610 in
2499 1551 2566 1610 V.
2598 1551 2972 1610 Testamento
3007 1549 3212 1608 adum·

592 1643 832 1721 bratum
880 1647 1135 1702 cernunt
1152 1637 1232 1726 ¹):
1283 1643 1755 1718 quotiescunque
1806 1642 1930 1703 scil.
1965 1642 2151 1700 Deum
2203 1642 2419 1718 legunt
2464 1640 2603 1699 miri
2649 1638 2875 1715 aliquid
2918 1638 3214 1697 mediante

591 1751 745 1807 aqua
774 1751 904 1792 esse
934 1736 1258 1809 operatum.
1320 1732 1583 1791 Cernunt
1612 1750 1699 1791 ex.
1732 1751 1819 1808 gr.
1849 1731 2215 1807 baptismum
2245 1730 2668 1789 adumbratum
2701 1729 2842 1791 Gen.
2882 1741 2936 1799 1,
2974 1736 3043 1788 2:
3080 1728 3212 1802 Spi-

594 1824 746 1881 ritus
777 1822 889 1880 Dei
915 1823 1212 1894 ferebatur
1241 1840 1418 1896 super
1448 1839 1672 1898 aquas;
1716 1820 1859 1881 Gen.
1900 1832 1951 1890 1,
1991 1828 2104 1885 20:
2152 1820 2488 1878 Producant
2533 1838 2717 1896 aquae
2746 1819 2950 1892 reptile
2980 1818 3213 1875 animae

595 1913 826 1969 viventis
839 1931 869 1982 ‚·
918 1911 1059 1969 Gen.
1098 1920 1151 1981 2,
1191 1921 1222 1973 7
1258 1910 1319 1968 in
1352 1910 1704 1968 formatione
1736 1910 1994 1968 hominis
2028 1928 2095 1967 ex
2128 1909 2271 1968 limo
2303 1909 2341 1967 i.
2376 1928 2422 1971 e.
2458 1912 2616 1967 terra
2647 1911 2707 1967 et
2738 1927 2922 1983 aqua3
2956 1907 3019 1964 in
3052 1905 3215 1964 fonte

591 2000 874 2076 irrigante
905 2000 1275 2074 paradisum3
1308 2000 1372 2057 in
1404 1999 1650 2067 diluvic,
1685 1998 1749 2057 in
1780 2017 1914 2057 arca
1933 1998 2056 2057 Noe
2090 1998 2417 2057 secundum
2437 1999 2617 2057 verba
2635 1998 2801 2055 Petri
2831 2008 2883 2060 1.
2903 2014 2993 2072 ep.
3018 2004 3074 2067 3,
3102 2004 3215 2064 20;

593 2088 654 2147 in
687 2089 953 2147 transitu
970 2088 1371 2148 israelitarum
1402 2107 1508 2163 per
1537 2106 1697 2146 mare
1728 2087 2005 2155 rubrum;
2046 2088 2109 2145 in
2140 2088 2472 2146 mutatione
2503 2106 2690 2163 aquae
2723 2104 2953 2144 amarae
2983 2084 3051 2143 in
3082 2084 3213 2142 dul-

593 2195 717 2235 cem
749 2178 849 2236 Ex.
877 2188 973 2248 15,
1013 2188 1090 2241 23
1126 2196 1234 2249 ss,;
1268 2178 1333 2236 in
1365 2197 1523 2254 aqua
1554 2177 1626 2236 de
1656 2180 1828 2253 petra
1856 2177 2209 2235 miraculose
2243 2177 2456 2235 educta
2472 2177 2575 2239 Ex.
2606 2187 2699 2245 17,
2743 2187 2765 2238 1
2799 2193 2908 2243 88.;
2943 2173 3006 2232 in
3040 2192 3213 2232 mun·

593 2268 833 2326 datione
864 2268 1148 2326 Naamam
1179 2268 1331 2344 syri3
1379 2267 1444 2326 in
1483 2266 1709 2343 piscina
1739 2266 2044 2341 probatica
2074 2265 2247 2328 Joan.
2286 2276 2340 2335 5,
2377 2276 2446 2335 23
2494 2266 2557 2324 in
2603 2285 2761 2341 aqua
2804 2264 3141 2340 profluente
3186 2282 3215 2321 e

592 2359 775 2417 latere
807 2357 1025 2416 Christi
1055 2357 1224 2419 Joan.
1265 2366 1361 2427 19,
1402 2367 1500 2420 34.
1562 2356 1648 2414 Ex
1682 2356 1903 2431 quibus
1936 2356 2100 2431 typis
2132 2354 2459 2414 secundum
2490 2356 2731 2430 patrum
2762 2352 3213 2429 explicationem

592 2447 898 2505 evidenter
927 2446 1233 2523 colligitur
1268 2441 1329 2508 l.
1362 2445 1648 2522 baptismi
1678 2444 1977 2505 materiam
2009 2462 2137 2504 esse
2169 2464 2413 2521 aquam3
2460 2440 2527 2505 2.
2578 2446 2816 2520 praeter
2852 2443 3213 2501 elementum

590 2536 826 2596 visibile
856 2537 1055 2595 adesse
1089 2536 1376 2594 virtutem
1408 2533 1786 2602 invisibilem,
1821 2534 2104 2593 virtutem
2138 2552 2183 2592 s.
2218 2534 2499 2609 Spiritus,
2535 2550 2686 2609 quae
2719 2550 2829 2607 per
2858 2530 3013 2590 illud
3047 2528 3112 2593 3.
3149 2549 3217 2589 ex

589 2644 765 2702 opere
796 2628 1039 2702 operato
1071 2625 1221 2684 mira
1252 2626 1562 2700 operatur;
1603 2622 2018 2701 significantur
2048 2618 2110 2690 4.
2144 2624 2390 2682 effectus
2423 2623 2597 2699 plane
2629 2621 2953 2691 mirabiles,
2989 2620 3215 2697 ereptio

588 2736 622 2774 a
652 2715 945 2774 diabolica
976 2715 1335 2791 captivitate,
1369 2713 1628 2790 perfecta
1661 2713 1877 2771 deletio
1913 2714 2180 2773 omnium
2212 2716 2606 2789 peccatorum,
2640 2710 3049 2771 reconciliatio
3079 2729 3219 2769 eum

589 2806 725 2876 Deo,
774 2805 1010 2863 collatio
1043 2822 1228 2862 novae
1261 2802 1431 2872 vitae,
1479 2801 1623 2860 adeo
1670 2806 1742 2860 ut
1787 2802 1867 2861 sit
1911 2821 2051 2861 vera
2083 2803 2365 2862 recreatio
2411 2805 2473 2860 et
2516 2800 2890 2879 regeneratio
2922 2799 2997 2858 ad
3028 2799 3219 2859 vitam

589 2894 1118 2970 supernaturalem.
1181 2892 1496 2968 Colligitur
1542 2888 1604 2956 5.
1653 2910 1886 2950 summa
1916 2893 2046 2967 ejus
2078 2892 2151 2952 ad
2186 2892 2437 2950 salutem
2470 2892 2796 2951 necessitas
2829 2892 2890 2948 et
2926 2887 2994 2950 6.
3031 2890 3219 2962 valor,

588 2983 816 3041 etiamsi
849 2987 1012 3040 extra
1041 2981 1365 3040 Ecclesiam
1396 2981 1715 3040 confertur.

770 3118 912 3171 304.
945 3106 1263 3182 Multiplici
1295 3125 1534 3182 quoque
1566 3106 1873 3165 nomine
1904 3109 2104 3181 patres
2136 3106 2421 3182 baptismi
2454 3105 2899 3181 praestantiam,
2949 3103 3219 3180 proprie-

587 3200 742 3254 tates
762 3199 941 3272 atque
961 3196 1206 3255 effectus
1228 3196 1585 3271 significant.
1633 3195 2065 3254 Denominatur
2095 3195 2252 3253 enim
2287 3195 2394 3253 hoc
2428 3198 2862 3253 sacramentum
2899 3188 2961 3255 l.
2999 3213 3032 3250 a
3063 3212 3122 3249 m
3142 3211 3216 3249 a-

588 3393 660 3445 ad
688 3410 712 3444 s
729 3391 802 3461 ig
820 3412 855 3446 n
870 3407 903 3443 a
921 3395 946 3445 t
962 3410 997 3445 u
1015 3411 1071 3445 m
1098 3396 1156 3446 et
1173 3411 1286 3446 non
1302 3396 1633 3447 contentum
1657 3395 1744 3446 :et
1763 3392 1844 3445 sic
1862 3391 2294 3445 matrimonium
2313 3396 2397 3445 est
2417 3391 2840 3462 dignissimum,
2864 3389 2997 3458 quia
3023 3388 3219 3458 signat

587 3471 1051 3540 conjunctionem
1078 3472 1321 3525 duarum
1351 3475 1688 3526 naturarum
1720 3473 1777 3525 in
1812 3487 2050 3542 persona
2080 3471 2309 3524 Christi.
2361 3471 2420 3525 Si
2446 3475 2637 3525 tamen
2666 3471 2767 3524 has
2795 3467 3114 3538 dignitates
3138 3467 3211 3519 ad

588 3551 834 3606 invicem
861 3569 1269 3621 comparemus,
1299 3552 1594 3606 invenitur
1629 3552 1729 3608 illa
1756 3551 2015 3622 dignitas
2042 3551 2358 3619 potissima,
2390 3569 2561 3620 quam
2591 3551 3008 3622 sacramentum
3039 3548 3216 3601 habet

587 3653 652 3687 ex
682 3637 966 3699 contento,
996 3633 1134 3702 quia.
1155 3637 1241 3687 est
1260 3634 1640 3688 essentialiter
1659 3657 1670 3694 ;
1699 3638 1758 3688 et
1781 3634 1908 3687 idco
1927 3637 2347 3688 sacramentum
2368 3632 2747 3687 eucharistiae
2771 3635 2855 3685 est
2873 3629 3216 3700 simpliciter

586 3713 1009 3783 dignissimum,
1037 3717 1094 3767 et
1119 3714 1191 3766 ad
1219 3714 1409 3782 ipsum
1436 3714 1857 3782 quodammodo
1885 3714 1999 3767 alia.
2028 3718 2381 3769 sacramenta
2409 3714 2766 3769 ordinantur.
2818 3711 3089 3781 Dignitas
3117 3727 3212 3763 au-

583 3798 694 3848 tem
727 3811 872 3862 quae
902 3798 987 3847 est
1011 3794 1071 3847 in
1099 3793 1398 3848 efficiendo
1426 3797 1687 3863 respectu
1730 3793 1884 3858 boni,
1925 3793 2271 3864 simpliciter
2311 3795 2618 3863 loquendo,
2664 3794 2962 3864 praevalet
2985 3790 3038 3844 ei
3068 3809 3214 3861 quae

587 3877 672 3939 est
697 3875 757 3928 in
785 3873 1071 3928 amotione
1100 3875 1266 3932 maliz
1294 3877 1352 3927 et
1376 3873 1505 3928 ideo
1534 3874 1874 3944 simpliciter
1902 3874 2209 3942 loquendO,
2236 3879 2367 3944 post
2404 3873 2809 3929 eucharistiam
2845 3871 3102 3927 nobilius
3136 3889 3217 3924 sa-

587 3955 940 4007 cramentum
968 3956 1053 4007 est
1078 3954 1232 4018 ordo,
1261 3970 1361 4024 per
1389 3954 1543 4022 quod
1571 3956 1737 4010 honio
1768 3957 1827 4007 et
1851 3954 1911 4007 in
1939 3954 2127 4023 gratia
2155 3959 2212 4008 et
2239 3955 2300 4008 in
2326 3957 2509 4026 gradu
2537 3953 2843 4025 dignitatis
2863 3953 3130 4024 ponitur:
3162 3957 3218 4006 et

587 4036 717 4100 post
742 4033 849 4086 hoc
877 4034 1249 4097 confirmatio,
1278 4051 1378 4103 per
1407 4052 1578 4102 quarn
1606 4033 1880 4103 perfectio
1909 4034 2130 4104 gratiae
2158 4037 2477 4090 confertur:
2506 4039 2565 4089 et
2589 4038 2719 4105 post
2746 4034 3086 4104 baptismuS,
3118 4050 3216 4103 per

587 4130 756 4179 quem
786 4114 851 4166 fit
875 4115 1048 4182 plena.
1074 4114 1329 4169 remissio
1358 4114 1560 4184 culpae
1589 4118 1647 4167 et
1675 4130 1921 4183 poenae:
1949 4117 2007 4166 et
2032 4117 2163 4185 post
2188 4115 2634 4174 matrimonium,
2663 4115 2817 4183 quod
2839 4114 3015 4167 habet
3041 4114 3215 4166 maxi-

585 4208 736 4246 mam
765 4193 1258 4264 significationem.
1302 4193 1666 4247 Poenitentia
1693 4197 1887 4248 autem
1915 4198 1974 4248 et
1999 4197 2251 4250 extrema
2280 4196 2476 4251 unctio
2501 4199 2800 4267 ponuntur
2827 4194 2977 4247 inter
3002 4195 3215 4264 baptis·

586 4291 741 4326 mum
769 4277 826 4326 et
851 4273 1308 4332 matrimonium:
1356 4275 1494 4342 quia
1522 4275 1868 4329 ordinantur
1894 4275 2108 4329 directe
2137 4277 2209 4329 ad
2238 4275 2616 4331 remotionem
2643 4275 2813 4332 mali:
2860 4275 3129 4343 quamvis
3154 4275 3213 4330 in

585 4354 690 4406 hoc·
721 4353 1078 4422 poenitentia
1105 4354 1314 4408 habeat
1340 4355 1618 4409 minorem
1647 4356 1960 4410 efficaciam
1990 4372 2163 4424 quam
2193 4356 2548 4426 baptismus:
2577 4355 2715 4425 quia
2742 4355 3046 4409 ordinatur
3085 4373 3211 4410 con·

585 4437 672 4485 tra
693 4433 922 4503 culpam
948 4435 1230 4488 actualem
1259 4437 1505 4499 tantum,
1533 4438 1591 4488 et
1617 4453 1730 4490 non
1758 4435 1915 4489 delet
1940 4436 2198 4490 totaliter
2225 4453 2495 4507 poenam:
2526 4439 2584 4490 et
2608 4436 2797 4490 adhuc
2818 4435 3097 4490 minorem
3127 4452 3213 4488 ex-

585 4517 761 4567 trema
790 4514 1003 4578 unctio,
1032 4531 1178 4582 quae
1205 4517 1405 4569 contra
1431 4515 1708 4584 reliquias
1737 4516 1957 4585 peccati
1986 4516 2337 4570 ordinatur.“

807 4598 840 4664 ¹)
871 4595 952 4647 Cf.
999 4594 1067 4647 de
1114 4596 1266 4667 typis
1314 4595 1751 4650 Ambrosius
1791 4596 1860 4648 de
1901 4600 2066 4665 myst.
2109 4613 2154 4652 c.
2196 4605 2228 4652 3
2268 4601 2325 4650 ct
2365 4597 2904 4651 Tertullianus
2945 4596 3015 4650 de
3059 4598 3211 4667 bapt.

585 4690 776 4741 opusc.
805 4673 944 4736 VII..
974 4677 1074 4730 ubi
1103 4675 1162 4728 in
1189 4676 1661 4731 annotationibus
1688 4677 1941 4745 plurima
1968 4677 2083 4730 alia,
2112 4679 2343 4747 patrum
2371 4677 2713 4731 adduximus
2734 4677 3085 4733 testimonia..
3117 4678 3212 4730 Po·

585 4751 754 4805 tiores
783 4755 981 4823 paucis
1009 4757 1241 4809 exhibot
1265 4756 1316 4808 H
1334 4755 1353 4808 i
1371 4773 1398 4804 e
1415 4774 1444 4808 r
1460 4772 1491 4811 o
1510 4774 1545 4808 n
1562 4775 1598 4823 y
1617 4775 1671 4808 m
1689 4775 1724 4810 u
1746 4774 1771 4808 s
1797 4773 1886 4825 cp.
1916 4763 1984 4813 69
2014 4775 2067 4811 n.
2098 4765 2145 4811 ·.’.
