3538 5364
1390 271 1954 342 supernaturalitate.
2851 276 2980 341 637

363 456 426 527 3,
469 456 516 547 2
565 452 650 537 (n.
701 450 912 537 673).«
983 448 1069 515 Cl.
1121 468 1172 513 c.
1225 457 1447 532 gentes
1496 450 1589 527 III,
1640 455 1727 520 52
1775 470 1857 526 s.;
1909 446 2308 531 Stentrup
2359 446 2669 531 Synopsis
2718 450 2799 515 de
2847 449 2986 515 Deo

362 575 494 622 uno
526 574 579 620 c.
613 562 669 625 2.

539 687 850 745 Praeterea
879 705 987 762 pro
1019 687 1363 747 diversitate
1394 687 1735 746 intellectus
1766 685 1929 745 aliud
1959 688 2140 761 atque
2171 685 2334 744 aliud
2379 688 2468 744 est
2512 685 2810 762 objectum
2841 706 2983 762 pro-

363 776 578 852 prium,
623 776 784 853 quod
826 775 957 851 ipse
987 775 1326 835 immediate
1358 778 1419 835 et
1448 775 1733 835 intuitive
1764 775 1945 835 videt.
2008 774 2198 850 Atqui
2228 774 2490 834 essentia
2518 775 2725 834 divina
2755 778 2847 835 est
2878 777 2983 836 ob-

353 867 583 942 jectum
627 865 933 941 proprium
980 868 1040 924 et
1083 864 1461 941 proportione
1506 864 1767 924 naturali
1799 863 2162 940 respondens
2192 863 2526 923 intellectui
2558 863 2781 923 divino.
2847 865 2987 925 Non

361 953 600 1015 videtur
629 972 771 1032 ergo
803 955 1100 1031 objectum
1132 954 1459 1030 proprium,
1507 953 1667 1029 quod
1711 953 2050 1013 immediate
2094 955 2155 1012 et
2197 953 2483 1012 intuitive
2528 956 2844 1031 cognoscat
2887 955 2982 1013 in-

359 1044 632 1104 tellectus
663 1045 911 1115 creatus,
946 1044 1053 1119 qui
1083 1046 1293 1121 utpote
1326 1043 1554 1102 ordinis
1586 1061 1833 1120 prorsus
1864 1042 2164 1102 inferioris
2184 1042 2485 1118 objectum
2516 1042 2769 1102 inferius
2802 1043 2988 1103 habe-

361 1133 469 1204 bit,
520 1132 680 1209 quod
722 1132 1060 1192 immediate
1109 1136 1169 1192 et
1212 1133 1493 1192 intuitive
1537 1134 1870 1210 cognoscat,
1921 1131 2152 1208 ipsique
2200 1131 2555 1191 naturaliter
2601 1132 2982 1208 respondeat.

362 1223 531 1281 Hanc
559 1222 848 1281 rationem
881 1239 927 1280 s.
957 1222 1209 1282 Thomas
1240 1221 1420 1281 variis
1449 1221 1639 1281 modis
1672 1220 1953 1298 proponit
1983 1223 2189 1280 contra
2217 1223 2427 1299 gentes
2458 1220 2565 1294 111,
2605 1231 2704 1285 52.
2768 1222 2863 1280 Ita
2894 1242 2983 1282 ex.

364 1327 483 1389 gt:
530 1310 740 1381 ,Quod
787 1313 879 1370 est
922 1312 1244 1388 superioris
1278 1313 1527 1370 naturae
1558 1310 1886 1388 proprium,
1932 1328 2053 1369 non
2098 1313 2296 1386 potest
2329 1310 2610 1386 consequi
2643 1313 2858 1370 natura
2888 1311 2986 1370 in-

362 1400 543 1460 ferior
584 1400 702 1460 nisi
746 1420 851 1476 per
893 1400 1183 1460 actionem
1216 1399 1540 1476 superioris
1572 1403 1839 1470 naturae,
1888 1400 2060 1476 cujus
2106 1402 2199 1459 est
2245 1400 2584 1477 proprium:
2630 1400 2785 1460 sicut
2829 1419 2990 1478 aqua

362 1508 483 1550 non
512 1492 714 1565 potest
741 1507 870 1548 esse
900 1489 1087 1548 calida
1115 1489 1235 1548 nisi
1263 1508 1369 1566 per
1398 1489 1688 1549 actionem
1721 1489 1902 1567 ignis.
1966 1488 2178 1548 Videre
2209 1492 2407 1548 autem
2441 1490 2630 1548 Deum
2659 1509 2765 1566 per
2794 1489 2983 1566 ipsam

363 1578 682 1638 essentiam
714 1578 970 1638 divinam
1004 1581 1096 1637 est
1125 1579 1437 1655 proprium
1467 1580 1714 1638 naturae
1746 1578 2000 1642 divinae.
2067 1578 2311 1654 Operari
2343 1578 2501 1637 enim
2542 1598 2649 1655 per
2680 1579 2990 1656 propriam

362 1669 611 1727 formam
655 1670 748 1726 est
790 1669 1097 1744 proprium
1143 1667 1463 1743 cujuslibet
1508 1667 1822 1744 operantis,
1898 1667 2079 1727 Nulla
2130 1667 2321 1745 igitur
2364 1667 2788 1727 intellectualis
2837 1667 2980 1727 sub-

362 1757 581 1817 stantia
610 1758 811 1833 potest
839 1757 1040 1816 videre
1059 1757 1247 1815 Deum
1278 1776 1384 1832 per
1412 1757 1603 1834 ipsam
1637 1756 1900 1816 divinam
1933 1758 2272 1827 essentiam,
2305 1756 2424 1815 nisi
2443 1756 2562 1815 Deo
2583 1757 2692 1815 hoc
2713 1757 2991 1817 faciente.

362 1846 655 1922 Amplius,
700 1846 889 1904 forma
918 1847 1172 1921 alicujus
1204 1846 1443 1923 propria
1472 1864 1594 1905 non
1623 1846 1695 1904 fit
1724 1845 1970 1905 alterius
2000 1845 2118 1904 nisi
2167 1865 2234 1904 eo
2284 1848 2510 1922 agente.
2576 1847 2776 1923 Agens
2823 1847 2988 1905 enim

362 1936 505 1995 facit
546 1935 662 1995 sibi
708 1934 898 1994 simile
943 1935 1008 1994 in
1052 1938 1345 2011 quantum
1376 1936 1624 1995 formam
1657 1954 1825 1994 suam
1857 1935 2030 1994 alteri
2061 1935 2474 1997 communicat.
2537 1934 2749 1994 Videre
2781 1938 2984 1995 autem

364 2025 762 2085 substantiam
782 2024 889 2083 Dei
920 2024 1290 2101 impossibile
1323 2027 1432 2096 est,
1465 2024 1583 2083 nisi
1615 2024 1743 2102 ipsa
1773 2025 1977 2084 divina
2008 2024 2264 2083 essentia
2295 2024 2377 2082 sit
2404 2023 2596 2082 forma
2626 2024 2983 2096 intellectus,

362 2132 483 2190 qua
512 2112 819 2191 intelligit,
850 2116 922 2172 ut
951 2115 1268 2190 probatum
1300 2116 1407 2173 est.
1454 2113 1831 2190 Impossibile
1863 2116 1953 2172 est
1983 2113 2191 2191 igitur,
2225 2112 2383 2189 quod
2416 2112 2613 2188 aliqua
2645 2114 2990 2173 substantia

362 2207 558 2263 creata
586 2203 660 2262 ad
691 2203 849 2261 illam
882 2202 1173 2263 visionem
1204 2203 1529 2278 perveniat,
1563 2203 1682 2262 nisi
1713 2222 1821 2280 per
1851 2203 2140 2262 actionem
2173 2202 2492 2265 divinam}

544 2337 690 2391 680.
721 2327 942 2387 Verum
974 2328 1237 2403 excipere
1268 2327 1404 2403 quis
1436 2329 1654 2403 posset,
1700 2328 1991 2386 rationem
2038 2348 2073 2386 a
2120 2346 2166 2386 s.
2211 2326 2485 2386 Thoma
2528 2325 2780 2402 aliisque
2812 2325 2984 2385 theo-

361 2416 512 2491 logis
556 2416 789 2475 allatam
833 2415 1083 2475 nimium
1127 2417 1395 2493 probare,
1441 2417 1561 2476 scil.
1607 2436 1729 2476 non
1775 2418 1968 2477 solum
2012 2417 2300 2476 visionem
2333 2416 2439 2474 Dei
2470 2418 2720 2474 naturae
2753 2416 2983 2474 creatae

359 2505 519 2565 vires
550 2505 842 2576 excedere,
888 2506 989 2564 sed
1021 2523 1149 2565 esse
1179 2506 1350 2583 plane
1380 2506 1826 2582 impossibilem,
1874 2525 2013 2564 nam
2059 2509 2126 2571 τὸ
2173 2524 2294 2565 esse
2340 2507 2640 2564 creaturae
2671 2522 2981 2579 nunquam

361 2595 576 2654 elevari
605 2598 807 2671 potest
836 2594 908 2653 ad
942 2595 1336 2654 conditionem
1367 2604 1473 2659 τοῦ
1504 2613 1633 2654 csse
1663 2595 1872 2658 divini.
1918 2594 2012 2653 Ad
2042 2595 2191 2654 banc
2211 2594 2624 2654 difficultatem
2643 2593 2984 2653 solvendam

362 2685 682 2762 respondet
711 2685 1042 2761 Ripalda
1087 2685 1159 2744 de
1197 2689 1332 2745 ente
1366 2688 1665 2762 supernat.
1699 2686 1756 2748 d.
1796 2697 1871 2749 10
1907 2704 1952 2749 ε.
1990 2695 2025 2749 6
2060 2705 2118 2746 n.
2156 2694 2267 2747 29:
2317 2680 2437 2754 ,Ut
2479 2682 2681 2760 aliqua
2711 2682 2988 2759 potentia

361 2792 716 2852 cognoscens
749 2774 1012 2833 elevetur
1052 2774 1125 2833 ad
1170 2775 1431 2850 aliquem
1462 2775 1703 2834 modum
1737 2793 1844 2833 seu
1874 2774 2294 2850 perfectionem
2325 2773 2680 2851 cognitionis
2711 2772 2857 2854 (sibi
2886 2772 2984 2830 in-

362 2859 666 2946 debitam),
712 2882 865 2940 opus
897 2866 1005 2934 est,
1052 2869 1122 2922 ut
1166 2883 1301 2923 eum
1333 2863 1576 2923 modum
1605 2883 1711 2923 seu
1741 2864 2160 2940 perfectionem
2188 2863 2548 2940 cognitionis
2578 2864 2844 2921 exerceat
2873 2880 2984 2920 na-

360 2953 639 3011 turaliter
667 2953 821 3012 circa
850 2953 1095 3028 aliquod
1127 2952 1426 3029 objectum
1458 2953 1576 3012 sibi
1604 2953 1907 3012 naturale:
1938 2953 2191 3012 ulterius
2224 2952 2421 3022 etiam,
2455 2954 2528 3012 ut
2557 2951 2872 3027 objectum,
2906 2951 2986 3009 ad

363 3041 523 3116 quod
553 3041 662 3100 tali
695 3042 1052 3117 perfectione
1074 3042 1545 3120 cognoscendum
1565 3043 1848 3113 elevatur,
1882 3042 2018 3101 talis
2037 3041 2336 3118 potentiae
2356 3043 2656 3118 objectum
2687 3041 2786 3112 sit,
2819 3041 2982 3116 quod

360 3127 609 3207 aliquali
640 3131 979 3208 cognitione
1012 3131 1287 3203 naturali,
1323 3131 1594 3206 quamvis
1625 3131 1980 3190 abstractive
2011 3134 2073 3190 et
2091 3131 2349 3201 confuse,
2382 3131 2764 3208 percipiatur.
2830 3130 2983 3188 Nam

362 3219 474 3278 hoc
503 3223 677 3295 pacto
708 3221 977 3297 potentia
1006 3220 1208 3279 vitalis
1245 3240 1351 3298 per
1393 3221 1574 3279 talem
1608 3221 2002 3298 cognitionem
2034 3240 2225 3297 neque
2257 3223 2423 3279 extra
2454 3239 2632 3280 suum
2663 3219 2980 3295 objectum,

361 3328 554 3385 neque
586 3313 750 3368 extra
780 3309 1024 3368 modum
1055 3310 1445 3387 cognoscendi
1477 3310 1593 3368 sibi
1625 3309 1956 3369 naturalem
1989 3313 2297 3386 vagatur.‘
2365 3310 2508 3369 Fere
2556 3309 2762 3368 eodem
2807 3308 2986 3367 modo

360 3398 682 3475 respondet
712 3399 1070 3457 Mazzella
1099 3397 1251 3474 disp.
1288 3409 1324 3461 4
1358 3418 1409 3456 a.
1446 3408 1501 3469 7,
1549 3398 1655 3475 qui
1700 3399 1857 3458 facta
1902 3398 2284 3457 distinctione
2315 3400 2474 3457 inter
2503 3399 2838 3457 intellectus
2873 3399 2981 3456 ob·

352 3486 582 3563 jectum
613 3488 1013 3563 proprium
1046 3486 1232 3567 (quod
1279 3488 1353 3545 ab
1394 3487 1528 3546 aliis
1562 3487 1781 3546 dicitur
1808 3487 2333 3564 proportionatum
2363 3489 2456 3547 vel
2487 3481 2980 3568 specificativum)

361 3578 423 3635 et
465 3576 648 3634 adae
667 3580 1013 3652 quatum,
1059 3576 1217 3652 quod
1265 3580 1572 3652 utcunque
1618 3577 1833 3635 saltem
1863 3577 2296 3652 supernaturali
2326 3576 2552 3635 lumine
2583 3575 2858 3650 adjutum
2890 3578 2982 3633 at-

359 3664 590 3742 tingere
621 3669 832 3741 potest‚
866 3665 1077 3725 scribit
1106 3686 1162 3724 n.
1188 3675 1345 3729 844:
1383 3665 1655 3734 ¹,Dicenti
1688 3684 1861 3743 ergo:
1895 3667 2064 3724 nulla
2092 3665 2361 3741 potentia
2389 3667 2587 3741 potest
2618 3683 2787 3742 agere
2819 3666 2988 3722 extra

362 3772 540 3814 suum
570 3753 885 3830 object-um,
919 3755 1314 3831 respondetur
1344 3755 1509 3818 dist.:
1542 3758 1708 3814 extra
1738 3774 1917 3814 suum
1939 3755 2238 3828 objectum
2257 3754 2669 3831 adaequatum,
2701 3769 2860 3811 conc.
2891 3748 2986 3831 (ac

361 3845 670 3919 propterea
700 3844 864 3903 visus
896 3845 1107 3921 nequit
1137 3844 1435 3920 percipere
1469 3840 1699 3926 sonos):
1746 3848 1915 3902 extra
1959 3861 2136 3902 suum
2181 3843 2482 3917 objectum
2514 3840 2986 3918 specificativum

361 3950 466 3991 seu
497 3934 823 4009 proprium,
856 3933 1057 3995 subd.:
1099 3934 1362 3993 naturali
1395 3934 1621 3993 virtute
1654 3952 1845 4003 conc.;
1894 3933 2426 4008 supernaturaliter
2455 3931 2675 4007 adjuta,
2711 3949 2845 4007 neg.
2876 3930 2980 3989 Di-

360 4020 502 4080 vina
530 4022 688 4080 enim
721 4023 1073 4095 substantia,
1107 4023 1307 4100 inquit
1339 4024 1512 4082 divus
1545 4023 1865 4082 Thomas
1898 4042 1946 4085 c.
1965 4024 2126 4099 gent.
2147 4022 2253 4091 III,
2291 4032 2392 4093 54,
2424 4039 2548 4081 non
2579 4020 2664 4080 sic
2695 4024 2787 4079 est
2818 4021 2986 4078 extra

360 4110 702 4169 facultatem
748 4113 929 4171 creati
972 4112 1333 4183 intellectus,
1382 4113 1554 4188 quasi
1584 4112 1811 4188 aliquid
1844 4111 2085 4172 omnino
2117 4113 2462 4170 extraneum
2506 4111 2580 4169 ab
2627 4109 2777 4185 ipsc,
2826 4108 2985 4167 sicut

362 4202 452 4258 est
481 4218 661 4258 sonus
694 4220 727 4258 a
756 4200 909 4272 visu,
954 4200 1048 4261 vel
1091 4201 1428 4260 substantia
1458 4202 1865 4261 immaterialis
1905 4221 1938 4259 a
1983 4219 2192 4260 sensu:
2240 4220 2379 4260 nam
2410 4200 2612 4259 divina
2643 4198 2987 4258 substantia

361 4291 454 4347 est
482 4289 741 4364 primum
774 4290 1148 4368 intelligibile
1181 4294 1242 4349 et
1271 4290 1463 4350 totius
1493 4290 1914 4350 intellectualis
1948 4280 2309 4368 cognitionis
2333 4288 2719 4366 principium,
2754 4287 2859 4346 sed
2889 4290 2985 4345 est

362 4379 529 4435 extra
571 4377 914 4438 facultatem
966 4379 1309 4439 intellectus
1363 4380 1561 4451 creati,
1611 4380 1765 4439 sicut
1816 4381 2096 4439 excedens
2139 4379 2428 4439 virtutem
2473 4379 2621 4455 ejus,
2671 4377 2831 4437 sicut
2881 4395 2980 4435 ex-

361 4466 640 4526 cellentia
671 4468 1042 4527 sensibilium
1090 4471 1232 4527 sunt
1276 4472 1443 4528 extra
1484 4468 1825 4528 facultatem
1872 4487 2159 4529 sensuum
2190 4512 2205 4527 .
2238 4514 2251 4527 .
2286 4513 2298 4526 .
2351 4469 2588 4545 Indiget
2617 4467 2808 4544 igitur
2839 4484 2977 4524 con-

360 4554 570 4615 fortari
599 4556 938 4617 intellectus
970 4560 1200 4617 creatus
1232 4550 1435 4634 aliquo
1468 4558 1669 4617 divino
1703 4558 1928 4617 lumine
1974 4557 2049 4616 ad
2096 4558 2226 4630 hoc,
2274 4558 2435 4634 quod
2480 4557 2744 4616 divinam
2777 4573 2984 4615 essen-

358 4644 506 4703 tiam
536 4645 735 4705 videre
769 4647 1023 4722 possit.‘
