<?xml version="1.0" encoding="UTF-8"?>
<!DOCTYPE html PUBLIC "-//W3C//DTD XHTML 1.0 Transitional//EN"
    "http://www.w3.org/TR/xhtml1/DTD/xhtml1-transitional.dtd">
<html xmlns="http://www.w3.org/1999/xhtml" xml:lang="en" lang="en">
 <head>
  <title>
</title>
<meta http-equiv="Content-Type" content="text/html;charset=utf-8" />
  <meta name='ocr-system' content='tesseract 3.04.00' />
  <meta name='ocr-capabilities' content='ocr_page ocr_carea ocr_par ocr_line ocrx_word'/>
</head>
<body>
  <div class='ocr_page' id='page_1' title='image "./theologiaedogma00hurtgoog_0511.png"; bbox 0 0 3538 5364; ppageno 0'>
   <div class='ocr_carea' id='block_1_1' title="bbox 763 324 2996 397">
    <p class='ocr_par' dir='ltr' id='par_1_1' title="bbox 763 324 2996 397">
     <span class='ocr_line' id='line_1_1' title="bbox 763 324 2996 397; baseline -0.002 -17"><span class='ocrx_word' id='word_1_1' title='bbox 763 327 834 380; x_wconf 78' lang='lat' dir='ltr'>ad</span> <span class='ocrx_word' id='word_1_2' title='bbox 865 344 1033 395; x_wconf 91' lang='lat' dir='ltr'>quem</span> <span class='ocrx_word' id='word_1_3' title='bbox 1063 327 1327 397; x_wconf 87' lang='lat' dir='ltr'>spectant</span> <span class='ocrx_word' id='word_1_4' title='bbox 1351 326 1524 379; x_wconf 82' lang='lat' dir='ltr'>etiam</span> <span class='ocrx_word' id='word_1_5' title='bbox 1558 326 2033 394; x_wconf 85' lang='lat' dir='ltr'>supereffluentes</span> <span class='ocrx_word' id='word_1_6' title='bbox 2061 324 2477 380; x_wconf 73' lang='lat' dir='ltr'>satisfactiones</span> <span class='ocrx_word' id='word_1_7' title='bbox 2505 327 2596 380; x_wconf 65' lang='lat' dir='ltr'>SS.</span> <span class='ocrx_word' id='word_1_8' title='bbox 2868 334 2996 397; x_wconf 75' lang='lat'>501</span> 
     </span>
    </p>
   </div>
   <div class='ocr_carea' id='block_1_2' title="bbox 375 506 3009 1443">
    <p class='ocr_par' dir='ltr' id='par_1_2' title="bbox 375 506 3009 1443">
     <span class='ocr_line' id='line_1_2' title="bbox 375 506 3000 590; baseline -0 -20"><span class='ocrx_word' id='word_1_9' title='bbox 375 514 529 571; x_wconf 87' lang='lat' dir='ltr'>sunt</span> <span class='ocrx_word' id='word_1_10' title='bbox 561 507 779 572; x_wconf 84' lang='lat' dir='ltr'>effecti.</span> <span class='ocrx_word' id='word_1_11' title='bbox 842 506 1048 586; x_wconf 85' lang='lat' dir='ltr'>Quem</span> <span class='ocrx_word' id='word_1_12' title='bbox 1093 507 1352 590; x_wconf 89' lang='lat' dir='ltr'>quidem</span> <span class='ocrx_word' id='word_1_13' title='bbox 1402 508 1777 571; x_wconf 82' lang='lat' dir='ltr'>thesaurum</span> <span class='ocrx_word' id='word_1_14' title='bbox 1815 525 1946 571; x_wconf 91' lang='lat' dir='ltr'>non</span> <span class='ocrx_word' id='word_1_15' title='bbox 1980 506 2043 569; x_wconf 93' lang='lat' dir='ltr'>in</span> <span class='ocrx_word' id='word_1_16' title='bbox 2077 506 2336 569; x_wconf 84' lang='lat' dir='ltr'>sudario</span> <span class='ocrx_word' id='word_1_17' title='bbox 2369 508 2739 587; x_wconf 84' lang='lat' dir='ltr'>repositum,</span> <span class='ocrx_word' id='word_1_18' title='bbox 2773 525 2902 569; x_wconf 90' lang='lat' dir='ltr'>non</span> <span class='ocrx_word' id='word_1_19' title='bbox 2936 507 3000 569; x_wconf 89' lang='lat' dir='ltr'>in</span> 
     </span>
     <span class='ocr_line' id='line_1_3' title="bbox 379 613 3002 696; baseline -0.001 -18"><span class='ocrx_word' id='word_1_20' title='bbox 379 632 538 696; x_wconf 88' lang='lat' dir='ltr'>agro</span> <span class='ocrx_word' id='word_1_21' title='bbox 573 614 1038 688; x_wconf 89' lang='lat' dir='ltr'>absconditum,</span> <span class='ocrx_word' id='word_1_22' title='bbox 1073 615 1188 679; x_wconf 91' lang='lat' dir='ltr'>sed</span> <span class='ocrx_word' id='word_1_23' title='bbox 1219 633 1334 696; x_wconf 89' lang='lat' dir='ltr'>per</span> <span class='ocrx_word' id='word_1_24' title='bbox 1360 614 1418 677; x_wconf 90' lang='lat' dir='ltr'>b.</span> <span class='ocrx_word' id='word_1_25' title='bbox 1440 613 1700 678; x_wconf 87' lang='lat' dir='ltr'>Petrum</span> <span class='ocrx_word' id='word_1_26' title='bbox 1717 613 1884 677; x_wconf 89' lang='lat' dir='ltr'>coeli</span> <span class='ocrx_word' id='word_1_27' title='bbox 1906 613 2291 693; x_wconf 86' lang='lat' dir='ltr'>clavigerum</span> <span class='ocrx_word' id='word_1_28' title='bbox 2314 613 2576 695; x_wconf 86' lang='lat' dir='ltr'>ejusque</span> <span class='ocrx_word' id='word_1_29' title='bbox 2594 630 3002 678; x_wconf 80' lang='lat' dir='ltr'>successores</span> 
     </span>
     <span class='ocr_line' id='line_1_4' title="bbox 383 719 3001 801; baseline -0.001 -16"><span class='ocrx_word' id='word_1_30' title='bbox 383 739 535 785; x_wconf 89' lang='lat' dir='ltr'>suos</span> <span class='ocrx_word' id='word_1_31' title='bbox 573 721 636 784; x_wconf 91' lang='lat' dir='ltr'>in</span> <span class='ocrx_word' id='word_1_32' title='bbox 671 722 857 786; x_wconf 90' lang='lat' dir='ltr'>terris</span> <span class='ocrx_word' id='word_1_33' title='bbox 888 721 1164 785; x_wconf 87' lang='lat' dir='ltr'>vicarios</span> <span class='ocrx_word' id='word_1_34' title='bbox 1196 721 1521 785; x_wconf 81' lang='lat' dir='ltr'>commisit</span> <span class='ocrx_word' id='word_1_35' title='bbox 1553 720 1847 785; x_wconf 89' lang='lat' dir='ltr'>fidelibus</span> <span class='ocrx_word' id='word_1_36' title='bbox 1880 720 2221 785; x_wconf 81' lang='lat' dir='ltr'>salubriter</span> <span class='ocrx_word' id='word_1_37' title='bbox 2241 719 2746 801; x_wconf 90' lang='lat' dir='ltr'>dispensandum</span> <span class='ocrx_word' id='word_1_38' title='bbox 2768 726 2833 784; x_wconf 91' lang='lat' dir='ltr'>et</span> <span class='ocrx_word' id='word_1_39' title='bbox 2852 738 3001 800; x_wconf 93' lang='lat' dir='ltr'>pro-</span> 
     </span>
     <span class='ocr_line' id='line_1_5' title="bbox 383 824 3003 908; baseline -0 -18"><span class='ocrx_word' id='word_1_40' title='bbox 383 827 541 908; x_wconf 85' lang='lat' dir='ltr'>priis</span> <span class='ocrx_word' id='word_1_41' title='bbox 574 833 639 891; x_wconf 89' lang='lat' dir='ltr'>et</span> <span class='ocrx_word' id='word_1_42' title='bbox 669 827 1088 892; x_wconf 84' lang='lat' dir='ltr'>rationalibus</span> <span class='ocrx_word' id='word_1_43' title='bbox 1120 828 1332 891; x_wconf 90' lang='lat' dir='ltr'>causis</span> <span class='ocrx_word' id='word_1_44' title='bbox 1363 843 1534 891; x_wconf 91' lang='lat' dir='ltr'>nunc</span> <span class='ocrx_word' id='word_1_45' title='bbox 1565 845 1681 908; x_wconf 89' lang='lat' dir='ltr'>pro</span> <span class='ocrx_word' id='word_1_46' title='bbox 1717 825 1913 902; x_wconf 83' lang='lat' dir='ltr'>totali,</span> <span class='ocrx_word' id='word_1_47' title='bbox 1964 842 2134 889; x_wconf 91' lang='lat' dir='ltr'>nunc</span> <span class='ocrx_word' id='word_1_48' title='bbox 2177 844 2294 907; x_wconf 92' lang='lat' dir='ltr'>pro</span> <span class='ocrx_word' id='word_1_49' title='bbox 2344 825 2596 907; x_wconf 85' lang='lat' dir='ltr'>partiali</span> <span class='ocrx_word' id='word_1_50' title='bbox 2628 824 3003 889; x_wconf 84' lang='lat' dir='ltr'>remissione</span> 
     </span>
     <span class='ocr_line' id='line_1_6' title="bbox 383 931 3006 1016; baseline -0.001 -19"><span class='ocrx_word' id='word_1_51' title='bbox 383 952 634 1014; x_wconf 90' lang='lat' dir='ltr'>poenae</span> <span class='ocrx_word' id='word_1_52' title='bbox 669 932 1038 1016; x_wconf 90' lang='lat' dir='ltr'>temporalis</span> <span class='ocrx_word' id='word_1_53' title='bbox 1069 953 1186 1016; x_wconf 91' lang='lat' dir='ltr'>pro</span> <span class='ocrx_word' id='word_1_54' title='bbox 1218 934 1499 1016; x_wconf 87' lang='lat' dir='ltr'>peccatis</span> <span class='ocrx_word' id='word_1_55' title='bbox 1532 933 1789 997; x_wconf 87' lang='lat' dir='ltr'>debitae</span> <span class='ocrx_word' id='word_1_56' title='bbox 1839 941 1973 997; x_wconf 87' lang='lat' dir='ltr'>tam</span> <span class='ocrx_word' id='word_1_57' title='bbox 2006 933 2388 1014; x_wconf 87' lang='lat' dir='ltr'>generaliter</span> <span class='ocrx_word' id='word_1_58' title='bbox 2418 950 2612 1015; x_wconf 91' lang='lat' dir='ltr'>quam</span> <span class='ocrx_word' id='word_1_59' title='bbox 2645 931 3006 1013; x_wconf 81' lang='lat' dir='ltr'>specialiter</span> 
     </span>
     <span class='ocr_line' id='line_1_7' title="bbox 383 1038 3005 1126; baseline -0 -24"><span class='ocrx_word' id='word_1_60' title='bbox 383 1041 605 1124; x_wconf 88' lang='lat' dir='ltr'>(prout</span> <span class='ocrx_word' id='word_1_61' title='bbox 635 1059 783 1104; x_wconf 91' lang='lat' dir='ltr'>cum</span> <span class='ocrx_word' id='word_1_62' title='bbox 815 1039 950 1106; x_wconf 93' lang='lat' dir='ltr'>Deo</span> <span class='ocrx_word' id='word_1_63' title='bbox 998 1041 1297 1122; x_wconf 86' lang='lat' dir='ltr'>expedire</span> <span class='ocrx_word' id='word_1_64' title='bbox 1343 1042 1833 1126; x_wconf 85' lang='lat' dir='ltr'>cognoscerent)</span> <span class='ocrx_word' id='word_1_65' title='bbox 1880 1058 2030 1105; x_wconf 87' lang='lat' dir='ltr'>vere</span> <span class='ocrx_word' id='word_1_66' title='bbox 2075 1038 2550 1121; x_wconf 89' lang='lat' dir='ltr'>poenitentibus</span> <span class='ocrx_word' id='word_1_67' title='bbox 2602 1047 2666 1105; x_wconf 91' lang='lat' dir='ltr'>et</span> <span class='ocrx_word' id='word_1_68' title='bbox 2697 1038 3005 1103; x_wconf 84' lang='lat' dir='ltr'>confessis</span> 
     </span>
     <span class='ocr_line' id='line_1_8' title="bbox 387 1145 3006 1230; baseline -0 -20"><span class='ocrx_word' id='word_1_69' title='bbox 387 1148 885 1212; x_wconf 86' lang='lat' dir='ltr'>misericorditer</span> <span class='ocrx_word' id='word_1_70' title='bbox 919 1149 1387 1230; x_wconf 88' lang='lat' dir='ltr'>applicandum.</span> <span class='ocrx_word' id='word_1_71' title='bbox 1451 1147 1548 1211; x_wconf 90' lang='lat' dir='ltr'>Ad</span> <span class='ocrx_word' id='word_1_72' title='bbox 1599 1148 1783 1229; x_wconf 85' lang='lat' dir='ltr'>cujus</span> <span class='ocrx_word' id='word_1_73' title='bbox 1833 1147 2094 1230; x_wconf 90' lang='lat' dir='ltr'>quidem</span> <span class='ocrx_word' id='word_1_74' title='bbox 2124 1148 2413 1211; x_wconf 89' lang='lat' dir='ltr'>thesauri</span> <span class='ocrx_word' id='word_1_75' title='bbox 2443 1146 2768 1210; x_wconf 91' lang='lat' dir='ltr'>cumulum</span> <span class='ocrx_word' id='word_1_76' title='bbox 2800 1145 2858 1209; x_wconf 90' lang='lat' dir='ltr'>b.</span> <span class='ocrx_word' id='word_1_77' title='bbox 2893 1145 3006 1209; x_wconf 89' lang='lat' dir='ltr'>Dei</span> 
     </span>
     <span class='ocr_line' id='line_1_9' title="bbox 389 1252 3009 1336; baseline -0.001 -18"><span class='ocrx_word' id='word_1_78' title='bbox 389 1254 710 1335; x_wconf 84' lang='lat' dir='ltr'>genitricis</span> <span class='ocrx_word' id='word_1_79' title='bbox 743 1263 808 1320; x_wconf 90' lang='lat' dir='ltr'>et</span> <span class='ocrx_word' id='word_1_80' title='bbox 839 1256 1124 1319; x_wconf 90' lang='lat' dir='ltr'>omnium</span> <span class='ocrx_word' id='word_1_81' title='bbox 1156 1256 1503 1319; x_wconf 89' lang='lat' dir='ltr'>electorum</span> <span class='ocrx_word' id='word_1_82' title='bbox 1551 1273 1591 1316; x_wconf 88' lang='lat' dir='ltr'>a</span> <span class='ocrx_word' id='word_1_83' title='bbox 1637 1255 1844 1334; x_wconf 89' lang='lat' dir='ltr'>primo</span> <span class='ocrx_word' id='word_1_84' title='bbox 1872 1253 2048 1334; x_wconf 85' lang='lat' dir='ltr'>justo</span> <span class='ocrx_word' id='word_1_85' title='bbox 2081 1271 2284 1336; x_wconf 89' lang='lat' dir='ltr'>usque</span> <span class='ocrx_word' id='word_1_86' title='bbox 2336 1253 2419 1317; x_wconf 93' lang='lat' dir='ltr'>ad</span> <span class='ocrx_word' id='word_1_87' title='bbox 2452 1253 2745 1317; x_wconf 88' lang='lat' dir='ltr'>ultimum</span> <span class='ocrx_word' id='word_1_88' title='bbox 2778 1252 3009 1317; x_wconf 88' lang='lat' dir='ltr'>merita</span> 
     </span>
     <span class='ocr_line' id='line_1_10' title="bbox 389 1361 1653 1443; baseline -0.001 -18"><span class='ocrx_word' id='word_1_89' title='bbox 389 1361 849 1426; x_wconf 89' lang='lat' dir='ltr'>adminiculum</span> <span class='ocrx_word' id='word_1_90' title='bbox 881 1368 1215 1443; x_wconf 87' lang='lat' dir='ltr'>praestare</span> <span class='ocrx_word' id='word_1_91' title='bbox 1246 1368 1653 1426; x_wconf 77' lang='lat' dir='ltr'>noscuntur.‘</span> 
     </span>
    </p>
   </div>
   <div class='ocr_carea' id='block_1_3' title="bbox 390 1505 3019 3191">
    <p class='ocr_par' dir='ltr' id='par_1_3' title="bbox 390 1505 3019 3191">
     <span class='ocr_line' id='line_1_11' title="bbox 574 1505 3010 1590; baseline -0.003 -17"><span class='ocrx_word' id='word_1_92' title='bbox 574 1520 716 1573; x_wconf 82' lang='lat'>521.</span> <span class='ocrx_word' id='word_1_93' title='bbox 753 1506 1170 1590; x_wconf 67' lang='lat' dir='ltr'>propositio</span> <span class='ocrx_word' id='word_1_94' title='bbox 1204 1505 1303 1573; x_wconf 87' lang='grc' dir='ltr'><strong>Π.</strong></span> <span class='ocrx_word' id='word_1_95' title='bbox 1345 1511 1443 1569; x_wconf 81' lang='lat' dir='ltr'>Ad</span> <span class='ocrx_word' id='word_1_96' title='bbox 1473 1510 1621 1568; x_wconf 82' lang='lat' dir='ltr'>hunc</span> <span class='ocrx_word' id='word_1_97' title='bbox 1652 1510 1989 1568; x_wconf 79' lang='lat' dir='ltr'>thesaurum</span> <span class='ocrx_word' id='word_1_98' title='bbox 2015 1511 2305 1584; x_wconf 76' lang='lat' dir='ltr'>pertinent</span> <span class='ocrx_word' id='word_1_99' title='bbox 2337 1510 2508 1566; x_wconf 78' lang='lat' dir='ltr'>etiam</span> <span class='ocrx_word' id='word_1_100' title='bbox 2538 1509 3010 1584; x_wconf 75' lang='lat' dir='ltr'>supereffluentes</span> 
     </span>
     <span class='ocr_line' id='line_1_12' title="bbox 390 1597 3007 1674; baseline -0.001 -16"><span class='ocrx_word' id='word_1_101' title='bbox 390 1607 721 1659; x_wconf 76' lang='lat' dir='ltr'>sanctorum</span> <span class='ocrx_word' id='word_1_102' title='bbox 750 1601 1208 1673; x_wconf 58' lang='lat' dir='ltr'>satisfactiones:</span> <span class='ocrx_word' id='word_1_103' title='bbox 1240 1601 1311 1657; x_wconf 92' lang='lat' dir='ltr'>ut</span> <span class='ocrx_word' id='word_1_104' title='bbox 1340 1617 1472 1657; x_wconf 86' lang='lat' dir='ltr'>mox</span> <span class='ocrx_word' id='word_1_105' title='bbox 1508 1598 1848 1657; x_wconf 80' lang='lat' dir='ltr'>audivimus</span> <span class='ocrx_word' id='word_1_106' title='bbox 1879 1618 1913 1656; x_wconf 91' lang='lat' dir='ltr'>a</span> <span class='ocrx_word' id='word_1_107' title='bbox 1944 1598 2332 1657; x_wconf 84' lang='lat' dir='ltr'>Clemente</span> <span class='ocrx_word' id='word_1_108' title='bbox 2364 1598 2462 1656; x_wconf 88' lang='lat' dir='ltr'>VI.</span> <span class='ocrx_word' id='word_1_109' title='bbox 2494 1597 2662 1666; x_wconf 84' lang='lat' dir='ltr'>Quod</span> <span class='ocrx_word' id='word_1_110' title='bbox 2694 1605 2767 1656; x_wconf 91' lang='lat' dir='ltr'>ut</span> <span class='ocrx_word' id='word_1_111' title='bbox 2795 1598 3007 1674; x_wconf 91' lang='lat' dir='ltr'>probe-</span> 
     </span>
     <span class='ocr_line' id='line_1_13' title="bbox 390 1684 3009 1765; baseline -0.001 -18"><span class='ocrx_word' id='word_1_112' title='bbox 390 1693 511 1759; x_wconf 92' lang='lat' dir='ltr'>tur,</span> <span class='ocrx_word' id='word_1_113' title='bbox 560 1690 708 1748; x_wconf 87' lang='lat' dir='ltr'>scias</span> <span class='ocrx_word' id='word_1_114' title='bbox 759 1684 820 1752; x_wconf 94' lang='lat' dir='ltr'>l.</span> <span class='ocrx_word' id='word_1_115' title='bbox 869 1689 1031 1747; x_wconf 90' lang='lat' dir='ltr'>omni</span> <span class='ocrx_word' id='word_1_116' title='bbox 1076 1689 1238 1765; x_wconf 91' lang='lat' dir='ltr'>operi</span> <span class='ocrx_word' id='word_1_117' title='bbox 1285 1688 1438 1747; x_wconf 92' lang='lat' dir='ltr'>bono</span> <span class='ocrx_word' id='word_1_118' title='bbox 1464 1689 1775 1763; x_wconf 86' lang='lat' dir='ltr'>justorum</span> <span class='ocrx_word' id='word_1_119' title='bbox 1806 1687 2100 1762; x_wconf 85' lang='lat' dir='ltr'>duplicem</span> <span class='ocrx_word' id='word_1_120' title='bbox 2133 1687 2325 1745; x_wconf 90' lang='lat' dir='ltr'>inesse</span> <span class='ocrx_word' id='word_1_121' title='bbox 2357 1688 2640 1757; x_wconf 82' lang='lat' dir='ltr'>valorem,</span> <span class='ocrx_word' id='word_1_122' title='bbox 2689 1687 3009 1745; x_wconf 91' lang='lat' dir='ltr'>merito-</span> 
     </span>
     <span class='ocr_line' id='line_1_14' title="bbox 392 1774 3009 1852; baseline -0.001 -16"><span class='ocrx_word' id='word_1_123' title='bbox 392 1779 589 1837; x_wconf 90' lang='lat' dir='ltr'>rium</span> <span class='ocrx_word' id='word_1_124' title='bbox 623 1782 684 1836; x_wconf 91' lang='lat' dir='ltr'>et</span> <span class='ocrx_word' id='word_1_125' title='bbox 715 1778 1384 1847; x_wconf 88' lang='lat' dir='ltr'>satisfactorium;</span> <span class='ocrx_word' id='word_1_126' title='bbox 1419 1774 1483 1841; x_wconf 80' lang='grc'><strong>2.</strong></span> <span class='ocrx_word' id='word_1_127' title='bbox 1517 1776 2206 1852; x_wconf 84' lang='lat' dir='ltr'>supereffluentes</span> <span class='ocrx_word' id='word_1_128' title='bbox 2239 1775 2674 1835; x_wconf 81' lang='lat' dir='ltr'>satisfactiones</span> <span class='ocrx_word' id='word_1_129' title='bbox 2706 1776 2840 1834; x_wconf 90' lang='lat' dir='ltr'>illas</span> <span class='ocrx_word' id='word_1_130' title='bbox 2874 1776 3009 1846; x_wconf 87' lang='lat' dir='ltr'>dici,</span> 
     </span>
     <span class='ocr_line' id='line_1_15' title="bbox 391 1865 3011 1944; baseline -0.001 -19"><span class='ocrx_word' id='word_1_131' title='bbox 391 1885 544 1941; x_wconf 86' lang='lat' dir='ltr'>quas</span> <span class='ocrx_word' id='word_1_132' title='bbox 577 1867 769 1926; x_wconf 88' lang='lat' dir='ltr'>sancti</span> <span class='ocrx_word' id='word_1_133' title='bbox 802 1869 1232 1944; x_wconf 83' lang='lat' dir='ltr'>praestiterunt</span> <span class='ocrx_word' id='word_1_134' title='bbox 1276 1886 1460 1941; x_wconf 85' lang='lat' dir='ltr'>supra</span> <span class='ocrx_word' id='word_1_135' title='bbox 1505 1866 1776 1924; x_wconf 85' lang='lat' dir='ltr'>debitum</span> <span class='ocrx_word' id='word_1_136' title='bbox 1823 1865 2058 1924; x_wconf 85' lang='lat' dir='ltr'>divinae</span> <span class='ocrx_word' id='word_1_137' title='bbox 2096 1865 2373 1941; x_wconf 86' lang='lat' dir='ltr'>justitiae</span> <span class='ocrx_word' id='word_1_138' title='bbox 2424 1883 2530 1940; x_wconf 91' lang='lat' dir='ltr'>pro</span> <span class='ocrx_word' id='word_1_139' title='bbox 2582 1865 2712 1923; x_wconf 89' lang='lat' dir='ltr'>suis</span> <span class='ocrx_word' id='word_1_140' title='bbox 2759 1865 3011 1940; x_wconf 80' lang='lat' dir='ltr'>peccatis</span> 
     </span>
     <span class='ocr_line' id='line_1_16' title="bbox 391 1952 3011 2031; baseline -0.001 -17"><span class='ocrx_word' id='word_1_141' title='bbox 391 1957 773 2027; x_wconf 81' lang='lat' dir='ltr'>solvendum3</span> <span class='ocrx_word' id='word_1_142' title='bbox 826 1975 924 2015; x_wconf 91' lang='lat' dir='ltr'>eas</span> <span class='ocrx_word' id='word_1_143' title='bbox 976 1975 1114 2016; x_wconf 85' lang='lat' dir='ltr'>vero</span> <span class='ocrx_word' id='word_1_144' title='bbox 1163 1952 1225 2021; x_wconf 83' lang='grc'><strong>3.</strong></span> <span class='ocrx_word' id='word_1_145' title='bbox 1275 1975 1395 2014; x_wconf 91' lang='lat' dir='ltr'>non</span> <span class='ocrx_word' id='word_1_146' title='bbox 1445 1955 1691 2031; x_wconf 88' lang='lat' dir='ltr'>adjungi</span> <span class='ocrx_word' id='word_1_147' title='bbox 1736 1955 2019 2013; x_wconf 89' lang='lat' dir='ltr'>thesauro</span> <span class='ocrx_word' id='word_1_148' title='bbox 2050 1954 2521 2014; x_wconf 84' lang='lat' dir='ltr'>satisfactionum</span> <span class='ocrx_word' id='word_1_149' title='bbox 2552 1953 2787 2022; x_wconf 82' lang='lat' dir='ltr'>Christi,</span> <span class='ocrx_word' id='word_1_150' title='bbox 2840 1953 3011 2029; x_wconf 84' lang='lat' dir='ltr'>quasi</span> 
     </span>
     <span class='ocr_line' id='line_1_17' title="bbox 395 2043 3012 2121; baseline -0.002 -17"><span class='ocrx_word' id='word_1_151' title='bbox 395 2046 503 2104; x_wconf 87' lang='lat' dir='ltr'>hae</span> <span class='ocrx_word' id='word_1_152' title='bbox 536 2046 659 2103; x_wconf 91' lang='lat' dir='ltr'>sint</span> <span class='ocrx_word' id='word_1_153' title='bbox 689 2045 1136 2116; x_wconf 83' lang='lat' dir='ltr'>insufficientes,</span> <span class='ocrx_word' id='word_1_154' title='bbox 1186 2045 1286 2103; x_wconf 91' lang='lat' dir='ltr'>sed</span> <span class='ocrx_word' id='word_1_155' title='bbox 1335 2064 1410 2103; x_wconf 89' lang='lat' dir='ltr'>ne</span> <span class='ocrx_word' id='word_1_156' title='bbox 1456 2045 1591 2102; x_wconf 91' lang='lat' dir='ltr'>illae</span> <span class='ocrx_word' id='word_1_157' title='bbox 1636 2044 1760 2102; x_wconf 90' lang='lat' dir='ltr'>sint</span> <span class='ocrx_word' id='word_1_158' title='bbox 1804 2044 2009 2102; x_wconf 86' lang='lat' dir='ltr'>inanes</span> <span class='ocrx_word' id='word_1_159' title='bbox 2042 2047 2103 2101; x_wconf 92' lang='lat' dir='ltr'>et</span> <span class='ocrx_word' id='word_1_160' title='bbox 2133 2062 2395 2121; x_wconf 85' lang='lat' dir='ltr'>congruo</span> <span class='ocrx_word' id='word_1_161' title='bbox 2428 2043 2649 2102; x_wconf 89' lang='lat' dir='ltr'>honore</span> <span class='ocrx_word' id='word_1_162' title='bbox 2682 2043 3012 2119; x_wconf 83' lang='lat' dir='ltr'>priventur.</span> 
     </span>
     <span class='ocr_line' id='line_1_18' title="bbox 391 2131 3013 2211; baseline -0.001 -18"><span class='ocrx_word' id='word_1_163' title='bbox 391 2134 581 2210; x_wconf 82' lang='lat' dir='ltr'>Atqui</span> <span class='ocrx_word' id='word_1_164' title='bbox 611 2135 816 2211; x_wconf 89' lang='lat' dir='ltr'>negari</span> <span class='ocrx_word' id='word_1_165' title='bbox 847 2135 1077 2210; x_wconf 89' lang='lat' dir='ltr'>nequit,</span> <span class='ocrx_word' id='word_1_166' title='bbox 1109 2135 1408 2194; x_wconf 83' lang='lat' dir='ltr'>exstitisse</span> <span class='ocrx_word' id='word_1_167' title='bbox 1441 2137 1692 2203; x_wconf 90' lang='lat' dir='ltr'>sanctos,</span> <span class='ocrx_word' id='word_1_168' title='bbox 1727 2134 1832 2209; x_wconf 90' lang='lat' dir='ltr'>qui</span> <span class='ocrx_word' id='word_1_169' title='bbox 1864 2134 2002 2209; x_wconf 90' lang='lat' dir='ltr'>plus</span> <span class='ocrx_word' id='word_1_170' title='bbox 2035 2134 2159 2191; x_wconf 90' lang='lat' dir='ltr'>sint</span> <span class='ocrx_word' id='word_1_171' title='bbox 2186 2133 2366 2209; x_wconf 89' lang='lat' dir='ltr'>passi,</span> <span class='ocrx_word' id='word_1_172' title='bbox 2402 2151 2579 2207; x_wconf 90' lang='lat' dir='ltr'>quam</span> <span class='ocrx_word' id='word_1_173' title='bbox 2612 2131 3013 2191; x_wconf 89' lang='lat' dir='ltr'>necessarium</span> 
     </span>
     <span class='ocr_line' id='line_1_19' title="bbox 393 2221 3011 2300; baseline -0.001 -18"><span class='ocrx_word' id='word_1_174' title='bbox 393 2223 578 2282; x_wconf 87' lang='lat' dir='ltr'>fuerit</span> <span class='ocrx_word' id='word_1_175' title='bbox 609 2224 681 2282; x_wconf 86' lang='lat' dir='ltr'>ad</span> <span class='ocrx_word' id='word_1_176' title='bbox 714 2224 1112 2283; x_wconf 86' lang='lat' dir='ltr'>redimendam</span> <span class='ocrx_word' id='word_1_177' title='bbox 1146 2243 1394 2300; x_wconf 90' lang='lat' dir='ltr'>poenam</span> <span class='ocrx_word' id='word_1_178' title='bbox 1426 2223 1808 2299; x_wconf 84' lang='lat' dir='ltr'>temporalem</span> <span class='ocrx_word' id='word_1_179' title='bbox 1841 2241 1949 2298; x_wconf 88' lang='lat' dir='ltr'>pro</span> <span class='ocrx_word' id='word_1_180' title='bbox 1981 2223 2236 2297; x_wconf 90' lang='lat' dir='ltr'>peccatis</span> <span class='ocrx_word' id='word_1_181' title='bbox 2267 2221 2382 2280; x_wconf 89' lang='lat' dir='ltr'>sibi</span> <span class='ocrx_word' id='word_1_182' title='bbox 2414 2221 2672 2280; x_wconf 85' lang='lat' dir='ltr'>dimissis</span> <span class='ocrx_word' id='word_1_183' title='bbox 2705 2221 3011 2295; x_wconf 88' lang='lat' dir='ltr'>reliquam,</span> 
     </span>
     <span class='ocr_line' id='line_1_20' title="bbox 402 2309 3013 2389; baseline -0.001 -19"><span class='ocrx_word' id='word_1_184' title='bbox 402 2317 470 2371; x_wconf 90' lang='lat' dir='ltr'>ut</span> <span class='ocrx_word' id='word_1_185' title='bbox 501 2331 547 2370; x_wconf 86' lang='lat' dir='ltr'>s.</span> <span class='ocrx_word' id='word_1_186' title='bbox 578 2312 750 2371; x_wconf 89' lang='lat' dir='ltr'>Joan.</span> <span class='ocrx_word' id='word_1_187' title='bbox 785 2313 1133 2389; x_wconf 88' lang='lat' dir='ltr'>Baptistam,</span> <span class='ocrx_word' id='word_1_188' title='bbox 1179 2316 1484 2389; x_wconf 81' lang='lat' dir='ltr'>martyres,</span> <span class='ocrx_word' id='word_1_189' title='bbox 1532 2311 1638 2387; x_wconf 91' lang='lat' dir='ltr'>qui</span> <span class='ocrx_word' id='word_1_190' title='bbox 1671 2313 1907 2387; x_wconf 88' lang='lat' dir='ltr'>praeter</span> <span class='ocrx_word' id='word_1_191' title='bbox 1935 2316 2186 2370; x_wconf 89' lang='lat' dir='ltr'>mortem</span> <span class='ocrx_word' id='word_1_192' title='bbox 2217 2311 2447 2369; x_wconf 85' lang='lat' dir='ltr'>dolores</span> <span class='ocrx_word' id='word_1_193' title='bbox 2480 2328 2742 2387; x_wconf 57' lang='lat' dir='ltr'>magnos„</span> <span class='ocrx_word' id='word_1_194' title='bbox 2790 2309 3013 2368; x_wconf 90' lang='lat' dir='ltr'>incom-</span> 
     </span>
     <span class='ocr_line' id='line_1_21' title="bbox 394 2400 3013 2479; baseline -0.001 -19"><span class='ocrx_word' id='word_1_195' title='bbox 394 2402 568 2460; x_wconf 91' lang='lat' dir='ltr'>moda</span> <span class='ocrx_word' id='word_1_196' title='bbox 613 2403 924 2477; x_wconf 79' lang='lat' dir='ltr'>omnisque</span> <span class='ocrx_word' id='word_1_197' title='bbox 973 2403 1207 2479; x_wconf 91' lang='lat' dir='ltr'>generis</span> <span class='ocrx_word' id='word_1_198' title='bbox 1257 2402 1618 2477; x_wconf 80' lang='lat' dir='ltr'>privationes</span> <span class='ocrx_word' id='word_1_199' title='bbox 1668 2404 1776 2458; x_wconf 88' lang='lat' dir='ltr'>etc.</span> <span class='ocrx_word' id='word_1_200' title='bbox 1828 2401 1984 2476; x_wconf 89' lang='lat' dir='ltr'>passi</span> <span class='ocrx_word' id='word_1_201' title='bbox 2032 2404 2204 2459; x_wconf 78' lang='lat' dir='ltr'>sunt:</span> <span class='ocrx_word' id='word_1_202' title='bbox 2256 2400 2560 2475; x_wconf 85' lang='lat' dir='ltr'>quaelibet</span> <span class='ocrx_word' id='word_1_203' title='bbox 2608 2403 2807 2458; x_wconf 88' lang='lat' dir='ltr'>autem</span> <span class='ocrx_word' id='word_1_204' title='bbox 2859 2417 3013 2458; x_wconf 85' lang='lat' dir='ltr'>mors</span> 
     </span>
     <span class='ocr_line' id='line_1_22' title="bbox 391 2487 3013 2566; baseline -0.001 -17"><span class='ocrx_word' id='word_1_205' title='bbox 391 2494 639 2549; x_wconf 89' lang='lat' dir='ltr'>cruenta</span> <span class='ocrx_word' id='word_1_206' title='bbox 671 2509 777 2566; x_wconf 90' lang='lat' dir='ltr'>pro</span> <span class='ocrx_word' id='word_1_207' title='bbox 809 2491 1040 2550; x_wconf 87' lang='lat' dir='ltr'>Christo</span> <span class='ocrx_word' id='word_1_208' title='bbox 1072 2492 1322 2550; x_wconf 89' lang='lat' dir='ltr'>tolerata</span> <span class='ocrx_word' id='word_1_209' title='bbox 1367 2509 1431 2549; x_wconf 91' lang='lat' dir='ltr'>se</span> <span class='ocrx_word' id='word_1_210' title='bbox 1477 2490 1599 2548; x_wconf 90' lang='lat' dir='ltr'>sola</span> <span class='ocrx_word' id='word_1_211' title='bbox 1644 2489 1868 2547; x_wconf 87' lang='lat' dir='ltr'>sufficit</span> <span class='ocrx_word' id='word_1_212' title='bbox 1911 2490 1984 2547; x_wconf 92' lang='lat' dir='ltr'>ad</span> <span class='ocrx_word' id='word_1_213' title='bbox 2030 2489 2531 2566; x_wconf 82' lang='lat' dir='ltr'>exstinguendum</span> <span class='ocrx_word' id='word_1_214' title='bbox 2564 2490 2660 2547; x_wconf 80' lang='lat' dir='ltr'>vel</span> <span class='ocrx_word' id='word_1_215' title='bbox 2691 2487 3013 2547; x_wconf 85' lang='lat' dir='ltr'>maximum</span> 
     </span>
     <span class='ocr_line' id='line_1_23' title="bbox 395 2577 3013 2655; baseline -0.001 -18"><span class='ocrx_word' id='word_1_216' title='bbox 395 2598 622 2655; x_wconf 90' lang='lat' dir='ltr'>poenae</span> <span class='ocrx_word' id='word_1_217' title='bbox 655 2581 998 2654; x_wconf 90' lang='lat' dir='ltr'>temporalis</span> <span class='ocrx_word' id='word_1_218' title='bbox 1032 2581 1330 2648; x_wconf 87' lang='lat' dir='ltr'>debitum;</span> <span class='ocrx_word' id='word_1_219' title='bbox 1378 2580 1441 2637; x_wconf 91' lang='lat' dir='ltr'>in</span> <span class='ocrx_word' id='word_1_220' title='bbox 1489 2578 1698 2655; x_wconf 90' lang='lat' dir='ltr'>primis</span> <span class='ocrx_word' id='word_1_221' title='bbox 1732 2597 1872 2637; x_wconf 80' lang='lat' dir='ltr'>vero</span> <span class='ocrx_word' id='word_1_222' title='bbox 1904 2578 1958 2638; x_wconf 93' lang='lat' dir='ltr'>b.</span> <span class='ocrx_word' id='word_1_223' title='bbox 1992 2579 2238 2637; x_wconf 84' lang='lat' dir='ltr'>Mariam</span> <span class='ocrx_word' id='word_1_224' title='bbox 2270 2578 2354 2648; x_wconf 72' lang='lat' dir='ltr'>V„</span> <span class='ocrx_word' id='word_1_225' title='bbox 2402 2596 2551 2654; x_wconf 88' lang='lat' dir='ltr'>quae</span> <span class='ocrx_word' id='word_1_226' title='bbox 2583 2577 2818 2637; x_wconf 88' lang='lat' dir='ltr'>nullum</span> <span class='ocrx_word' id='word_1_227' title='bbox 2853 2578 3013 2654; x_wconf 87' lang='lat' dir='ltr'>ejus-</span> 
     </span>
     <span class='ocr_line' id='line_1_24' title="bbox 395 2666 3014 2745; baseline -0.002 -17"><span class='ocrx_word' id='word_1_228' title='bbox 395 2668 557 2728; x_wconf 88' lang='lat' dir='ltr'>modi</span> <span class='ocrx_word' id='word_1_229' title='bbox 604 2668 816 2728; x_wconf 88' lang='lat' dir='ltr'>habuit</span> <span class='ocrx_word' id='word_1_230' title='bbox 867 2669 1165 2729; x_wconf 89' lang='lat' dir='ltr'>debitum:</span> <span class='ocrx_word' id='word_1_231' title='bbox 1219 2669 1377 2729; x_wconf 86' lang='lat' dir='ltr'>unde</span> <span class='ocrx_word' id='word_1_232' title='bbox 1423 2668 1734 2728; x_wconf 85' lang='lat' dir='ltr'>damnatae</span> <span class='ocrx_word' id='word_1_233' title='bbox 1780 2667 1944 2727; x_wconf 89' lang='lat' dir='ltr'>fuere</span> <span class='ocrx_word' id='word_1_234' title='bbox 1990 2669 2160 2745; x_wconf 85' lang='lat' dir='ltr'>Baji</span> <span class='ocrx_word' id='word_1_235' title='bbox 2205 2686 2370 2745; x_wconf 88' lang='lat' dir='ltr'>prop.</span> <span class='ocrx_word' id='word_1_236' title='bbox 2408 2676 2485 2730; x_wconf 85' lang='lat'>72</span> <span class='ocrx_word' id='word_1_237' title='bbox 2520 2672 2582 2727; x_wconf 89' lang='lat' dir='ltr'>et</span> <span class='ocrx_word' id='word_1_238' title='bbox 2619 2676 2730 2730; x_wconf 76' lang='lat'>73:</span> <span class='ocrx_word' id='word_1_239' title='bbox 2784 2666 3014 2735; x_wconf 82' lang='lat' dir='ltr'>,Nemo</span> 
     </span>
     <span class='ocr_line' id='line_1_25' title="bbox 396 2757 3019 2835; baseline -0.001 -18"><span class='ocrx_word' id='word_1_240' title='bbox 396 2762 633 2835; x_wconf 87' lang='lat' dir='ltr'>praeter</span> <span class='ocrx_word' id='word_1_241' title='bbox 651 2759 948 2817; x_wconf 87' lang='lat' dir='ltr'>Christum</span> <span class='ocrx_word' id='word_1_242' title='bbox 982 2764 1074 2818; x_wconf 89' lang='lat' dir='ltr'>est</span> <span class='ocrx_word' id='word_1_243' title='bbox 1105 2760 1330 2835; x_wconf 85' lang='lat' dir='ltr'>absque</span> <span class='ocrx_word' id='word_1_244' title='bbox 1361 2762 1597 2835; x_wconf 85' lang='lat' dir='ltr'>peccato</span> <span class='ocrx_word' id='word_1_245' title='bbox 1630 2758 1938 2835; x_wconf 85' lang='lat' dir='ltr'>originali:</span> <span class='ocrx_word' id='word_1_246' title='bbox 1972 2758 2110 2816; x_wconf 88' lang='lat' dir='ltr'>hinc</span> <span class='ocrx_word' id='word_1_247' title='bbox 2129 2757 2186 2819; x_wconf 91' lang='lat' dir='ltr'>b.</span> <span class='ocrx_word' id='word_1_248' title='bbox 2210 2758 2393 2834; x_wconf 88' lang='lat' dir='ltr'>Virgo</span> <span class='ocrx_word' id='word_1_249' title='bbox 2415 2758 2649 2815; x_wconf 88' lang='lat' dir='ltr'>mortua</span> <span class='ocrx_word' id='word_1_250' title='bbox 2668 2758 2757 2815; x_wconf 90' lang='lat' dir='ltr'>est</span> <span class='ocrx_word' id='word_1_251' title='bbox 2775 2758 3019 2833; x_wconf 90' lang='lat' dir='ltr'>propter</span> 
     </span>
     <span class='ocr_line' id='line_1_26' title="bbox 395 2845 3019 2924; baseline -0.002 -18"><span class='ocrx_word' id='word_1_252' title='bbox 395 2852 701 2924; x_wconf 86' lang='lat' dir='ltr'>peccatum</span> <span class='ocrx_word' id='word_1_253' title='bbox 736 2867 803 2906; x_wconf 83' lang='lat' dir='ltr'>ex</span> <span class='ocrx_word' id='word_1_254' title='bbox 835 2848 1022 2906; x_wconf 86' lang='lat' dir='ltr'>Adam</span> <span class='ocrx_word' id='word_1_255' title='bbox 1056 2851 1421 2907; x_wconf 89' lang='lat' dir='ltr'>contractum</span> <span class='ocrx_word' id='word_1_256' title='bbox 1454 2865 1778 2922; x_wconf 82' lang='lat' dir='ltr'>omnesque</span> <span class='ocrx_word' id='word_1_257' title='bbox 1810 2848 1939 2923; x_wconf 89' lang='lat' dir='ltr'>ejus</span> <span class='ocrx_word' id='word_1_258' title='bbox 1973 2846 2322 2905; x_wconf 89' lang='lat' dir='ltr'>afflictiones</span> <span class='ocrx_word' id='word_1_259' title='bbox 2368 2847 2431 2904; x_wconf 91' lang='lat' dir='ltr'>in</span> <span class='ocrx_word' id='word_1_260' title='bbox 2479 2847 2585 2904; x_wconf 87' lang='lat' dir='ltr'>hac</span> <span class='ocrx_word' id='word_1_261' title='bbox 2615 2846 2741 2904; x_wconf 81' lang='lat' dir='ltr'>vita</span> <span class='ocrx_word' id='word_1_262' title='bbox 2771 2845 2928 2904; x_wconf 89' lang='lat' dir='ltr'>sicut</span> <span class='ocrx_word' id='word_1_263' title='bbox 2958 2850 3019 2904; x_wconf 89' lang='lat' dir='ltr'>et</span> 
     </span>
     <span class='ocr_line' id='line_1_27' title="bbox 394 2932 3015 3013; baseline -0.001 -19"><span class='ocrx_word' id='word_1_264' title='bbox 394 2936 651 2995; x_wconf 88' lang='lat' dir='ltr'>aliorum</span> <span class='ocrx_word' id='word_1_265' title='bbox 673 2938 980 3013; x_wconf 86' lang='lat' dir='ltr'>justorum</span> <span class='ocrx_word' id='word_1_266' title='bbox 1000 2938 1245 2996; x_wconf 88' lang='lat' dir='ltr'>fuerunt</span> <span class='ocrx_word' id='word_1_267' title='bbox 1265 2937 1525 2996; x_wconf 88' lang='lat' dir='ltr'>ultiones</span> <span class='ocrx_word' id='word_1_268' title='bbox 1545 2937 1767 3012; x_wconf 88' lang='lat' dir='ltr'>peccati</span> <span class='ocrx_word' id='word_1_269' title='bbox 1790 2936 2040 2995; x_wconf 88' lang='lat' dir='ltr'>actualis</span> <span class='ocrx_word' id='word_1_270' title='bbox 2072 2936 2166 2994; x_wconf 79' lang='lat' dir='ltr'>vel</span> <span class='ocrx_word' id='word_1_271' title='bbox 2199 2935 2571 3013; x_wconf 71' lang='lat' dir='ltr'>originali3.‘</span> <span class='ocrx_word' id='word_1_272' title='bbox 2605 2932 2849 2993; x_wconf 87' lang='lat' dir='ltr'>Infinita</span> <span class='ocrx_word' id='word_1_273' title='bbox 2880 2953 3015 2993; x_wconf 84' lang='lat' dir='ltr'>vero</span> 
     </span>
     <span class='ocr_line' id='line_1_28' title="bbox 399 3024 3015 3101; baseline -0.001 -18"><span class='ocrx_word' id='word_1_274' title='bbox 399 3025 506 3084; x_wconf 87' lang='lat' dir='ltr'>Dei</span> <span class='ocrx_word' id='word_1_275' title='bbox 539 3026 776 3084; x_wconf 88' lang='lat' dir='ltr'>bonitas</span> <span class='ocrx_word' id='word_1_276' title='bbox 808 3045 927 3084; x_wconf 90' lang='lat' dir='ltr'>non</span> <span class='ocrx_word' id='word_1_277' title='bbox 959 3026 1241 3101; x_wconf 89' lang='lat' dir='ltr'>patietur,</span> <span class='ocrx_word' id='word_1_278' title='bbox 1289 3025 1392 3083; x_wconf 89' lang='lat' dir='ltr'>has</span> <span class='ocrx_word' id='word_1_279' title='bbox 1440 3025 1875 3084; x_wconf 81' lang='lat' dir='ltr'>satisfactiones</span> <span class='ocrx_word' id='word_1_280' title='bbox 1908 3024 2197 3083; x_wconf 82' lang='lat' dir='ltr'>oblivioni</span> <span class='ocrx_word' id='word_1_281' title='bbox 2229 3024 2385 3083; x_wconf 87' lang='lat' dir='ltr'>tradi</span> <span class='ocrx_word' id='word_1_282' title='bbox 2429 3043 2495 3082; x_wconf 92' lang='lat' dir='ltr'>ac</span> <span class='ocrx_word' id='word_1_283' title='bbox 2542 3025 2742 3082; x_wconf 89' lang='lat' dir='ltr'>fructu</span> <span class='ocrx_word' id='word_1_284' title='bbox 2773 3024 3015 3098; x_wconf 79' lang='lat' dir='ltr'>privari.</span> 
     </span>
     <span class='ocr_line' id='line_1_29' title="bbox 397 3114 2463 3191; baseline -0 -18"><span class='ocrx_word' id='word_1_285' title='bbox 397 3116 640 3190; x_wconf 87' lang='lat' dir='ltr'>Semper</span> <span class='ocrx_word' id='word_1_286' title='bbox 671 3134 812 3191; x_wconf 90' lang='lat' dir='ltr'>ergo</span> <span class='ocrx_word' id='word_1_287' title='bbox 845 3115 908 3173; x_wconf 91' lang='lat' dir='ltr'>in</span> <span class='ocrx_word' id='word_1_288' title='bbox 939 3115 1069 3191; x_wconf 85' lang='lat' dir='ltr'>ejus</span> <span class='ocrx_word' id='word_1_289' title='bbox 1101 3115 1306 3174; x_wconf 81' lang='lat' dir='ltr'>vivent</span> <span class='ocrx_word' id='word_1_290' title='bbox 1337 3121 1671 3190; x_wconf 84' lang='lat' dir='ltr'>conspectu,</span> <span class='ocrx_word' id='word_1_291' title='bbox 1707 3118 1778 3172; x_wconf 92' lang='lat' dir='ltr'>ut</span> <span class='ocrx_word' id='word_1_292' title='bbox 1809 3114 1943 3172; x_wconf 91' lang='lat' dir='ltr'>aliis</span> <span class='ocrx_word' id='word_1_293' title='bbox 1974 3114 2180 3172; x_wconf 91' lang='lat' dir='ltr'>saltem</span> <span class='ocrx_word' id='word_1_294' title='bbox 2214 3115 2463 3189; x_wconf 87' lang='lat' dir='ltr'>prosint.</span> 
     </span>
    </p>
   </div>
   <div class='ocr_carea' id='block_1_4' title="bbox 397 3255 3033 4845">
    <p class='ocr_par' dir='ltr' id='par_1_4' title="bbox 397 3255 3033 4845">
     <span class='ocr_line' id='line_1_30' title="bbox 586 3255 3020 3332; baseline -0.002 -14"><span class='ocrx_word' id='word_1_295' title='bbox 586 3265 729 3319; x_wconf 86' lang='lat'>522.</span> <span class='ocrx_word' id='word_1_296' title='bbox 762 3258 924 3316; x_wconf 88' lang='lat' dir='ltr'>Neve</span> <span class='ocrx_word' id='word_1_297' title='bbox 944 3257 1123 3327; x_wconf 90' lang='lat' dir='ltr'>dicas,</span> <span class='ocrx_word' id='word_1_298' title='bbox 1146 3258 1253 3316; x_wconf 90' lang='lat' dir='ltr'>has</span> <span class='ocrx_word' id='word_1_299' title='bbox 1274 3257 1711 3316; x_wconf 83' lang='lat' dir='ltr'>satisfactiones</span> <span class='ocrx_word' id='word_1_300' title='bbox 1731 3256 1934 3315; x_wconf 89' lang='lat' dir='ltr'>fructu</span> <span class='ocrx_word' id='word_1_301' title='bbox 1956 3276 2076 3315; x_wconf 93' lang='lat' dir='ltr'>non</span> <span class='ocrx_word' id='word_1_302' title='bbox 2096 3257 2336 3332; x_wconf 85' lang='lat' dir='ltr'>privari,</span> <span class='ocrx_word' id='word_1_303' title='bbox 2357 3275 2490 3315; x_wconf 91' lang='lat' dir='ltr'>cum</span> <span class='ocrx_word' id='word_1_304' title='bbox 2503 3256 2676 3332; x_wconf 85' lang='lat' dir='ltr'>justi,</span> <span class='ocrx_word' id='word_1_305' title='bbox 2712 3255 2763 3314; x_wconf 91' lang='lat' dir='ltr'>si</span> <span class='ocrx_word' id='word_1_306' title='bbox 2783 3255 3020 3313; x_wconf 85' lang='lat' dir='ltr'>nullum</span> 
     </span>
     <span class='ocr_line' id='line_1_31' title="bbox 397 3344 3020 3422; baseline -0.001 -19"><span class='ocrx_word' id='word_1_307' title='bbox 397 3345 489 3403; x_wconf 87' lang='lat' dir='ltr'>eis</span> <span class='ocrx_word' id='word_1_308' title='bbox 523 3345 604 3403; x_wconf 88' lang='lat' dir='ltr'>sit</span> <span class='ocrx_word' id='word_1_309' title='bbox 633 3346 922 3405; x_wconf 90' lang='lat' dir='ltr'>luendum</span> <span class='ocrx_word' id='word_1_310' title='bbox 956 3347 1244 3416; x_wconf 90' lang='lat' dir='ltr'>debitum,</span> <span class='ocrx_word' id='word_1_311' title='bbox 1278 3365 1346 3406; x_wconf 91' lang='lat' dir='ltr'>eo</span> <span class='ocrx_word' id='word_1_312' title='bbox 1380 3348 1571 3422; x_wconf 85' lang='lat' dir='ltr'>majus</span> <span class='ocrx_word' id='word_1_313' title='bbox 1594 3346 1870 3421; x_wconf 90' lang='lat' dir='ltr'>adepturi</span> <span class='ocrx_word' id='word_1_314' title='bbox 1903 3346 2027 3404; x_wconf 90' lang='lat' dir='ltr'>sint</span> <span class='ocrx_word' id='word_1_315' title='bbox 2058 3346 2418 3421; x_wconf 87' lang='lat' dir='ltr'>praemium:</span> <span class='ocrx_word' id='word_1_316' title='bbox 2452 3345 2705 3421; x_wconf 89' lang='lat' dir='ltr'>ideoque</span> <span class='ocrx_word' id='word_1_317' title='bbox 2727 3344 3020 3403; x_wconf 91' lang='lat' dir='ltr'>immerito</span> 
     </span>
     <span class='ocr_line' id='line_1_32' title="bbox 399 3430 3020 3497; baseline 0 -6"><span class='ocrx_word' id='word_1_318' title='bbox 399 3433 521 3491; x_wconf 91' lang='lat' dir='ltr'>dici</span> <span class='ocrx_word' id='word_1_319' title='bbox 551 3453 647 3493; x_wconf 90' lang='lat' dir='ltr'>eas</span> <span class='ocrx_word' id='word_1_320' title='bbox 678 3435 954 3494; x_wconf 89' lang='lat' dir='ltr'>thesauro</span> <span class='ocrx_word' id='word_1_321' title='bbox 975 3435 1267 3494; x_wconf 83' lang='lat' dir='ltr'>Ecclesiae</span> <span class='ocrx_word' id='word_1_322' title='bbox 1300 3435 1608 3497; x_wconf 80' lang='lat' dir='ltr'>asservari.</span> <span class='ocrx_word' id='word_1_323' title='bbox 1656 3435 1948 3493; x_wconf 87' lang='lat' dir='ltr'>Notamus</span> <span class='ocrx_word' id='word_1_324' title='bbox 1980 3435 2139 3493; x_wconf 91' lang='lat' dir='ltr'>enim</span> <span class='ocrx_word' id='word_1_325' title='bbox 2174 3430 2237 3496; x_wconf 90' lang='lat' dir='ltr'>l.</span> <span class='ocrx_word' id='word_1_326' title='bbox 2273 3435 2531 3493; x_wconf 87' lang='lat' dir='ltr'>valorem</span> <span class='ocrx_word' id='word_1_327' title='bbox 2564 3433 3020 3493; x_wconf 86' lang='lat' dir='ltr'>satisfactorium</span> 
     </span>
     <span class='ocr_line' id='line_1_33' title="bbox 405 3519 3022 3602; baseline 0 -23"><span class='ocrx_word' id='word_1_328' title='bbox 405 3541 651 3599; x_wconf 91' lang='lat' dir='ltr'>prorsus</span> <span class='ocrx_word' id='word_1_329' title='bbox 673 3523 968 3602; x_wconf 84' lang='lat' dir='ltr'>distingui</span> <span class='ocrx_word' id='word_1_330' title='bbox 1000 3545 1034 3583; x_wconf 91' lang='lat' dir='ltr'>a</span> <span class='ocrx_word' id='word_1_331' title='bbox 1065 3545 1121 3583; x_wconf 88' lang='lat' dir='ltr'>m</span> <span class='ocrx_word' id='word_1_332' title='bbox 1140 3525 1341 3584; x_wconf 93' lang='lat' dir='ltr'>erito</span> <span class='ocrx_word' id='word_1_333' title='bbox 1358 3524 1489 3592; x_wconf 91' lang='lat' dir='ltr'>rio,</span> <span class='ocrx_word' id='word_1_334' title='bbox 1525 3524 1667 3582; x_wconf 89' lang='lat' dir='ltr'>adeo</span> <span class='ocrx_word' id='word_1_335' title='bbox 1688 3528 1758 3582; x_wconf 87' lang='lat' dir='ltr'>ut</span> <span class='ocrx_word' id='word_1_336' title='bbox 1778 3525 2124 3582; x_wconf 88' lang='lat' dir='ltr'>nullatenus</span> <span class='ocrx_word' id='word_1_337' title='bbox 2145 3524 2425 3582; x_wconf 88' lang='lat' dir='ltr'>confundi</span> <span class='ocrx_word' id='word_1_338' title='bbox 2446 3523 2730 3591; x_wconf 84' lang='lat' dir='ltr'>debeant3</span> <span class='ocrx_word' id='word_1_339' title='bbox 2763 3519 2830 3584; x_wconf 74' lang='lat'>2.</span> <span class='ocrx_word' id='word_1_340' title='bbox 2864 3523 3022 3580; x_wconf 91' lang='lat' dir='ltr'>idem</span> 
     </span>
     <span class='ocr_line' id='line_1_34' title="bbox 401 3610 3023 3688; baseline -0 -18"><span class='ocrx_word' id='word_1_341' title='bbox 401 3630 555 3687; x_wconf 87' lang='lat' dir='ltr'>opus</span> <span class='ocrx_word' id='word_1_342' title='bbox 588 3630 762 3688; x_wconf 85' lang='lat' dir='ltr'>posse</span> <span class='ocrx_word' id='word_1_343' title='bbox 794 3631 923 3673; x_wconf 88' lang='lat' dir='ltr'>esse</span> <span class='ocrx_word' id='word_1_344' title='bbox 954 3614 1340 3684; x_wconf 85' lang='lat' dir='ltr'>meritorium,</span> <span class='ocrx_word' id='word_1_345' title='bbox 1374 3620 1670 3687; x_wconf 90' lang='lat' dir='ltr'>quatenus</span> <span class='ocrx_word' id='word_1_346' title='bbox 1702 3613 1860 3670; x_wconf 90' lang='lat' dir='ltr'>cedit</span> <span class='ocrx_word' id='word_1_347' title='bbox 1891 3613 1955 3671; x_wconf 91' lang='lat' dir='ltr'>in</span> <span class='ocrx_word' id='word_1_348' title='bbox 1987 3613 2233 3671; x_wconf 89' lang='lat' dir='ltr'>alterius</span> <span class='ocrx_word' id='word_1_349' title='bbox 2265 3613 2562 3683; x_wconf 90' lang='lat' dir='ltr'>honorem,</span> <span class='ocrx_word' id='word_1_350' title='bbox 2603 3615 2664 3670; x_wconf 90' lang='lat' dir='ltr'>et</span> <span class='ocrx_word' id='word_1_351' title='bbox 2695 3610 3023 3670; x_wconf 88' lang='lat' dir='ltr'>satisfacto·</span> 
     </span>
     <span class='ocr_line' id='line_1_35' title="bbox 403 3697 3025 3778; baseline -0.001 -20"><span class='ocrx_word' id='word_1_352' title='bbox 403 3701 582 3771; x_wconf 90' lang='lat' dir='ltr'>rium,</span> <span class='ocrx_word' id='word_1_353' title='bbox 617 3709 914 3774; x_wconf 89' lang='lat' dir='ltr'>quatenus</span> <span class='ocrx_word' id='word_1_354' title='bbox 945 3706 1039 3761; x_wconf 93' lang='lat' dir='ltr'>est</span> <span class='ocrx_word' id='word_1_355' title='bbox 1070 3703 1347 3778; x_wconf 81' lang='lat' dir='ltr'>poenale3</span> <span class='ocrx_word' id='word_1_356' title='bbox 1397 3703 1583 3760; x_wconf 91' lang='lat' dir='ltr'>Deum</span> <span class='ocrx_word' id='word_1_357' title='bbox 1631 3697 1693 3767; x_wconf 79' lang='grc'><strong>3.</strong></span> <span class='ocrx_word' id='word_1_358' title='bbox 1739 3705 1940 3761; x_wconf 90' lang='lat' dir='ltr'>tantae</span> <span class='ocrx_word' id='word_1_359' title='bbox 1985 3720 2111 3760; x_wconf 90' lang='lat' dir='ltr'>esse</span> <span class='ocrx_word' id='word_1_360' title='bbox 2155 3701 2460 3772; x_wconf 76' lang='lat' dir='ltr'>bonitatiS‚</span> <span class='ocrx_word' id='word_1_361' title='bbox 2509 3706 2580 3759; x_wconf 88' lang='lat' dir='ltr'>ut</span> <span class='ocrx_word' id='word_1_362' title='bbox 2609 3700 2814 3759; x_wconf 89' lang='lat' dir='ltr'>eadem</span> <span class='ocrx_word' id='word_1_363' title='bbox 2846 3717 3025 3774; x_wconf 86' lang='lat' dir='ltr'>opera</span> 
     </span>
     <span class='ocr_line' id='line_1_36' title="bbox 401 3788 3025 3867; baseline 0 -19"><span class='ocrx_word' id='word_1_364' title='bbox 401 3794 606 3848; x_wconf 87' lang='lat' dir='ltr'>nostra</span> <span class='ocrx_word' id='word_1_365' title='bbox 636 3790 790 3849; x_wconf 91' lang='lat' dir='ltr'>bona</span> <span class='ocrx_word' id='word_1_366' title='bbox 820 3811 928 3867; x_wconf 91' lang='lat' dir='ltr'>pro</span> <span class='ocrx_word' id='word_1_367' title='bbox 960 3796 1295 3866; x_wconf 87' lang='lat' dir='ltr'>utroque</span> <span class='ocrx_word' id='word_1_368' title='bbox 1340 3794 1601 3867; x_wconf 87' lang='lat' dir='ltr'>acceptet</span> <span class='ocrx_word' id='word_1_369' title='bbox 1634 3792 1848 3859; x_wconf 81' lang='lat' dir='ltr'>valore,</span> <span class='ocrx_word' id='word_1_370' title='bbox 1896 3801 1968 3849; x_wconf 90' lang='lat' dir='ltr'>ut</span> <span class='ocrx_word' id='word_1_371' title='bbox 2012 3790 2253 3850; x_wconf 84' lang='lat' dir='ltr'>evidens</span> <span class='ocrx_word' id='word_1_372' title='bbox 2297 3794 2389 3849; x_wconf 86' lang='lat' dir='ltr'>est</span> <span class='ocrx_word' id='word_1_373' title='bbox 2433 3809 2502 3848; x_wconf 83' lang='lat' dir='ltr'>ex</span> <span class='ocrx_word' id='word_1_374' title='bbox 2549 3790 2768 3848; x_wconf 85' lang='lat' dir='ltr'>divinis</span> <span class='ocrx_word' id='word_1_375' title='bbox 2815 3788 3025 3848; x_wconf 81' lang='lat' dir='ltr'>literis.</span> 
     </span>
     <span class='ocr_line' id='line_1_37' title="bbox 399 3875 3026 3956; baseline -0.001 -19"><span class='ocrx_word' id='word_1_376' title='bbox 399 3878 689 3948; x_wconf 82' lang='lat' dir='ltr'>Quocirca</span> <span class='ocrx_word' id='word_1_377' title='bbox 731 3875 799 3942; x_wconf 82' lang='lat'>4.</span> <span class='ocrx_word' id='word_1_378' title='bbox 824 3882 1130 3956; x_wconf 76' lang='lat' dir='ltr'>justorum</span> <span class='ocrx_word' id='word_1_379' title='bbox 1163 3899 1357 3956; x_wconf 90' lang='lat' dir='ltr'>opera,</span> <span class='ocrx_word' id='word_1_380' title='bbox 1405 3885 1701 3954; x_wconf 88' lang='lat' dir='ltr'>quatenus</span> <span class='ocrx_word' id='word_1_381' title='bbox 1736 3882 1881 3938; x_wconf 91' lang='lat' dir='ltr'>sunt</span> <span class='ocrx_word' id='word_1_382' title='bbox 1910 3880 2228 3950; x_wconf 89' lang='lat' dir='ltr'>meritoria,</span> <span class='ocrx_word' id='word_1_383' title='bbox 2263 3878 2772 3955; x_wconf 87' lang='lat' dir='ltr'>superabundanti</span> <span class='ocrx_word' id='word_1_384' title='bbox 2805 3895 3026 3936; x_wconf 91' lang='lat' dir='ltr'>recom-</span> 
     </span>
     <span class='ocr_line' id='line_1_38' title="bbox 407 3966 3027 4045; baseline -0 -21"><span class='ocrx_word' id='word_1_385' title='bbox 407 3974 622 4042; x_wconf 89' lang='lat' dir='ltr'>pensat</span> <span class='ocrx_word' id='word_1_386' title='bbox 654 3970 947 4043; x_wconf 87' lang='lat' dir='ltr'>praemio:</span> <span class='ocrx_word' id='word_1_387' title='bbox 981 3976 1279 4045; x_wconf 88' lang='lat' dir='ltr'>quatenus</span> <span class='ocrx_word' id='word_1_388' title='bbox 1308 3988 1445 4027; x_wconf 80' lang='lat' dir='ltr'>vero</span> <span class='ocrx_word' id='word_1_389' title='bbox 1466 3972 1608 4027; x_wconf 91' lang='lat' dir='ltr'>sunt</span> <span class='ocrx_word' id='word_1_390' title='bbox 1629 3968 2039 4039; x_wconf 86' lang='lat' dir='ltr'>satisfactoria,</span> <span class='ocrx_word' id='word_1_391' title='bbox 2074 3973 2339 4043; x_wconf 88' lang='lat' dir='ltr'>acceptat</span> <span class='ocrx_word' id='word_1_392' title='bbox 2368 3969 2440 4026; x_wconf 91' lang='lat' dir='ltr'>ad</span> <span class='ocrx_word' id='word_1_393' title='bbox 2474 3966 2791 4027; x_wconf 87' lang='lat' dir='ltr'>delendum</span> <span class='ocrx_word' id='word_1_394' title='bbox 2824 3984 3027 4024; x_wconf 87' lang='lat' dir='ltr'>eorum</span> 
     </span>
     <span class='ocr_line' id='line_1_39' title="bbox 405 4054 3027 4134; baseline -0 -22"><span class='ocrx_word' id='word_1_395' title='bbox 405 4056 707 4126; x_wconf 81' lang='lat' dir='ltr'>debitum3</span> <span class='ocrx_word' id='word_1_396' title='bbox 756 4058 917 4134; x_wconf 91' lang='lat' dir='ltr'>quod</span> <span class='ocrx_word' id='word_1_397' title='bbox 949 4059 997 4117; x_wconf 91' lang='lat' dir='ltr'>si</span> <span class='ocrx_word' id='word_1_398' title='bbox 1041 4059 1149 4117; x_wconf 90' lang='lat' dir='ltr'>hoc</span> <span class='ocrx_word' id='word_1_399' title='bbox 1179 4058 1483 4127; x_wconf 84' lang='lat' dir='ltr'>excedant,</span> <span class='ocrx_word' id='word_1_400' title='bbox 1529 4076 1651 4116; x_wconf 92' lang='lat' dir='ltr'>non</span> <span class='ocrx_word' id='word_1_401' title='bbox 1684 4058 1949 4134; x_wconf 89' lang='lat' dir='ltr'>praemio</span> <span class='ocrx_word' id='word_1_402' title='bbox 1981 4058 2084 4115; x_wconf 88' lang='lat' dir='ltr'>illa</span> <span class='ocrx_word' id='word_1_403' title='bbox 2118 4062 2476 4132; x_wconf 87' lang='lat' dir='ltr'>compensat,</span> <span class='ocrx_word' id='word_1_404' title='bbox 2524 4076 2656 4115; x_wconf 90' lang='lat' dir='ltr'>cum</span> <span class='ocrx_word' id='word_1_405' title='bbox 2705 4054 3027 4113; x_wconf 88' lang='lat' dir='ltr'>satisfactio</span> 
     </span>
     <span class='ocr_line' id='line_1_40' title="bbox 405 4144 3028 4223; baseline -0.001 -21"><span class='ocrx_word' id='word_1_406' title='bbox 405 4163 526 4202; x_wconf 89' lang='lat' dir='ltr'>non</span> <span class='ocrx_word' id='word_1_407' title='bbox 558 4145 850 4205; x_wconf 85' lang='lat' dir='ltr'>referatur</span> <span class='ocrx_word' id='word_1_408' title='bbox 880 4147 952 4205; x_wconf 88' lang='lat' dir='ltr'>ad</span> <span class='ocrx_word' id='word_1_409' title='bbox 985 4148 1311 4223; x_wconf 84' lang='lat' dir='ltr'>praemium</span> <span class='ocrx_word' id='word_1_410' title='bbox 1345 4153 1406 4205; x_wconf 91' lang='lat' dir='ltr'>et</span> <span class='ocrx_word' id='word_1_411' title='bbox 1450 4166 1655 4205; x_wconf 91' lang='lat' dir='ltr'>eorum</span> <span class='ocrx_word' id='word_1_412' title='bbox 1694 4147 1877 4205; x_wconf 85' lang='lat' dir='ltr'>valori</span> <span class='ocrx_word' id='word_1_413' title='bbox 1909 4147 2212 4205; x_wconf 85' lang='lat' dir='ltr'>meritorio</span> <span class='ocrx_word' id='word_1_414' title='bbox 2244 4146 2710 4204; x_wconf 87' lang='lat' dir='ltr'>cumulatissime</span> <span class='ocrx_word' id='word_1_415' title='bbox 2744 4145 2825 4202; x_wconf 90' lang='lat' dir='ltr'>sit</span> <span class='ocrx_word' id='word_1_416' title='bbox 2855 4144 3028 4202; x_wconf 85' lang='lat' dir='ltr'>satis·</span> 
     </span>
     <span class='ocr_line' id='line_1_41' title="bbox 407 4232 3031 4313; baseline -0.001 -22"><span class='ocrx_word' id='word_1_417' title='bbox 407 4233 664 4292; x_wconf 85' lang='lat' dir='ltr'>factum:</span> <span class='ocrx_word' id='word_1_418' title='bbox 712 4235 812 4293; x_wconf 90' lang='lat' dir='ltr'>sed</span> <span class='ocrx_word' id='word_1_419' title='bbox 846 4256 913 4294; x_wconf 89' lang='lat' dir='ltr'>ea</span> <span class='ocrx_word' id='word_1_420' title='bbox 944 4241 1226 4307; x_wconf 87' lang='lat' dir='ltr'>asservat,</span> <span class='ocrx_word' id='word_1_421' title='bbox 1267 4240 1336 4294; x_wconf 91' lang='lat' dir='ltr'>ut</span> <span class='ocrx_word' id='word_1_422' title='bbox 1366 4237 1618 4295; x_wconf 90' lang='lat' dir='ltr'>aliorum</span> <span class='ocrx_word' id='word_1_423' title='bbox 1651 4236 2085 4313; x_wconf 79' lang='lat' dir='ltr'>exstinguendo</span> <span class='ocrx_word' id='word_1_424' title='bbox 2117 4235 2446 4293; x_wconf 81' lang='lat' dir='ltr'>inserviant</span> <span class='ocrx_word' id='word_1_425' title='bbox 2475 4234 2693 4304; x_wconf 87' lang='lat' dir='ltr'>debite,</span> <span class='ocrx_word' id='word_1_426' title='bbox 2742 4252 2874 4291; x_wconf 90' lang='lat' dir='ltr'>cum</span> <span class='ocrx_word' id='word_1_427' title='bbox 2920 4232 3031 4290; x_wconf 89' lang='lat' dir='ltr'>hoc</span> 
     </span>
     <span class='ocr_line' id='line_1_42' title="bbox 405 4322 3027 4401; baseline -0.002 -17"><span class='ocrx_word' id='word_1_428' title='bbox 405 4337 476 4384; x_wconf 77' lang='lat' dir='ltr'>a.</span> <span class='ocrx_word' id='word_1_429' title='bbox 511 4342 714 4382; x_wconf 88' lang='lat' dir='ltr'>eorum</span> <span class='ocrx_word' id='word_1_430' title='bbox 746 4326 932 4383; x_wconf 82' lang='lat' dir='ltr'>valori</span> <span class='ocrx_word' id='word_1_431' title='bbox 965 4325 1154 4401; x_wconf 88' lang='lat' dir='ltr'>magis</span> <span class='ocrx_word' id='word_1_432' title='bbox 1186 4326 1529 4396; x_wconf 79' lang='lat' dir='ltr'>conveniat3</span> <span class='ocrx_word' id='word_1_433' title='bbox 1562 4322 1635 4388; x_wconf 87' lang='lat' dir='ltr'>b.</span> <span class='ocrx_word' id='word_1_434' title='bbox 1669 4325 1732 4383; x_wconf 92' lang='lat' dir='ltr'>in</span> <span class='ocrx_word' id='word_1_435' title='bbox 1763 4327 2042 4399; x_wconf 88' lang='lat' dir='ltr'>majorem</span> <span class='ocrx_word' id='word_1_436' title='bbox 2075 4324 2262 4399; x_wconf 85' lang='lat' dir='ltr'>ipsius</span> <span class='ocrx_word' id='word_1_437' title='bbox 2287 4324 2440 4399; x_wconf 85' lang='lat' dir='ltr'>justi</span> <span class='ocrx_word' id='word_1_438' title='bbox 2471 4323 2721 4400; x_wconf 82' lang='lat' dir='ltr'>gloriam</span> <span class='ocrx_word' id='word_1_439' title='bbox 2752 4326 2813 4380; x_wconf 91' lang='lat' dir='ltr'>et</span> <span class='ocrx_word' id='word_1_440' title='bbox 2844 4322 3027 4381; x_wconf 91' lang='lat' dir='ltr'>hono-</span> 
     </span>
     <span class='ocr_line' id='line_1_43' title="bbox 412 4412 3029 4490; baseline 0 -21"><span class='ocrx_word' id='word_1_441' title='bbox 412 4431 537 4469; x_wconf 88' lang='lat' dir='ltr'>rem</span> <span class='ocrx_word' id='word_1_442' title='bbox 571 4412 761 4483; x_wconf 88' lang='lat' dir='ltr'>cedat,</span> <span class='ocrx_word' id='word_1_443' title='bbox 795 4415 844 4472; x_wconf 88' lang='lat' dir='ltr'>si</span> <span class='ocrx_word' id='word_1_444' title='bbox 876 4415 1005 4490; x_wconf 88' lang='lat' dir='ltr'>ejus</span> <span class='ocrx_word' id='word_1_445' title='bbox 1039 4414 1473 4472; x_wconf 85' lang='lat' dir='ltr'>satisfactiones</span> <span class='ocrx_word' id='word_1_446' title='bbox 1506 4414 1639 4472; x_wconf 89' lang='lat' dir='ltr'>aliis</span> <span class='ocrx_word' id='word_1_447' title='bbox 1672 4413 1935 4489; x_wconf 78' lang='lat' dir='ltr'>prosint3</span> <span class='ocrx_word' id='word_1_448' title='bbox 1982 4418 2043 4472; x_wconf 93' lang='lat' dir='ltr'>et</span> <span class='ocrx_word' id='word_1_449' title='bbox 2088 4426 2149 4477; x_wconf 78' lang='lat' dir='ltr'>e.</span> <span class='ocrx_word' id='word_1_450' title='bbox 2196 4413 2414 4470; x_wconf 91' lang='lat' dir='ltr'>mirum</span> <span class='ocrx_word' id='word_1_451' title='bbox 2446 4412 2737 4472; x_wconf 91' lang='lat' dir='ltr'>Ecclesiae</span> <span class='ocrx_word' id='word_1_452' title='bbox 2769 4431 2872 4470; x_wconf 84' lang='lat' dir='ltr'>seu</span> <span class='ocrx_word' id='word_1_453' title='bbox 2905 4429 3029 4469; x_wconf 90' lang='lat' dir='ltr'>cor-</span> 
     </span>
     <span class='ocr_line' id='line_1_44' title="bbox 411 4500 3029 4580; baseline 0.001 -22"><span class='ocrx_word' id='word_1_454' title='bbox 411 4501 573 4575; x_wconf 90' lang='lat' dir='ltr'>poris</span> <span class='ocrx_word' id='word_1_455' title='bbox 620 4501 839 4561; x_wconf 88' lang='lat' dir='ltr'>Christi</span> <span class='ocrx_word' id='word_1_456' title='bbox 884 4503 1118 4578; x_wconf 82' lang='lat' dir='ltr'>mystici</span> <span class='ocrx_word' id='word_1_457' title='bbox 1171 4504 1572 4580; x_wconf 86' lang='lat' dir='ltr'>organismum</span> <span class='ocrx_word' id='word_1_458' title='bbox 1620 4506 2078 4578; x_wconf 86' lang='lat' dir='ltr'>sanctorumque</span> <span class='ocrx_word' id='word_1_459' title='bbox 2124 4501 2494 4560; x_wconf 88' lang='lat' dir='ltr'>commendet</span> <span class='ocrx_word' id='word_1_460' title='bbox 2536 4500 3029 4561; x_wconf 90' lang='lat' dir='ltr'>communionem.</span> 
     </span>
     <span class='ocr_line' id='line_1_45' title="bbox 410 4589 3029 4667; baseline 0 -21"><span class='ocrx_word' id='word_1_461' title='bbox 410 4589 580 4647; x_wconf 86' lang='lat' dir='ltr'>Unde</span> <span class='ocrx_word' id='word_1_462' title='bbox 601 4591 919 4665; x_wconf 87' lang='lat' dir='ltr'>conjeceris</span> <span class='ocrx_word' id='word_1_463' title='bbox 953 4610 1020 4650; x_wconf 90' lang='lat' dir='ltr'>eo</span> <span class='ocrx_word' id='word_1_464' title='bbox 1052 4593 1254 4650; x_wconf 90' lang='lat' dir='ltr'>minus</span> <span class='ocrx_word' id='word_1_465' title='bbox 1287 4610 1416 4650; x_wconf 90' lang='lat' dir='ltr'>esse</span> <span class='ocrx_word' id='word_1_466' title='bbox 1449 4592 1731 4649; x_wconf 88' lang='lat' dir='ltr'>luendum</span> <span class='ocrx_word' id='word_1_467' title='bbox 1767 4611 1801 4649; x_wconf 89' lang='lat' dir='ltr'>a</span> <span class='ocrx_word' id='word_1_468' title='bbox 1834 4591 2125 4660; x_wconf 88' lang='lat' dir='ltr'>sontibus,</span> <span class='ocrx_word' id='word_1_469' title='bbox 2160 4610 2278 4665; x_wconf 93' lang='lat' dir='ltr'>quo</span> <span class='ocrx_word' id='word_1_470' title='bbox 2300 4590 2489 4667; x_wconf 85' lang='lat' dir='ltr'>magis</span> <span class='ocrx_word' id='word_1_471' title='bbox 2512 4590 2908 4649; x_wconf 86' lang='lat' dir='ltr'>satisfecerint</span> <span class='ocrx_word' id='word_1_472' title='bbox 2939 4589 3029 4646; x_wconf 89' lang='lat' dir='ltr'>in·</span> 
     </span>
     <span class='ocr_line' id='line_1_46' title="bbox 408 4677 3031 4757; baseline -0.001 -21"><span class='ocrx_word' id='word_1_473' title='bbox 408 4682 643 4737; x_wconf 86' lang='lat' dir='ltr'>sontes:</span> <span class='ocrx_word' id='word_1_474' title='bbox 679 4688 739 4738; x_wconf 89' lang='lat' dir='ltr'>et</span> <span class='ocrx_word' id='word_1_475' title='bbox 770 4680 972 4738; x_wconf 81' lang='lat' dir='ltr'>divina</span> <span class='ocrx_word' id='word_1_476' title='bbox 1003 4681 1293 4757; x_wconf 88' lang='lat' dir='ltr'>sapientia</span> <span class='ocrx_word' id='word_1_477' title='bbox 1312 4680 1622 4739; x_wconf 86' lang='lat' dir='ltr'>ordinante</span> <span class='ocrx_word' id='word_1_478' title='bbox 1656 4680 1799 4749; x_wconf 83' lang='lat' dir='ltr'>fieri,</span> <span class='ocrx_word' id='word_1_479' title='bbox 1834 4684 1905 4737; x_wconf 89' lang='lat' dir='ltr'>ut</span> <span class='ocrx_word' id='word_1_480' title='bbox 1935 4680 1998 4737; x_wconf 90' lang='lat' dir='ltr'>in</span> <span class='ocrx_word' id='word_1_481' title='bbox 2030 4680 2143 4737; x_wconf 89' lang='lat' dir='ltr'>fine</span> <span class='ocrx_word' id='word_1_482' title='bbox 2177 4686 2509 4755; x_wconf 89' lang='lat' dir='ltr'>temporum</span> <span class='ocrx_word' id='word_1_483' title='bbox 2544 4681 2741 4738; x_wconf 89' lang='lat' dir='ltr'>nullae</span> <span class='ocrx_word' id='word_1_484' title='bbox 2773 4677 3031 4753; x_wconf 89' lang='lat' dir='ltr'>amplius</span> 
     </span>
     <span class='ocr_line' id='line_1_47' title="bbox 413 4767 3033 4845; baseline -0.001 -20"><span class='ocrx_word' id='word_1_485' title='bbox 413 4767 718 4843; x_wconf 86' lang='lat' dir='ltr'>supersint</span> <span class='ocrx_word' id='word_1_486' title='bbox 751 4769 1237 4845; x_wconf 86' lang='lat' dir='ltr'>supereffluentes</span> <span class='ocrx_word' id='word_1_487' title='bbox 1270 4775 1604 4828; x_wconf 86' lang='lat' dir='ltr'>sanctorum</span> <span class='ocrx_word' id='word_1_488' title='bbox 1640 4769 2090 4839; x_wconf 66' lang='lat' dir='ltr'>satisfactiones„</span> <span class='ocrx_word' id='word_1_489' title='bbox 2144 4788 2295 4845; x_wconf 92' lang='lat' dir='ltr'>quae</span> <span class='ocrx_word' id='word_1_490' title='bbox 2327 4787 2447 4827; x_wconf 92' lang='lat' dir='ltr'>non</span> <span class='ocrx_word' id='word_1_491' title='bbox 2479 4768 2705 4828; x_wconf 88' lang='lat' dir='ltr'>fuerint</span> <span class='ocrx_word' id='word_1_492' title='bbox 2736 4769 3033 4843; x_wconf 79' lang='lat' dir='ltr'>impensae</span> 
     </span>
    </p>
   </div>
  </div>
 </body>
</html>
