3538 5364
874 306 1069 361 Theeis
1098 306 1331 361 CCXIV.
1362 307 1430 359 N.
1459 306 1626 377 Legis
1654 311 2005 360 sacramenta
2033 310 2169 361 sunt
2192 309 2426 376 septem.
2814 314 2943 379 259

331 494 572 569 patitur,
623 492 780 552 sedis
825 492 1178 568 apostolicae
1209 493 1513 551 oraculum
1546 493 1662 552 erit
1698 493 2144 568 exquirendum.
2175 527 2259 535 ——
2292 494 2500 568 Neque
2532 497 2749 569 putent
2777 494 2943 553 illius

328 582 564 657 patroni
598 600 660 641 se
690 601 761 641 ea
788 581 977 658 magis
1009 582 1318 641 consulere
1348 581 1612 641 fidelium
1642 582 2091 657 tranquillitati,
2125 600 2277 657 quae
2309 583 2626 658 praecipua
2657 583 2806 642 forte
2837 602 2943 659 pro

328 690 395 729 ea
426 671 695 746 ipsorum
725 676 819 731 eet
850 670 1021 729 ratio.
1069 670 1130 728 Si
1161 672 1318 730 enim
1350 674 1848 730 sacramentorum
1878 670 2152 729 minister
2169 671 2420 747 fingitur
2448 671 2592 731 adeo
2624 672 2941 749 malignae,

329 766 396 818 ut
440 761 591 819 velit
633 760 892 819 invalide
934 759 1348 818 administrare
1382 765 1760 830 sacramenta,
1812 760 2032 835 poterit
2080 780 2147 819 ea
2189 760 2512 835 multiplici
2557 760 2673 819 alia
2716 762 2944 820 ratione

329 848 571 909 reddere
618 849 893 919 invalida,
941 848 1069 907 sive
1113 849 1540 925 corrumpendo
1572 850 1838 919 tormam,
1892 849 2017 908 sive
2062 850 2386 918 materiam,
2440 849 2589 925 quin
2639 850 2941 909 adstantes

326 938 799 998 animadvertant
829 938 1285 1013 corruptionem.
1347 937 1428 998 cf.
1460 938 1591 997 Sus
1610 956 1685 997 se
1718 938 1791 996 de
1825 955 1966 997 sacr.
1999 937 2150 997 Eccl.
2184 938 2227 996 1.
2258 938 2405 998 thes,
2444 947 2542 1001 25.

1457 1130 1830 1215 caputii

890 1251 993 1316 De
1042 1261 1763 1317 sacramentorum
1812 1252 1883 1316 N.
1933 1253 1993 1315 L.
2042 1271 2398 1317 numero.

505 1399 654 1462 297.
706 1396 964 1463 Thesls
996 1393 1296 1465 CCXIV.
1349 1418 1430 1470 N.
1475 1419 1675 1484 Leuis
1700 1422 2154 1472 sacramenta
2190 1432 2411 1486 neque
2444 1418 2687 1485 plura,
2724 1432 2944 1485 neque

317 1508 676 1571 pauciora
709 1510 874 1559 aunt
908 1520 1120 1574 quam
1158 1510 1438 1571 septem.

505 1628 1080 1697 Demonstratlo.
1160 1626 1477 1691 Absoluta
1508 1628 1936 1710 disputatione
1969 1628 2049 1691 de
2079 1633 2629 1691 sacramentorum
2662 1626 2945 1690 efficacia

327 1742 387 1797 et
423 1740 675 1810 natura,
710 1742 1004 1816 superest
1037 1735 1328 1816 quaestio
1362 1735 1440 1798 de
1463 1752 1686 1799 eorum
1721 1754 1762 1798 n
1782 1752 2079 1809 umero,
2111 1734 2191 1797 de
2212 1751 2340 1815 quo
2362 1732 2586 1797 statuit
2606 1734 2943 1797 concilium

329 1840 505 1903 trid.
539 1860 695 1905 sess,
732 1847 766 1910 7
803 1858 941 1904 can.
982 1847 1048 1908 1:
1091 1838 1198 1915 ,Si
1230 1843 1374 1923 quis
1406 1841 1650 1917 dlxerit,
1684 1848 2094 1905 sacramenta
2127 1839 2197 1904 N.
2218 1840 2281 1903 L.
2317 1891 2329 1902 .
2365 1891 2377 1903 .
2412 1891 2423 1902 .
2459 1858 2601 1904 esse
2631 1840 2817 1922 plura
2844 1840 2944 1904 vel

330 1947 632 2028 pauciora
670 1968 864 2031 quam
897 1955 1160 2030 septem,
1192 1948 1487 2014 videlicet
1516 1949 1907 2031 baptismum
1928 1956 2066 2024 etc.,
2085 1949 2409 2013 autetiam
2431 1946 2690 2029 aliquod
2711 1947 2944 2010 horum

329 2060 578 2134 septem
607 2073 740 2118 non
772 2074 914 2120 esse
945 2072 1094 2119 vere
1127 2062 1192 2119 et
1221 2055 1476 2138 proprie
1509 2063 2002 2131 sacramentum,
2036 2054 2107 2118 A.
2145 2052 2243 2118 S.«
2298 2054 2486 2134 Quod
2520 2052 2793 2135 dogma
2823 2072 2945 2116 no-

329 2161 426 2223 bis
458 2162 914 2225 vindicandum
946 2167 1045 2226 est
1075 2168 1302 2226 contra
1333 2179 1459 2226 sec.
1495 2161 1654 2226 XVI.
1687 2181 1787 2225 no
1807 2182 1845 2224 v
1865 2169 2162 2237 atoreS,
2214 2162 2322 2242 qui
2354 2161 2648 2243 quamvis
2679 2161 2845 2226 inter
2875 2180 2945 2225 se

333 2288 442 2348 pro
476 2286 663 2332 more
695 2267 1107 2333 dissentirent
1139 2266 1220 2332 de
1251 2286 1522 2333 numero
1559 2274 2132 2343 sacramentorum,
2159 2277 2624 2331 consenserunt
2644 2274 2859 2331 tamen
2880 2267 2943 2330 in

331 2374 672 2454 rejiciendo
706 2393 976 2439 numero
1024 2376 1550 2457 septenario;
1602 2375 1929 2440 fatendum
1980 2393 2134 2440 vero
2187 2380 2284 2438 est
2332 2372 2470 2436 illos
2517 2373 2831 2452 gradatim
2863 2391 2941 2437 eo

332 2481 681 2555 devenisse,
734 2487 803 2547 ut
851 2481 1005 2546 duo
1057 2489 1307 2547 tantum
1357 2482 1716 2548 admittant
1781 2480 2077 2565 Seposita
2125 2486 2343 2546 autem
2393 2480 2941 2544 demonstratione

333 2588 593 2663 directa,
629 2606 760 2670 qua
791 2588 1184 2667 singulorum
1216 2596 1771 2653 sacramentorum
1818 2590 2056 2655 veritas
2107 2607 2188 2653 ex
2219 2587 2610 2652 revelatione
2641 2602 2940 2667 compro-

333 2696 535 2774 batur,
568 2715 719 2759 cum
738 2714 816 2761 ea
837 2704 1159 2779 supponat
1179 2704 1491 2762 tractatus
1526 2697 1604 2762 de
1636 2696 1899 2776 singulis
1920 2695 2359 2772 sacramentis,
2392 2693 2941 2760 demonstratione

336 2811 583 2868 utemur
614 2801 1030 2867 indirecta
1061 2820 1267 2885 eaque
1299 2803 1488 2884 plane
1520 2803 1880 2867 decretoria
1912 2823 1989 2868 ex
2022 2820 2343 2866 consensu
2372 2799 2700 2864 christiani
2734 2799 2940 2862 nomi-

337 2911 426 2971 nis
458 2911 677 2991 petita.
742 2908 934 2989 Cujus
966 2910 1324 2990 argumenti
1355 2909 1450 2972 vis
1483 2916 1554 2974 ut
1587 2910 2025 2992 perspiciatur,
2058 2910 2223 2974 haec
2254 2908 2477 2974 sedulo
2511 2914 2575 2971 et
2607 2925 2685 2971 ex
2718 2905 2941 2970 ordine

336 3015 808 3097 expendantur:

510 3141 570 3211 1.
603 3140 1002 3205 Christianos
1048 3159 1273 3206 omnes
1317 3141 1544 3206 saltem
1591 3158 1630 3204 a
1676 3160 1802 3204 sec,
1835 3139 1960 3204 XII.
1995 3159 2195 3222 usque
2229 3141 2310 3204 ad
2343 3138 2501 3203 XVI.
2535 3138 2942 3220 conspirasse

335 3249 394 3310 in
426 3248 593 3311 hanc
626 3247 837 3324 fidem,
868 3255 931 3313 et
951 3248 1208 3330 quidem
1227 3247 1621 3328 professione
1655 3247 2041 3324 unanimi,
2074 3264 2219 3310 cum
2244 3246 2690 3326 theologorum
2711 3244 2941 3320 nulluS,

336 3355 450 3417 etsi
485 3354 528 3417 ii
561 3354 848 3438 alioquin
880 3355 959 3418 de
989 3355 1204 3417 multis
1224 3355 1307 3417 ad
1326 3361 1742 3419 sacramenta
1772 3353 2212 3435 spectantibus
2244 3352 2678 3429 dissenserint,
2712 3352 2791 3415 de
2822 3371 2941 3415 nu-

337 3480 508 3526 mero
542 3460 930 3534 dubitaverit
962 3461 1360 3543 septenario;
1393 3461 1797 3542 professione
1830 3479 1960 3524 non
1992 3459 2198 3523 solum
2218 3459 2571 3524 theoretica
2592 3466 2656 3523 et
2673 3459 2942 3540 privata,

334 3569 441 3632 sed
474 3588 514 3649 p
533 3568 870 3643 ractica,
902 3567 1190 3644 solemni,
1222 3568 1613 3650 quotidiana,
1646 3568 1784 3648 ipso
1819 3586 2043 3632 eorum
2074 3587 2211 3631 usu.

497 3695 570 3762 2.
603 3691 784 3755 Hanc
815 3692 881 3754 in
910 3690 1103 3755 fidem
1135 3693 1590 3774 conspirarunt
1624 3710 1772 3755 cum
1805 3693 2017 3757 latinis
2048 3692 2169 3773 ipsi
2203 3692 2457 3772 graeci
2481 3692 2616 3773 jam
2636 3709 2819 3755 asec.
2841 3691 2941 3754 XI.

342 3798 462 3861 imo
496 3806 560 3864 et
589 3798 690 3862 IX.
724 3798 807 3861 ab
840 3799 1087 3863 unitate
1118 3816 1392 3862 romana
1422 3798 1724 3880 sejuncti:
1757 3806 1829 3863 ut
1860 3805 2118 3864 constat
2148 3820 2214 3868 a.
2248 3799 2569 3879 negative:
2611 3815 2942 3880 nunquam

337 3906 501 3969 enim
533 3905 773 3985 graeci,
803 3906 1098 3988 quamvis
1129 3905 1209 3970 de
1240 3905 1432 3970 rebus
1466 3905 1744 3969 minimis
1778 3907 2066 3971 altercati
2098 3907 2227 3971 sint
2258 3925 2403 3970 cum
2424 3906 2657 3987 latiniS,
2677 3913 2943 3986 propter

337 4021 886 4079 sacramentorum
930 4030 1268 4077 numerum
1313 4013 1488 4078 litem
1520 4010 1845 4077 Ecclesiae
1875 4031 2186 4078 romanae
2217 4020 2586 4088 moverunt3
2621 4014 2688 4081 b.
2720 4030 2801 4076 ex
2833 4029 2940 4093 ge-

337 4120 446 4182 stis
478 4138 594 4201 pro
627 4121 864 4186 unione
895 4120 1227 4201 utriusque
1260 4119 1568 4184 ecclesiae
1600 4126 1892 4202 tempore
1923 4120 2171 4184 concilii
2203 4119 2746 4199 lugdunensis
2778 4117 2842 4181 11.
2879 4126 2943 4184 et

339 4225 808 4290 florentini:
855 4245 1007 4290 nam
1057 4245 1138 4291 ne
1187 4227 1525 4306 vestigium
1577 4226 1833 4308 quidem
1879 4226 2297 4290 dissensionis
2343 4227 2582 4289 exstitit
2612 4227 2787 4289 circa
2817 4226 2942 4290 hoc

336 4333 597 4412 dogma3
630 4353 696 4401 c.
731 4351 810 4397 ex
842 4333 1343 4414 professionibus
1374 4333 1518 4398 fidei
1552 4350 1958 4412 graecorum:
2003 4332 2128 4396 huc
2173 4339 2423 4413 spectat
2453 4331 2762 4413 professio
2795 4330 2941 4398 fidei

338 4439 415 4500 ab
448 4440 836 4520 imperatore
855 4437 1163 4506 Michaele
1185 4439 1572 4518 Palaeologo
1595 4457 1650 4502 a.
1678 4444 1800 4506 127
1806 4443 1850 4505 4
1883 4439 1946 4501 in
1966 4438 2234 4502 concilio
2265 4438 2640 4520 lugdunensi
2658 4437 2723 4501 ΙΙ.
2754 4437 2807 4501 G
2824 4457 2856 4501 r
2871 4456 2940 4502 9-

337 4545 564 4616 uorio
597 4545 673 4609 X.
707 4545 941 4624 oblata,
973 4548 1037 4610 in
1071 4566 1199 4629 qua
1230 4547 1449 4610 omnia
1479 4553 1726 4628 septem
1758 4553 2168 4611 sacramenta
2198 4545 2565 4627 singulatim
2598 4564 2938 4612 recensen-

337 4660 466 4727 tur3
500 4653 882 4718 nominatim
914 4674 1066 4720 vero
1098 4656 1167 4726 d.
1201 4674 1279 4719 ex
1317 4655 1491 4719 irrito
1522 4655 2021 4736 protestantium
2056 4662 2293 4719 conatu
2327 4655 2735 4736 pertrahendi
2755 4673 2940 4736 grae-

333 4779 442 4822 cos
476 4761 541 4823 in
575 4780 764 4824 suum
794 4779 1096 4828 errorem.

2520 4870 2619 4924 17·
