3538 5364
587 281 723 344 508
1334 269 1516 323 Tract.
1547 269 1637 322 IX.
1665 268 1734 322 de
1763 267 2161 340 indulgentiis,
2190 267 2471 322 Ecclesiae

591 453 851 534 gentiae
884 453 1070 528 enim,
1104 452 1159 514 si
1189 470 1326 516 rem
1360 457 1631 530 specteS,
1683 456 1835 513 sunt
1866 449 2176 513 relaxatio
2210 449 2530 531 quaedam
2562 466 2814 531 poenae
2845 448 3220 530 temporalis

595 561 881 642 peccatis
932 559 1188 624 debitae
1238 555 1455 621 valida
1500 575 1722 621 coram
1755 555 1889 620 Deo
1937 557 2021 619 ob
2068 556 2564 637 applicationem
2596 555 3105 620 satisfactionum
3138 573 3218 619 ex

598 667 902 731 thesauro
936 665 1276 730 Ecclesiae.
1338 663 1534 746 Atqui
1581 663 1797 727 seculo
1833 663 2020 727 tertio
2054 663 2251 743 lapsis
2282 681 2435 743 pars
2468 664 2899 744 poenitentiae
2933 668 2997 726 et
3028 661 3219 725 satis-

599 772 892 838 factionis
925 774 1057 838 Deo
1091 773 1347 838 debitae
1381 772 1462 835 ab
1497 771 1820 835 Ecclesiae
1852 769 2252 852 praesulibus
2285 789 2417 834 non
2449 771 2586 835 sine
2619 770 2994 851 passionum
3028 770 3222 833 satis-

601 881 1075 963 factionumque
1123 886 1482 960 martyrum
1533 879 1596 941 in
1651 896 1763 943 eos
1816 877 2216 942 derivatione
2266 878 2696 942 relaxabatur.
2759 876 3226 942 Conferebatur

593 1006 749 1067 ergo
783 987 902 1050 illis
933 987 1071 1051 veri
1102 985 1378 1051 nominis
1411 985 1818 1065 indulgentia.

778 1137 926 1201 528.
960 1132 1387 1217 Propositio
1420 1129 1543 1199 lv.
1595 1127 1910 1192 Ministris
1941 1129 2209 1194 clarium
2243 1130 2525 1213 competit
2552 1135 2828 1214 potestas
2858 1127 3227 1191 concedendi

600 1239 1039 1322 indulqentiaa
1101 1237 1237 1300 Hoc
1286 1237 1485 1319 liquet
1537 1255 1615 1301 ex
1669 1236 2053 1301 testimoniis
2104 1234 2471 1316 Scripturae
2541 1243 2605 1299 et
2656 1241 2931 1316 patrum,
2994 1233 3227 1315 quibus

593 1346 1164 1427 comprobavimus
1196 1346 1449 1410 thesim.
1515 1344 1603 1407 Ex
1636 1345 1981 1409 traditione
2027 1363 2181 1408 vero
2214 1344 2499 1426 practica
2545 1350 2818 1417 constat,
2851 1362 2985 1406 non
3017 1342 3226 1407 omni-

602 1454 723 1518 bus
757 1472 903 1518 eam
936 1453 1164 1528 inesse,
1197 1451 1311 1517 sed
1346 1458 1600 1516 tantum
1633 1452 1725 1527 iis,
1779 1452 1886 1533 qui
1937 1458 2087 1515 sunt
2118 1457 2412 1533 pastores
2442 1450 2641 1516 veluti
2690 1450 3112 1532 principes
3163 1449 3228 1512 in

597 1579 791 1641 grege
824 1559 1179 1623 dominico:
1211 1559 1361 1622 hinc
1393 1559 1458 1621 in
1489 1559 1709 1639 primis
1742 1559 1867 1621 hoc
1892 1559 2040 1640 jure
2071 1558 2269 1640 pollet
2286 1578 2574 1622 summus
2595 1556 2907 1640 pontifex3
2940 1555 3226 1620 secundo

605 1685 757 1733 vero
791 1666 997 1747 gradu
1029 1666 1330 1747 episcopi,
1365 1665 1474 1747 qui
1497 1672 1644 1735 actu
1675 1664 1973 1730 fruuntur
1986 1664 2449 1747 jurisdictionis
2468 1672 2824 1746 potestate;
2857 1683 2990 1728 non
3011 1668 3229 1727 autem

605 1774 886 1855 episcopi
921 1773 1226 1846 titulareS,
1260 1791 1469 1855 neque
1504 1773 1610 1857 (ex
1642 1792 1763 1835 usu
1792 1772 2254 1858 ecclesiastico)
2288 1773 2508 1836 vicarii
2539 1771 2872 1853 generales
2903 1789 3021 1836 seu
3054 1770 3232 1850 capi-

604 1880 863 1957 tulareS,
896 1899 1104 1962 neque
1137 1880 1486 1961 praepositi
1521 1879 1857 1959 generales
1900 1880 2002 1944 vel
2046 1879 2472 1960 provinciales
2505 1879 2818 1953 ordinum,
2869 1896 3081 1961 neque
3116 1876 3233 1940 ab·

605 1988 789 2052 bates
839 1987 938 2050 vel
988 1987 1372 2051 visitatores.
1436 1985 1732 2067 Episcopi
1782 2003 1937 2049 vero
1989 1985 2414 2066 indulgentias
2460 1992 2708 2050 tantum
2754 1986 2910 2049 dare
2960 1992 3233 2066 possunt

607 2094 959 2159 secundum
992 2093 1162 2176 quod
1195 2093 1288 2156 eis
1322 2100 1614 2156 taxatum
1668 2099 1764 2155 est
1816 2111 1856 2155 a
1908 2111 2160 2156 summo
2211 2092 2528 2173 pontifice,
2577 2099 2648 2157 ut
2693 2098 3007 2158 statutum
3041 2097 3141 2155 est
3170 2091 3233 2154 in

601 2221 786 2266 conc.
835 2201 1353 2265 lateranensi
1403 2199 1502 2263 IV.
1537 2219 1589 2262 c.
1625 2205 1727 2269 62.
1793 2198 2199 2282 Quapropter
2247 2207 2582 2281 suspectus
2633 2218 2925 2265 errorum
2959 2197 3233 2263 wicleffi

608 2310 862 2375 etHuss
882 2307 1261 2390 interrogari
1293 2308 1484 2373 debet
1516 2328 1574 2371 n.
1597 2313 1713 2376 28:
1755 2306 2017 2381 ,Utrum
2049 2308 2288 2385 credat,
2322 2307 2496 2390 quod
2527 2307 2754 2388 singuli
2787 2305 3075 2387 episcopi
3106 2306 3230 2369 suis

609 2417 879 2481 subditis
911 2416 1269 2480 secundum
1300 2416 1747 2480 limitationem
1780 2434 1862 2479 ss.
1896 2432 2219 2479 canonum
2241 2414 2606 2498 hujusmodi
2626 2414 3060 2494 indulgentias
3081 2430 3219 2476 con-

602 2524 837 2589 cedere
868 2524 1169 2604 possint.‘
1209 2523 1286 2586 Et
1317 2521 1514 2586 Pius
1547 2522 1649 2586 VI.
1684 2523 1750 2586 in
1784 2523 2037 2586 constit.
2059 2540 2269 2604 ,super
2288 2521 2628 2586 soliditate‘
2648 2520 3217 2586 damnatEibelii

609 2630 1146 2713 propositionem:
1187 2628 1588 2710 ,Quemlibet
1620 2630 1996 2712 episcopum
2027 2630 2169 2712 pari
2190 2629 2384 2694 modo
2419 2637 2613 2713 atque
2645 2647 2881 2712 papam
2915 2647 3113 2710 posse
3143 2629 3225 2692 in·

608 2739 1000 2818 dulgentiam
1035 2738 1447 2802 concedere«
1522 2738 1716 2801 Ratio
1750 2738 2147 2801 limitationis
2179 2737 2527 2819 praecipua
2557 2738 2824 2811 videtur,
2858 2738 3034 2819 quod
3067 2736 3229 2818 prin-

607 2846 768 2926 cipis
802 2852 1052 2909 tantum
1087 2852 1186 2909 est
1217 2844 1591 2925 dispensare
1625 2843 1945 2908 bonorum
1979 2845 2416 2908 communium
2449 2844 2838 2908 thesaurum.

791 2992 843 3049 S.
891 2991 1209 3049 Thomas
1255 2990 1405 3048 hanc
1451 2990 1839 3049 assertionem
1884 2990 1945 3049 in
1994 3002 2050 3052 4.
2083 2990 2138 3049 d.
2175 3001 2252 3053 20
2289 3012 2343 3067 q.
2384 3004 2406 3054 1
2452 3012 2503 3052 a.
2539 3003 2574 3054 4
2609 2992 2717 3051 sol.
2757 3004 2782 3054 1
2824 2994 2909 3049 ita
2940 2991 3232 3050 illustrat:

615 3080 1073 3156 „Indulgentiae
1099 3079 1374 3137 effectum
1406 3079 1630 3137 babent
1660 3078 1987 3138 secundum
2019 3081 2180 3156 quod
2212 3099 2393 3156 opera
2425 3081 2820 3140 satisfactoria
2848 3081 3034 3139 unius
3068 3080 3232 3140 alteri

608 3174 1049 3243 computantur,
1097 3186 1218 3226 non
1264 3168 1457 3226 solum
1500 3187 1567 3226 ex
1616 3169 1676 3226 vi
1721 3169 2009 3243 caritatis,
2058 3170 2163 3228 sed
2209 3189 2276 3228 ex
2322 3170 2654 3229 intentione
2702 3170 3003 3244 operantis
3036 3170 3233 3245 aliquo

612 3257 785 3315 modo
820 3257 1042 3315 directa
1073 3256 1146 3315 ad
1179 3257 1391 3332 ipsum.
1457 3256 1568 3317 Sed
1602 3257 1860 3316 intentio
1893 3258 2139 3316 alterius
2173 3262 2372 3335 potest
2416 3260 2488 3318 ad
2535 3261 2794 3318 alterum
2825 3258 3007 3336 dirigi
3039 3258 3231 3335 tripli-

610 3346 788 3403 citer:
824 3350 930 3404 aut
961 3346 1024 3403 in
1057 3346 1316 3422 speciali,
1352 3350 1458 3404 aut
1489 3347 1553 3403 in
1583 3347 1867 3423 generali,
1916 3350 2022 3405 aut
2059 3348 2123 3406 in
2157 3348 2467 3425 singulari.
2530 3350 2600 3407 In
2647 3348 2942 3425 singulari
2976 3347 3231 3423 quidem,

615 3435 767 3492 sicut
799 3452 931 3493 cum
966 3436 1102 3510 quis
1134 3453 1242 3511 pro
1276 3435 1394 3493 alio
1429 3434 1719 3493 satisfacit
1751 3435 2163 3507 determinate,
2197 3441 2259 3495 et
2289 3438 2373 3495 sie
2405 3437 2663 3513 quilibet
2693 3440 2894 3512 potest
2925 3437 3099 3495 alteri
3132 3455 3234 3495 sua

613 3543 793 3598 opera
824 3523 1269 3586 communicare.
1321 3526 1391 3583 In
1426 3524 1664 3600 speciali
1700 3529 1918 3595 autem,
1954 3525 2113 3583 sicut
2144 3543 2280 3584 eum
2310 3527 2446 3601 quis
2480 3530 2612 3585 orat
2640 3545 2748 3603 pro
2782 3526 3232 3603 congregatione

615 3633 723 3672 sua
754 3616 815 3672 et
845 3614 1239 3672 familiaribus
1272 3618 1333 3672 et
1363 3613 1857 3684 benefactoribuS,
1892 3617 1953 3673 et
1983 3615 2056 3673 ad
2088 3615 2198 3673 hoc
2230 3615 2467 3674 ordinat
2498 3616 2676 3673 etiam
2711 3634 2819 3673 sua
2851 3634 3029 3691 opera
3060 3615 3229 3673 satis·

613 3703 886 3773 factoria3
927 3708 988 3762 et
1021 3702 1108 3761 sic
1138 3703 1257 3774 ille,
1292 3703 1395 3778 qni
1428 3703 1875 3781 congregationi
1907 3708 2159 3780 praeest,
2194 3706 2395 3779 potest
2427 3723 2602 3781 opera
2634 3704 2740 3762 illa
2770 3703 2875 3762 alii
2907 3703 3229 3763 communi-

612 3811 743 3850 care
776 3792 1125 3867 applicando
1157 3793 1550 3850 intentionem
1584 3792 1844 3863 illorum,
1892 3794 1998 3868 qui
2047 3797 2192 3851 sunt
2236 3793 2308 3852 de
2346 3792 2806 3871 congregatione
2840 3812 2948 3852 sua
2977 3793 3050 3852 ad
3083 3794 3233 3851 hunc

617 3881 1027 3939 determinate.
1095 3880 1205 3939 Sed
1258 3881 1321 3938 in
1372 3881 1651 3957 generali,
1706 3881 1863 3939 sicut
1908 3901 2041 3940 cum
2089 3883 2223 3957 quis
2268 3901 2443 3958 opera
2476 3901 2587 3941 sua
2615 3883 2853 3941 ordinat
2896 3881 2970 3941 ad
3017 3883 3232 3942 bonum

616 3970 904 4028 Ecclesiae
939 3970 1003 4028 in
1034 3971 1328 4047 generali3
1362 3980 1423 4027 et
1456 3969 1541 4027 sic
1572 3970 1673 4028 ille
1707 3970 1813 4045 qui
1848 3974 2082 4046 praeest
2100 3971 2393 4030 Ecclesiae
2426 3972 2798 4048 generaliter,
2832 3976 3035 4048 potest
3066 3989 3235 4047 opera

617 4059 722 4117 illa
753 4059 1185 4117 communicare
1217 4058 1567 4134 applicando
1600 4058 1999 4118 intentionem
2032 4079 2199 4118 suam
2233 4060 2306 4118 ad
2339 4061 2498 4119 hunc
2528 4062 2626 4119 vel
2657 4062 2727 4119 ad
2762 4060 2995 4123 illum.‘
3045 4061 3115 4118 In
3148 4077 3233 4118 se-

618 4148 939 4222 quentibus
972 4147 1109 4206 dein
1143 4148 1416 4216 declarat,
1450 4166 1636 4221 quare
1668 4149 1908 4206 nonnisi
1937 4149 2256 4225 applicatio
2302 4170 2334 4207 a
2379 4150 2656 4226 pontifice
2702 4155 2764 4207 et
2807 4149 3234 4225 quadamtenus

617 4238 691 4294 ab
726 4237 1016 4312 episcopis
1050 4236 1206 4295 facta
1236 4236 1645 4314 indulgentiae
1677 4236 1893 4295 habeat
1927 4239 2218 4296 rationem
2254 4234 2348 4318 (cf.
2383 4258 2440 4297 n.
2478 4242 2650 4313 533).

801 4389 944 4441 529.
979 4380 1036 4439 Si
1070 4380 1347 4455 excipiaS,
1382 4379 1746 4437 sacerdotem
1780 4380 1841 4437 in
1876 4385 2377 4440 sacramentorum
2400 4380 2918 4440 administratione
2950 4381 3237 4457 applicare

617 4466 836 4524 Christi
883 4469 1123 4539 merita3
1170 4488 1345 4545 posse
1391 4487 1529 4545 ergo
1574 4472 1636 4526 et
1681 4468 2107 4526 satisfactiones
2152 4470 2429 4528 thesauro
2461 4470 2759 4529 Ecclesiae
2790 4471 3234 4545 comprehensas

619 4555 691 4613 ad
727 4557 1100 4615 relaxandam
1123 4577 1372 4633 poenam
1394 4558 1777 4633 temporalem
1799 4557 2123 4632 applicare:
2158 4559 2484 4618 notandum
2506 4564 2598 4618 est
2618 4577 2903 4635 magnum
2923 4558 3237 4618 discrimen

624 4645 780 4702 inter
812 4647 1263 4721 applicationem
1300 4647 1467 4705 illam
1514 4649 1574 4703 et
1620 4646 1786 4715 hanc,
1836 4664 1987 4721 quae
2028 4648 2224 4705 locum
2258 4649 2436 4707 habet
2465 4650 2527 4707 in
2561 4647 2976 4726 indulgentiis·
3042 4649 3235 4707 Sacer·

622 4733 791 4792 dotes
825 4735 1164 4793 immediate
1197 4738 1508 4811 nequeunt
1537 4735 1835 4810 applicare
1855 4735 2071 4795 Christi
2104 4735 2231 4795 sive
2262 4738 2474 4796 merita
2506 4739 2629 4797 sive
2663 4737 3111 4808 satisfactiones,
3143 4734 3235 4795 sed
