3538 5364
921 308 1040 374 Quo
1068 324 1235 362 sensu
1261 306 1493 362 admitti
1520 309 1703 379 possit
1726 308 1916 379 gratia
1944 325 2012 363 ex
2037 324 2094 363 se
2121 302 2333 364 efficax.
2529 295 2541 306 ⁸
2807 316 2839 380 1
2857 310 2942 381 l‘I

306 481 480 570 811111
496 489 732 566 veriuS,
763 508 921 553 nam
950 489 1145 553 homo
1190 488 1397 568 gratia
1439 486 1694 571 adjutus
1740 491 2046 577 (quacum
2095 509 2248 570 ergo
2291 489 2491 554 libere
2523 484 2942 578 cooperatur)

307 597 545 661 merito
576 596 793 661 dicere
826 600 1042 678 potest
1071 613 1218 659 cum
1251 586 1451 660 Pau'lo
1475 595 1737 680 Philipp.
1772 602 1833 674 4,
1875 602 1985 666 13:
2058 597 2285 661 Omnia
2327 617 2578 682 possum
2611 599 2679 659 in
2711 618 2797 676 eo,
2833 593 2946 683 qm*

308 723 408 765 me
439 702 754 784 confortat
773 727 801 781 ‚·
851 702 990 768 vel:
1037 703 1193 782 Quis
1235 702 1553 786 separabit
1598 723 1709 768 nos
1756 726 1798 768 a
1844 706 2107 768 caritate
2150 703 2429 777 Christi?
2473 703 2816 787 tribulatio,
2849 688 2942 786 avi

307 810 663 889 unqu-scia?
693 810 1003 892 anfames
1022 810 1055 873 ἓ
1078 830 1166 874 an
1195 810 1456 875 nuditas
1477 811 1510 873 ,9
1536 857 1555 875 .
1586 860 1601 877 .
1624 856 1652 878 t
1684 809 1906 874 certus
1935 831 2096 889 sum,
2127 812 2278 895 quia
2298 831 2490 895 neque
2519 831 2709 894 mons,
2744 832 2940 897 neque

310 918 440 978 vita
476 970 489 981 .
526 966 542 981 .
576 967 591 983 .
639 937 836 1002 neque
880 922 1174 980 creatura
1221 917 1354 981 alia
1384 918 1615 1001 poterit
1645 937 1758 982 nos
1788 938 2089 1001 separare
2120 939 2162 982 a
2192 919 2459 981 caritate
2490 916 2627 993 Dei,
2660 938 2822 1001 quae
2853 924 2942 982 est

310 1024 379 1084 in
442 1023 692 1087 Christo
740 1022 899 1086 Jesu
946 1021 1030 1086 D.
1080 1021 1156 1091 N.
1208 1023 1390 1086 Rom.
1443 1031 1502 1101 8,
1533 1026 1640 1093 ’35
1689 1043 1772 1088 88.
1863 1023 2261 1100 ,Adamante
2323 1023 2674 1100 solidioreS,
2736 1023 2942 1106 inquit

309 1127 969 1211 Chrysostomus
998 1130 1065 1193 in
1097 1128 1345 1211 Gen-h.
1378 1137 1439 1207 4,
1473 1130 1587 1196 Dei
1634 1131 1840 1211 gratia
1883 1150 2005 1195 nos
2051 1130 2243 1195 efficit
2287 1136 2351 1195 et
2381 1130 2436 1193 si
2468 1131 2766 1219 volumus
2798 1150 2938 1195 om-

315 1236 470 1299 nino
503 1236 837 1300 invictos}
876 1235 953 1301 Et
982 1254 1208 1303 revera
1237 1226 1494 1303 cederet
1524 1238 1590 1301 in
1624 1238 1868 1319 gratiae
1900 1238 2215 1319 injuriam,
2250 1236 2307 1302 si
2339 1256 2435 1314 ea,
2465 1254 2611 1301 cum
2645 1238 2727 1301 sit
2755 1238 2939 1301 auxi-

308 1343 467 1407 lium
500 1342 620 1419 Dei
667 1349 732 1409 et
778 1344 1035 1427 quidem
1067 1343 1182 1410 Dei
1228 1345 1702 1426 omnipotentis,
1748 1363 1880 1409 non
1913 1351 2137 1427 posset
2185 1343 2480 1421 solidare,
2533 1344 2842 1419 roborare
2876 1334 2942 1421 et

314 1451 630 1531 adjuvare
662 1451 1059 1517 voluntatem
1090 1451 1175 1516 ad
1206 1451 1463 1516 edenda
1485 1470 1689 1533 opera
1718 1451 1947 1516 salutis
1978 1458 2045 1516 et
2075 1451 2423 1518 vincendas
2455 1469 2682 1516 omnes
2703 1452 2940 1537 inimici

308 1557 582 1620 insidias
613 1562 680 1621 et
709 1557 1117 1622 tentationes.
1184 1556 1266 1621 Ut
1294 1576 1453 1622 vero
1481 1557 1607 1621 hoc
1637 1564 1942 1639 praestet,
1975 1574 2241 1622 necesse
2273 1575 2405 1620 non
2437 1563 2552 1632 est,
2585 1563 2656 1621 ut
2685 1575 2766 1622 ex
2797 1576 2940 1624 sese

307 1664 391 1726 sit
444 1661 697 1739 efficaX,
746 1663 862 1727 sed
895 1669 965 1728 ut
1013 1663 1330 1728 voluntati
1378 1664 1822 1730 subministret
1869 1665 2189 1741 virtutem,
2221 1663 2421 1727 robur
2452 1664 2775 1739 invictum,
2809 1658 2946 1746 quo'·

306 1770 617 1834 voluntas
652 1776 841 1835 utens
874 1769 1244 1859 (voluntatis
1278 1771 1448 1836 enim
1480 1777 1577 1837 est
1610 1773 1817 1852 gratia
1848 1770 1955 1848 uti,
1993 1771 2067 1835 cf.
2089 1790 2148 1835 8.
2175 1771 2326 1858 102)
2361 1771 2602 1835 invicta
2620 1771 2941 1835 reddatur:

308 1877 447 1941 Hoc
477 1859 682 1943 sensu
731 1877 954 1954 scribit
995 1877 1509 1959 Augustinus
1556 1878 1636 1944 de
1681 1886 1954 1961 corrept.
1988 1885 2054 1945 et
2083 1897 2170 1958 gr.
2203 1895 2264 1943 c..
2290 1883 2330 1948 8
2361 1897 2422 1941 8.
2459 1882 2573 1947 17:
2632 1876 2940 1958 ‚Quando

306 1985 563 2065 rogavit
593 2002 755 2065 ergo
786 1983 1104 2071 (Christus
1135 2003 1251 2066 pro
1284 1984 1523 2071 Petro),
1555 2004 1638 2051 ne
1670 1985 1825 2050 fides
1858 1985 1996 2067 eJ'us
2028 1985 2346 2061 deficeret,
2369 1984 2519 2066 quid
2554 1985 2728 2049 aliud
2751 2002 2940 2065 roga-

309 2092 416 2165 vit,
449 2090 580 2154 nisi
613 2098 696 2155 ut<
718 2091 990 2156 haberet
1021 2090 1086 2154 in
1117 2090 1241 2156 fide
1273 2091 1680 2166 liberrimam,
1724 2091 2156 2168 fortissimam,
2189 2091 2690 2163 invictissimam,
2722 2109 2942 2173 perse-

307 2200 837 2263 verantissimam
870 2198 1313 2265 voluntatem?
1344 2199 1507 2265 Ecce
1540 2196 2084 2283 quemadmodum
2116 2199 2470 2265 secundum
2503 2198 2778 2278 gratiam
2808 2197 2941 2276 Dei,

308 2323 441 2367 non
473 2290 713 2369 contra
746 2324 910 2383 eam,
946 2304 1209 2371 libertas
1242 2305 1599 2373 defenditur
1627 2306 1996 2372 voluntatis.
2039 2306 2356 2371 Voluntas
2390 2306 2624 2389 quippe
2655 2294 2944 2369 humana

309 2430 443 2477 non
474 2412 781 2481 libertate
815 2415 1229 2497 consequitur
1259 2414 1552 2496 gratiam,
1584 2416 1699 2480 sed
1730 2415 1940 2497 gratia
1971 2415 2182 2496 potius
2201 2415 2588 2491 libertatem,
2617 2419 2683 2477 et
2704 2420 2773 2476 ut
2792 2404 2950 2494 per-2

308 2525 587 2595 severet,
622 2519 1069 2586 delectabilem
1088 2522 1581 2603 perpetuitatem
1614 2530 1687 2588 et
1711 2522 2213 2603 insuperabilem
2231 2520 2722 2611 fortitudinem.‘
2764 2520 2842 2585 Et
2862 2519 2948 2585 de

309 2644 400 2707 gr.
436 2632 504 2691 et
537 2625 645 2691 lib.
681 2626 818 2691 arb.
851 2644 902 2691 c.
943 2634 1060 2698 16:
1127 2627 1270 2704 ,llle
1303 2628 1474 2706 facit,
1506 2634 1578 2695 ut
1608 2628 1937 2705 faciamus,
1968 2629 2339 2712 praebendo
2372 2628 2542 2693 vires
2577 2626 2942 2692 efficacissb

310 2747 511 2798 mas.¹
553 2734 719 2797 Hinc
750 2753 883 2800 non
916 2735 1327 2801 obstantibus
1368 2737 1553 2802 hisce
1582 2737 1839 2801 *viribus
1890 2735 2345 2803 efficacissimis
2376 2736 2673 2800 hortatur
2704 2732 2941 2797 Paulus

309 2839 469 2903 Phil.
492 2845 555 2916 2,
580 2846 699 2908 12:
745 2841 905 2905 Cum
931 2849 1096 2905 metu
1128 2850 1183 2906 et
1214 2849 1483 2906 tremore
1510 2849 1774 2906 vestram
1807 2843 2070 2907 salutem
2101 2843 2468 2926 operamini.
2518 2840 2694 2905 Talis
2724 2845 2942 2905 autem

311 2942 526 3012 metus
560 2954 628 3011 et
660 2952 904 3011 tremor
934 2948 1262 3013 conciliari
1293 2949 1517 3031 nequit
1548 2967 1694 3026 curm
1715 2949 1939 3030 gratia,
1974 2966 2140 3030 quae
2172 2969 2251 3014 ex
2283 2968 2359 3014 se
2385 2949 2470 3014 sit
2500 2949 2665 3014 adeo
2697 2947 2944 3034 efficax,

308 3059 384 3120 ut
416 3072 500 3117 ea
531 3053 746 3135 posita
779 3055 861 3118 sit
892 3054 1282 3138 impossibile
1314 3075 1444 3121 non
1478 3055 1661 3139 sequi
1692 3056 1935 3120 bonum
1969 3073 2163 3137 opus;
2196 3057 2251 3120 si
2282 3075 2362 3122 ea
2389 3055 2790 3122 determinat.
2811 3055 2941 3118 imo

308 3160 877 3242 praedeterminat
902 3162 1249 3226 voluntatis
1281 3164 1809 3245 cooperationem
1841 3169 2035 3246 atque
2067 3161 2512 3243 intensionem.
2557 3162 2791 3227 Paulus
2825 3155 2940 3238 aue

310 3274 445 3331 tem
477 3268 637 3343 vult,
670 3275 749 3332 ut
773 3274 1119 3349 praesente
1167 3269 1364 3335 etiam
1412 3270 1624 3351 gratia
1670 3276 2036 3336 metuamus
2070 3271 2225 3357 (scil.
2258 3270 2339 3335 de
2369 3269 2556 3333 nobis
2590 3277 2946 3352 nostraque

308 3375 832 3462 cooperatione),
865 3393 1016 3439 nam
1049 3377 1342 3458 quamvis
1375 3377 1551 3441 Deus·
1576 3377 1677 3453 sit,
1710 3378 1820 3460 qui
1851 3383 2158 3458 operatur
2191 3377 2255 3440 in
2286 3376 2473 3441 nobis
2505 3377 2666 3442 velle
2699 3382 2765 3441 et
2795 3394 2946 3457 per-

307 3479 506 3545 ficere
539 3498 597 3544 v,
638 3487 740 3558 13,
772 3488 1069 3547 nostrum
1099 3488 1320 3548 tamen
1353 3490 1469 3561 est,
1519 3485 1621 3550 vel
1673 3485 1946 3566 gratiam
1994 3484 2295 3565 recipere,
2350 3490 2412 3548 et
2445 3483 2701 3566 quidem
2733 3484 2840 3559 ita,
2872 3489 2946 3547 ut

311 3606 448 3651 non
478 3595 752 3672 maneat
785 3606 994 3654 vacua
1026 3594 1083 3657 2.
1118 3588 1259 3654 Cor.
1294 3596 1353 3664 6,
1392 3593 1448 3666 1,
1481 3591 1729 3673 gratiae
1761 3590 2096 3671 cooperari
2135 3608 2340 3678 eaque
2372 3588 2484 3667 uti,
2516 3589 2617 3654 vel
2649 3608 2793 3654 eam
2826 3587 2942 3653 ab·

302 3679 508 3775 J‘icere
543 3695 657 3772 ita,
687 3701 764 3761 ut
793 3702 1055 3760 maneat
1085 3714 1312 3760 vacua.

471 3817 655 3870 ‚131-
697 3800 1047 3871 Scholion
1082 3803 1221 3871 III.
1293 3809 1427 3880 Quo·
1458 3825 1635 3867 sensu
1667 3808 1904 3870 admitti,
1917 3810 2106 3883 possit
2135 3811 2332 3884 qratia
2377 3827 2448 3866 ex
2491 3826 2550 3866 so
2592 3809 2830 3882 efficax.
2865 3841 2940 3852 —

310 3894 483 3954 Inter
512 3896 742 3955 auxilia
771 3896 1018 3973 gratiae,
1051 3916 1202 3972 quae
1221 3896 1588 3956 voluntatem
1608 3896 1913 3972 adjuvant,
1948 3897 2250 3957 numerari
2282 3897 2466 3955 etiam
2492 3900 2746 3972 possunt
2773 3897 2944 3954 actus

308 3984 560 4059 quidam
594 3985 924 4045 voluntatis
955 3986 1282 4047 deliberati.
1345 3985 1493 4044 Sane
1538 4001 1596 4049 8.
1648 3986 1942 4061 ejusmodi
1974 3991 2141 4045 actus
2175 3988 2395 4062 juvant
2439 3986 2511 4043 ad
2558 3985 2705 4044 alios
2752 3989 2945 4056 actus

312 4077 384 4131 ut
416 4073 715 4150 perfecta
722 4075 937 4133 caritas
982 4075 1057 4133 ad
1099 4079 1548 4158 praeceptorum
1580 4075 2085 4146 observationem3
2130 4075 2348 4166 caritas
2379 4074 2633 4152 proximi
2667 4074 2742 4132 ad
2775 4079 2942 4133 actus

311 4146 789 4221 misericordiae.
836 4163 1109 4250 quocirca
1156 4161 1222 4228 b.
1267 4163 1556 4239 ejusmodi
1597 4168 1765 4222 actus
1801 4165 1994 4223 vocari
2026 4183 2130 4241 pos
2107 4161 2277 4223 nsunt
2308 4161 2556 4234 auxilia,
2611 4163 2714 4222 sed
2765 4163 2943 4221 etiam

309 4266 374 4316 (3.
380 4252 642 4330 gratia,
686 4255 896 4328 utpote
940 4252 1165 4330 gratiae
1208 4253 1471 4322 fructus;
1519 4272 1637 4328 quo
1670 4271 1849 4312 sensu
1881 4252 2026 4311 dicit
2059 4251 2373 4311 concilium
2410 4252 2943 4311 tridentinum

313 4349 461 4398 sess.
500 4351 538 4402 6
590 4359 715 4416 cap
756 4351 854 4411 16,
905 4345 1134 4400 tantam
1179 4361 1305 4401 esse
1339 4342 1445 4400 Dei
1478 4342 1828 4411 bonitatem,
1879 4345 1950 4400 ut
1999 4342 2147 4401 velit
2183 4341 2490 4418 justorum
2536 4360 2665 4400 8888
2712 4341 2939 4412 merita,

310 4420 470 4506 qu'ae
502 4421 703 4505 ipsius
750 4433 895 4488 sunt
937 4429 1106 4490 dona.
1172 4431 1326 4507 Ergo
1358 4431 1517 4489 inter
1549 4429 1769 4488 auxilia
1800 4429 2023 4507 gratiae
2054 4419 2260 4489 referri
2292 4432 2556 4506 possunt.
2620 4425 2698 4488 Et
2741 4449 2946 4489 revera

312 4513 521 4594 patres
553 4518 627 4577 de
658 4520 887 4596 gratiae
918 4520 1156 4579 auxiliis
1188 4520 1559 4589 disserentes,
1612 4539 1786 4596 saepe
1832 4520 1904 4578 de
1949 4515 2241 4600 ejusmodi
2288 4519 2521 4578 actibus
2562 4518 2944 4595 intelligendi

312 4605 479 4690 sunt.
551 4607 707 4666 Hinc
741 4607 926 4667 infert
957 4609 1286 4685 Ripalda
1317 4608 1471 4686 disp.
1514 4619 1632 4671 103
1670 4627 1714 4672 8.
1753 4619 1786 4671 5
1822 4628 1879 4669 n.
1915 4617 2028 4671 41.

503 4693 567 4759 l.
601 4687 734 4755 dari
766 4693 967 4780 aliqua
995 4696 1214 4756 auxilia
1244 4695 1469 4776 gratiae
1501 4696 1864 4756 intrinsecus
1886 4697 2151 4758 efficacia.
2201 4697 2393 4770 ,Nam
2414 4697 2659 4756 affectus
2680 4696 2943 4755 absoluti

311 4773 378 4844 et
405 4770 747 4845 deliberati
777 4786 1020 4863 pietatis
1053 4794 1355 4845 moventes
1387 4787 1755 4846 voluntatem
1793 4787 1864 4845 ad
1897 4779 2042 4846 alios
2076 4773 2342 4863 ejusdem
2374 4785 2617 4862 pietatis
2650 4788 2818 4843 actus
2851 4804 2942 4842 re·
