3538 5364
589 301 719 366 278
946 286 1131 347 Tract.
1159 293 1254 346 IX.
1280 292 1350 345 de
1378 291 1680 362 baptismO.
1707 292 1905 345 Thesis
1933 289 2195 345 CCXVH.
2222 290 2852 364 Baptisznijnecessitas.

587 497 710 555 cap.
744 489 782 542 4
830 480 1014 551 docet,
1051 518 1090 548 ,
1099 478 1588 555 justificationem
1620 482 1759 553 post
1789 480 2238 556 promulgatum
2268 478 2664 555 Evangelium
2695 479 2823 537 sine
2853 478 3086 536 lavacro
3121 498 3215 536 re-

585 568 987 645 generationis
1021 572 1126 627 aut
1157 570 1287 645 ejus
1319 571 1456 628 voto
1487 567 1616 628 fieri
1647 587 1771 627 non
1802 576 2035 643 posse.‘
2086 568 2221 626 Jam
2252 587 2391 628 vero
2423 568 2495 626 de
2524 568 2635 626 hac
2652 568 3008 627 necessitate
3032 568 3215 644 plura

587 660 732 715 sunt
761 657 1180 733 praenotanda.
1243 657 1526 732 Sequitur
1557 659 1680 716 scil.
1714 676 1786 716 ex
1815 657 1977 716 hisce
2009 657 2209 717 verbis

767 776 827 846 l.
859 782 1139 858 baptismi
1171 782 1582 842 necessitatem
1613 801 1721 842 seu
1751 781 2179 859 obligationem
2208 800 2332 841 non
2362 781 2654 857 incepisse
2686 781 2763 840 ab
2796 783 2926 858 ipso
2958 780 3212 840 institu-

584 871 763 929 tionis
795 871 1074 946 baptismi
1105 873 1421 941 momento,
1469 871 1573 930 sed
1605 892 1639 930 a
1670 871 1991 930 sufficienti
2022 872 2286 947 ejusdem
2333 870 2999 948 promulgatione;
3047 870 3211 928 ideo·

584 978 701 1035 que
734 978 869 1018 cum
899 979 1018 1018 non
1049 960 1272 1035 ubique
1303 961 1505 1019 eodem
1537 964 1803 1036 tempore
1822 962 2268 1038 promulgatum
2298 960 2481 1019 suerit
2496 959 2905 1037 Evangelium,
2940 959 3043 1018 sed
3074 978 3210 1017 suc-

584 1049 809 1107 cessive
853 1052 915 1108 et
956 1051 1243 1125 temporis
1289 1068 1486 1119 cursu,
1532 1068 1654 1109 non
1698 1049 1922 1125 ubique
1952 1049 2160 1109 eodem
2190 1052 2454 1126 tempore
2486 1049 2747 1125 coepisse
2778 1048 3207 1125 obligationem

584 1138 905 1213 recipiendi
934 1139 1247 1214 baptismi:
1293 1139 1472 1198 citius
1516 1139 1581 1196 in
1624 1139 1963 1198 Palaestina
1992 1159 2169 1215 quam
2209 1140 2276 1197 in
2312 1139 2562 1215 imperio
2592 1157 2866 1208 romano;
2915 1138 3095 1197 citius
3142 1139 3210 1197 in

583 1227 906 1302 provinciis
937 1227 1077 1286 huic
1107 1228 1374 1286 obnoxiis
1403 1246 1584 1302 quam
1615 1229 1678 1286 in
1710 1228 2056 1305 regionibus
2075 1228 2512 1298 remotissimiS,
2545 1228 2611 1286 in
2642 1245 2791 1302 quas
2810 1227 3206 1304 Evangelium

582 1316 798 1374 seculis
819 1317 1058 1375 nonnisi
1077 1316 1507 1392 posterioribus
1539 1316 1659 1375 fuit
1689 1317 1960 1387 illatum;
1993 1318 2173 1377 citius
2206 1319 2269 1376 in
2300 1317 2553 1376 urbibus
2582 1317 2987 1387 nobilissimis,
3024 1336 3207 1392 quam

583 1404 648 1462 in
694 1405 855 1464 villis
902 1409 963 1463 et
1006 1405 1173 1465 vicis.
1237 1405 1429 1474 Quare
1473 1405 1740 1465 infideles
1784 1407 2048 1483 negativi
2092 1410 2229 1482 post
2260 1406 2478 1465 Christi
2508 1406 2830 1465 adventum
2863 1410 3001 1464 ante
3036 1406 3203 1463 suffi-

581 1493 831 1553 cientem
862 1494 1174 1571 Evangelii
1205 1495 1741 1571 promulgationem
1789 1495 1852 1554 in
1892 1497 2099 1555 eodem
2131 1498 2296 1555 statu
2325 1498 2386 1556 et
2417 1495 2755 1554 conditione
2786 1495 3204 1564 versabantur,

580 1582 644 1640 in
688 1602 808 1658 qua
851 1583 1089 1642 fuerant
1132 1584 1447 1643 universae
1491 1586 1701 1660 gentes
1749 1588 1887 1643 ante
1918 1585 2137 1645 Christi
2182 1585 2506 1644 adventum
2552 1584 2705 1643 circa
2745 1584 2957 1643 salutis
2989 1584 3202 1643 media.

581 1672 712 1729 Huc
744 1672 949 1731 referri
982 1676 1232 1748 possunt
1263 1674 1444 1732 verba
1475 1692 1520 1732 s,
1551 1674 1934 1733 Bernardi
1966 1693 2166 1751 opusc.
2206 1686 2281 1737 10
2318 1674 2390 1733 de
2420 1674 2581 1749 bapt.
2613 1692 2662 1732 c.
2698 1682 2731 1735 2
2765 1692 2824 1732 n.
2860 1685 2929 1735 6:
2973 1673 3101 1741 ,Ex
3133 1692 3202 1732 eo

579 1763 844 1837 tempore
875 1763 1111 1820 tantum
1133 1762 1350 1837 cuique
1369 1762 1564 1839 coepit
1581 1763 1831 1838 antiqua
1850 1764 2185 1824 observatio
2217 1783 2338 1822 non
2370 1763 2585 1832 valere,
2619 1765 2682 1822 et
2711 1780 2829 1821 non
2863 1762 3201 1838 baptizatus

580 1849 832 1926 quisque
863 1850 1003 1910 novi
1033 1850 1335 1926 praecepti
1367 1870 1504 1910 reus
1524 1852 1825 1924 exsistere,
1858 1872 1925 1911 ex
1958 1873 2077 1929 quo
2095 1856 2474 1930 praeceptum
2494 1852 2697 1927 ipsum
2715 1851 3205 1910 inexcusabiliter

578 1939 651 1997 ad
698 1939 826 2014 ejus
871 1940 1073 2015 potuit
1102 1940 1408 2016 pervenire
1440 1940 1777 2000 notitiam.‘
1845 1943 1923 2002 cf.
1956 1943 2290 2002 Perrone
2322 1943 2359 2000 l.
2393 1960 2438 2000 c.
2472 1959 2519 2000 c.
2557 1951 2610 2003 5.
2675 1942 2953 1999 Suarez
2997 1943 3201 1999 tamen

579 2028 651 2086 de
681 2028 917 2105 legibus
948 2029 987 2086 1.
1020 2040 1090 2092 10
1116 2048 1161 2087 c.
1186 2039 1222 2090 4
1256 2030 1529 2104 quamvis
1550 2033 1780 2089 statuat
1800 2030 1948 2108 legis
1967 2032 2334 2109 evangelicae
2356 2031 2608 2107 ideoque
2640 2032 2700 2089 et
2731 2031 2883 2107 legis
2915 2030 3201 2105 baptismi

578 2116 1002 2194 obligationem
1035 2135 1370 2194 supponere
1401 2119 1668 2194 ejusdem
1700 2121 2256 2198 promulgationem,
2302 2121 2453 2179 hanc
2483 2136 2622 2179 vero
2654 2138 2772 2179 non
2806 2119 3014 2179 eodem
3045 2122 3198 2178 tem-

576 2223 736 2281 pore,
769 2206 874 2265 sed
906 2207 1234 2266 successive
1265 2211 1387 2266 tam
1418 2208 1611 2283 quoad
1633 2209 1886 2284 judaeos
1919 2230 2097 2286 quam
2130 2210 2326 2286 quoad
2345 2209 2601 2286 gentiles
2634 2208 2847 2268 factam
2879 2227 3041 2268 esse:
3075 2227 3198 2266 non

576 2296 788 2370 probat
818 2314 1023 2354 eorum
1057 2297 1432 2368 sententiam,
1481 2298 1586 2374 qui
1630 2300 1866 2374 putent,
1913 2300 2453 2376 promulgationem
2484 2299 2634 2358 hanc
2664 2298 2728 2356 in
2762 2298 2971 2357 multis
3000 2297 3197 2375 regio-

577 2383 756 2443 nibus
788 2385 1024 2444 nonnisi
1068 2388 1203 2461 post
1247 2387 1446 2445 secula
1475 2387 1672 2446 locum
1703 2387 2000 2447 habuisse.
2065 2387 2457 2447 Distinctione
2488 2387 2647 2446 enim
2678 2387 3006 2462 praemissa
3037 2387 3201 2445 inter

574 2474 1278 2551 promulgationem
1311 2479 1372 2534 et
1404 2476 2031 2552 divulgationem
2064 2496 2169 2537 seu
2188 2476 2996 2553 notitiampromulgationis‚
3028 2475 3195 2534 illam

573 2563 692 2637 jam
724 2562 831 2621 diu
862 2563 1076 2622 factam
1107 2567 1326 2633 censet,
1359 2564 1507 2623 hanc
1540 2567 1871 2627 successive
1901 2567 2075 2627 modo
2105 2566 2298 2626 adhuc
2341 2566 2616 2625 diffundi.
2667 2565 2925 2624 Hinc-ad
2957 2565 3194 2624 solven-

573 2650 677 2710 das
710 2652 1092 2713 difficultates
1126 2653 1449 2732 distinguit
1479 2654 1640 2714 inter
1670 2657 2105 2716 excusationem
2150 2660 2210 2716 et
2253 2655 2574 2716 carentiam
2606 2655 3007 2734 obligationiS,
3056 2672 3195 2714 cen-

574 2746 782 2818 setque
827 2746 1035 2819 gentes
1081 2747 1218 2819 post
1262 2743 1560 2802 sufficiens
1606 2748 1843 2820 tempus
1889 2747 2149 2823 coepisse
2194 2745 2438 2822 quidem
2484 2745 2739 2822 obligari
2790 2746 2963 2821 lege
3014 2764 3193 2803 evan-

571 2831 775 2906 gelica,
824 2850 932 2906 per
975 2832 1245 2890 accidens
1290 2835 1489 2890 tamen
1534 2834 1608 2892 ob
1657 2836 2013 2912 cognitionis
2043 2834 2339 2894 defectum
2370 2854 2405 2893 a
2435 2835 2923 2912 transgressionis
2965 2834 3198 2910 culpa

571 2921 856 2991 excusari,
899 2939 1021 2979 non
1053 2924 1253 2980 tamen
1284 2924 1594 2997 propterea
1625 2923 1752 2982 sine
1783 2923 2074 3000 baptismo
2106 2925 2359 2983 salutem
2393 2924 2658 2999 potuisse
2691 2925 3006 2999 consequi:
3053 2924 3196 2981 hinc

571 3027 689 3067 non
721 3010 966 3067 eandem
997 3010 1177 3068 fuisse
1209 3028 1411 3068 earum
1449 3010 1867 3084 conditionem,
1916 3033 2067 3089 quae
2112 3014 2385 3091 gentium
2429 3015 2568 3071 ante
2598 3012 2815 3072 Christi
2847 3013 3193 3071 adventum.

749 3128 812 3197 2.
845 3133 1108 3193 Ecclesia
1139 3134 1413 3194 definivit
1441 3136 1724 3212 baptismi
1755 3140 2159 3198 necessitatem
2193 3139 2418 3214 absque
2449 3138 2800 3198 accuratiori
2830 3139 3191 3197 determina-

570 3222 751 3290 tione,
798 3224 1002 3280 utrum
1048 3243 1116 3282 ea
1163 3225 1242 3282 sit
1286 3225 1606 3284 necessitas
1639 3230 2045 3304 praecepti
2092 3231 2350 3298 tantum,
2398 3248 2475 3286 an
2520 3229 2701 3287 etiam
2746 3227 2998 3287 medii.
3064 3227 3193 3286 Hoc

569 3310 833 3369 exactius
854 3310 1098 3371 definire
1118 3317 1209 3372 est
1230 3313 1509 3391 theologI,
1545 3316 1649 3390 qui
1669 3317 1992 3392 praemissa
2012 3318 2192 3393 hujus
2213 3317 2616 3376 distinctionis
2637 3317 2879 3376 notione
2900 3311 2983 3398 (n.
3015 3312 3187 3397 140),

569 3401 835 3473 expensis
881 3403 1249 3477 argumentis
1293 3404 1506 3462 merito
1551 3405 1750 3475 infert,
1803 3406 2168 3481 baptismum
2218 3406 2615 3465 necessarium
2665 3425 2790 3465 esse
2840 3406 3191 3464 necessitate

570 3506 689 3545 non
723 3489 918 3547 solum
949 3493 1269 3567 praecepti,
1303 3492 1402 3551 sed
1435 3493 1614 3552 etiam
1649 3495 1895 3557 medii.

745 3590 811 3658 3.
850 3595 1064 3654 Verum
1085 3598 1226 3656 haec
1245 3599 1567 3659 necessitas
1589 3601 1772 3659 medii
1804 3620 1925 3661 non
1957 3606 2047 3661 est
2078 3622 2323 3680 prorsus
2357 3605 2740 3673 absoluta,
2774 3621 2925 3678 quae
2958 3602 3189 3660 nullam

565 3684 830 3758 patiatur
860 3686 1281 3761 exceptionem,
1330 3688 1379 3746 si
1425 3688 1546 3747 scil.
1593 3689 1911 3765 loquamur
1956 3692 2027 3750 de
2071 3693 2238 3751 ritu
2283 3697 2345 3752 et
2388 3712 2507 3753 non
2552 3693 2625 3752 de
2671 3712 2733 3750 re
2782 3689 2914 3770 (seu
2946 3687 3187 3772 effectu)

565 3774 949 3844 sacramenti;
1002 3794 1138 3833 nam
1182 3775 1514 3852 baptismus
1566 3778 1694 3854 ipse
1743 3781 2007 3856 suppleri
2052 3785 2252 3858 potest
2301 3783 2364 3840 in
2415 3782 2639 3842 adultis
2690 3781 3187 3841 contritione

563 3862 806 3920 caritate
837 3864 1113 3938 perfecta,
1148 3884 1298 3940 quae
1331 3865 1613 3941 baptismi
1632 3871 1841 3927 votum
1861 3869 2146 3942 includat,
2180 3875 2239 3931 et
2270 3891 2421 3947 quae
2453 3872 2669 3930 idcirco
2708 3869 2929 3929 dicitur
2960 3869 3185 3946 baptis-

561 3968 696 4008 mus
729 3951 1117 4023 flaminis‚
1151 3953 1318 4013 utin
1347 3955 1499 4014 thesi
1538 3965 1657 4020 245
1693 3957 2062 4029 videbimus;
2109 3963 2170 4018 et
2214 3962 2277 4019 in
2322 3960 2528 4038 primis
2560 3960 2975 4036 martyrio,
3027 3958 3187 4034 quod

562 4042 877 4114 propterea
907 4041 1244 4118 baptismus
1277 4045 1690 4121 sanguinis
1722 4046 1961 4111 dicitur.
2023 4049 2378 4126 Martyrium
2408 4069 2612 4109 revera
2644 4049 2923 4126 supplere
2954 4049 3187 4125 baptis-

561 4147 726 4186 mum
756 4148 944 4204 aquae
977 4127 1321 4211 (dummodo
1365 4133 1460 4192 hic
1504 4135 1791 4210 culpabili
1822 4137 2190 4214 negligentia
2229 4158 2352 4197 non
2395 4135 2855 4215 contemnatur),
2905 4141 3185 4197 constans

562 4220 652 4273 est
683 4219 933 4277 assertio
965 4219 1395 4297 theologorum,
1429 4223 1636 4282 innixa
1668 4226 1836 4300 praxi
1869 4225 2162 4285 Ecclesiae
2193 4231 2254 4286 et
2284 4229 2657 4304 persuasioni
2688 4228 2879 4286 totius
2911 4227 3184 4302 antiqui-

560 4305 719 4375 tatis,
768 4326 946 4382 quam
990 4309 1076 4367 ita
1117 4312 1396 4370 enunciat
1439 4315 1943 4390 Augustinus
1991 4316 2062 4375 de
2108 4315 2270 4380 civit.
2319 4317 2423 4375 Dei
2456 4318 2611 4388 XIII,
2665 4327 2730 4380 7:
2788 4317 3184 4392 ,Quicunque

560 4394 742 4452 etiam
786 4414 907 4454 non
949 4403 1225 4474 percepto
1267 4403 1731 4476 regenerationis
1762 4404 1995 4463 lavacro
2028 4425 2135 4480 pro
2166 4406 2385 4465 Christi
2418 4407 2788 4466 confessione
2820 4407 3181 4472 moriuntur,

557 4486 795 4541 tantum
827 4485 911 4544 eis
944 4487 1101 4545 valet
1135 4484 1344 4570 (mors)
1378 4490 1450 4547 ad
1484 4490 1840 4550 dimittenda
1871 4497 2125 4569 peccata,
2174 4498 2468 4571 quantum
2513 4496 2560 4554 si
2595 4496 2987 4555 abluerentur
3016 4494 3181 4554 fonte

558 4572 953 4648 baptismatis
1016 4574 1129 4643 Qui
1176 4579 1337 4634 enim
1382 4577 1556 4637 dicit:
1610 4581 1676 4638 Si
1723 4583 1855 4658 quis
1900 4602 2015 4641 non
2058 4591 2297 4643 renatus
2335 4586 2518 4658 fuerit
2561 4605 2632 4644 ex
2676 4604 2833 4662 aqua
2867 4593 2915 4644 et
2950 4585 3182 4659 Spiritu

556 4670 774 4736 saitem,
811 4681 926 4720 non
955 4665 1196 4722 intrabit
1226 4668 1290 4724 in
1321 4686 1558 4744 reynum
1589 4671 1877 4729 coelorum
1913 4667 2113 4753 (Joan.
2150 4682 2206 4745 3,
2247 4671 2330 4752 5),
2378 4674 2497 4732 alia
2529 4675 2827 4733 sententia
2859 4675 3007 4733 istos
3040 4674 3184 4732 facit

556 4754 850 4826 exceptos,
884 4751 989 4810 ubi
1019 4772 1138 4812 non
1159 4756 1357 4814 minus
1378 4758 1735 4832 generaliter
1754 4759 1930 4819 dicit:
1973 4763 2086 4833 Qui
2117 4782 2203 4820 me
2232 4765 2523 4837 confessus
2555 4766 2734 4839 fuerit
2766 4784 2964 4823 coram
2996 4765 3180 4822 homi-
