3538 5364
1271 331 1351 385 De
1378 334 1728 385 sacramento
1757 329 2127 385 matrimonii.
2875 336 3003 402 551

568 518 631 584 3.
681 519 846 579 Misit
894 537 991 579 eos
1043 517 1247 576 eadem
1299 518 1452 589 via,
1503 537 1620 592 qua
1669 518 1798 594 ipse
1849 516 2197 575 ambulavit.
2262 515 2497 585 Quanta
2538 515 2675 574 inde
2718 515 3004 592 obligatio

389 626 455 672 a.
504 608 944 677 laborandi,
988 626 1109 667 non
1155 606 1413 666 otiandi:
1460 607 1585 684 qu
1616 607 1754 684 eleyi
1785 625 1884 666 vos
1915 613 1966 664 et
1987 608 2166 679 posui
2195 623 2310 681 vos,
2359 612 2423 663 ut
2455 607 2617 681 eatis,
2643 612 2716 663 ‘et
2741 604 3002 677 fructum

391 699 681 771 afferatis,
702 706 752 755 et
772 700 998 773 fruetus
1017 704 1194 755 vester
1212 703 1442 755 maneat
1461 696 1499 753 J
1502 715 1551 757 0.
1578 707 1599 758 1
1618 706 1672 765 5,
1699 705 1774 757 16
1795 695 1927 772 (ubi
1947 695 2186 772 singula
2205 693 2586 770 ponderanda
2604 697 2747 753 sunt
2763 689 2969 774 verba)
2993 715 3007 764 3

391 785 463 851 l).
512 787 1017 864 praelucendi
1059 786 1356 862 exemplo:
1419 784 1529 843 Vos
1559 787 1691 843 estis
1721 785 1824 842 lux
1857 785 2061 843 mundi
2091 784 2300 844 Matth.
2339 793 2394 852 5,
2436 793 2545 853 143
2593 783 2737 841 adeo
2768 786 2839 840 ut
2868 801 3005 858 pro-

390 894 597 935 vocare
642 875 873 952 possint
904 874 1107 933 fideles
1138 893 1272 933 cum
1306 875 1520 933 Paulo:
1570 873 1902 932 Imitatores
1952 876 2063 931 mei
2111 880 2299 947 estote,
2349 875 2497 931 sicut
2546 881 2596 931 et
2646 890 2742 950 eqo
2793 871 3008 930 Christi

397 977 448 1027 1.
481 965 603 1024 Cor.
645 978 740 1035 11,
786 976 806 1026 1
834 985 848 1034 ;
883 978 947 1027 c.
980 963 1371 1040 patiendi:
1420 963 1553 1021 Non
1585 970 1665 1021 est
1696 981 1901 1022 servus
1931 964 2123 1039 major
2153 963 2383 1021 domino
2416 982 2555 1021 suo:
2603 961 2669 1020 Si
2701 980 2787 1019 me
2807 978 3006 1034 perse-

387 1058 502 1112 cuti
531 1062 667 1113 sunt
698 1061 747 1112 et
780 1072 876 1113 vos
897 1060 1314 1130 persequentur
1344 1051 1435 1115 J0.
1477 1063 1573 1123 15,
1610 1061 1724 1123 203
1757 1057 1819 1111 et
1850 1052 1922 1110 ad
1955 1052 2116 1128 ipsos
2148 1052 2209 1109 in
2243 1051 2453 1128 primis
2487 1054 2744 1128 spectat:
2781 1050 2846 1108 Si
2877 1053 3008 1128 quis

386 1145 503 1201 vult
526 1153 660 1219 post
692 1163 777 1201 me
807 1146 1014 1219 venire,
1050 1142 1277 1219 abneyet
1307 1143 1688 1217 semetipsum,
1736 1149 1787 1200 et
1832 1142 1992 1200 tollat
2024 1160 2253 1199 crucem
2283 1160 2471 1216 suam,
2520 1147 2570 1199 et
2613 1147 2891 1217 sequatur
2922 1159 3008 1197 me

389 1233 594 1291 Matth.
627 1242 720 1301 16,
760 1241 871 1301 243
906 1232 1100 1302 verbo,
1133 1232 1196 1289 in
1229 1249 1291 1289 se
1323 1235 1762 1307 repraesentare
1783 1230 2005 1289 debent
2024 1231 2342 1298 Christum,
2375 1231 2503 1304 ejus
2523 1229 2770 1288 induere
2792 1230 3004 1304 zelum,

387 1322 922 1390 mansuetudinem,
955 1320 1294 1389 caritatem;
1340 1321 1513 1396 plene
1558 1320 1621 1377 in
1655 1337 1716 1378 se
1749 1320 2026 1379 exhibere
2062 1319 2240 1379 verba
2270 1318 2473 1378 Pauli:
2536 1318 2673 1377 Vivo
2719 1337 2835 1396 eqo,
2872 1320 3006 1393 jam

387 1429 500 1469 non
533 1430 645 1488 eqo,
679 1414 815 1469 vivit
844 1429 973 1469 vero
1006 1412 1066 1468 in
1100 1428 1185 1467 me
1220 1410 1491 1468 Christus
1522 1408 1646 1470 Gal.
1683 1417 1737 1478 2,
1778 1418 1877 1473 20.

565 1530 649 1597 V.
685 1535 1047 1594 Praeclaram
1080 1533 1401 1592 sacerdotis
1434 1532 1887 1592 institutionem
1920 1533 2099 1592 habes
2131 1534 2254 1592 Jer.
2295 1547 2345 1596 1.
2393 1533 2817 1609 Significantur
2846 1532 3006 1591 enim

391 1620 452 1687 l.
486 1624 741 1682 hominis
770 1623 844 1682 ad
875 1626 1111 1682 tantum
1143 1642 1363 1681 munus
1395 1641 1462 1681 ex
1511 1641 1573 1682 se
1617 1622 1933 1681 infirmitas
1984 1628 2046 1682 et
2095 1622 2581 1698 ineptitudo:
2630 1622 2774 1682 Eece
2821 1623 3007 1681 neseio

389 1715 564 1789 loqui,
609 1715 748 1790 quia
769 1730 926 1786 puer
956 1732 1052 1790 eqo
1082 1731 1211 1771 sum
1241 1732 1295 1772 v,
1333 1722 1404 1781 63
1450 1709 1517 1776 2.
1565 1712 1991 1771 electionis
2026 1711 2145 1771 vis:
2201 1713 2338 1771 Noli
2386 1715 2610 1771 dicere:
2655 1712 2812 1770 Puer
2860 1730 3005 1781 sum,

388 1804 665 1879 quoniam
698 1804 777 1859 ad
808 1804 1021 1878 omnia,
1070 1820 1215 1878 quae
1243 1803 1464 1859 mittam
1496 1808 1565 1864 te.
1614 1801 1726 1860 ibis
1756 1821 1813 1859 v.
1848 1811 1880 1859 7
1920 1805 1981 1859 et
2011 1819 2380 1877 consequens
2413 1801 2551 1860 hinc
2582 1799 2871 1878 gratia:
2919 1801 3008 1859 Ne

390 1894 594 1950 timeas
624 1910 661 1949 a
707 1893 856 1966 facie
884 1910 1100 1966 eorum,
1149 1892 1289 1968 quia
1321 1897 1501 1949 tecum
1531 1908 1626 1968 eqo
1657 1909 1805 1967 sum,
1857 1898 1921 1949 ut
1966 1909 2171 1950 eruam
2202 1899 2254 1948 te
2283 1911 2333 1949 v.
2370 1895 2410 1951 8
2426 1912 2455 1963 ,·
2501 1886 2568 1952 3.
2615 1889 3004 1949 ordinationis

389 1980 647 2039 virtus
678 1985 739 2038 et
768 1979 1052 2039 efficacia:
1086 1979 1165 2038 Et
1196 1981 1354 2037 misit
1373 1979 1660 2037 Dominus
1681 1999 1920 2039 manum
1940 1998 2108 2038 suam
2141 1986 2189 2037 et
2221 1976 2400 2057 tetiyit
2429 1998 2492 2038 os
2522 1997 2707 2038 meum
2726 2000 2746 2037 .·
2776 1986 2827 2037 et
2856 1979 3006 2037 dixit

387 2068 676 2127 Dominus
707 2070 786 2126 ad
815 2088 939 2127 me:
987 2069 1129 2128 Ecce
1158 2070 1290 2127 dedi
1318 2068 1489 2127 verba
1520 2088 1647 2126 mea
1679 2071 1741 2127 in
1774 2087 1872 2127 ore
1902 2076 2036 2129 tuo:
2086 2087 2203 2127 ecce
2233 2070 2502 2128 constitui
2533 2076 2585 2127 te
2613 2086 2790 2144 super
2818 2075 3008 2145 yentes

389 2166 438 2216 et
470 2176 648 2234 super
678 2177 859 2237 reyna
889 2177 943 2216 v.
969 2168 1024 2219 9.
1056 2169 1160 2225 1ος
1192 2152 1257 2223 4.
1290 2156 1603 2216 sacerdotii
1623 2176 1836 2233 scopus
1865 2162 1926 2216 et
1958 2176 2261 2217 munus:
2305 2158 2376 2216 Ut
2395 2159 2612 2233 evellas,
2648 2165 2698 2215 et
2717 2159 3005 2229 destruas,

389 2255 436 2304 et
467 2248 776 2320 disperdas
806 2255 856 2306 et
886 2248 1152 2323 dissipes,
1184 2254 1233 2305 et
1264 2248 1543 2321 aedifices,
1578 2254 1627 2304 et
1649 2248 1883 2320 plantes
1915 2267 1970 2304 v.
2011 2258 2120 2317 103
2157 2242 2223 2309 5.
2257 2247 2454 2306 servor
2484 2250 2545 2306 et
2588 2246 2968 2305 alacritas
2990 2290 3003 2314 ‚

391 2340 457 2395 ut
502 2339 671 2395 tanto
701 2337 936 2395 muneri
968 2338 1554 2412 correspondeamus:
1610 2337 1695 2394 Tu
1742 2355 1873 2414 erqo
1919 2339 2146 2413 aecinye
2176 2336 2396 2395 lumbos
2427 2344 2573 2411 tuos,
2626 2343 2676 2394 et
2719 2354 2906 2413 surqe,
2955 2343 3004 2392 et

387 2426 610 2502 loquere
642 2427 720 2484 ad
752 2444 843 2484 eos
873 2428 1088 2501 omnia,
1121 2444 1266 2502 quae
1296 2442 1394 2501 eyo
1416 2426 1719 2501 praecipio
1750 2425 1872 2483 tibi.
1909 2426 1999 2483 Ne
2025 2426 2309 2499 formides
2340 2445 2378 2483 a
2411 2427 2557 2500 facie
2588 2443 2784 2483 eorum
2816 2444 2871 2482 v.
2902 2436 3005 2495 17;

319 2527 338 2546 ⁸
386 2513 454 2576 6.
489 2515 696 2591 grati
717 2535 751 2573 a
783 2515 1252 2574 sacramentalis:
1288 2515 1406 2573 Nee
1437 2517 1589 2573 enim
1622 2516 1819 2572 timere
1850 2522 1899 2573 te
1931 2517 2147 2590 faciam
2175 2516 2388 2573 vultum
2410 2533 2622 2573 eorum.
2657 2514 2780 2590 Eyo
2798 2515 3009 2590 quippe

387 2604 518 2661 dedi
549 2611 598 2661 te
628 2604 794 2661 hodie
811 2606 874 2661 in
891 2606 1173 2663 civitatem
1192 2606 1476 2662 munitam
1508 2610 1558 2661 et
1592 2606 1649 2661 in
1670 2604 1994 2662 columnam
2016 2606 2268 2679 ferream
2291 2649 2303 2661 .
2326 2649 2339 2662 .
2362 2648 2375 2661 .
2408 2603 2484 2662 Et
2503 2603 2786 2662 bellabunt
2804 2604 3006 2661 adver·

387 2713 516 2752 sum
537 2702 586 2751 te
606 2701 658 2751 et
678 2713 789 2752 non
801 2694 1212 2769 praevalebunt
1226 2717 1247 2751 .·
1268 2697 1404 2771 quia
1424 2712 1522 2770 eqo
1540 2701 1720 2752 tecum
1742 2713 1889 2770 sum,
1915 2696 1998 2752 ait
2018 2694 2324 2770 Dominus,
2346 2702 2410 2753 ut
2430 2694 2660 2752 liberem
2682 2700 2731 2751 te
2749 2713 2803 2752 v.
2831 2705 2855 2755 1
2875 2701 2906 2754 ‘e'
2929 2711 3005 2751 ss,

1416 2906 1728 2987 Sectio
1789 2908 1975 2988 VH.

1162 3054 1263 3110 De
1313 3059 1739 3110 sacramento
1758 3109 1772 3118 ,
1791 3055 2228 3110 matrimonii.

562 3192 711 3256 587.
759 3186 1158 3251 Matrimonii
1190 3188 1373 3250 notio,
1404 3225 1493 3235 —
1524 3186 1631 3250 Ex.
1655 3186 1811 3252 Gen.
1855 3195 1914 3264 l,
1949 3193 2030 3256 27
2067 3209 2152 3252 s.:
2186 3189 2292 3252 Ad
2322 3189 2655 3272 imaqinem
2676 3189 2799 3254 Dei
2830 3212 3005 3254 crea-

383 3293 471 3354 vit
502 3291 676 3354 illum
712 3292 1064 3373 (hominem
1095 3292 1323 3380 Deus):
1369 3294 1715 3358 masculum
1756 3301 1812 3358 et
1858 3293 2168 3376 feminam
2215 3298 2443 3360 creavit
2486 3317 2600 3365 eos.
2650 3297 3005 3362 Benedioeit-

382 3420 496 3484 que
524 3398 651 3462 illis
686 3399 855 3464 Deus
885 3407 942 3462 et
973 3401 1101 3463 ait:
1151 3400 1416 3463 Crescite
1462 3407 1519 3463 et
1549 3401 2104 3484 multiplicamini;
2150 3408 2210 3480 2,
2266 3402 2345 3471 18
2375 3423 2491 3467 ss:
2540 3404 2724 3470 Dixit
2769 3425 3005 3490 quoque

384 3506 695 3568 Dominus
727 3505 935 3570 Deus:
981 3527 1103 3569 non
1136 3514 1223 3570 est
1256 3508 1479 3570 bonum
1513 3528 1639 3571 esse
1668 3508 1986 3572 hominem
2019 3508 2254 3572 solum:
2296 3509 2617 3592 faciamus
2661 3513 2715 3573 ei
2761 3511 3003 3592 adjuto-

380 3613 550 3674 rium
581 3613 780 3677 simile
809 3613 929 3675 sibi
961 3667 974 3680 .
1009 3666 1021 3677 .
1057 3664 1071 3676 .
1110 3614 1408 3698 Dixitque
1439 3616 1691 3679 Adam:
1738 3613 1877 3678 Hoc
1919 3637 2087 3680 nunc
2117 3637 2182 3680 os
2213 3638 2287 3680 ex
2320 3617 2557 3681 ossibus
2588 3620 2740 3681 meis
2769 3626 2824 3682 et
2856 3639 3003 3682 caro

381 3721 457 3782 de
489 3740 678 3783 carne
726 3739 858 3783 mea
892 3774 905 3787 .
939 3771 952 3785 .
986 3776 1000 3789 .
1068 3723 1481 3800 Quamobrem
1526 3721 1832 3807 relinquet
1879 3722 2055 3785 homo
2100 3730 2344 3808 patrem
2389 3743 2572 3786 suum
2617 3731 2673 3786 et
2719 3732 3003 3806 matrem,

380 3831 438 3887 et
483 3824 841 3889 adhaerebit
886 3828 1073 3889 ‘uxori
1122 3848 1292 3903 suae,
1344 3835 1400 3892 et
1446 3839 1631 3892 erunt
1674 3830 1798 3892 duo
1846 3831 1912 3890 in
1960 3850 2152 3893 carne
2196 3850 2366 3910 una;
2415 3830 2636 3895 Matth.
2674 3835 2775 3907 19,
2811 3836 2850 3897 3
2882 3851 3001 3906 SS.;

385 3936 439 3998 1.
473 3930 615 3995 Cor.
653 3937 709 4007 7,
750 3942 775 4001 1
816 3952 929 4009 ss.;
980 3933 1133 4015 Eph.
1166 3939 1226 4010 5,
1279 3939 1355 4001 ll
1392 3955 1473 3998 ss,
1507 3935 1662 3999 Tob.
1698 3940 1755 4011 8,
1792 3939 1831 4002 9
1880 3936 1966 4022 (n.
1999 3938 2190 4022 592),
2242 3937 2404 4001 haec
2451 3937 2841 4001 matrimonii
2889 3937 3001 4002 de-

380 4037 577 4102 finitio
609 4039 743 4103 sive
776 4039 1119 4122 descriptio
1153 4041 1497 4123 colligitur:
1548 4043 2032 4108 matrimonium
2079 4044 2209 4107 scil.
2257 4050 2355 4109 est
2401 4044 2768 4125 conjunctio
2815 4045 3002 4107 unius

380 4163 527 4209 cum
562 4163 707 4222 una,
739 4146 1210 4224 indissolubilia,
1258 4147 1343 4212 ab
1376 4156 1640 4214 auctore
1686 4156 1959 4215 naturae
1998 4151 2305 4228 instituta,
2357 4170 2398 4215 a
2443 4150 2581 4214 viro
2628 4157 2693 4215 et
2737 4150 3001 4215 muliere

380 4252 709 4318 voluntate
742 4253 900 4317 inita
932 4260 996 4317 et
1025 4271 1066 4316 a
1087 4254 1220 4319 Deo
1252 4255 1633 4320 confirmata
1666 4262 1731 4320 et
1761 4256 2123 4334 benedicta,
2157 4276 2287 4340 qua
2317 4277 2388 4323 se
2420 4265 2642 4323 mutuo
2677 4259 3000 4339 adjuvant,

379 4358 731 4441 perficiunt,
765 4360 1105 4442 complent,
1138 4366 1209 4424 ut
1240 4361 1368 4425 sint
1397 4381 1599 4425 unum
1632 4362 2020 4444 principium
2054 4362 2410 4445 physicum,
2444 4363 2724 4429 ethicum
2758 4371 2822 4428 et
2854 4366 3000 4430 reli-

381 4467 646 4547 giosum,
679 4486 797 4549 par
828 4468 911 4531 ad
941 4467 1429 4548 propagandum
1461 4487 1660 4549 genus
1692 4470 2068 4545 humanum,
2102 4470 2184 4533 ad
2217 4471 2829 4535 subministrandam
2861 4491 2997 4535 ma-

380 4572 608 4637 teriam
640 4574 961 4640 Ecclesiae
995 4574 1453 4651 aedificandae,
1497 4577 1872 4659 prolemque
1917 4577 1984 4639 in
2033 4577 2259 4659 triplici
2307 4576 2411 4640 illo
2459 4578 2685 4643 ordine
2718 4579 3000 4644 educan-

378 4679 548 4755 dam,
595 4680 875 4746 reserens
920 4683 1261 4763 imaginem
1309 4702 1678 4765 expressam
1728 4685 2204 4766 conjunctionis
2239 4685 2471 4750 Christi
2517 4703 2666 4748 cum
2698 4685 2999 4750 Ecclesia.

378 4787 644 4851 Brevius
677 4806 831 4852 vero
866 4806 944 4852 ex
976 4790 1302 4853 communi
1333 4790 1781 4870 theologorum
1826 4792 2149 4858 sententia
2195 4791 2494 4857 definitur
2533 4811 2572 4856 a
2605 4795 2997 4859 catechismo
