3538 5364
625 268 757 384 388
971 310 1157 364 Tract.
1184 310 1278 363 LX.
1305 309 1374 363 de
1403 308 1675 364 sacrificio
1708 305 1928 362 missae.
1959 307 2157 361 Thesis
2185 307 2524 363 CCXXXIV.
2554 307 2884 364 Traditione

624 496 1126 557 consecrationem
1159 495 1326 554 velut
1356 513 1572 571 corpus
1605 497 1665 553 et
1708 494 2060 571 sanguinem
2091 494 2414 571 mysticum
2444 491 2501 552 J.
2535 494 2610 565 C.‚
2657 494 2731 553 ad
2777 495 2863 554 sic
2907 514 3240 570 repraesen-

623 581 875 647 tandum
894 584 1239 646 sacrificium
1259 587 1590 654 cruentum,
1623 583 1784 660 quod
1804 583 1933 660 ipse
1954 583 2094 642 fecit
2115 583 2376 660 corporis
2400 586 2462 642 et
2481 584 2793 660 sanguinis
2827 583 2922 643 sui
2955 583 3021 642 in
3055 580 3240 653 cruce,

622 678 684 735 et
713 670 786 734 ad
818 674 1174 734 obtinendos
1204 673 1435 733 fructus
1465 673 1672 732 mortis
1705 692 1851 731 suae
1883 691 1987 748 pro
2019 671 2094 731 iis
2126 672 2421 742 omnibus,
2454 691 2562 748 pro
2592 673 2812 747 quibus
2837 672 3106 732 oblatum
3138 662 3244 735 est.

623 766 896 824 Ceterum
926 763 1069 822 haec
1099 763 1369 821 doctrina
1398 780 1518 821 non
1550 765 1644 821 est
1673 761 1946 820 doctrina
1976 761 2156 820 unius
2186 761 2458 820 ecclesiae
2489 761 2586 820 vel
2617 762 2935 838 peculiaris
2967 762 3240 831 doctoriS,

623 854 725 913 sed
758 855 886 913 erat
917 851 1191 912 doctrina
1223 855 1285 910 et
1315 852 1512 928 praxis
1530 851 1827 910 Ecclesiae
1858 850 2375 921 universalis3
2409 850 2669 909 Ecclesia
2692 870 2821 909 eam
2840 855 3141 928 acceperat
3172 852 3244 909 ab

623 941 923 1019 apostolis,
955 939 1210 1017 apostoli
1241 960 1276 998 a
1308 941 1554 999 Christo.
1615 940 1725 998 Est
1769 939 1847 1010 id,
1901 939 2060 1015 quod
2108 957 2154 1003 s,
2199 939 2573 998 Irenaeus
2605 957 2712 998 nos
2746 940 2932 1013 docet,
2986 941 3147 1017 quod
3200 960 3242 1004 s,

622 1031 985 1108 Ignatius
1016 1033 1077 1088 et
1107 1048 1151 1090 a.
1182 1027 1557 1088 Justinus
1589 1047 1698 1086 nos
1731 1028 2064 1087 docuerunt
2083 1031 2220 1087 ante
2241 1029 2454 1104 ipsum,
2489 1029 2647 1104 quod
2681 1029 3242 1089 Tertullianus

623 1122 686 1178 et
730 1139 775 1179 s.
821 1120 1254 1195 Cyprianus
1300 1136 1408 1176 nos
1452 1118 1789 1177 docuerunt
1832 1119 1981 1193 post.
2041 1118 2152 1175 Est
2182 1117 2261 1187 id,
2303 1116 2461 1194 quod
2496 1118 2650 1176 clare
2682 1118 3025 1178 continetur
3056 1119 3120 1177 in
3153 1138 3242 1195 ep.

623 1228 670 1269 s,
715 1207 1139 1267 Clementis
1189 1207 1263 1265 ad
1317 1206 1623 1267 Corinth.‘
1690 1206 1951 1264 Tandem
1993 1206 2325 1265 concludit:
2373 1206 2672 1278 ,Utinam
2721 1208 3005 1284 quoniam
3036 1208 3241 1283 plures

622 1298 890 1357 doctores
910 1298 1314 1371 protestantes
1336 1299 1742 1372 cognoverunt
1760 1295 1916 1354 circa
1935 1295 2042 1354 hoc
2071 1299 2361 1369 punctum
2385 1314 2583 1355 veram
2603 1295 2931 1355 doctrinam
2950 1297 3244 1356 Ecclesiae

621 1387 977 1464 apostolicae
1007 1391 1069 1444 et
1100 1403 1359 1444 errorem
1391 1384 1636 1443 Lutheri
1667 1389 1728 1442 et
1758 1383 2006 1454 Calvini,
2056 1402 2258 1443 omnes
2292 1386 2604 1444 convenire
2636 1390 2880 1459 possent
2912 1385 2985 1444 ad
3016 1386 3244 1444 resolu-

620 1476 846 1536 tionem
876 1472 1161 1537 reddendi
1189 1473 1491 1548 majestati
1524 1473 1758 1532 divinae
1792 1472 1951 1531 hunc
1989 1491 2333 1549 supremum
2378 1474 2677 1544 honorem,
2724 1474 2829 1549 qui
2874 1474 2929 1532 ei
2974 1473 3243 1545 debetur,

622 1567 686 1622 et
728 1564 803 1622 ad
847 1563 957 1623 hoc
1000 1562 1388 1621 restituerent
1417 1581 1596 1621 usum
1630 1580 1928 1621 sacrarum
1962 1561 2361 1638 liturgiarum,
2415 1581 2562 1637 quas
2594 1563 2747 1622 male
2779 1564 3129 1638 rejecerunt,
3182 1565 3244 1622 iu

621 1653 839 1730 quibus
869 1652 1080 1711 modus
1111 1653 1292 1727 patet,
1324 1669 1443 1726 quo
1475 1652 1597 1710 Deo
1631 1651 1830 1709 offerri
1862 1648 2040 1709 debet
2070 1650 2180 1709 hoc
2213 1655 2484 1709 sanctum
2515 1651 2923 1711 sacrificium.‘
2958 1652 3040 1715 Cf.
3073 1653 3122 1710 D
3141 1660 3173 1711 ὃ
3193 1654 3242 1711 l-

623 1743 890 1819 linger
921 1741 1028 1800 Die
1061 1741 1248 1799 Lehre
1279 1758 1398 1799 von
1430 1740 1535 1798 der
1567 1740 1816 1801 Euchar.
1849 1739 1914 1797 in
1946 1740 2060 1797 den
2092 1743 2292 1799 ersten
2323 1740 2450 1798 drei
2480 1739 2685 1798 Jahrh.
2717 1760 2849 1818 pag.
2886 1751 2965 1805 79
3001 1760 3078 1801 ss.

798 1866 947 1929 407.
978 1862 1046 1927 2.
1081 1859 1371 1923 Tradunt
1401 1866 1634 1940 patres,
1666 1857 1993 1923 Christum
2039 1859 2460 1941 semetipsum
2505 1860 2569 1923 in
2619 1878 2826 1925 coena
2856 1859 3085 1924 ultima
3120 1860 3240 1924 ob-

622 1968 842 2033 tulisse
873 1968 937 2031 in
969 1965 1374 2030 sacrificium.
1438 1965 1531 2029 Ex
1565 1965 1857 2047 pluribus
1889 1966 2259 2046 speciminis
2293 1966 2498 2046 gratia
2529 1966 2877 2031 audiantur

800 2116 843 2157 s,
877 2096 1309 2174 Cyprianus
1337 2091 1417 2176 ¹):
1454 2096 1645 2164 ,Nam
1679 2094 1731 2153 si
1762 2094 1818 2153 J.
1854 2095 2123 2155 Christus
2154 2096 2442 2154 Dominus
2474 2099 2534 2154 et
2565 2096 2723 2154 Deus
2754 2099 2958 2154 noster
2989 2096 3118 2172 ipse
3149 2102 3243 2155 est

621 2204 888 2244 summus
919 2185 1191 2244 sacerdos
1222 2184 1330 2243 Dei
1362 2184 1558 2243 Patris
1590 2189 1651 2243 et
1682 2184 2034 2243 sacrificium
2068 2184 2231 2243 Patri
2282 2203 2344 2243 se
2388 2184 2587 2260 ipsum
2618 2184 2879 2260 primum
2912 2185 3138 2244 obtulit
3163 2194 3242 2244 ‚et

621 2275 730 2333 hoo
760 2274 889 2333 fieri
920 2274 984 2333 in
1030 2275 1123 2333 sui
1169 2273 1784 2332 commemorationem
1815 2273 2132 2349 praecepit,
2179 2274 2392 2347 utique
2424 2273 2525 2332 ille
2558 2274 2829 2332 sacerdos
2860 2274 2988 2332 vice
3021 2274 3240 2333 Christi

622 2381 757 2423 vere
787 2363 1079 2441 fungitur,
1115 2364 1221 2437 qui
1253 2363 1334 2434 id,
1372 2360 1530 2437 quod
1564 2362 1838 2421 Christus
1870 2362 2026 2433 fecit,
2073 2362 2378 2431 imitatur;
2426 2366 2487 2421 et
2531 2362 2881 2421 sacrificium
2927 2382 3135 2422 verum
3178 2369 3242 2423 et

622 2452 864 2528 plenum
894 2456 1042 2513 tunc
1072 2452 1247 2511 offert
1277 2451 1341 2509 in
1359 2451 1622 2510 Ecclesia
1642 2451 1757 2509 Deo
1777 2451 1959 2520 Patri,
1994 2451 2044 2508 si
2078 2450 2163 2510 sic
2193 2451 2439 2527 incipiat
2467 2452 2690 2522 offerre,
2724 2452 3050 2512 secundum
3082 2454 3240 2528 quod

621 2542 817 2618 ipsum
848 2542 1146 2601 Christum
1176 2540 1377 2599 videat
1407 2540 1757 2598 obtulisse<
1793 2574 1880 2583 -—
1911 2538 2074 2597 Isid
2093 2557 2273 2598 orus
2320 2539 2474 2615 hisp.
2523 2542 2560 2598 l.
2614 2553 2640 2603 1
2691 2541 2762 2599 de
2793 2541 3004 2600 officiis
3037 2543 3238 2601 eccles.

622 2650 669 2690 c.
708 2640 783 2695 18
807 2650 864 2691 n.
895 2642 918 2695 1
944 2651 957 2690 ε
993 2629 1417 2703 ,Sacrificium,
1450 2629 1609 2704 quod
1642 2648 1676 2686 a
1707 2628 2043 2688 christianis
2065 2629 2183 2688 Deo
2211 2629 2473 2701 offertur,
2508 2630 2768 2706 primum
2787 2630 3059 2690 Christus
3079 2632 3146 2690 D.
3165 2631 3240 2691 N.

622 2724 684 2779 et
731 2721 1016 2798 Magister
1064 2720 1354 2787 instituit,
1406 2718 1644 2795 quando
1696 2716 2130 2776 commendavit
2178 2719 2460 2795 apostolis
2511 2738 2724 2796 corpus
2774 2722 2835 2778 et
2884 2721 3238 2797 sanguinem

621 2829 793 2868 suum
828 2855 842 2868 .
876 2853 889 2866 .
923 2854 935 2866 .
988 2803 1156 2877 Quod
1202 2807 1445 2883 quidem
1477 2810 1914 2866 sacramentum
1945 2807 2368 2867 Melchisedech
2415 2828 2513 2866 rex
2560 2808 2750 2867 Salem
2798 2809 3132 2887 figuraliter
3177 2811 3236 2868 in

617 2901 831 2974 typum
876 2898 1137 2973 corporis
1188 2900 1250 2954 et
1296 2895 1609 2972 sanguinis
1655 2896 1876 2955 Christi
1920 2897 2149 2971 primus
2197 2896 2440 2970 obtulit,
2489 2898 2842 2973 primusque
2885 2899 3236 2974 mysterium

617 2987 774 3045 tanti
806 2985 1078 3045 sacrificii
1097 2985 1446 3061 imaginarie
1481 2984 1638 3043 idem
1669 2985 1958 3060 expressit
1989 2990 2099 3050 etc.
2116 2993 2143 3023 ‘
2163 3019 2250 3029 —
2270 2987 2544 3063 Integrae
2564 2986 2660 3046 hic
2678 2987 3018 3046 referendae
3039 2995 3241 3046 essent

616 3075 767 3135 duae
797 3074 1071 3146 homiliae
1103 3074 1176 3132 de
1210 3073 1429 3133 Christi
1461 3074 1740 3149 paschate
1773 3074 2257 3149 Cyrillonae‚
2293 3075 2552 3134 auctoris
2586 3076 2710 3152 syri
2743 3094 2855 3138 sec.
2886 3075 2984 3139 IV.
3019 3095 3236 3135 exeun-

614 3165 710 3234 tis,
758 3182 906 3240 quas
938 3181 969 3221 e
1000 3166 1170 3222 textu
1202 3163 1481 3239 originali
1512 3163 1848 3238 germanice
1879 3182 2080 3223 versas
2113 3165 2370 3240 primum
2403 3164 2590 3222 edidit
2622 3165 2691 3226 cl.
2724 3166 2771 3222 B
2790 3165 2808 3222 i
2827 3164 3030 3223 ckell
3055 3160 3126 3249 2),
3176 3167 3236 3224 in

614 3253 835 3328 quibus
867 3271 953 3310 ex.
984 3271 1072 3329 gr.
1105 3252 1391 3328 legimus:
1433 3252 1767 3320 ,Dominus
1801 3256 2005 3311 noster
2035 3253 2183 3328 ipse,
2218 3253 2434 3330 inquit,
2468 3253 2727 3328 primum
2758 3272 2938 3312 suum
2968 3254 3235 3313 immola·

613 3341 705 3398 vit
737 3359 967 3416 corpuS,
1000 3346 1062 3399 et
1092 3340 1305 3400 deinde
1338 3342 1606 3400 homines
1640 3340 1795 3399 illud
1828 3340 2213 3400 immolarunt
2243 3387 2257 3401 .
2290 3386 2304 3400 .
2338 3384 2354 3401 .
2393 3342 2567 3419 Legis
2599 3343 2763 3400 acuit
2793 3344 3074 3415 cultrum,
3119 3363 3236 3420 quo

612 3447 791 3488 suum
822 3448 1038 3506 corpus
1058 3433 1363 3505 tamquam
1383 3449 1601 3508 agnum
1625 3431 1958 3506 paschalem
1979 3430 2313 3490 immolaret
2345 3479 2359 3494 .
2391 3479 2405 3495 .
2439 3477 2452 3493 .
2487 3433 2695 3508 Agnus
2717 3427 2980 3490 comedit
2994 3451 3230 3508 agnum,

611 3519 826 3594 pascha
856 3520 1223 3595 consumpsit
1252 3519 1467 3594 pascha
1498 3567 1512 3582 .
1545 3567 1559 3581 .
1593 3567 1608 3581 .
1654 3520 1786 3595 Ipse
1831 3520 2025 3579 astitit
2072 3537 2255 3594 seque
2299 3520 2500 3595 ipsum
2542 3537 2737 3579 amore
2770 3523 2940 3579 actus
2974 3522 3236 3598 portavit

609 3610 789 3683 atque
808 3608 1114 3685 proprium
1136 3627 1348 3684 corpus
1382 3610 1507 3667 suis
1540 3608 1806 3683 portavit
1836 3609 2117 3668 manibus
2150 3605 2246 3691 (cf.
2270 3608 2448 3668 verba
2468 3609 2687 3667 similia
2718 3627 2762 3667 s.
2797 3610 3232 3687 Augustini

609 3715 788 3773 supra
833 3717 890 3755 n.
943 3691 1097 3778 348)
1132 3742 1146 3756 .
1180 3741 1193 3755 .
1227 3743 1240 3756 .
1295 3697 1670 3756 Consecravit
1714 3701 1776 3756 et
1820 3697 2122 3756 benedixit
2169 3699 2447 3774 seipsum,
2494 3698 2686 3757 oravit
2732 3702 2793 3756 et
2835 3699 3063 3775 gratias
3109 3700 3232 3774 egit

608 3805 790 3862 supra
820 3805 1030 3863 corpus
1063 3805 1259 3848 suum.
1322 3786 1577 3857 Obtulit,
1613 3785 1942 3845 immolavit
1975 3787 2256 3861 seipsum,
2305 3787 2582 3863 praebuit
2626 3791 2688 3845 et
2731 3787 3024 3863 expressit
3069 3807 3137 3847 ex
3171 3806 3231 3846 se

822 3979 861 4046 ¹)
888 3974 993 4044 Ep.
1020 3979 1089 4032 63
1115 3991 1160 4027 e.
1194 3983 1276 4039 14,
1304 3991 1451 4043 quae
1480 3977 1601 4029 tota
1626 3974 1741 4029 huc
1772 3976 2007 4044 spectat,
2036 3991 2230 4043 opusc.
2260 3978 2298 4034 t.
2326 3974 2472 4028 XXL
2499 3991 2629 4045 pag.
2660 3981 2777 4032 195.
2813 3974 2948 4028 Alia
2975 3975 3230 4043 ejusdem

603 4053 928 4108 testimonia
955 4054 1028 4111 cf.
1054 4053 1115 4107 in
1141 4052 1320 4124 praef.
1347 4053 1405 4107 M
1432 4053 1652 4108 arani
1675 4053 1748 4107 ad
1779 4054 1903 4124 ejus
1931 4070 2104 4123 opera.
2131 4063 2158 4120 g
2189 4063 2270 4112 15.

820 4138 859 4205 ²)
876 4133 1280 4204 Ausgewahlte
1297 4132 1575 4187 Gedichte
1591 4131 1692 4186 der
1708 4132 2003 4202 syrischen
2020 4132 2452 4199 Kirchenvater,
2467 4133 2750 4203 Kempten
2773 4141 2874 4192 187
2878 4141 2910 4189 2
2926 4151 3061 4205 pag.
3079 4140 3150 4193 37
3161 4153 3232 4188 ss.

604 4213 817 4268 Ibidem
845 4230 1073 4282 quoque
1100 4217 1175 4288 (p.
1207 4217 1291 4286 19)
1327 4213 1413 4267 ita.
1438 4212 1691 4267 fidelium
1724 4212 1936 4269 excitat
1961 4212 2262 4267 fiduciam:
2307 4213 2399 4274 „Si
2426 4212 2653 4267 infirma
2679 4216 2892 4268 vestem
2920 4216 3081 4268 tuam
3110 4217 3231 4268 tan·

600 4310 756 4363 gens,
782 4309 883 4362 per
906 4293 1153 4361 pallium
1174 4294 1417 4347 salutem
1438 4292 1697 4364 accepit:
1724 4296 1944 4361 quanto
1971 4291 2156 4362 magis
2183 4292 2327 4346 mihi
2355 4294 2510 4347 salus
2536 4296 2595 4346 et
2613 4293 2892 4348 auxilium
2913 4294 3228 4365 proveniet,

600 4390 730 4428 cum
739 4372 1029 4443 integrum
1046 4389 1251 4443 corpus
1268 4375 1432 4427 tuum
1444 4373 1976 4443 apprehenderim?“
1996 4371 2413 4445 manibusscil„
2424 4373 2487 4428 in
2501 4390 2643 4441 quas
2656 4373 2791 4428 olim
2805 4374 3054 4428 dabatur
3071 4391 3228 4428 sacra

598 4453 923 4509 communio
963 4454 1054 4524 (cf.
1096 4472 1151 4508 n.
1177 4458 1347 4524 350¹).
1398 4452 1619 4518 Quibus
1657 4452 1890 4522 gemina
1928 4452 2178 4521 reperies
2216 4453 2278 4506 in
2317 4454 2532 4522 hymno
2570 4453 2604 4507 J
2622 4470 2750 4509 aco
2772 4453 2841 4509 bi
2883 4453 3227 4525 sarugeusis,

596 4532 848 4587 auctoris
872 4549 978 4586 sec.
1012 4533 1105 4587 lV.
1133 4532 1407 4597 ineuntis,
1434 4532 1497 4585 in
1526 4533 1719 4586 velum
1746 4548 1938 4585 coram
1966 4530 2112 4585 facie
2138 4532 2352 4600 Moysis
2376 4550 2508 4604 pag.
2536 4540 2643 4590 264
2662 4534 2749 4588 ed.
2777 4533 2822 4586 B
2839 4534 2860 4588 i
2877 4534 2963 4588 ck
2981 4551 3010 4588 e
3028 4534 3087 4591 1¹1
3113 4534 3227 4597 cit..

594 4614 656 4667 et
672 4611 737 4666 in
764 4628 1019 4667 sermone
1064 4614 1113 4665 A
1131 4631 1169 4682 p
1187 4614 1225 4667 h
1241 4630 1269 4666 r
1284 4630 1318 4666 a
1332 4629 1366 4665 a
1383 4616 1408 4665 t
1423 4612 1444 4666 i
1457 4630 1503 4677 s,
1545 4611 1799 4666 auctoris
1846 4610 1963 4680 syri
1989 4627 2096 4666 sec.
2123 4611 2239 4676 lv„
2283 4612 2347 4666 in
2386 4614 2598 4682 pascha
2637 4612 2723 4665 ed.
2761 4612 2805 4664 B
2821 4612 2888 4668 ic
2903 4613 2942 4666 k
2959 4629 2990 4668 e
3004 4613 3065 4667 ll
3107 4629 3226 4668 ver·

592 4690 771 4748 sionis
819 4709 995 4763 germ.
1037 4693 1463 4764 (Ausgewahlte
1501 4692 1788 4746 Schriften
1831 4692 1931 4744 der
1971 4708 2082 4758 syr.
2121 4690 2261 4756 KV„
2305 4690 2590 4761 Kempten
2622 4694 2777 4762 1874)
2806 4710 2938 4765 pag.
2971 4698 3088 4750 109.
3142 4693 3226 4748 cf.

594 4772 1005 4830 Franzelin
1035 4772 1116 4827 th.
1145 4778 1194 4829 9.
