3538 5364
1353 334 1584 391 Gratiae
1613 334 1979 392 incertitudo,
2834 347 2951 411 181

332 517 566 598 primis
599 534 753 580 vero
801 515 1262 597 comprobatur
1308 523 1533 581 nostra
1578 517 1852 581 assertio
1899 517 2021 580 hac
2067 516 2347 581 ratione:
2409 517 2691 584 Eatenus
2735 519 2965 601 aliquis

331 630 561 687 certus
592 640 736 686 esse
767 628 992 704 posset
1022 621 1398 687 certitudine
1430 621 1579 689 fidei
1626 623 1706 688 de
1753 623 2021 687 obtenta
2045 624 2516 705 justificationis
2549 625 2771 704 gratia,
2803 644 2964 707 qua-

336 737 536 794 tenus
568 729 955 795 certitudine
985 728 1130 794 fidei
1162 728 1261 793 vel
1294 730 1654 794 evidentiae
1687 730 1824 805 scit,
1856 749 1925 794 se
1961 731 2179 795 omnia
2198 731 2595 813 praestitisse
2614 750 2966 814 omnesque

337 837 734 919 adimplesse
766 836 1185 912 conditioneS,
1218 856 1385 919 quae
1417 836 1830 919 requiruntur
1875 837 1957 901 ad
1995 837 2464 918 justificationis
2506 837 2778 917 gratiam
2810 856 2967 902 con-

339 944 762 1026 sequendam.
824 943 970 1008 Jam
1001 961 1154 1008 vero
1188 944 1480 1026 quamvis
1515 944 1655 1026 quis
1706 944 1908 1025 possit
1954 952 2166 1009 certus
2212 964 2355 1010 esse
2400 945 2780 1010 certitudine
2811 962 2967 1009 con-

339 1051 638 1131 jecturali
669 1058 737 1115 et
769 1050 996 1114 morali
1045 1050 1125 1115 de
1175 1069 1294 1114 sua
1344 1050 1783 1132 dispositione,
1834 1052 2042 1133 deque
2092 1051 2451 1133 adimpletis
2484 1053 2781 1116 omnibus
2813 1070 2968 1116 con-

353 1157 715 1234 ditionibuS,
747 1176 1079 1240 nunquam
1110 1165 1328 1223 tamen
1377 1163 1591 1223 certus
1638 1177 1782 1224 esse
1825 1164 2042 1241 potest
2086 1158 2467 1223 certitudine
2513 1158 2659 1224 fidei
2703 1159 2805 1223 vel
2838 1159 2971 1222 evi-

357 1265 632 1330 dentiae.
700 1263 867 1328 Nam
899 1266 1018 1330 etsi
1050 1265 1481 1329 conscientiae
1515 1265 1955 1329 testimonium
1988 1284 2184 1330 verax
2217 1272 2314 1329 est
2347 1267 2410 1329 in
2444 1266 2742 1331 testanda
2771 1266 2969 1330 alicu-

341 1372 444 1451 jus
477 1372 918 1452 dispositionis
951 1373 1342 1448 exsistentia,
1375 1372 1782 1437 infallibiliter
1814 1379 2031 1436 tamen
2064 1373 2284 1454 nequit
2315 1373 2661 1454 dijudicare
2687 1372 2972 1453 ejusdem

344 1478 871 1560 qualitatem,
919 1498 1072 1543 num
1117 1478 1308 1544 fuerit
1353 1479 1879 1561 supernaturalis
1926 1478 2244 1544 sufficiens
2277 1479 2603 1565 (contritio
2636 1478 2970 1565 perfecta);

343 1587 719 1651 validumne
751 1585 937 1651 fuerit
969 1587 1103 1651 sive
1135 1586 1460 1667 baptisma
1490 1587 1625 1651 sive
1657 1586 2093 1667 poenitentiae
2140 1593 2648 1651 sacramentum:
2699 1586 2972 1667 disposi-

344 1695 544 1757 tionis
591 1699 812 1758 autem
855 1692 1235 1757 sufficientia
1278 1712 1410 1758 non
1456 1693 1695 1774 pendet
1745 1711 1788 1756 a
1832 1692 1972 1756 sola
2004 1692 2167 1755 illius
2198 1694 2582 1775 praesentia,
2632 1693 2745 1757 sed
2779 1712 2973 1776 quam

342 1802 638 1866 maxime
673 1801 751 1864 ab
784 1801 920 1882 eJus
953 1800 1296 1882 qualitate3
1329 1818 1472 1864 esse
1506 1799 1676 1864 enim
1708 1799 1902 1864 debet
1932 1800 2454 1882 supernaturaliS,
2505 1800 2670 1864 sicut
2701 1807 2972 1882 oportet

347 1908 446 1971 Ex
479 1908 770 1989 patribus
813 1907 1113 1971 audiatur
1157 1905 1614 1987 Gregorius
1661 1906 1738 1970 M.
1784 1907 1866 1970 ad
1900 1904 2292 1986 Gregoriam,
2340 1906 2671 1985 Augustae
2712 1908 2973 1971 cubicu-

345 2016 608 2089 lariam,
641 2014 925 2079 scribens
957 2032 1054 2095 ep.
1087 2013 1188 2091 VI,
1223 2019 1342 2082 27:
1382 2011 1608 2092 ,Quod
1639 2031 1795 2078 vero
1830 2013 2109 2078 Dulcedo
2143 2019 2256 2077 tua
2290 2014 2354 2076 in
2376 2015 2497 2077 tuis
2518 2013 2801 2095 epistolis
2820 2014 2975 2078 sub-

342 2122 576 2202 junxit,
610 2121 1047 2203 importunam
1080 2139 1150 2184 se
1183 2120 1335 2183 mihi
1382 2121 1673 2196 existere,
1722 2121 2141 2203 quoadusque
2185 2120 2483 2197 scribam,
2530 2121 2685 2184 mihi
2727 2121 2974 2186 revela-

359 2238 492 2294 tum
522 2249 685 2305 esse,
720 2230 871 2311 quia
901 2236 1171 2310 peccata
1227 2235 1336 2291 tua
1386 2227 1654 2291 dimissa
1704 2234 1871 2304 sunt,
1922 2246 2060 2291 rem
2103 2235 2169 2292 et
2217 2228 2501 2292 inutilem
2552 2234 2617 2291 et
2662 2226 2977 2291 difficilem

368 2336 729 2417 postulasti:
781 2334 1094 2399 difficilem
1148 2334 1422 2416 quidem,
1475 2334 1626 2416 quia
1676 2352 1796 2414 ego
1829 2333 2122 2415 indignus
2156 2352 2318 2410 sum,
2370 2334 2472 2396 cui
2502 2333 2809 2399 revelatio
2844 2334 2977 2399 tieri

365 2443 623 2518 debean
672 2442 959 2507 inutilem
992 2459 1164 2517 ver0,
1196 2442 1348 2523 quia
1378 2459 1609 2505 secura
1654 2441 1733 2505 de
1781 2442 2064 2523 peccatis
2114 2442 2236 2506 tuis
2282 2441 2415 2506 fieri
2449 2459 2579 2504 non
2612 2440 2826 2517 debes,
2859 2441 2980 2504 nisi

364 2570 506 2613 cum
531 2552 672 2632 jam
708 2550 770 2613 in
804 2549 905 2613 die
936 2548 1111 2614 vitae
1144 2554 1292 2612 tuae
1313 2547 1535 2610 ultimo
1559 2548 1860 2628 plangere
1882 2547 2109 2611 eadem
2139 2551 2409 2629 peccata
2426 2547 2685 2610 minime
2705 2546 2979 2611 valebis:

356 2675 520 2740 quae
568 2658 708 2723 dies
755 2676 1091 2741 quousque
1140 2657 1377 2733 veniat,
1422 2675 1675 2739 semper
1722 2664 2040 2739 suspecta,
2088 2673 2343 2738 semper
2398 2656 2647 2739 trepida
2697 2662 2979 2721 metuere

354 2765 578 2846 culpas
614 2764 832 2841 debeS,
868 2770 1060 2847 atque
1094 2783 1205 2828 eas
1238 2764 1627 2847 quotidianis
1663 2763 1916 2829 fletibus
1950 2765 2219 2830 lavare«
2290 2765 2513 2828 Merito
2562 2782 2712 2844 ergo
2757 2763 2982 2828 statuit

354 2890 532 2936 conc.
568 2871 990 2936 tridentinum
1021 2890 1175 2935 sess.
1209 2877 1250 2940 6
1283 2888 1422 2953 cap.
1455 2877 1530 2939 9:
1599 2869 1819 2945 ,Sicut
1859 2890 2049 2936 nemo
2095 2871 2238 2953 pius
2271 2872 2349 2935 de
2382 2870 2498 2935 Dei
2528 2869 2979 2942 misericordia,

357 2979 431 3044 de
465 2979 711 3043 Christi
742 2977 969 3043 merito
1004 2977 1210 3060 deque
1244 2984 1802 3042 sacramentorum
1834 2978 2064 3043 virtute
2115 2984 2180 3042 et
2228 2976 2511 3042 efficacia
2542 2976 2834 3040 dubitare
2868 2976 2979 3041 de-

358 3086 497 3150 bet:
532 3088 629 3149 sic
661 3084 944 3167 quilibet,
977 3085 1130 3148 dum
1162 3084 1446 3165 seipsum
1494 3102 1807 3166 suamque
1849 3085 2173 3166 propriam
2224 3084 2657 3150 infirmitatem
2689 3091 2752 3147 et
2783 3083 2980 3147 indis-

359 3193 747 3274 positionem
778 3191 1056 3272 respicit,
1090 3191 1168 3256 de
1201 3209 1322 3254 sua
1354 3190 1564 3271 gratia
1597 3190 1941 3255 formidare
1976 3198 2041 3256 et
2071 3192 2297 3255 timere
2328 3196 2572 3272 potest;
2606 3209 2753 3253 cum
2771 3189 2979 3253 nullus

354 3301 518 3363 scire
552 3299 773 3364 valeat
803 3298 1184 3362 certitudine
1218 3297 1379 3374 fidei,
1401 3298 1504 3360 cui
1523 3316 1653 3360 non
1674 3304 1888 3378 potest
1907 3297 2171 3362 subesse
2194 3298 2438 3374 falsum,
2474 3317 2543 3363 se
2571 3297 2845 3378 gratiam
2864 3297 2977 3362 Dei

351 3425 499 3471 esse
531 3412 1016 3469 consecutum«
1075 3404 1236 3467 Hinc
1270 3405 1588 3468 corollarii
1623 3404 1818 3467 modo
1852 3405 2154 3486 sequitur,
2180 3405 2388 3484 justos
2421 3423 2461 3468 a
2495 3404 2739 3468 fortiori
2770 3411 2980 3468 certos

351 3532 500 3578 esse
533 3531 669 3576 non
701 3530 893 3594 posse
925 3511 1004 3576 de
1038 3529 1156 3575 sua
1198 3512 1845 3593 perseverantia
1877 3518 1942 3575 et
1972 3510 2779 3592 praedestinatione,
2814 3530 2980 3595 quae

352 3639 400 3683 a
430 3627 530 3683 tot
559 3618 1035 3683 conditionibus
1067 3625 1132 3683 et
1164 3617 1482 3698 adjunctis
1530 3617 1753 3681 futuris
1785 3617 2084 3699 pendent,
2119 3617 2197 3682 de
2230 3617 2459 3699 quibus
2493 3618 2612 3700 ipsi
2644 3619 2746 3681 vix
2780 3618 2979 3698 conji-

349 3727 590 3790 ciendo
624 3727 729 3812 (ex
763 3727 862 3811 se)
897 3724 1133 3807 aliquid
1167 3725 1424 3806 assequi
1454 3732 1742 3806 possunt.

543 3864 690 3918 217.
723 3855 1173 3932 Exceptionibus
1202 3857 1428 3930 satisfit.
1462 3888 1548 3898 —-
1583 3855 1657 3912 Ut
1691 3855 2072 3913 difficultates
2105 3856 2430 3923 solvantur,
2467 3853 2803 3912 memineris

545 3958 607 4023 l.
657 3981 764 4021 nos
811 3962 1051 4036 quidem
1097 3981 1326 4039 negare,
1365 3963 1604 4037 justum
1641 3961 1863 4037 absque
1895 3962 2251 4020 revelatione
2283 3978 2456 4037 posse
2489 3961 2700 4018 habere
2732 3960 2979 4018 certitu-

354 4050 561 4109 dinem
598 4052 627 4109 f
635 4051 797 4110 idei
829 4050 901 4110 de
933 4052 1145 4127 adepta
1167 4051 1437 4127 justitia:
1473 4050 1729 4109 libenter
1748 4054 1946 4109 tamen
1968 4050 2359 4120 concedimu8‚
2394 4069 2529 4109 eum
2561 4067 2735 4125 posse
2768 4049 2982 4106 habere

355 4141 785 4199 certitudinem
818 4140 1436 4216 conjecturalem
1469 4143 1529 4197 et
1558 4140 1842 4198 moralem
1876 4141 2153 4215 majorem
2185 4140 2564 4207 minoremve,
2598 4158 2751 4214 quae
2783 4138 2981 4196 exclu-

357 4230 466 4287 dat
497 4229 790 4288 actualem
823 4230 1217 4298 formidinem,
1254 4229 1516 4304 prudens
1548 4229 1833 4287 dubium:
1882 4247 1999 4286 non
2032 4233 2231 4286 tamen
2263 4229 2364 4297 ita,
2411 4230 2483 4285 ut
2527 4228 2574 4286 si
2600 4229 2804 4302 justus
2837 4227 2983 4285 velit

358 4337 569 4376 omnes
602 4318 861 4377 rationes
893 4319 1144 4376 timendi
1175 4318 1481 4377 attendere
1526 4323 1586 4376 et
1631 4317 1980 4393 expendere,
2030 4316 2341 4375 formidare
2387 4336 2506 4375 non
2538 4316 2746 4392 possit.
2813 4317 2982 4391 Ejus·

359 4406 525 4465 modi
559 4406 981 4466 certitudinem
1013 4406 1470 4483 conjecturalem
1503 4410 1699 4483 patres
1722 4406 1910 4482 justis
1942 4404 2198 4464 subinde
2231 4406 2578 4466 concedunt.

544 4529 611 4594 2.
646 4533 938 4608 Pleraque
970 4551 1038 4590 ex
1069 4532 1401 4591 innumeris
1431 4532 1816 4600 testimoniis,
1869 4550 2021 4606 quae
2068 4531 2160 4589 vel
2192 4549 2261 4589 ex
2295 4530 2621 4606 Scripturis
2654 4530 2747 4588 vel
2781 4548 2848 4587 ex
2881 4548 2983 4604 pa-

363 4622 564 4680 tribus
609 4624 1153 4696 protestantes
1197 4621 1505 4697 objiciunt,
1543 4640 1663 4679 non
1693 4623 1837 4679 sunt
1867 4621 1941 4678 ad
1973 4639 2129 4688 rem;
2174 4621 2238 4678 in
2283 4619 2404 4678 illis
2451 4620 2610 4678 enim
2656 4637 2847 4678 sermo
2894 4622 2987 4675 est

366 4712 461 4768 vel
493 4711 567 4769 de
598 4710 959 4769 certitudine
991 4728 1020 4768 c
1040 4710 1176 4769 ons
1184 4709 1569 4780 identiae,
1617 4729 1736 4785 qua
1766 4712 1928 4767 certo
1959 4708 2311 4767 confidimus
2344 4711 2405 4767 et
2435 4726 2755 4783 speramus,
2801 4725 2907 4765 nos
2952 4727 2987 4764 a

370 4800 489 4858 Deo
520 4800 774 4875 gratiam
809 4804 871 4858 et
903 4799 1154 4876 gloriam
1185 4803 1625 4869 consecuturos,
1660 4799 1710 4856 si
1745 4798 2076 4869 fecerimus,
2111 4798 2269 4872 quod
2303 4801 2395 4856 est
2426 4800 2488 4855 in
2520 4796 2726 4864 nobis3
2773 4796 2871 4853 vel
2915 4795 2985 4853 de
