3538 5364
564 197 699 263 638
1059 188 1244 242 Tract.
1270 188 1340 243 X.
1368 189 1438 244 de
1464 187 1583 243 Deo
1610 190 2080 245 consummatore.
2106 187 2190 242 De
2215 189 2436 245 lumine
2462 189 2696 261 gloriae.

750 384 896 439 681.
943 375 1032 433 De
1075 376 1289 434 lumine
1330 376 1566 451 qloriae.
1612 407 1692 419 —
1741 377 2140 452 Augmentum
2173 375 2420 435 virtutis
2452 375 2865 447 intellectivae,
2911 376 3071 452 quod
3114 377 3191 435 ad

562 466 760 524 Deum
791 463 1114 523 videndum
1145 463 1412 541 theologi
1444 464 1710 541 exigunt,
1743 464 2002 523 lumen
2031 464 2253 541 gloriae
2284 463 2404 523 dici
2435 466 2606 525 solet.
2650 463 2805 524 Illud
2836 468 3035 524 autem
3065 483 3193 525 esse

562 552 1007 613 admittendum
1040 553 1345 612 evidenter
1374 552 1634 612 infertur
1679 569 1745 616 a.
1780 553 2070 612 corollarii
2116 553 2292 613 niodo
2335 573 2404 613 ex
2448 553 2643 624 dietis,
2690 556 2753 612 et
2794 550 2867 616 b.
2913 554 3191 630 pluribus

566 645 783 720 probat
814 660 860 701 s.
898 642 1222 701 Thomas
1266 661 1314 706 c.
1359 644 1567 719 gentes
1599 643 1702 713 111,
1740 651 1841 713 53,
1876 642 1980 701 ubi
2013 642 2175 701 inter
2204 642 2347 701 alia:
2396 642 2607 711 ,Nihil
2650 645 2746 701 est
2786 643 3195 719 susceptivum

567 732 788 792 formae
822 731 1211 802 sublimioris,
1259 731 1380 790 nisi
1424 750 1531 806 per
1575 731 1840 807 aliqum
1872 730 2324 807 dispositionem
2356 731 2430 790 ad
2460 732 2629 792 illius
2659 731 3039 808 capacitatem
3072 733 3194 792 ele-

568 824 762 881 vetur.
808 820 1098 896 Proprius
1129 821 1290 879 enim
1320 823 1489 879 actus
1520 820 1585 878 in
1612 820 1854 897 propria
1885 821 2153 896 potentia
2181 821 2268 879 fit.
2332 820 2608 880 Essentia
2635 824 2835 879 autem
2866 820 3073 880 divina
3104 822 3198 881 est

566 911 755 971 forma
785 909 963 969 altior
994 910 1156 968 omni
1186 909 1496 970 intellectu
1529 910 1742 968 creato.
1808 910 1901 967 Ad
1948 910 2058 969 hoc
2101 909 2293 987 igitur
2338 910 2499 984 quod
2544 909 2802 969 essentia
2845 909 3047 969 divina
3089 910 3199 969 fiat

564 998 969 1077 intelligibilis
1002 998 1229 1074 species
1261 999 1514 1075 alicujus
1544 998 1893 1057 intellectus
1925 999 2124 1069 creati,
2174 998 2332 1074 quod
2365 999 2701 1074 requiritur
2743 998 2817 1057 ad
2863 999 2990 1071 hoc,
3034 998 3198 1074 quod

563 1089 773 1148 divina
803 1088 1142 1147 substantia
1170 1088 1464 1158 videatur,
1499 1105 1740 1146 necesse
1772 1089 1881 1157 est,
1927 1087 2090 1162 quod
2119 1088 2463 1147 intellectus
2496 1091 2729 1148 creatus
2759 1087 2966 1163 aliqua
2996 1087 3199 1164 dispo-

565 1179 785 1238 sitione
818 1176 1152 1236 sublimiori
1182 1177 1256 1235 ad
1289 1176 1398 1235 hoc
1426 1176 1752 1243 elevetur.‘
1822 1177 1901 1235 cf.
1942 1187 1966 1239 1
2006 1196 2063 1253 p.
2096 1196 2152 1253 q.
2193 1185 2267 1238 12
2302 1196 2352 1238 a.
2389 1186 2444 1240 5.
2507 1177 2586 1236 Et
2631 1195 2772 1237 sane
2820 1190 2886 1240 c.
2936 1176 2987 1235 si
3033 1177 3199 1237 Deus

564 1267 643 1326 ad
688 1266 1157 1327 connaturaliter
1188 1265 1505 1325 eliciendos
1545 1269 1716 1324 actus
1758 1266 2050 1325 salutares
2083 1265 2352 1325 infundit
2381 1266 2623 1326 habitus
2656 1265 3042 1342 disponentes
3088 1284 3199 1343 po-

568 1357 839 1426 tentiam,
872 1354 1130 1414 elevabit
1160 1357 1222 1413 et
1252 1355 1629 1413 intellectum
1647 1357 1917 1413 creatum
1947 1355 2151 1431 aliqua
2182 1354 2420 1415 divinae
2453 1354 2744 1415 bonitatis
2775 1354 3094 1414 influentia
3122 1354 3201 1413 ad

568 1449 690 1505 tam
722 1444 987 1503 nobilem
1018 1449 1080 1503 et
1109 1444 1440 1503 eminenter
1473 1444 1988 1519 supernaturalem
2021 1443 2332 1505 visionem.
2397 1445 2611 1503 Merito
2643 1462 2785 1522 ergo
2817 1439 2886 1508 d.
2917 1443 3204 1503 damnata

568 1534 688 1593 fuit
718 1551 885 1610 prop.
921 1543 954 1596 5
1007 1533 1589 1611 Beguardorum
1637 1553 1671 1590 a
1714 1532 2109 1592 Clemente
2157 1533 2223 1595 V.
2269 1551 2404 1592 cum
2452 1533 2701 1593 concilio
2744 1533 3200 1592 viennensi:

570 1622 785 1693 ,Quod
818 1621 1123 1698 quaelibet
1141 1621 1568 1681 intellectualis
1588 1623 1805 1680 natura
1835 1623 1900 1680 in
1933 1640 1996 1680 se
2027 1622 2156 1698 ipsa
2187 1622 2542 1682 naturaliter
2571 1625 2662 1681 est
2693 1622 2882 1694 beata,
2917 1623 3204 1700 quodque

565 1713 769 1771 anima
812 1729 933 1770 non
977 1710 1209 1788 indiget
1251 1710 1482 1770 lumine
1525 1711 1749 1788 gloriae
1796 1711 1989 1787 ipsam
2021 1712 2292 1771 elevante
2323 1711 2398 1770 ad
2430 1712 2619 1770 Deum
2651 1710 2979 1771 videndum
3023 1714 3087 1770 et
3129 1726 3203 1770 eo

569 1801 742 1861 beate
772 1800 1152 1859 fruendum.‘
1221 1800 1516 1859 Definitur
1558 1801 1760 1859 autem
1806 1801 2008 1859 lumen
2051 1801 2278 1877 gloriae
2322 1821 2358 1859 a
2403 1800 2686 1859 Suarez
2730 1801 2804 1858 de
2847 1800 2969 1859 Deo
2999 1798 3078 1872 H,
3118 1809 3203 1864 14

569 1908 628 1953 n.
668 1901 692 1953 1
719 1910 733 1948 :
780 1888 1094 1958 ,Qualitas
1126 1892 1322 1949 creata
1352 1890 1414 1948 et
1445 1888 1689 1947 habitus
1722 1892 1785 1947 et
1812 1889 2007 1949 virtus
2037 1889 2462 1952 intellectualis
2498 1889 2970 1965 supernaturalis
3002 1891 3066 1947 et
3093 1907 3206 1965 per

571 1984 634 2038 se
683 1978 883 2038 infusa
930 1978 1284 2049 intellectui,
1336 1997 1455 2054 qua
1503 1977 1776 2037 redditur
1818 1978 2080 2054 proxime
2123 1983 2336 2056 potens
2379 1981 2442 2037 et
2486 1978 2703 2037 habilis
2749 1978 2823 2037 ad
2869 1977 3205 2037 videndum

569 2069 821 2127 Deum.‘
869 2069 919 2125 A
953 2067 1218 2127 Lessio
1251 2067 1323 2126 de
1355 2085 1587 2125 summo
1619 2067 1776 2126 bono
1807 2067 1884 2138 11,
1922 2077 1957 2131 8
1992 2086 2050 2126 n.
2077 2078 2159 2130 44
2193 2068 2281 2127 ita
2311 2067 2694 2127 describitur:
2731 2067 3004 2136 ,Lumen
3032 2066 3207 2127 istud

571 2161 662 2216 est
693 2175 970 2233 suprema
1000 2156 1289 2233 quaedam
1323 2156 1627 2215 irradiatio
1660 2160 1721 2215 et
1750 2155 2129 2232 participatio
2163 2157 2313 2217 lucis
2355 2156 2543 2228 illius,
2590 2175 2709 2231 qua
2739 2156 2898 2215 Deus
2932 2154 3205 2232 seipsum

571 2246 754 2317 videt,
801 2264 909 2322 per
954 2263 1131 2320 quam
1164 2246 1505 2304 intellectus
1538 2244 1611 2304 ad
1644 2247 1868 2304 statum
1902 2246 2171 2305 divinum
2206 2247 2477 2306 elevatur
2522 2248 2585 2304 et
2630 2245 2697 2303 fit
2744 2244 3066 2305 deiformis.
3136 2245 3204 2303 Si

574 2336 733 2394 enim
767 2335 856 2393 sol
887 2334 1098 2393 mundi
1128 2335 1309 2394 istius
1342 2334 1605 2411 corporei
1637 2337 1839 2410 potest
1869 2336 2058 2394 nubes
2090 2338 2226 2412 apte
2259 2335 2582 2411 dispositas
2632 2334 2719 2393 ita
2759 2333 3083 2403 illustrare,
3129 2336 3207 2392 ut

570 2425 732 2500 ipsae
752 2424 943 2482 instar
973 2423 1119 2482 solis
1152 2423 1393 2483 luceant
1422 2426 1484 2482 et
1515 2423 1671 2482 soles
1691 2424 1958 2500 quidam,
1995 2442 2145 2499 quos
2164 2425 2418 2501 parelios
2438 2427 2669 2495 vocant,
2701 2441 2832 2482 esse
2852 2421 3202 2481 videantur:

470 2584 475 2589 .
570 2514 761 2573 multo
793 2513 982 2589 magis
1016 2512 1240 2587 poterit
1259 2514 1437 2585 Deus,
1471 2513 1576 2589 qui
1608 2516 1701 2571 est
1731 2513 1822 2571 sol
1852 2514 2062 2571 mundi
2094 2513 2450 2590 incorporei,
2486 2515 2714 2571 mentes
2744 2512 3066 2571 rationales
3097 2531 3201 2571 ve·

570 2603 687 2660 luti
720 2601 909 2661 nubes
941 2601 1288 2677 spirituales
1336 2619 1445 2660 suo
1490 2602 1723 2679 fulgore
1754 2602 2081 2673 illustrare,
2129 2606 2201 2661 ut
2244 2602 2363 2679 ipsi
2408 2602 2651 2661 omnino
2697 2601 2921 2659 similes
2966 2602 3096 2659 sint
3140 2603 3206 2659 et

567 2695 869 2768 tamquam
905 2690 988 2749 dii
1024 2691 1265 2765 quidam
1297 2692 1498 2750 divino
1531 2692 1761 2751 lumine
1792 2691 2125 2769 fulgeant.‘
2191 2695 2277 2753 De
2323 2694 2454 2767 ejus
2486 2691 2840 2750 muneribus
2871 2691 3090 2750 statuit
3119 2691 3202 2752 ib.

570 2800 627 2840 n.
665 2791 777 2844 52:
815 2780 992 2849 ,Tria
1010 2784 1270 2855 praestat
1289 2781 1399 2839 hoc
1432 2780 1766 2839 mirandum
1789 2781 2023 2840 lumen:
2060 2777 2124 2845 l.
2160 2783 2277 2841 ele
2298 2785 2422 2841 vat
2450 2784 2710 2840 mentem
2743 2780 2817 2839 ad
2849 2783 3081 2839 statum
3110 2779 3205 2839 di-

570 2870 778 2930 vinum
812 2889 1066 2944 eumque
1098 2869 1279 2928 efficit
1310 2869 1756 2942 deiformem,
1791 2871 1862 2929 ut
1894 2870 2290 2947 Dionysius
2324 2871 2607 2947 loquitur,
2639 2872 2701 2928 et
2731 2869 2984 2928 similem
3019 2869 3204 2928 Patri.

570 2959 737 3018 Mens
770 2958 928 3018 enim
960 2958 1044 3017 sic
1077 2958 1381 3017 illustrata
1412 2962 1473 3017 et
1505 2959 1732 3018 elevata
1764 2959 2164 3019 constituitur
2193 2960 2258 3018 in
2289 2965 2427 3019 actu
2457 2960 2650 3036 primo
2693 2961 2755 3018 et
2798 2958 2956 3017 vires
2988 2958 3208 3036 accipit

571 3049 647 3107 ad
690 3047 1139 3125 productionem
1172 3047 1423 3106 visionis
1469 3048 1765 3107 essentiae
1813 3046 2067 3119 divinae,
2116 3066 2182 3107 ac
2227 3047 2477 3125 proinde
2508 3046 2833 3123 respondet
2862 3047 3206 3106 intellectui

570 3137 825 3196 fecundo
859 3154 966 3194 seu
996 3137 1316 3195 memoriae
1337 3137 1621 3195 fecundae
1657 3133 1757 3220 (ut
1778 3136 2110 3196 scholastici
2132 3133 2495 3220 loquuntur)
2529 3138 2595 3196 in
2614 3138 2805 3197 Patre.
2846 3134 2910 3201 2.
2931 3155 3205 3213 expan-

572 3226 605 3282 d
625 3226 688 3284 it
719 3225 935 3285 mentis
957 3225 1345 3300 capacitatem
1363 3226 1427 3284 in
1448 3226 1823 3297 immensum,
1855 3229 1928 3284 ut
1959 3227 2039 3285 sit
2061 3246 2241 3304 capax
2261 3226 2537 3285 immensi
2557 3230 2620 3285 et
2636 3225 2928 3284 illimitati
2948 3225 3092 3284 boni
3115 3270 3129 3284 .
3149 3270 3165 3283 .
3186 3273 3202 3286 .

570 3314 740 3373 Sicut
759 3314 919 3372 enim
939 3313 1143 3372 lumen
1163 3314 1330 3374 istud
1352 3315 1653 3391 corporale
1675 3315 1832 3386 facit,
1865 3317 1936 3374 ut
1966 3318 2177 3376 oculus
2207 3317 2473 3392 corporis
2506 3334 2569 3373 se
2602 3315 2882 3374 extendat
2911 3314 2987 3372 ad
3018 3314 3205 3391 hujus

571 3404 781 3462 mundi
800 3403 1144 3462 vastitatem
1176 3422 1423 3480 eamque
1457 3405 1615 3463 intra
1647 3422 1709 3462 se
1741 3405 1892 3470 miro
1914 3405 2168 3480 quodam
2189 3405 2364 3464 modo
2388 3405 2846 3480 complectatur:
2880 3403 2970 3462 ita
2999 3403 3207 3463 lumen

569 3492 727 3550 illud
759 3491 1074 3568 spirituale
1106 3494 1168 3551 et
1198 3493 1469 3552 divinum
1502 3494 1660 3565 facit,
1708 3498 1781 3553 ut
1823 3512 2008 3567 mens,
2059 3495 2157 3554 cui
2204 3495 2506 3565 insederit,
2556 3511 2619 3552 se
2664 3492 2857 3569 possit
2886 3492 3206 3552 extendere

567 3584 632 3641 et
676 3582 837 3641 intra
883 3599 944 3639 se
989 3583 1423 3656 quodammodo
1456 3582 1769 3658 complecti
1801 3585 1990 3642 totam
2020 3584 2129 3642 Dei
2174 3584 2638 3642 immensitatem
2672 3626 2686 3639 .
2722 3628 2734 3641 .
2768 3625 2783 3639 .
2832 3577 2896 3645 3.
2939 3585 3205 3641 mentem

571 3671 656 3729 sic
676 3671 966 3730 elevatam
987 3674 1049 3729 et
1068 3689 1386 3746 expansam
1409 3670 1446 3729 d
1463 3691 1495 3730 e
1510 3674 1539 3730 t
1553 3690 1584 3729 e
1601 3692 1631 3729 r
1650 3672 1805 3730 min
1821 3692 1856 3730 a
1870 3675 1896 3729 t
1920 3676 1980 3730 et
1999 3673 2159 3748 rapit
2177 3673 2241 3731 in
2260 3673 2551 3732 visionem
2571 3689 2697 3730 eam
2719 3670 3008 3729 eminenti
3029 3671 3205 3731 modo

565 3760 834 3835 juvando
867 3760 928 3818 et
959 3759 1144 3818 simul
1165 3761 1568 3820 concurrendo
1600 3760 1674 3818 ad
1704 3761 1871 3820 illius
1892 3761 2148 3820 visionis
2168 3762 2634 3838 productionem,
2665 3764 2728 3818 et
2747 3760 2928 3818 simul
2947 3760 3207 3819 essentia

572 3847 779 3907 divina
808 3848 1018 3907 intime
1051 3868 1329 3925 praesens
1349 3849 1686 3909 intellectui
1719 3851 2023 3909 concurrit
2055 3851 2247 3910 instar
2278 3851 2462 3928 sigilli
2494 3849 2567 3908 ad
2601 3868 2729 3908 eam
2762 3849 3055 3907 visionem
3089 3851 3206 3909 sor-

573 3939 848 3996 mandam
878 3940 939 3995 et
972 3937 1088 3996 sibi
1119 3939 1624 4000 assimilandum.‘
1691 3939 1771 4000 Of.
1804 3940 2222 3998 Franzelin
2256 3940 2339 4000 th.
2383 3951 2491 4010 163
2524 3939 2597 3998 de
2626 3937 2991 4014 praestantia
3021 3938 3207 4015 hujus

572 4027 819 4085 luminis
854 4026 1244 4086 Scheeben
1265 4073 1279 4099 ,
1310 4028 1645 4087 Herrlichk.
1681 4027 1787 4087 der
1818 4030 1994 4105 gottl.
2027 4030 2231 4088 Gnade
2262 4029 2307 4100 I,
2346 4038 2415 4099 8;
2449 4027 2770 4106 Mysterien
2804 4022 2837 4093 5
2873 4036 2974 4089 93.

754 4125 898 4180 682.
933 4109 1281 4180 Scholion
1302 4113 1364 4180 I.
1396 4117 1704 4187 Quaerunt
1738 4112 1799 4182 1.
1831 4118 2096 4196 theologi
2123 4121 2380 4194 possitne
2410 4119 2574 4176 homo
2605 4117 2959 4176 naturaliter
2989 4117 3204 4177 saltem

572 4213 839 4281 appetere
870 4207 1141 4263 visionem
1174 4206 1506 4280 beatificam.
1572 4207 1998 4284 Distinguatur
2043 4223 2106 4273 a.
2152 4209 2371 4284 duplex
2402 4207 2724 4284 appetitu8‚
2770 4205 3098 4265 innatus
3145 4210 3208 4266 et

570 4293 938 4365 elicitus,
975 4313 1152 4370 quam
1186 4294 1632 4354 distinctionem
1663 4295 1750 4354 ita
1781 4297 2023 4373 exponit
2052 4297 2424 4356 Palmieri
2455 4296 2539 4356 th.
2563 4306 2643 4358 40
2678 4295 2751 4354 de
2779 4295 2902 4353 Deo
2934 4299 3204 4355 creante:

577 4384 941 4459 ,Appetitas
969 4384 1215 4443 innatus
1250 4384 1446 4443 dictus
1479 4387 1571 4444 est
1603 4403 1671 4443 ex
1704 4386 1983 4463 analogia
2013 4386 2317 4462 appetitus
2351 4385 2555 4444 eliciti.
2610 4383 2933 4460 Appetitus
2966 4384 3205 4444 elicitus

570 4474 668 4529 est
712 4486 882 4531 actus
927 4472 1135 4548 vitalis
1180 4492 1548 4549 consequens
1596 4474 2148 4550 apprehensionem.
2214 4471 2539 4552 Appetitas
2584 4473 2830 4531 innatus
2876 4476 3207 4536 antevertit

572 4578 991 4636 quemcunque
1022 4566 1244 4639 actum,
1284 4581 1406 4622 non
1436 4567 1526 4622 est
1557 4563 1787 4638 aliquid
1822 4564 2174 4623 distinctum
2204 4565 2278 4624 ab
2310 4564 2442 4641 ipsa
2469 4565 2700 4632 natura,
2746 4561 3042 4621 tribuitur
3074 4566 3202 4624 cui·

575 4648 663 4707 vis
706 4653 953 4709 naturae
1001 4650 1125 4710 sive
1171 4652 1554 4729 cognoscenti
1587 4653 1711 4712 sive
1742 4654 2083 4730 cognitione
2114 4653 2455 4712 destitutae.
2521 4652 2856 4711 Generatim
2890 4652 2989 4711 hic
3020 4672 3202 4730 appe·
