3538 5364
945 250 1142 305 'rhesis
1166 249 1376 306 oxon.
1402 248 1739 309 Gratia,non
1765 248 1944 303 infert
1967 248 2377 304 necessitatem.
2872 258 2961 324 95

339 437 544 512 majori
574 437 917 512 minorique
949 444 1163 497 conatu
1196 437 1629 512 cooperationis
1660 436 2008 504 voluntatis,
2041 436 2201 512 qnod
2246 439 2588 496 constanter
2619 437 2962 514 Scripturas

335 530 397 586 et
424 530 624 602 patres
656 527 964 585 inculcant
994 531 1055 586 et
1084 527 1402 585 concilium
1434 526 1571 587 trid
1606 544 1743 585 sess.
1781 536 1816 589 6
1852 544 1972 600 cap.
2000 537 2031 587 7
2057 526 2212 584 clare
2244 527 2427 585 docet.
2462 526 2749 601 Sequitur
2767 524 2835 590 2.
2861 547 2959 588 vo·

337 617 628 674 luntatem
663 635 784 675 non
816 633 949 674 esse
980 634 1215 674 causam
1248 635 1414 674 mere
1455 615 1575 674 ins
1597 614 2161 673 trumentalem
2206 614 2268 672 in
2300 615 2533 673 actibus
2567 616 2958 676 salutaribus:

338 705 410 763 de
444 724 564 780 qua
593 724 649 780 q.
683 705 754 764 cf.
788 705 978 764 Rniz
1009 704 1064 762 d.
1101 714 1200 768 33.
1232 705 1357 763 Imo
1389 700 1456 767 3.
1490 706 1862 765 voluntatem
1894 703 2013 762 dici
2047 722 2219 779 posse
2253 704 2505 779 quodam
2527 723 2707 764 sensu
2727 723 2958 765 causam

336 795 883 870 principalem,
937 794 1208 869 quamvis
1240 793 1552 852 obnoxiam
1606 799 1667 852 et
1717 792 2180 862 subordinatum,
2229 799 2400 852 actus
2434 794 2732 853 salutaris.
2795 795 2964 854 Sicut

336 884 497 943 enim
529 902 738 943 causae
774 882 1251 942 instrumentalis
1300 882 1605 959 proprium
1638 885 1731 940 est
1763 882 1836 941 ad
1870 882 2166 959 agendum
2196 882 2421 942 moveri
2452 888 2514 941 et
2546 884 2961 943 determinari:

338 973 426 1031 ita
455 991 669 1032 causae
701 972 1048 1048 principalis
1078 974 1171 1030 est
1202 990 1265 1030 se
1297 972 1489 1048 ipsam
1520 990 1755 1031 movere
1790 975 1970 1047 atque
2001 972 2413 1035 determinare.
2450 971 2660 1041 ‚Quod
2680 973 2755 1031 ab
2774 974 2960 1032 altero

335 1065 579 1121 tantum
628 1062 847 1138 agitur,
899 1062 1101 1137 inquit
1131 1080 1176 1119 s.
1208 1061 1531 1119 Thomas
1578 1080 1625 1122 c.
1658 1064 1867 1137 gentes
1899 1060 2005 1130 111,
2054 1071 2187 1129 112,
2239 1061 2528 1120 rationem
2575 1062 2964 1122 instrumenti

340 1151 550 1221 habet;
599 1151 762 1226 quod
794 1169 932 1210 vero
962 1169 1067 1227 per
1098 1169 1161 1208 se
1194 1151 1336 1227 agit,
1379 1149 1561 1208 habet
1591 1149 1884 1208 rationem
1914 1150 2262 1226 principalis
2295 1152 2589 1228 agentis.‘
2652 1152 2840 1226 Atqui
2889 1152 2961 1209 li-

341 1242 551 1300 berum
585 1240 902 1298 arbitrium
937 1240 1023 1297 ita
1050 1239 1469 1315 praeveniente
1500 1239 1696 1310 gratia
1727 1238 1948 1315 agitur,
1984 1243 2055 1298 ut
2085 1240 2286 1315 ipsum
2317 1246 2516 1298 tamen
2549 1257 2726 1300 causa
2757 1241 2840 1299 sit
2869 1258 2963 1300 ac-

340 1330 523 1389 tualis
558 1348 700 1388 suae
731 1330 1038 1388 electionis
1070 1346 1137 1387 ac
1167 1328 1717 1399 determinationis3
1765 1336 1861 1387 est
1904 1346 2065 1386 enim
2111 1329 2389 1387 dominus
2422 1347 2668 1388 suorum
2702 1336 2962 1389 actuum.

340 1420 498 1496 Ergo
561 1437 774 1477 causae
819 1418 1166 1493 principalis
1215 1418 1690 1494 praerogativam
1742 1417 2079 1493 participat.
2140 1418 2220 1476 Cf.
2271 1419 2508 1495 egregie
2556 1418 2961 1494 disputantem

342 1508 669 1567 Bastida
700 1507 762 1565 in
794 1526 1066 1584 congreg.
1100 1506 1173 1565 de
1204 1507 1444 1565 auxiliis
1475 1506 1631 1583 apud
1669 1507 1925 1583 Meyer
1957 1506 2024 1577 V,
2063 1515 2176 1575 253
2210 1506 2574 1566 Palmieri
2605 1508 2690 1568 th.
2732 1520 2826 1571 17.

525 1654 672 1716 107.
704 1646 945 1711 Verum
978 1663 1147 1710 nunc
1179 1646 1381 1711 oritur
1412 1645 1705 1728 quaestio
1741 1645 2043 1727 palmaris
2077 1646 2433 1710 catholicos
2454 1645 2619 1710 inter
2648 1651 2714 1710 et
2732 1645 2961 1709 haerc-

342 1755 522 1830 tic03,
556 1761 774 1817 utrum
804 1753 1008 1834 gratia
1039 1753 1434 1817 voluntatem
1482 1753 1572 1817 ita
1616 1753 1997 1835 praeveniat
2038 1759 2526 1835 praeparetque,
2573 1759 2645 1816 ut
2675 1752 2847 1815 illam
2880 1751 2962 1815 ad

340 1868 559 1925 actum
592 1860 947 1924 salutarem
978 1860 1357 1925 determinet
1407 1867 1470 1923 et
1501 1859 1992 1924 determinando
2044 1859 2536 1925 necessitet:
2583 1876 2669 1922 an
2701 1863 2965 1923 maneat

339 1966 644 2033 voluntas
676 1966 795 2030 sub
829 1966 1071 2046 gratiae
1102 1965 1341 2030 influxu
1373 1964 1644 2029 libera
1674 1966 1900 2048 suique
1935 1972 2116 2030 actus
2149 1965 2428 2043 domina,
2463 1967 2626 2032 adeo
2659 1973 2731 2032 ut
2760 1966 2964 2049 possit

337 2075 535 2139 etiam
569 2074 816 2153 gratiae
861 2072 1173 2139 resistere.
1236 2071 1529 2137 Affirmat
1577 2072 1861 2138 Ecclesia
1912 2074 2232 2137 catholica
2283 2075 2696 2157 impensaque
2749 2080 2964 2139 tuetur

340 2182 693 2246 voluntatis
726 2181 919 2245 etiam
950 2181 1069 2244 sub
1104 2180 1347 2259 gratiae
1382 2179 1626 2244 influxu
1658 2179 2038 2245 libertatem.

526 2332 672 2394 108.
719 2326 974 2393 TheSlS
1023 2322 1308 2392 CXCII·
1376 2346 1703 2400 Voluntas
1758 2349 1995 2398 atatem
2053 2358 2196 2398 mm
2251 2346 2353 2398 ita
2412 2347 2690 2411 oratioe
2741 2358 2958 2410 prae·

339 2440 649 2491 venienti
710 2437 1072 2500 consentit,
1132 2439 1208 2487 nt
1269 2448 1415 2488 non
1484 2436 1703 2500 poam
1775 2436 1986 2488 etlam
2063 2437 2474 2497 dissentlrce
2547 2449 2766 2503 quau-e
2829 2436 2954 2489 sub

341 2530 620 2595 cratiae
660 2528 945 2591 influxu
983 2530 1225 2579 manet
1260 2526 1512 2590 lmen-a,
1546 2538 1767 2592 neque
1807 2528 1902 2581 ad
1938 2538 2162 2578 unum
2206 2526 2749 2579 determinatur.

520 2649 970 2718 Declaratlo.
1005 2651 1339 2712 Secundum
1374 2651 1877 2720 lutheranos,
1928 2651 2422 2711 calvinianos
2468 2654 2530 2710 et
2565 2651 2961 2727 jansenia-

341 2763 475 2803 nos
507 2744 707 2820 gratia
738 2743 1150 2801 necessitatem
1184 2741 1365 2800 infert
1398 2741 1710 2811 voluntati,
1745 2741 1996 2817 ideoque
2042 2760 2173 2800 cum
2220 2741 2393 2800 homo
2424 2742 2650 2818 gratiae
2682 2741 2962 2799 resistere

340 2853 458 2891 non
489 2833 701 2909 possit,
737 2851 857 2891 non
889 2833 1081 2891 solum
1112 2830 1525 2896 infallibiliter,
1560 2831 1659 2889 sed
1692 2839 1754 2888 et
1785 2831 2246 2889 irresistibiliter
2277 2850 2342 2890 ac
2373 2830 2701 2889 necessario
2733 2830 2958 2889 bonum

342 2925 640 2998 operatur,
674 2923 891 2980 Contra
920 2940 1069 2996 quos
1101 2924 1406 2994 tamquam
1438 2919 1653 2995 dogma
1684 2919 1821 2977 fidei
1853 2920 2175 2979 tenendum
2209 2923 2302 2978 est
2332 2920 2581 2996 gratiam
2603 2938 2725 2977 non
2743 2920 2961 2978 inferre

339 3011 780 3077 necessitatem,
814 3010 918 3068 sed
949 3009 1059 3068 sub
1091 3011 1316 3086 gratiae
1367 3009 1597 3067 influxu
1650 3009 1946 3068 hominem
1996 3028 2231 3069 manere
2282 3010 2552 3079 liberum,
2601 3008 2745 3066 adeo
2790 3013 2860 3067 ut
2904 3012 2968 3066 et

340 3101 668 3159 dissentire
698 3100 907 3175 possit,
941 3103 1012 3157 ut
1043 3099 1258 3157 statuit
1289 3115 1448 3156 conc.
1482 3098 2011 3157 tridentinum
2046 3117 2187 3158 sesa.
2225 3109 2260 3160 6
2296 3117 2421 3157 can.
2457 3110 2528 3160 4:
2564 3098 2666 3166 ‚Si
2700 3098 2836 3173 quis
2869 3097 2961 3156 di-

341 3191 511 3260 xerit,
546 3190 801 3248 liberum
838 3188 1090 3246 bominis
1141 3188 1452 3246 arbitrium
1490 3209 1522 3245 a
1554 3187 1673 3246 Deo
1725 3191 1951 3245 motum
2000 3194 2062 3245 et
2111 3188 2435 3246 excitatum
2481 3185 2633 3245 nihil
2664 3185 2962 3263 cooperari

342 3277 724 3338 assentiendo
760 3279 877 3336 Deo
909 3277 1190 3335 excitanti
1222 3281 1400 3352 atque
1433 3276 1685 3344 vocanti,
1721 3296 1840 3352 quo
1861 3276 1934 3334 ad
1957 3276 2336 3335 obtinendam
2361 3275 2806 3351 justificationis
2828 3295 2962 3353 gra-

340 3369 485 3427 tiam
518 3386 581 3426 se
615 3368 895 3443 disponat
925 3385 991 3425 ac
1020 3373 1350 3442 praeparet,
1384 3384 1579 3440 neque
1610 3383 1784 3440 posse
1815 3365 2135 3424 dissentire
2182 3366 2230 3423 si
2281 3366 2442 3436 velit,
2477 3365 2583 3423 sed
2614 3365 2801 3423 veluti
2836 3367 2963 3423 ina-

341 3459 505 3516 nime
539 3456 836 3531 quoddam
870 3455 1021 3513 nihil
1052 3456 1295 3513 omnino
1329 3474 1501 3531 agere
1534 3473 1813 3529 mereque
1834 3457 2070 3530 passive
2093 3473 2155 3512 se
2176 3455 2407 3518 habere,
2429 3458 2493 3513 Α.
2512 3453 2611 3516 S.‘
2645 3455 2725 3512 cf.
2740 3473 2796 3513 n.
2826 3465 2964 3516 101.

344 3546 628 3614 Quocirca
643 3544 1046 3603 damnatafuit
1062 3549 1131 3602 ut
1161 3544 1560 3602 haeretica
1595 3562 1757 3619 prop.
1785 3555 1819 3606 3
1856 3543 1894 3601 J
1911 3544 2252 3602 ansenii:
2290 3543 2607 3612 ,Interiori
2641 3544 2867 3616 gratiae
2901 3543 2966 3601 in

346 3639 509 3693 statu
540 3638 791 3692 naturae
842 3633 1037 3708 lapsae
1085 3652 1390 3707 nunquam
1440 3633 1801 3691 resistitur·
1867 3633 2190 3691 Damnatae
2240 3633 2403 3692 fuere
2454 3632 2677 3690 similes
2726 3651 2964 3707 quoque

345 3744 511 3800 prop.
547 3723 958 3792 Quesnelli
1002 3731 1232 3785 10.12.
1277 3731 1370 3785 13.
1416 3732 1509 3784 14.
1553 3733 1646 3784 16.

532 3865 673 3929 109.
708 3860 1280 3927 Demonstratio.
1352 3862 1412 3927 l.
1448 3857 1767 3924 Probatur
1815 3860 2051 3939 dogma
2096 3857 2484 3921 catholicum
2533 3858 2744 3922 verbis
2778 3857 2962 3922 Eccli.

346 3972 449 4043 31,
483 3974 522 4036 8
560 3987 676 4030 ssu:
740 3965 977 4031 Beatus
1020 3967 1210 4049 dives,
1257 3969 1363 4051 qui
1398 3970 1678 4029 inventus
1728 3973 1816 4030 est
1859 3969 1992 4030 sine
2024 3966 2296 4047 macula,
2346 3973 2401 4028 et
2433 3966 2539 4048 qui
2561 3971 2704 4049 post
2735 3986 2966 4028 aurum

343 4095 467 4138 non
498 4074 677 4152 abiit,
710 4094 821 4136 nec
850 4075 1122 4156 speravit
1168 4074 1233 4136 in
1257 4074 1529 4156 pecunia
1564 4079 1619 4135 et
1652 4073 1981 4138 thesauris.
2047 4073 2202 4150 Quis
2233 4081 2318 4135 est
2349 4071 2446 4134 hic
2476 4079 2532 4134 et
2563 4071 2968 4136 laudabimus

344 4185 533 4246 eum?
553 4182 706 4266 fecit
738 4181 903 4244 enim
936 4180 1255 4244 mirabilia
1292 4182 1357 4242 in
1388 4181 1516 4244 vita
1550 4201 1686 4248 sua.
1730 4181 1855 4259 Qui
1878 4179 2188 4264 probatus
2219 4188 2303 4243 est
2334 4180 2401 4241 in
2433 4180 2539 4242 illo
2571 4185 2627 4240 et
2649 4179 2966 4263 perfectus

344 4297 447 4372 est,
480 4291 601 4352 ere’t
638 4288 729 4352 illi
754 4287 964 4371 qloria
995 4294 1289 4352 aeterna:
1321 4288 1429 4371 qui
1451 4289 1660 4371 potuit
1711 4288 2066 4368 transqredi
2111 4293 2168 4350 et
2210 4306 2337 4349 non
2383 4292 2468 4349 est
2518 4295 2964 4368 transyressus,

339 4397 543 4477 facere
574 4395 748 4457 mala
782 4402 839 4457 et
872 4416 995 4458 non
1024 4396 1167 4478 fecit
1186 4422 1207 4463 .·
1252 4397 1390 4459 ideo
1422 4397 1700 4460 stabilita
1733 4401 1878 4459 sunt
1911 4395 2071 4458 bona
2123 4395 2294 4457 illius
2325 4395 2392 4457 in
2434 4393 2699 4457 Domino
2731 4402 2784 4455 e!
2820 4395 2965 4457 elec·

342 4523 636 4589 mosynas
665 4503 841 4566 illius
887 4502 1208 4567 enarrabit
1254 4503 1455 4563 omnis
1488 4499 1765 4564 Ecclesia
1799 4506 2169 4567 sanctorum.
2233 4499 2347 4562 Hic
2379 4518 2591 4564 sermo
2627 4507 2725 4564 est
2756 4499 2835 4564 de
2869 4517 2965 4575 ΘΟ,

341 4611 446 4692 qui
476 4609 600 4672 sub
636 4608 913 4688 gratia
945 4616 1044 4673 est
1076 4610 1477 4684 constitutae,
1512 4616 1581 4672 ut
1611 4615 1790 4689 patet
1812 4607 1939 4673 fere
1961 4626 2038 4672 ex
2059 4607 2321 4686 singulis
2341 4607 2573 4682 incisis,
2598 4626 2748 4671 nam
2769 4607 2965 4670 homo

343 4718 547 4797 gratia
580 4716 931 4782 destitutus
966 4735 1175 4799 neque
1209 4717 1423 4781 beatus
1453 4716 1828 4798 praedicari,
1874 4733 2081 4796 neque
2115 4717 2246 4778 sine
2277 4717 2529 4778 macula
2564 4733 2723 4788 esse,
2757 4729 2966 4795 neque
