3538 5364
1091 319 1290 375 Thesis
1316 319 1570 374 CCXXX.
1599 320 1849 374 Effectus
1874 320 2269 375 eucharistiae.
2858 329 2980 394 367

384 503 485 568 vel
517 503 933 584 praecipuum
965 500 1240 565 fructum
1273 521 1355 565 ss.
1403 501 1827 574 eucharistiae
1873 519 2018 566 esse
2063 502 2506 567 remissionem
2555 510 2988 585 peccatorum,

379 609 479 675 vel
511 629 587 675 ex
622 627 701 674 ea
732 627 864 672 non
896 607 1057 672 alios
1089 608 1351 673 effectus
1382 608 1738 689 provenire,
1776 608 1846 671 A.
1883 606 1979 673 S.‹
2022 607 2346 673 Probatur
2377 616 2594 674 autem

556 734 619 801 1.
654 752 735 797 ex
784 733 1025 815 praxi
1074 732 1414 808 Ecclesiae,
1466 751 1632 816 quae
1684 732 2140 798 eucharistiam
2189 733 2638 815 peccatoribus
2700 736 2989 815 gravium

378 842 713 907 criminum
763 842 889 906 reis
939 859 1070 904 non
1121 846 1272 905 ante
1322 840 1575 906 solebat
1619 841 1793 916 dare,
1847 859 2042 923 quam
2082 842 2402 923 baptismo
2452 842 2553 905 vel
2598 842 2990 922 poenitentia

376 955 791 1030 peccatorum
823 947 1079 1012 veniam
1111 946 1552 1011 obtinuissent.
1603 947 1699 1012 lta
1722 948 1858 1029 jam
1889 948 1922 1013 J
1940 948 2270 1012 ustinus
2303 946 2482 1029 Apol.
2516 947 2539 1010 Ι
2572 967 2630 1010 n.
2663 952 2782 1015 66:
2821 946 2989 1020 ,Hu-

372 1055 478 1136 jus
512 1052 988 1140 (eucharistiae)
1022 1052 1261 1118 nemini
1294 1053 1400 1117 alii
1429 1055 1579 1119 licet
1609 1072 1752 1119 esse
1785 1054 2092 1136 participi,
2127 1054 2249 1118 nisi
2269 1055 2378 1137 qui
2396 1054 2634 1131 credat,
2655 1073 2810 1119 vera
2830 1072 2990 1127 esse,

382 1180 550 1245 quae
582 1160 907 1235 docemus„
941 1166 1134 1243 atque
1166 1159 1270 1224 illo
1305 1161 1386 1224 ad
1419 1161 1869 1226 remissionem
1900 1169 2313 1243 peccatorum
2346 1169 2410 1226 et
2440 1161 2990 1242 regenerationem

384 1268 644 1332 lavacro
678 1267 933 1331 ablutus
966 1266 1168 1341 fuerit,
1202 1274 1266 1332 et
1298 1269 1386 1331 ita
1416 1268 1608 1344 vivat,
1641 1276 1712 1332 ut
1744 1267 2032 1332 Christus
2064 1268 2381 1333 tradidit«
2451 1267 2610 1331 Hinc
2642 1268 2807 1331 inter
2836 1268 2990 1331 mis-

391 1392 610 1438 sarum
642 1374 957 1438 solemnia
975 1393 1102 1438 vox
1123 1374 1229 1438 illa
1247 1374 1533 1438 diaconi:
1567 1374 1766 1450 ,Exite
1787 1376 2249 1452 catechumeni,
2265 1376 2685 1457 poenitenteS,
2701 1375 2940 1455 indigni
2957 1377 2991 1437 1⁴

382 1482 529 1546 hinc
562 1488 626 1547 et
656 1481 764 1545 illa
795 1482 998 1546 altera
1028 1488 1179 1545 ante
1212 1482 1637 1547 eucharistiae
1669 1482 2182 1547 distributionem
2212 1482 2279 1545 in
2310 1482 2563 1563 liturgia
2582 1499 2992 1563 graecorum:

376 1587 638 1665 ,Sancta
666 1588 944 1653 sanctis.⁴

557 1718 944 1787 Quamobrem
991 1738 1035 1778 5.
1081 1720 1517 1796 Cyprianus
1564 1718 1635 1778 de
1681 1719 1865 1777 nimia
1897 1718 2272 1794 quorundam
2303 1739 2442 1796 erga
2474 1719 2669 1795 lapsos
2702 1718 2991 1777 facilitate

381 1806 665 1884 gravibus
696 1808 1077 1884 conqueritur
1105 1807 1301 1867 verbis
1330 1808 1393 1866 in
1424 1827 1513 1884 ep.
1538 1818 1573 1870 9
1610 1826 1665 1865 n.
1692 1818 1758 1870 2:
1795 1808 2116 1877 ,Nondum
2147 1809 2518 1884 poenitentia
2547 1812 2692 1879 acta,
2725 1809 2994 1867 nondum

380 1897 768 1973 exomologesi
798 1898 968 1968 facta,
1001 1897 1266 1956 nondum
1301 1916 1480 1955 manu
1509 1897 1596 1956 eis
1628 1897 1703 1955 ab
1735 1897 2005 1974 episcopo
2036 1899 2099 1956 et
2128 1899 2283 1957 clero
2315 1898 2612 1975 imposita,
2646 1897 2995 1956 eucharistia

381 1984 507 2043 illis
539 1985 729 2057 datur,
774 2004 907 2045 cum
940 1986 1233 2062 scriptum
1266 1987 1347 2045 sit
1393 1982 1480 2069 (l.
1512 1987 1638 2050 Gor.
1684 1998 1775 2057 ιι,
1813 1982 1955 2068 27):
2012 1987 2125 2059 Qui
2169 1988 2345 2045 ederit
2380 2006 2599 2063 panem
2644 1994 2748 2046 aut
2794 1987 2994 2045 biberit

378 2074 609 2133 calicem
639 2075 877 2133 Domini
906 2077 1154 2153 indique,
1191 2095 1325 2134 reus
1355 2077 1466 2134 erit
1496 2078 1758 2151 corporis
1789 2082 1839 2133 et
1869 2078 2172 2153 sanquinis
2202 2077 2459 2135 Domini.
2478 2085 2506 2114 ¹
2574 2076 2843 2135 Ceterum
2878 2076 2992 2134 huc

381 2165 648 2240 spectant
690 2163 1009 2240 pleraeque
1041 2164 1412 2242 Cypriani
1458 2164 1741 2241 epistolae
1789 2164 1850 2223 in
1896 2183 2073 2224 causa
2115 2165 2420 2241 lapsorum
2465 2165 2722 2241 scriptae
2768 2163 2994 2242 (plures

386 2252 561 2311 habes
593 2271 797 2329 opusc.
832 2255 872 2310 t.
893 2250 1069 2334 XXI),
1102 2254 1456 2313 nominatim
1488 2253 1527 2317 1.
1558 2253 1631 2311 de
1663 2254 1843 2331 lapsis
1878 2250 2102 2334 (opusc.
2122 2257 2168 2318 t.
2187 2250 2283 2335 V),
2318 2253 2422 2312 ubi
2455 2255 2635 2313 etiam
2669 2254 2993 2329 propositis

387 2340 618 2399 divinae
651 2341 943 2401 vindictae
975 2343 1262 2420 exemplis
1294 2362 1354 2401 n.
1394 2352 1473 2405 24
1507 2360 1583 2402 55.
1614 2343 1814 2418 lapsos
1845 2344 2121 2414 deterret,
2167 2362 2241 2404 ne
2290 2346 2469 2412 ,ante
2500 2343 2732 2419 expiata
2761 2343 2992 2409 delicta,

381 2432 518 2489 ante
550 2431 1003 2508 exomologesim
1035 2431 1250 2491 factam
1294 2431 1578 2504 criminis,
1625 2436 1763 2491 ante
1809 2435 2126 2509 purgatam
2162 2432 2583 2492 conscientiam
2616 2432 2902 2490 sacrificio
2935 2438 2995 2489 et

379 2538 561 2577 manu
592 2519 930 2591 sacerdotis,
962 2524 1100 2580 ante
1132 2521 1411 2580 offensam
1443 2522 1734 2597 placatam
1764 2520 2131 2598 indignantis
2160 2522 2393 2581 Domini
2426 2524 2486 2580 et
2517 2521 2837 2579 minantis‘
2872 2521 2994 2579 vim

379 2607 642 2666 inferant
672 2609 901 2687 corpori
934 2612 1064 2685 ejus
1096 2615 1158 2669 et
1188 2610 1484 2688 sanguini,
1531 2614 1592 2669 et
1623 2611 1760 2687 plus
1792 2611 1857 2669 in
1888 2611 2210 2669 Dominum
2241 2611 2516 2670 manibus
2550 2612 2729 2686 atque
2762 2628 2862 2668 ore
2895 2610 2992 2668 ‹le-

378 2697 675 2772 linquant,
710 2718 886 2774 quam
919 2719 1053 2759 cum
1086 2700 1407 2760 Dominum
1438 2704 1824 2777 negaverunt.

560 2820 625 2886 2.
660 2817 982 2886 Probatur
1015 2827 1151 2885 tum
1183 2839 1261 2885 ex
1292 2820 1693 2903 parabola
1742 2820 2039 2896 hominiS,
2087 2821 2194 2903 qui
2239 2821 2323 2884 ad
2369 2820 2578 2901 regias
2610 2820 2864 2901 nuptias
2899 2820 2995 2882 in·

390 2943 643 3004 gressus
676 2932 778 2990 est
808 2944 939 2990 non
970 2928 1238 2992 vestitus
1269 2934 1448 2992 veste
1482 2927 1749 3009 nuptiali
1771 2927 1991 2991 Matth.
2027 2931 2129 3003 21,
2169 2933 2281 3003 11;
2317 2936 2452 2991 tum
2484 2946 2562 2992 ex
2594 2927 2995 2991 munditia

392 3032 785 3113 praescripta
810 3033 1059 3113 judaeis
1093 3035 1155 3097 in
1189 3033 1505 3099 obeundis
1537 3033 1883 3111 sacrificiiS,
1916 3053 2081 3117 quae
2103 3033 2551 3099 celebrationis
2572 3033 2996 3098 eucharistiae

389 3145 577 3201 erant
606 3147 858 3205 tantum
888 3141 1024 3222 typi
1056 3147 1120 3205 et
1151 3141 1449 3216 umbrae3
1483 3149 1617 3205 tum
1649 3141 1824 3206 haud
1845 3141 2118 3205 obscure
2152 3159 2229 3206 ex
2262 3142 2585 3207 lotione
2615 3141 2852 3222 pedum
2883 3159 2996 3205 eu-

386 3243 726 3310 charistiae
760 3247 1144 3312 institutioni
1175 3248 1531 3329 praemissa
1560 3249 1655 3312 J0.
1695 3253 1792 3320 13,
1824 3254 1867 3316 4
1899 3268 1999 3324 ss,
2047 3254 2181 3312 tum
2230 3249 2572 3329 praecipue
2605 3267 2686 3313 ex
2717 3247 2996 3312 verbis

387 3349 570 3414 Pauli
600 3354 793 3417 modo
826 3354 1072 3419 citatis:
1102 3374 1312 3438 neque
1344 3357 1514 3420 enim
1548 3354 1708 3419 alius
1743 3356 1850 3441 (ex
1881 3362 2096 3421 mente
2130 3356 2613 3438 antiquissimae
2645 3354 2994 3440 Ecclesiae)

386 3464 486 3522 est
515 3459 636 3534 ille,
671 3461 778 3541 qui
809 3461 1066 3542 indigne
1099 3462 1467 3538 manducat,
1501 3481 1694 3544 quam
1745 3462 1855 3544 qui
1901 3462 2131 3539 illotuS,
2177 3470 2353 3527 veste
2404 3462 2673 3544 nuptiali
2705 3461 2997 3524 caritatis

382 3565 739 3642 destitutuS,
771 3568 1054 3649 peccatis
1087 3568 1403 3632 obnoxius
1436 3570 1753 3650 gravibus„
1789 3570 2003 3651 qualia
2035 3569 2268 3633 ibidem
2290 3569 2620 3632 corinthiis
2653 3568 2999 3649 exprobrat

392 3671 649 3749 Paulus,
684 3674 765 3736 ad
796 3675 920 3737 hoc
953 3675 1203 3740 accedit
1231 3676 1611 3740 convivium.

559 3819 772 3878 Merito
804 3840 943 3898 ergo
990 3823 1445 3882 Ambrosius
1491 3823 1563 3882 de
1595 3825 1973 3883 sacramentis
2004 3826 2042 3882 l.
2081 3834 2112 3886 5
2158 3842 2203 3882 c.
2239 3833 2272 3886 2
2310 3842 2367 3882 n.
2403 3834 2470 3884 6:
2522 3863 2547 3892 ,
2569 3822 2865 3881 Osculetur
2909 3841 2996 3879 me

388 3903 576 3985 (Cant.
604 3920 656 3979 1,
702 3908 779 3989 1).
810 3910 985 3970 Vides
1017 3916 1077 3971 te
1109 3913 1400 3972 mundum
1430 3932 1554 3972 esse
1587 3914 1661 3971 ab
1694 3914 1858 3972 omni
1888 3918 2143 3989 peccatO,
2177 3915 2318 3989 quia
2337 3913 2553 3971 delicta
2572 3912 2804 3970 detersa
2823 3915 2997 3980 sunt;

388 3993 555 4053 ideo
601 4003 662 4056 te
714 4003 1091 4060 sacramentis
1125 4002 1480 4061 coelestibus
1510 4003 1759 4080 dignum
1786 4003 2035 4078 judicat,
2082 4004 2144 4060 et
2189 4002 2320 4060 ideo
2365 4002 2589 4059 invitat
2632 4000 2705 4059 ad
2746 4000 2998 4058 coeleste

386 4084 783 4146 convivium.‘
848 4089 926 4147 Et
973 4110 1016 4148 s,
1063 4092 1416 4150 Basilius
1463 4093 1534 4150 de
1582 4092 1743 4167 bapt.
1777 4091 1852 4164 II,
1890 4101 1958 4154 3:
2011 4091 2114 4161 ‚si
2161 4092 2311 4149 tales
2355 4091 2550 4149 minae
2582 4090 2866 4148 adversus
2898 4107 2997 4147 eos

384 4172 614 4248 positae
645 4179 805 4247 sunt,
839 4179 942 4253 qui
974 4184 1196 4238 temere
1229 4180 1302 4238 ad
1333 4200 1401 4240 ea
1433 4200 1595 4240 sacra
1624 4181 1929 4251 accedunt,
1969 4200 2119 4256 quae
2151 4181 2224 4239 ab
2258 4179 2597 4238 hominibus
2629 4178 2996 4238 sanctifican-

384 4265 517 4319 tur:
562 4265 707 4340 quid
739 4266 1053 4327 dicendum
1098 4273 1192 4328 est
1236 4270 1307 4328 de
1349 4290 1433 4339 eo,
1482 4271 1586 4345 qui
1633 4271 1697 4329 in
1741 4274 1976 4329 tantum
2010 4289 2076 4327 ac
2107 4270 2226 4328 tale
2260 4269 2613 4344 mysterium
2644 4267 2998 4327 temerarius

386 4353 521 4408 est?
554 4352 786 4423 Quanto
816 4359 973 4416 enim
1006 4358 1144 4433 plus
1177 4360 1400 4435 templo
1432 4359 1557 4417 illic
1588 4365 1681 4418 est
1712 4360 2035 4419 secundum
2056 4358 2292 4416 Domini
2316 4376 2533 4427 vocem,
2568 4361 2736 4415 tanto
2758 4356 3000 4434 gravius

386 4444 447 4497 et
476 4443 806 4503 terribilius
837 4451 943 4517 est,
978 4464 1217 4524 corpore
1250 4449 1468 4507 Christi
1500 4449 1731 4525 impure
1762 4449 1920 4507 vesci
1951 4448 2185 4517 audere,
2220 4466 2396 4521 quam
2429 4447 2640 4505 arietes
2671 4448 2766 4505 vel
2798 4450 2999 4504 tauros

386 4528 574 4602 edere,
608 4550 742 4592 cum
775 4537 1082 4610 apostolus
1113 4538 1301 4597 dicat:
1335 4538 1535 4615 Itaque
1566 4541 1880 4614 quicunque
1915 4538 2380 4595 manducaverit‘
2414 4538 2523 4595 etc.
2572 4535 2651 4598 Cf.
2678 4555 2734 4593 n.
2765 4545 2909 4597 350.

563 4675 626 4745 3.
661 4676 925 4742 Accedit
957 4682 1402 4757 argumentum
1434 4694 1512 4740 ex
1544 4675 1934 4740 sacramenti
1967 4681 2266 4737 natura
2296 4674 2595 4754 petitum3
2643 4672 3000 4736 institutum

389 4781 564 4849 enim
595 4790 694 4849 est
724 4803 838 4866 per
869 4783 1132 4848 modurn
1164 4783 1287 4846 cibi
1320 4782 1569 4847 dicente
1590 4780 1878 4845 Christo:
1914 4781 2077 4845 Caro
2109 4803 2247 4844 mea
2279 4801 2414 4844 vere
2446 4787 2530 4843 est
2562 4778 2731 4842 cibus
2763 4785 2816 4840 et
2848 4798 2999 4841 san-
