3538 5364
523 286 657 350 702
1748 279 1932 335 Index.

880 546 915 600 S
932 562 963 600 c
980 547 1017 600 h
1036 546 1140 600 01
1125 566 1142 600 ι
1163 563 1194 600 0
1211 564 1250 599 n
1325 547 1364 601 Ι.
1394 544 1848 601 Difficultatibus
1874 542 2078 597 satisfit
2166 583 2178 595 .

877 638 912 691 S
928 653 958 690 c
975 638 1012 691 h
1030 637 1131 692 011
1150 654 1182 692 o
1200 655 1238 689 n
1290 636 1356 693 11.
1386 635 1786 706 Praeposterae
1798 632 2096 704 opiniones
2117 633 2185 687 de
2209 585 2818 687 transubstantiatione

947 743 1009 781 re
1018 727 1291 782 'iciuntur
1367 768 1380 783 .
1687 767 1700 790 ,
2166 766 2179 778 .
2326 766 2339 780 .

878 816 913 871 S
931 833 959 871 c
975 747 1064 871 hJo
1081 817 1132 871 l
1116 835 1137 871 ι
1155 834 1186 872 o
1205 835 1244 870 n
1269 817 1365 871 111.
1395 816 1602 870 Variae
1628 814 1966 870 sententiae
2008 815 2405 884 theologorum
2447 814 2517 867 de
2561 815 2820 868 transub-

951 907 1326 963 stantiatione
1366 949 1379 962 .

520 998 723 1052 Thesis
751 1000 869 1054 227.
897 998 1089 1053 Realis
1116 996 1439 1068 praesentia
1465 995 1715 1051 efficitur
1740 994 1929 1048 verbis
1956 993 2304 1064 evangelicis

950 1087 1032 1142 De
1060 1086 1293 1158 epiclesi
1355 1126 1370 1141 .

1546 1199 1855 1257 Articulus
1886 1197 2123 1259 tertius,

1072 1301 1166 1355 De
1205 1301 1415 1355 modo
1455 1297 1946 1370 praesentiae
1985 1294 2590 1351 sacramentalis.

523 1389 724 1443 Thesis
752 1396 877 1446 228.
903 1390 1082 1445 Totus
1110 1389 1369 1445 Christus
1395 1391 1483 1442 est
1506 1388 1612 1441 sub
1641 1386 1863 1441 utravis
1889 1385 2075 1456 specie
2103 1388 2161 1439 et
2187 1385 2447 1455 qualibet
2470 1386 2594 1453 ejus
2620 1388 2781 1456 parte
2812 1426 2824 1438 .

879 1482 913 1533 S
932 1497 961 1532 c
980 1480 1017 1533 h
1037 1480 1196 1534 olio
1212 1498 1265 1534 ιι.
1294 1479 1375 1533 De
1402 1477 1689 1549 objectiva
1715 1475 2099 1530 accidentium
2126 1474 2391 1529 realitate
2487 1519 2501 1532 .

989 1568 1029 1622 C
1047 1585 1079 1623 o
1094 1587 1123 1622 r
1140 1585 1171 1621 o
1190 1568 1264 1622 ll.
1293 1567 1462 1631 Ratio
1489 1565 1803 1640 exsistendi
1829 1565 2083 1635 corporis
2110 1563 2322 1619 Christi
2346 1564 2411 1617 in
2436 1566 2788 1620 sacramento

523 1658 725 1712 Thesis
754 1662 876 1715 229.
904 1657 1233 1714 Praesentia
1250 1656 1465 1712 Christi
1475 1654 1903 1711 sacramentalis
1915 1652 2821 1727 perduratpostconsecrationem

1525 1769 1838 1830 Articulus
1872 1772 2144 1844 quartus.

906 1870 1183 1941 Dogma
1219 1870 1448 1940 hujus
1488 1865 1841 1936 mysterii
1880 1883 2055 1935 prae
2093 1866 2427 1921 rationis
2465 1866 2769 1920 lumine.

882 1959 1023 2014 Prae
1050 1960 1271 2013 ratione
1298 1957 1611 2012 christiana
1685 1996 1697 2010 .

884 2049 1028 2103 Prae
1053 2048 1279 2103 ratione
1305 2064 1455 2101 mere
1482 2046 1737 2100 naturali
1849 2090 1862 2101 .

883 2139 1201 2195 Solvuntur
1226 2138 1598 2193 difficultates
1679 2180 1692 2198 ,

882 2229 918 2283 S
935 2246 965 2283 c
978 2231 1018 2283 h
1037 2229 1144 2283 011
1160 2246 1191 2284 o
1208 2247 1264 2283 n.
1291 2228 1545 2297 Regulae
1572 2227 1845 2296 loquendi

1532 2341 1845 2400 Articulus
1881 2343 2151 2417 quintus.
2236 2368 2237 2371 ¹

3009 452 3146 522 Pag.

3038 546 3151 596 343

3038 728 3148 777 345

3041 910 3149 961 346

3039 1000 3149 1049 349

3038 1086 3110 1138 35
3120 1092 3143 1139 l

3040 1388 3150 1439 352

3041 1481 3154 1530 354

3041 1568 3152 1617 35*
3124 1584 3141 1618 ι

3040 1659 3152 1709 358

3040 1958 3150 2010 359

3041 2053 3148 2104 360

3042 2143 3143 2194 361

3040 2232 3149 2282 364

562 2442 654 2496 De
694 2441 1219 2497 eucharistiae
1258 2441 1680 2495 effectibus
1719 2443 1793 2494 et
1828 2440 2010 2497 aliis
2049 2441 2437 2495 doctrinis
2475 2442 3109 2497 sacramentalem

1220 2531 1733 2601 praesentiam
1779 2532 2454 2599 consequentibus.

525 2619 726 2674 'rhesis
752 2625 872 2676 230.
901 2619 1153 2674 Effectus
1192 2618 1569 2674 eucharistiae
1611 2623 1698 2674 est
1722 2622 1876 2675 vitae
1911 2619 2232 2691 spiritualis
2272 2622 2544 2692 perfectio
2584 2625 2643 2675 et
2668 2639 2826 2693 prae-

951 2710 1175 2781 paratio
1201 2710 1276 2764 ad
1302 2710 1719 2765 beatitudinem
1745 2713 2035 2765 aeternam

527 2799 729 2854 Thesis
757 2806 880 2857 231.
903 2801 1166 2872 Sumptio
1193 2799 1571 2854 eucharistiae
1600 2803 1687 2854 est
1710 2800 2005 2854 moraliter
2029 2801 2344 2855 necessaria
2369 2802 2443 2855 ad
2467 2819 2822 2873 perseveran-

959 2892 1100 2945 tiam
1128 2891 1190 2944 in
1216 2890 1404 2961 gratia
1431 2906 1533 2961 per
1559 2890 1790 2960 longius
1818 2892 2044 2962 tempus
2646 2937 2658 2950 .

881 2980 916 3034 S
933 2997 963 3035 c
979 2981 1019 3034 h
1037 2997 1068 3034 o
1086 2980 1139 3035 1·
1123 2998 1144 3033 1
1160 2997 1191 3033 o
1210 2997 1265 3035 ιι.
1293 2979 1341 3032 U
1347 2983 1498 3034 trum
1509 2979 1873 3051 Augustinus
1883 2979 2101 3049 aliique
2114 2982 2431 3037 absolutam
2442 2982 2823 3038 eucharistiae

957 3070 1354 3124 necessitatem
1381 3069 1454 3123 ad
1481 3069 1719 3124 salutem
1750 3070 2062 3125 statuerint
2170 3115 2183 3128 .

530 3158 730 3213 'rhesis
757 3166 878 3214 232.
908 3159 1242 3214 Communio
1270 3160 1376 3213 sub
1403 3161 1647 3226 utraque
1674 3160 1862 3229 speeie
1890 3178 2005 3215 non
2033 3163 2120 3215 est
2143 3162 2457 3216 necessaria
2482 3161 2556 3215 ad
2584 3163 2823 3217 salutem

522 3248 724 3302 Thesis
751 3253 874 3304 233.
901 3247 1200 3302 Christus
1184 3267 1246 3302 m
1274 3248 1620 3302 eucharistia
1645 3237 1971 3303 adorandus
1998 3253 2085 3303 est
2108 3249 2271 3304 cultu
2297 3250 2500 3304 latriae
2808 3296 2820 3308 .

881 3336 916 3389 S
933 3353 962 3389 c
978 3337 1016 3389 h
1035 3337 1136 3391 011
1155 3355 1185 3391 0
1205 3356 1260 3393 n.
1289 3337 1661 3402 Quaestiones
1687 3337 1942 3406 reliquae
1969 3337 2039 3392 de
2066 3342 2417 3394 sacramento
2444 3340 2822 3394 eucharistiae

1687 3447 1897 3530 Caput
1926 3448 1991 3512 II.

1489 3558 1573 3612 De
1606 3557 1911 3613 sacrificio
1938 3559 2181 3613 missae.

1545 3651 1854 3710 Articulus
1887 3653 2135 3726 primus,

1224 3751 1319 3805 De
1358 3750 1697 3805 veritate
1736 3751 2128 3805 sacrificii
2166 3753 2455 3808 missae.
2548 3798 2554 3804 .

882 3841 1254 3905 Quaestiones
1280 3840 1547 3911 praeviae
1575 3839 1644 3893 de
1673 3838 1947 3893 sacrificio
2004 3883 2017 3896 .
2484 3887 2496 3899 .

524 3929 725 3983 Thesis
753 3937 872 3986 234.
901 3929 1159 3984 Traditio
1186 3929 1400 3983 invicte
1428 3930 1634 3998 probat
1659 3927 1953 3983 veritatem
1987 3929 2160 3999 hujus
2187 3930 2447 3985 sacrificii
2489 3974 2502 3987 .

522 4018 722 4072 Thesis
748 4024 872 4076 235.
899 4019 1050 4074 Idem
1095 4036 1293 4073 verum
1334 4018 1674 4073 sacrificium
1713 4034 1746 4070 a
1788 4019 2085 4089 prophetis
2122 4020 2497 4090 praedictum,
2537 4038 2571 4074 a
2598 4021 2821 4076 Christo

951 4109 1292 4180 promissum
1318 4111 1376 4162 et
1401 4107 1750 4171 institutum,
1779 4111 1968 4162 aetate
1994 4110 2308 4180 apostolica
2335 4112 2590 4166 oblatum
2618 4114 2704 4166 est
2808 4155 2822 4170 .

879 4201 913 4254 S
930 4215 959 4251 c
978 4200 1014 4252 h
1032 4198 1186 4253 olio
1205 4218 1259 4253 n.
1288 4197 1737 4268 Exceptionibus
1764 4199 1970 4252 satisfit
2008 4241 2019 4252 .

1503 4311 1813 4370 Articulus
1847 4314 2161 4378 secundus,

1213 4409 1306 4463 De
1347 4427 1558 4464 essen
1582 4410 1690 4463 tia
1730 4411 2125 4467 sacrificii
2163 4415 2450 4468 missae.

522 4499 721 4552 'rhesis
749 4506 870 4557 236.
899 4500 1159 4555 Essentia
1184 4501 1360 4570 hujus
1388 4499 1649 4555 sacrificii
1678 4500 1739 4553 in
1766 4502 2189 4557 consecratione
2216 4503 2480 4557 consistit

877 4590 1205 4642 Sententiae
1231 4588 1422 4642 variae
1449 4589 1518 4642 de
1546 4589 1791 4643 essentia
1819 4589 2083 4645 sacrificii
2107 4591 2309 4645 missae

881 4677 916 4728 S
935 4695 960 4728 c·
979 4675 1014 4728 h
1035 4676 1187 4729 olio
1207 4695 1259 4731 n.
1290 4676 1658 4741 Quaestiones
1685 4677 1943 4747 reliquae
1971 4678 2039 4732 de
2067 4679 2341 4733 sacrificio
2368 4679 2572 4734 missae
2649 4721 2660 4732 .

953 4761 993 4816 C
1011 4779 1041 4815 ο
1060 4781 1085 4814 r
1105 4762 1259 4817 olla
1275 4763 1338 4816 ri
1356 4782 1392 4816 u
1411 4783 1483 4818 m.
1511 4763 1592 4816 Dc
1619 4764 1801 4818 missis
1828 4765 2069 4836 privatis
2168 4807 2180 4820 .

3041 2721 3146 2773 366

3039 2898 3143 2952 373

3040 3079 3144 3132 374

3041 3169 3142 3221 375

3039 3257 3144 3309 378

3039 3347 3143 3399 379

3039 3849 3137 3899 381

3040 4115 3145 4167 390

3040 4207 3144 4257 396

3038 4508 3144 4559 398

3040 4687 3144 4734 404

3040 4773 3143 4823 405
