3538 5364
1466 183 1684 239 Inferni
1710 183 2060 239 exsistentia..
2938 192 3071 259 605

439 367 731 450 undique
762 365 1079 447 expellere
1108 364 1356 442 nititur,
1388 382 1596 448 eoque
1627 362 1859 445 majori
1877 364 2238 430 intensione
2272 370 2335 430 et
2370 365 2532 441 nisu,
2553 383 2682 447 quo
2702 365 2910 448 major
2941 372 3070 433 est:

442 473 543 539 ita
572 473 902 550 sanctitas,
935 492 1065 557 quo
1094 473 1304 556 major
1335 479 1436 537 est
1468 473 1565 559 (ut
1592 472 1725 554 jam
1758 489 2027 537 cernere
2058 471 2291 538 licetin
2311 471 2596 559 sanctis),
2630 490 2709 537 eo
2739 472 3072 539 intensiori

440 580 600 645 odio
631 597 890 645 omnem
924 586 1264 646 aversatur
1293 577 1699 661 iniquitatem
1731 594 2006 659 eamque
2036 576 2344 659 repellere
2376 583 2441 643 et
2470 579 2818 660 reprimere
2848 580 3073 644 nititur

451 687 621 764 odic,
654 685 819 768 fuga,
849 685 1301 768 prohibitione,
1333 685 1559 767 poenis
1591 690 1709 750 etc.
1773 683 1969 766 Atqui
1999 683 2168 750 Deus
2199 683 2363 748 foret
2393 684 2656 749 omnino
2690 685 3071 763 indifferenS,

447 794 505 858 si
536 793 1028 876 impoenitentes
1058 792 1271 873 legum
1303 790 1655 856 violatores
1700 789 1891 854 nullis
1940 789 2005 853 in
2056 789 2260 855 altera
2308 791 2450 854 vita
2485 789 2769 857 afficeret
2810 792 3069 875 poenis;

438 901 578 965 imo
612 900 725 965 tali
757 898 1169 965 conniventia
1200 898 1356 962 vitia
1385 896 1647 961 foveret.
1706 895 1873 977 Ergo
1907 896 2049 979 ipsa
2078 896 2393 961 sanctitas
2424 896 2539 962 Dei
2570 898 2797 980 exiget,
2829 919 3070 982 suppo-

445 1008 578 1073 sito
608 1007 934 1089 praesenti
963 1023 1181 1071 rerum
1212 1004 1456 1082 ordine,
1491 1004 1774 1086 aliquem
1803 1021 2160 1087 poenarum
2191 1004 2258 1067 in
2290 1005 2499 1069 altera
2528 1005 2662 1070 vita
2690 1003 2919 1071 locum.

632 1118 936 1196 Sagaciter
980 1117 1536 1177 Tertullianus
1582 1115 1711 1175 adv.
1743 1115 2100 1176 Marcionem
2130 1116 2176 1188 1,
2227 1125 2307 1179 26
2342 1117 2501 1176 inter
2530 1117 2647 1176 alia
2676 1118 2914 1178 scribit:
2966 1118 3071 1188 ,Si

446 1208 776 1268 offenditur
806 1202 1036 1289 (Deus),
1083 1205 1264 1266 debet
1306 1205 1513 1277 irasci3
1561 1205 1611 1264 si
1656 1204 1949 1276 irascitur,
1997 1205 2174 1265 debet
2203 1205 2412 1265 ulcisci
2446 1250 2459 1263 .
2494 1250 2508 1263 .
2543 1249 2556 1262 .
2603 1206 2706 1265 sed
2738 1226 2858 1267 non
2891 1208 3071 1268 ulcis-

428 1298 614 1367 citur
642 1293 995 1380 (secundum
1029 1291 1445 1378 Marcionem):
1494 1313 1635 1373 ergo
1665 1312 1786 1353 non
1820 1294 2162 1353 offenditur.
2228 1294 2341 1354 Sed
2386 1314 2507 1355 non
2551 1295 2891 1369 offenditur,
2929 1315 3071 1375 ergo

451 1404 561 1446 nec
589 1385 847 1445 laeditur
876 1384 1155 1444 voluntas
1188 1385 1338 1459 ejus,
1372 1402 1507 1443 cum
1540 1383 1623 1455 fit,
1672 1383 1833 1458 quod
1865 1383 1993 1442 fieri
2022 1383 2234 1453 noluit,
2284 1386 2345 1442 et
2387 1383 2455 1442 fit
2489 1386 2617 1460 Jam
2660 1385 2949 1445 delictum
2981 1405 3071 1446 se-

441 1475 712 1534 cundum
743 1474 1119 1534 voluntatem
1148 1474 1297 1551 ejus,
1343 1473 1486 1549 quia
1512 1491 1634 1532 non
1677 1472 1747 1531 fit
1789 1473 2075 1532 adversus
2108 1472 2496 1543 voluntatem,
2544 1474 2703 1550 quod
2736 1492 2858 1535 non
2888 1476 3072 1535 laedit

452 1565 825 1624 voluntatem
856 1609 870 1626 .
903 1610 918 1627 .
948 1608 967 1627 .
998 1562 1152 1622 Malo
1184 1565 1384 1622 autem
1402 1580 1641 1639 parcere
1662 1563 1870 1637 Deum,
1903 1560 2217 1640 indignius
2250 1562 2347 1633 sit,
2382 1580 2560 1639 quam
2582 1563 3070 1637 animadvertere,

450 1654 514 1712 et
558 1652 800 1728 quidem
833 1654 952 1711 Deo
984 1653 1227 1728 optimo,
1277 1652 1382 1727 qui
1413 1670 1534 1711 non
1563 1651 1712 1709 alias
1740 1652 1917 1726 plene
1947 1650 2142 1709 bonus
2181 1651 2278 1721 sit,
2325 1651 2445 1710 nisi
2490 1652 2629 1711 mali
2662 1654 2951 1725 aemulus,
3002 1657 3073 1714 ut

444 1743 597 1802 boni
626 1759 884 1801 amorem
917 1741 1052 1801 odio
1082 1741 1226 1799 mali
1257 1743 1525 1799 exerceat
1554 1741 1616 1799 et
1659 1740 1802 1799 boni
1832 1740 2086 1799 tutelam
2119 1740 2558 1818 expugnatione
2590 1742 2731 1801 mali
2763 1742 3026 1820 impleat.
3043 1751 3072 1781 ‘

457 1831 539 1890 ef.
572 1849 620 1895 c.
656 1840 736 1895 2⁷
754 1852 768 1902 3
801 1830 877 1900 11,
919 1842 988 1893 11
1032 1832 1094 1888 et
1130 1840 1242 1893 13:
1279 1829 1469 1898 ,Quis
1499 1829 1643 1888 mali
1673 1832 2009 1900 extraneus,
2042 1829 2161 1888 nisi
2193 1830 2296 1905 qui
2330 1833 2392 1889 et
2420 1830 2742 1891 inimicus?
2773 1832 3072 1903 inimicus,

454 1920 571 1979 nisi
602 1921 709 1995 qui
740 1922 801 1978 et
831 1921 1244 1996 expugnator?
1291 1919 1428 1993 quis
1459 1921 1846 1995 expugnator,
1879 1918 1993 1977 nisi
2025 1918 2129 1994 qui
2162 1921 2224 1977 et
2255 1919 2543 1994 punitor?
2591 1920 2687 1979 Sic
2716 1922 2884 1980 totus
2914 1922 3073 1981 Deus

446 2010 643 2069 bonus
673 2011 783 2081 est,
814 2008 960 2067 dum
991 2026 1099 2084 pro
1132 2008 1288 2067 bono
1318 2006 1520 2066 omnia
1548 2010 1700 2066 θείη(

635 2110 701 2179 3.
744 2110 999 2185 ,Justus
1031 2115 1133 2173 est
1164 2108 1353 2186 Deus,
1385 2108 1593 2192 inquit
1623 2108 2273 2191 Chrysostomus
2304 2110 2476 2173 hom.
2510 2116 2550 2180 6
2583 2111 2648 2174 in
2680 2129 2776 2194 ep.
2813 2113 2895 2183 ad
2915 2112 3070 2177 Phil.

448 2237 512 2282 n.
546 2224 605 2296 6,
638 2235 862 2281 omnes
894 2215 1171 2280 fatemur
1202 2221 1267 2279 et
1297 2215 1510 2297 graeci
1542 2221 1607 2281 et
1632 2215 1852 2296 judaei
1883 2221 1949 2280 et
1977 2215 2284 2281 haeretici
2316 2223 2382 2282 et
2412 2217 2758 2282 christiani.
2810 2219 2895 2284 At
2922 2220 3072 2285 hinc

452 2324 656 2401 multi,
687 2324 794 2408 qui
824 2328 1276 2405 peccaverunt,
1310 2321 1607 2387 abierunt
1627 2323 1919 2403 impune:
1951 2322 2151 2400 multi,
2186 2323 2295 2405 qui
2327 2340 2476 2387 cum
2492 2324 2728 2390 virtute
2760 2327 3069 2404 vixerant,

454 2438 592 2497 tum
640 2432 900 2496 demum
949 2429 1262 2506 abierunt,
1315 2447 1463 2493 cum
1512 2435 1852 2494 sexcentas
1903 2428 2253 2494 subiissent
2302 2430 2721 2498 calamitates.
2784 2433 2949 2515 Ergo
3013 2435 3066 2497 si

438 2540 659 2621 justus
690 2537 879 2615 Deus,
911 2535 1176 2600 ubinam
1209 2537 1309 2600 his
1343 2535 1601 2617 quidem
1645 2536 1952 2617 praemia,
1999 2534 2120 2600 illis
2165 2554 2320 2601 vero
2365 2538 2676 2619 supplicia
2727 2538 2981 2617 tribuet,
3013 2541 3070 2604 si

453 2662 586 2710 non
617 2650 716 2710 est
747 2643 1059 2726 gehenna,
1092 2642 1145 2707 si
1175 2661 1309 2707 non
1341 2648 1443 2708 est
1475 2643 1859 2708 resurrectio
1875 2645 1942 2707 ‘1²‘
1995 2641 2139 2723 Quo
2173 2651 2550 2725 argumento
2582 2652 2799 2728 patres
2828 2648 3069 2730 passim

449 2753 763 2818 adversus
795 2748 1060 2832 gentiles
1092 2750 1174 2813 ad
1206 2750 1611 2832 probandam
1642 2751 2178 2815 resurrectionem
2212 2758 2494 2817 utuntur.

636 2861 706 2927 4.
741 2853 1001 2940 Optima
1032 2863 1132 2922 est
1161 2856 1325 2920 ratio
1358 2875 1405 2919 s.
1438 2855 1603 2919 Tho
1622 2873 1795 2921 mae
1827 2873 1878 2919 c.
1913 2862 2135 2938 gentes
2169 2856 2262 2934 111,
2303 2863 2459 2928 140:
2500 2856 2715 2933 ‚Sicut
2744 2880 2848 2926 res
2880 2868 3069 2926 natu-

456 2967 627 3031 rales
646 2965 854 3030 ordini
885 2964 1138 3028 divinae
1168 2962 1609 3044 providentiae
1640 2963 2020 3041 subduntur,
2052 2964 2145 3028 ita
2176 2970 2241 3029 et
2272 2971 2456 3029 actus
2486 2965 2769 3030 humani.
2814 2965 3070 3033 Utrobi-

447 3091 582 3156 que
614 3079 829 3137 autem
863 3070 1164 3134 convenit
1196 3069 1480 3133 debitum
1513 3068 1808 3132 ordinem
1840 3071 2083 3134 servari
2114 3070 2215 3136 vel
2247 3072 2444 3136 etiam
2462 3074 2915 3154 praetermitti;
2946 3075 3070 3139 hoc

455 3185 674 3245 tamen
702 3179 989 3253 interest,
1024 3177 1193 3260 quod
1225 3176 1595 3243 observatio
1629 3177 1730 3241 vel
1764 3179 2187 3260 transgressio
2224 3178 2421 3255 debiti
2453 3180 2693 3245 ordinis
2726 3189 2825 3249 est
2854 3181 2921 3246 in
2951 3202 3070 3265 po-

446 3292 686 3351 testate
715 3286 1038 3349 humanae
1068 3284 1417 3348 voluntatis
1448 3283 1818 3360 constituta,
1852 3302 1983 3348 non
2015 3293 2233 3351 autem
2253 3286 2320 3350 in
2339 3293 2662 3369 potestate
2680 3289 3073 3354 naturalium

452 3410 667 3458 rerum
700 3398 814 3469 est,
849 3391 1023 3474 quod
1058 3409 1098 3454 a
1127 3391 1344 3457 debito
1378 3390 1600 3456 ordine
1632 3389 1934 3455 deficiant
1977 3392 2077 3455 vel
2127 3393 2336 3474 ipsum
2369 3400 2740 3476 sequantur.
2803 3391 3075 3477 Oportet

447 3507 671 3565 autem
703 3499 963 3564 effectus
995 3499 1206 3564 causis
1237 3517 1353 3581 per
1383 3498 1900 3563 convenientiam
1930 3499 2339 3579 respondere.
2390 3497 2570 3565 Sicut
2600 3501 2786 3582 igitur
2815 3520 2919 3566 res
2950 3521 3071 3567 na-

450 3606 711 3683 turales,
760 3623 910 3669 cum
959 3607 1025 3670 in
1075 3607 1166 3671 eis
1216 3605 1471 3671 debitus
1523 3605 1682 3669 ordo
1729 3605 2115 3669 naturalium
2163 3606 2618 3688 principiorum
2651 3614 2718 3673 et
2747 3608 3072 3675 actionum

454 3718 770 3789 servatur,
802 3713 1091 3795 sequitur
1123 3731 1202 3777 ex
1237 3711 1624 3778 necessitate
1672 3717 1950 3776 naturae
1982 3714 2387 3777 conservatio
2421 3720 2486 3777 et
2515 3713 2757 3777 bonum
2790 3713 2856 3776 in
2887 3714 3071 3795 ipsis:

448 3820 780 3902 corruptio
814 3827 1030 3886 autem
1064 3826 1128 3884 et
1159 3820 1418 3897 malum,
1451 3838 1599 3882 cum
1632 3837 1673 3882 a
1704 3818 1923 3883 debito
1956 3826 2021 3884 et
2052 3820 2330 3883 naturali
2358 3820 2580 3885 ordine
2599 3821 2949 3897 receditur3
2981 3821 3074 3886 ita

449 3926 653 3990 etiam
683 3926 748 3990 in
778 3926 972 3991 rebus
1002 3927 1300 3992 humanis
1332 3931 1605 4009 oportet,
1652 3926 1828 4008 quod
1858 3943 2006 3990 cum
2036 3926 2232 3991 homo
2263 3927 2621 3993 voluntarie
2652 3934 2868 3993 servat
2900 3927 3072 3992 ordi-

450 4049 605 4096 nem
632 4034 788 4113 legis
821 4032 1123 4096 divinitus
1154 4033 1513 4115 impositae,
1547 4038 1984 4115 consequatur
2013 4033 2276 4110 bonum,
2308 4051 2437 4098 non
2468 4035 2643 4099 velut
2675 4052 2756 4099 ex
2787 4035 3072 4099 necessi-

450 4144 609 4218 tate,
641 4139 756 4205 sed
788 4159 865 4205 ex
887 4139 1370 4221 dispensatione
1391 4139 1822 4221 gubernantis
1857 4139 2031 4223 quod
2064 4146 2163 4206 est
2181 4142 2555 4222 praemiari;
2588 4147 2653 4207 et
2684 4159 2720 4206 e
2752 4159 3071 4206 converso

456 4245 716 4324 malum,
749 4266 897 4311 cum
931 4247 1092 4311 ordo
1126 4245 1281 4327 legis
1314 4244 1507 4311 fuerit
1534 4247 2052 4328 praetermissuS,
2084 4253 2150 4313 et
2179 4248 2303 4312 hoc
2336 4254 2437 4312 est
2464 4249 2727 4329 puniri!

637 4355 701 4422 5.
734 4351 1136 4435 Suffragatur
1166 4353 1444 4435 denique
1476 4371 1829 4418 consensus
1850 4356 2102 4435 generis
2123 4355 2406 4432 humani,
2441 4354 2615 4437 quod
2647 4355 2875 4437 quovis
2908 4360 3072 4418 tem-

456 4453 619 4540 pore
651 4458 936 4551 credidit,
970 4459 1201 4542 impios
1233 4460 1443 4541 puniri
1474 4461 1539 4524 in
1572 4460 1778 4526 altera
1809 4460 1942 4524 vita
1955 4463 2035 4548 1):
2069 4462 2178 4543 qui
2210 4480 2564 4527 consensus
2595 4482 2658 4530 a.
2691 4469 2789 4526 est
2820 4460 3073 4526 univer-

676 4604 717 4672 ¹)¹
741 4599 824 4654 Cf.
851 4600 1180 4654 testimonia
1206 4600 1364 4670 apud
1398 4600 1712 4655 Patuzzi
1747 4601 1819 4654 de
1847 4601 2044 4655 futuro
2070 4600 2210 4672 imp.
2251 4604 2407 4656 statu
2435 4602 2476 4668 1,
2503 4608 2536 4659 6
2561 4619 2662 4662 ss.;
2703 4599 3075 4672 Hettinger

378 4757 385 4760 ‚
455 4679 626 4750 Apol.
651 4678 749 4734 des
769 4679 1115 4734 Christenth.
1142 4681 1211 4745 11,
1238 4686 1271 4735 2
1298 4680 1445 4752 disp.
1478 4687 1542 4739 12
1560 4702 1573 4743 ς
1597 4682 1642 4735 L
1664 4687 1701 4735 il
1717 4697 1746 4735 c
1762 4681 1803 4734 k
1820 4697 1848 4736 e
1866 4700 1904 4735 n
1931 4680 2023 4735 die
2043 4681 2420 4736 Traditionen
2436 4682 2534 4735 des
2551 4681 3073 4752 Menschengeschl.
