3538 5364
957 327 1444 398 praedamnarunt
1469 342 1681 380 errores
1709 328 2302 381 sacramentariorum.
2818 336 2946 400 323

311 512 420 585 sit,
455 527 651 591 quam
685 508 858 591 quod
888 525 1117 572 sensus
1147 507 1447 573 referunt.
1483 504 1852 571 Secundum
1887 509 2428 573 sacramentarios
2442 509 2542 573 vel
2574 509 2818 574 nullum
2849 518 2948 575 est

315 616 579 684 errandi
608 616 983 698 periculum,
1036 632 1183 677 cum
1219 614 1404 696 panis
1435 632 1587 679 vere
1624 614 1705 677 sit
1737 614 1955 694 panis:
1988 616 2088 678 vel
2121 621 2295 679 certe
2328 615 2561 679 erroris
2594 617 2946 699 periculum

315 728 530 807 majus
562 744 694 789 non
728 730 841 798 est,
877 740 1071 806 quam
1103 722 1276 784 circa
1308 720 1613 802 baptismi
1644 739 1901 803 aquam.

503 855 646 924 Quis
695 872 899 913 eorum
947 851 1127 910 verba
1175 850 1490 926 usurpabit
1538 851 2072 928 chrysostomi
2132 852 2197 911 in
2246 853 2454 912 Matth.
2506 854 2559 912 h.
2615 863 2728 917 82:
2783 854 2944 923 ,Deo

317 948 513 1024 igitur
542 945 766 1020 ubique
798 942 1125 1014 credamne,
1172 958 1281 998 nec
1312 940 1803 1011 contradicamus,
1852 941 2087 999 etiamsi
2118 943 2278 1017 quod
2310 942 2476 1014 dicit,
2524 942 2855 1001 rationibus
2885 946 2946 1002 et

320 1036 601 1094 sensibus
632 1032 857 1092 nostris
888 1030 1253 1089 contrarium
1284 1029 1580 1100 videatur,
1628 1029 1731 1089 sed
1776 1031 2114 1107 praevaleat
2157 1032 2285 1105 ejus
2317 1032 2564 1091 verbum
2595 1032 2820 1090 nostris
2852 1052 2943 1090 ra-

316 1125 586 1184 tionibus
617 1125 679 1182 et
709 1120 1001 1181 sensibus.
1059 1118 1155 1176 Sic
1184 1118 1363 1177 etiam
1393 1119 1459 1177 in
1488 1119 1792 1195 mysteriis
1824 1115 2231 1201 (eucharistia)
2262 1120 2563 1190 faciamus,
2597 1139 2717 1179 non
2748 1122 2942 1181 solum

317 1233 474 1289 quae
505 1212 620 1272 sub
651 1228 861 1269 sensus
894 1208 1115 1267 cadunt
1145 1207 1549 1283 respicientes,
1583 1208 1686 1266 sed
1715 1208 1895 1267 verba
1926 1209 2057 1284 ejus
2089 1211 2379 1268 tenentes.
2429 1209 2687 1269 Verbum
2721 1210 2942 1287 quippe

319 1305 450 1378 ejus
483 1299 798 1361 infallibile
829 1303 940 1368 est,
973 1314 1185 1356 sensus
1217 1314 1355 1355 vero
1386 1300 1589 1355 noster
1619 1296 1789 1357 facile
1821 1297 2145 1375 decipitur;
2195 1298 2443 1358 verbum
2474 1300 2604 1374 ejus
2636 1318 2944 1376 nunquam

318 1392 559 1461 excidit,
594 1407 807 1449 sensus
839 1389 1043 1446 noster
1073 1386 1139 1444 in
1170 1384 1378 1443 multis
1398 1385 1649 1449 fallitur.
1698 1387 1846 1446 Cum
1876 1404 2019 1465 ergo
2051 1405 2243 1446 sermo
2267 1383 2565 1471 (divinus)
2600 1389 2788 1447 dicat:
2823 1388 2947 1448 Hoc

316 1489 402 1540 est
443 1499 654 1556 corpus
701 1496 907 1547 meum,
961 1475 1433 1549 obtemperemus
1482 1479 1544 1533 et
1593 1476 1902 1534 credamus
1949 1480 2010 1535 et
2052 1474 2470 1553 spiritualibus
2514 1478 2703 1536 oculis
2748 1477 2945 1554 ipsum

320 1570 724 1647 respiciamus.
756 1566 925 1625 Nihil
955 1564 1111 1624 enim
1146 1563 1421 1623 sensibus
1452 1563 1903 1640 percipiendum
1934 1566 2202 1625 Christus
2233 1565 2407 1625 nobis
2438 1565 2707 1637 tradidit,
2740 1566 2844 1626 sed
2876 1567 2938 1626 in

319 1660 499 1718 rebus
545 1656 786 1733 quidem
834 1653 1220 1714 sensibilibus
1269 1652 1466 1711 omnia
1516 1657 1659 1712 sunt
1708 1654 2108 1729 spiritualia.‘
2151 1689 2237 1700 —
2270 1655 2707 1726 Caesarius,
2757 1656 2940 1715 frater

315 1748 594 1824 Gregorii
611 1765 755 1814 naz„
791 1762 897 1804 seu
916 1741 1191 1818 quisquis
1210 1745 1303 1800 est
1322 1745 1527 1800 auctor
1545 1741 1939 1821 dialogorum,
1962 1745 2065 1820 qui
2087 1744 2202 1821 ipsi
2220 1744 2575 1804 tribuuntur
2598 1742 2729 1827 (111,
2758 1742 2907 1826 169)
2927 1766 2940 1804 ε

322 1836 653 1906 ,Videmus
683 1837 955 1894 sanctum
987 1831 1161 1890 illum
1189 1849 1404 1906 panem
1437 1830 1609 1890 hodie
1640 1832 1703 1890 in
1733 1851 1837 1891 ara
1864 1832 2178 1892 incruenta
2203 1837 2467 1910 tempore
2498 1834 2689 1893 divini
2720 1837 2782 1893 et
2812 1854 2941 1912 my-

317 1926 457 1985 stici
490 1924 684 1993 officii,
729 1923 793 1982 in
826 1920 1140 1997 impolluta
1168 1919 1537 1995 propositum
1568 1939 1784 1991 mensa,
1831 1940 1948 1981 non
1980 1929 2180 1981 tamen
2212 1922 2469 1982 similem
2502 1923 2748 2000 imagini
2780 1924 2941 1982 saln-

317 2015 487 2074 tiferi
520 2013 784 2089 corporis
816 2010 923 2070 Dei
953 2013 1016 2068 et
1049 2009 1226 2067 Verbi
1256 2051 1272 2066 .
1304 2052 1318 2066 .
1353 2050 1366 2065 .
1415 2008 1566 2067 illud
1609 2029 1749 2069 vero
1781 2005 2101 2094 (quantum
2134 2012 2405 2071 sensibus
2437 2012 2703 2089 apparet)
2735 2015 2943 2072 rotun-

317 2105 464 2163 dum
494 2106 605 2173 est,
657 2119 775 2161 non
821 2098 1227 2169 articulatum,
1279 2097 1690 2170 inanimatum,
1741 2118 2057 2177 exsangue,
2108 2100 2427 2171 immobile,
2479 2102 2679 2161 neutri
2727 2102 2940 2173 simile,

322 2212 441 2252 non
470 2194 542 2263 ei,
592 2190 702 2267 qui
731 2188 991 2249 visibilis
1024 2190 1117 2246 est
1146 2197 1208 2246 et
1238 2185 1554 2245 divinitate
1583 2187 1921 2248 invisibilis.
1984 2189 2285 2249 Credimus
2315 2190 2707 2250 nihilominus
2738 2190 2942 2251 divino

327 2282 577 2343 sermoni
610 2284 673 2341 et
705 2279 941 2356 quidem
976 2294 1097 2335 non
1128 2275 1321 2334 simile
1353 2277 1461 2367 ant
1488 2277 1748 2351 aequale,
1798 2278 1901 2336 sed
1932 2279 2167 2356 proprie
2199 2282 2260 2337 et
2289 2298 2426 2338 vere
2459 2280 2659 2355 ipsum
2690 2298 2819 2339 esse
2851 2281 2940 2339 di-

325 2372 526 2431 vinum
559 2387 794 2445 corpus,
828 2366 987 2442 quod
1020 2365 1081 2424 in
1113 2364 1320 2423 divina
1348 2382 1550 2423 mensa
1580 2368 1960 2437 sacrificatur,
2006 2373 2068 2426 et
2111 2367 2332 2444 populo
2379 2386 2621 2443 prorsus
2669 2369 2799 2428 sine
2847 2371 2942 2428 sui

315 2460 615 2520 divisione
635 2456 1027 2517 distribuitur
1055 2457 1116 2513 et
1141 2454 1266 2512 sine
1287 2453 1382 2511 sui
1404 2453 1742 2514 deficientia
1759 2456 2168 2532 participatur.
2184 2466 2212 2495 ‘
2247 2457 2477 2516 Similia
2496 2475 2677 2532 supra
2694 2477 2754 2520 n.
2778 2467 2900 2521 325
2915 2457 2942 2498 ⁸

315 2550 661 2610 audivimus
708 2567 743 2605 a
787 2564 832 2605 s.
876 2542 1228 2620 Epiphanio,
1261 2576 1348 2584 —
1382 2542 1531 2601 Odo
1577 2562 1853 2605 camerac.
1888 2542 1951 2627 (†
1990 2546 2181 2623 1113)
2228 2546 2291 2604 in
2336 2564 2531 2622 expos,
2570 2563 2695 2607 can.
2727 2547 2942 2606 missae

315 2637 601 2720 (Migne
641 2647 783 2707 160,
840 2632 1031 2714 1063)
1079 2633 1380 2692 occasione
1426 2633 1739 2694 verborum
1786 2635 2156 2711 ‚mysterium
2204 2635 2375 2707 fider,
2424 2654 2573 2712 quae
2618 2639 2942 2695 occurrunt

317 2731 382 2787 in
415 2726 853 2787 consecratione
871 2722 1101 2783 calicis:
1137 2762 1165 2792 ,
1180 2721 1529 2798 Mysterium
1550 2723 1705 2782 fidei.
1747 2725 2015 2784 Pertinet
2041 2725 2115 2783 ad
2135 2725 2311 2784 fidem
2330 2725 2683 2784 catholicam
2701 2725 2940 2784 credere

319 2821 454 2894 post
482 2815 961 2876 benedictionem
992 2830 1122 2871 esse
1152 2830 1363 2870 verum
1389 2813 1762 2889 sanguinem,
1796 2816 1867 2872 ut
1899 2814 2156 2873 infidelis
2189 2814 2287 2885 sit,
2321 2815 2428 2890 qui
2458 2815 2566 2874 hoc
2598 2832 2721 2873 non
2752 2814 2940 2873 credi-

322 2907 497 2964 derit.
541 2906 690 2964 Item
723 2903 945 2963 dicitur
976 2901 1345 2977 mysterium,
1377 2901 1538 2976 quod
1569 2903 1954 2962 sensibilibus
1986 2904 2215 2980 tegitur
2244 2904 2564 2974 occultum,
2599 2903 2756 2963 sicut
2786 2905 2938 2962 veri-

323 2999 421 3052 tas
454 2994 756 3071 sanguinis
787 2992 852 3051 in
885 3009 1094 3065 sapore
1126 2989 1250 3050 vini
1283 2989 1432 3049 latet
1476 2992 1539 3048 et
1584 2992 1795 3066 specie.
1857 2992 2019 3052 Calix
2051 3012 2191 3070 ergo
2222 2993 2429 3052 altaris
2460 2997 2556 3052 est
2585 2993 2938 3069 mysterium

323 3083 479 3155 fidei,
526 3084 669 3159 quia
712 3081 825 3142 sub
863 3082 1055 3158 figura
1085 3083 1147 3137 et
1179 3096 1386 3154 sapore
1417 3079 1542 3137 vini
1574 3081 1812 3139 ocultus
1844 3081 2107 3141 creditur
2135 3100 2312 3141 verus
2345 3082 2608 3159 sanguis.
2672 3082 2781 3140 Est
2810 3102 2939 3159 my-

320 3173 575 3231 sterium
593 3172 744 3240 fidei,
779 3170 923 3245 quia
940 3168 1099 3244 quod
1120 3168 1400 3238 creditur,
1436 3169 1826 3229 sensibilibus
1847 3171 2206 3245 quibusdam
2226 3172 2550 3248 obtegitur.
2596 3171 2749 3230 Nam
2768 3190 2942 3231 verus

317 3261 574 3338 sanguis
606 3260 883 3329 creditur,
930 3256 1091 3333 quod
1137 3256 1344 3316 vinum
1375 3257 1512 3316 visu
1556 3259 1817 3317 sentitur
1861 3264 1922 3318 et
1964 3265 2168 3337 gustu.
2233 3260 2339 3319 Est
2385 3261 2522 3318 fidei
2568 3260 2939 3336 mysterium,

315 3351 467 3426 quia
500 3349 659 3425 quod
691 3350 834 3409 fides
867 3347 1071 3417 credit,
1118 3346 1288 3404 intus
1318 3349 1413 3405 est
1444 3348 1759 3406 occultum.
1825 3350 1998 3407 Intus
2030 3353 2122 3408 est
2153 3368 2330 3408 verus
2362 3349 2608 3426 sanguis
2639 3368 2778 3408 vera
2809 3349 2940 3419 fide,

315 3440 579 3499 exterius
608 3441 704 3498 est
732 3438 944 3497 falsum
977 3436 1181 3497 vinum
1214 3453 1357 3494 vera
1385 3435 1595 3512 specie.
1644 3437 1917 3496 Sentitur
1935 3438 2159 3507 vinum,
2194 3441 2256 3496 et
2287 3457 2405 3497 non
2436 3442 2545 3497 est.
2593 3438 2647 3497 N
2650 3457 2727 3497 on
2758 3457 2940 3514 appa-

316 3533 413 3587 ret
443 3528 714 3606 sanguis,
746 3530 807 3587 et
836 3529 944 3586 est.
994 3525 1213 3584 Sensus
1247 3525 1542 3601 decipitur
1572 3526 1879 3600 qualitate,
1913 3530 2071 3585 certa
2101 3530 2343 3586 tenetur
2373 3526 2518 3585 fides
2550 3527 2638 3586 rei
2668 3528 2938 3590 veritate.

318 3617 579 3693 Ideoque
611 3616 855 3694 sanguis
901 3614 1121 3673 dicitur
1164 3613 1301 3672 fidei
1346 3615 1714 3690 mysterium,
1765 3613 1910 3690 quia
1954 3616 2303 3693 sanguinem
2352 3616 2496 3674 fides
2541 3616 2730 3674 credit
2774 3616 2938 3675 intus

325 3708 641 3765 occultum.
705 3706 996 3782 Apertum
1028 3705 1138 3772 est,
1183 3701 1343 3777 quod
1376 3703 1664 3773 sentitur;
1711 3704 2011 3764 occultum
2058 3708 2165 3774 est,
2212 3705 2371 3781 quod
2417 3705 2700 3763 creditur.
2766 3705 2843 3763 Et
2887 3704 2939 3763 si

327 3793 476 3867 quid
505 3795 797 3853 occultum
830 3797 922 3852 est
952 3793 1080 3861 fide,
1114 3790 1250 3850 fidei
1281 3794 1390 3860 est,
1426 3791 1605 3851 sicuti
1627 3794 1787 3867 quod
1806 3797 1972 3870 patet
2000 3797 2094 3854 est
2125 3812 2350 3853 sensus.
2397 3795 2507 3852 Est
2525 3812 2663 3870 ergo
2697 3791 2938 3870 sanguis

324 3883 674 3956 mysterium
704 3882 860 3952 fidei,
896 3880 1190 3954 siquidem
1223 3881 1488 3940 occultus
1519 3882 1784 3957 pertinet
1814 3883 1887 3941 ad
1919 3884 2154 3944 fidem.‘

501 4020 567 4086 ὅ.
602 4019 802 4084 Juxta
833 4018 1374 4083 sacramentarios
1405 4019 1497 4082 ita
1529 4019 1713 4100 panis
1734 4020 2195 4084 eucharisticus
2216 4020 2500 4085 continet
2521 4025 2773 4084 tantum
2793 4037 2937 4083 cor-—

319 4126 495 4206 poris
545 4125 779 4190 Christi
809 4127 1128 4202 virtutem,
1177 4133 1247 4189 ut
1295 4144 1466 4208 aqua
1517 4124 1926 4207 baptismatis
1958 4125 2285 4207 sanguinis
2318 4125 2553 4191 Christi
2586 4126 2937 4192 efficaciam

319 4240 435 4295 aut
478 4234 774 4319 ἐνέργειαν
818 4252 867 4296 s.
918 4230 1208 4314 Spiritus,
1273 4232 1468 4315 Atqui
1512 4230 1655 4296 talis
1704 4233 2058 4299 secundum
2101 4241 2318 4316 patres
2367 4235 2766 4316 comparatio
2806 4253 2939 4298 non

259 4375 262 4378 -
315 4338 598 4414 obtinet;
632 4340 780 4403 hinc
813 4357 1146 4421 nunquam
1178 4339 1396 4403 dicunt
1427 4357 1667 4422 aquam
1699 4339 2109 4422 baptismatis
2143 4360 2285 4406 esse
2304 4341 2513 4423 ipsum
2534 4340 2765 4405 Christi
2785 4359 2938 4405 san-

317 4445 577 4526 guinem
611 4444 715 4511 vel
749 4444 1056 4527 Spiritum
1087 4465 1169 4521 s.;
1221 4446 1677 4511 eucharistiam
1708 4465 1863 4512 vero
1896 4454 2268 4512 constanter
2298 4447 2518 4512 dicunt
2549 4449 2759 4529 ipsum
2793 4466 2938 4512 eor-

314 4569 438 4632 pus
472 4549 723 4628 Christi,
757 4561 827 4617 ut
857 4553 1056 4636 liquet
1087 4573 1165 4619 ex
1199 4559 1294 4616 tot
1318 4554 1454 4634 jam
1487 4552 1696 4618 allatis
1733 4555 2113 4618 testimoniis
2147 4557 2232 4640 (n.
2266 4559 2393 4624 351
2414 4557 2479 4640 ²).

497 4698 653 4768 Quid
686 4699 767 4757 sit
796 4700 1150 4759 eucharistia
1180 4699 1265 4758 ita
1294 4718 1402 4757 nos
1435 4699 1605 4759 docet
1635 4698 2012 4760 Justinus
2045 4702 2119 4763 M.
2153 4696 2214 4778 (†
2245 4712 2361 4763 166
2397 4702 2494 4760 vel
2524 4698 2671 4782 167)
2709 4703 2876 4778 Apol.
2909 4704 2935 4761 1

317 4805 375 4845 n.
414 4797 526 4850 65:
577 4788 829 4864 ,Neque
875 4788 1029 4848 enim
1075 4792 1146 4848 ut
1189 4807 1556 4848 communem
1589 4808 1818 4864 panem,
1852 4809 2044 4866 neque
2076 4796 2146 4849 ut
2177 4809 2547 4850 communem
2577 4795 2786 4867 potum
2819 4792 2936 4850 ista

2513 4892 2618 4945 21·
