3538 5364
838 314 1148 367 necessitas
1177 330 1278 383 pro
1308 310 1621 366 obtinenda
1649 312 2011 380 peccatorum
2038 310 2383 366 remissione.
2778 319 2904 382 467

287 504 406 571 est,
441 501 590 558 hanc
620 500 800 558 habet
835 499 986 557 viam
1020 498 1459 573 recuperandae
1493 497 1767 556 sanitatis
1800 500 1870 555 ut
1900 497 2086 554 dicat:
2125 497 2385 566 Peccavi,
2421 499 2482 554 et
2514 500 2676 572 petat
2706 498 2908 573 poeni-

294 589 581 649 tentiam:
633 590 908 664 quivero
956 588 1270 657 erubescit,
1324 587 1538 662 nequit
1579 586 1793 657 sanari,
1845 587 2126 661 quoniam
2171 586 2421 645 vulnera
2464 605 2572 645 sua
2616 605 2736 645 non
2781 587 2915 645 vult

295 678 674 738 manifestare
707 677 932 735 medico
964 722 977 735 .
1011 723 1026 734 .
1063 722 1076 735 .
1120 677 1238 735 Vos
1270 679 1488 745 autem,
1522 674 1752 745 medici,
1786 675 1893 751 qui
1925 675 2203 750 discipuli
2235 676 2381 733 estis
2412 675 2666 734 illustris
2698 676 2912 734 medici

298 768 508 838 nostri,
538 785 659 826 non
678 766 908 824 debetis
940 766 1288 824 me.'.1cinam
1321 766 1609 842 denegare
1639 764 1733 833 iis,
1768 764 1988 839 quibus
2011 763 2318 823 curatione
2350 782 2499 841 opus
2531 768 2635 823 est.
2685 764 2745 822 Si
2779 765 2914 838 quis

296 857 532 934 plagam
579 875 748 915 suam
795 855 961 914 vobis
1007 855 1350 924 ostenderit,
1404 853 1803 930 poenitentiae
1847 853 2175 912 remedium
2220 853 2337 929 ipsi
2378 853 2684 923 adhibete;
2736 872 2911 928 quem

299 965 437 1005 vero
469 946 831 1004 infirmitatis
863 963 1001 1003 suae
1033 943 1382 1003 revelandae
1414 943 1615 1018 pudet,
1660 942 1821 1001 hunc
1853 942 2264 1012 adhortamini,
2311 960 2385 1000 ne
2429 960 2554 1001 eam
2600 960 2702 1001 vos
2747 943 2913 1012 celet,

290 1035 662 1110 eandemque
694 1034 860 1093 vobis
890 1035 1240 1109 patefactam
1273 1033 1460 1093 nolite
1494 1027 1678 1115 (aliis)
1721 1031 2137 1090 manifestare‘
2175 1035 2286 1092 etc.
2332 1063 2418 1075 -—
2463 1033 2555 1090 Ita
2602 1049 2647 1094 s,
2695 1030 2913 1089 Basi-

298 1125 459 1182 lius
491 1124 556 1181 in
587 1142 708 1200 reg.
743 1123 903 1182 brev.
940 1132 1063 1185 229
1100 1122 1198 1200 (cf.
1230 1126 1292 1180 et
1332 1117 1514 1203 110):
1567 1120 1679 1190 ,In
1725 1125 2097 1195 peccatorum
2130 1120 2501 1179 confessione
2532 1120 2734 1177 eadem
2766 1120 2916 1177 ratio

297 1216 409 1283 est,
451 1231 601 1288 quae
634 1213 810 1270 etiam
843 1212 905 1270 in
937 1211 1267 1287 aperitione
1298 1211 1580 1269 vitiorum
1615 1209 1894 1286 corporis.
1961 1209 2038 1266 Ut
2082 1208 2271 1286 igitur
2315 1209 2463 1267 vitia
2507 1208 2769 1284 corporis
2816 1226 2917 1266 ne-

301 1321 599 1377 quaquam
632 1301 944 1377 quibusvis
977 1301 1287 1359 temerarie
1319 1300 1585 1358 homines
1618 1299 1911 1374 aperiunt,
1955 1298 2058 1357 sed
2091 1298 2164 1356 iis
2196 1299 2627 1371 tantummodo,
2674 1297 2778 1373 qui
2824 1317 2915 1355 ra-

299 1393 544 1460 tionem,
579 1409 696 1465 qua
727 1409 794 1448 ea
825 1389 1085 1449 curanda
1116 1390 1255 1460 sint,
1291 1393 1551 1458 teneant,
1583 1388 1789 1447 eodem
1822 1388 1994 1446 modo
2027 1388 2204 1446 etiam
2225 1390 2601 1464 peecatorum
2633 1386 2919 1445 confessio

298 1480 428 1538 fieri
459 1480 636 1537 debet
667 1479 824 1555 apud
855 1497 954 1537 eos
987 1478 1277 1548 videlicet,
1310 1478 1416 1553 qui
1449 1497 1518 1536 ea
1548 1496 1755 1536 curare
1786 1480 2096 1553 possunt.‘
2166 1476 2417 1545 Quinam
2451 1479 2650 1535 autem
2683 1476 2743 1534 hi
2775 1475 2917 1544 sint,

297 1568 530 1627 indicat
559 1569 768 1644 regula
803 1576 960 1631 288:
1012 1568 1402 1637 ,Necessario
1433 1567 1510 1625 iis
1540 1570 1779 1643 peccata
1807 1565 2020 1641 aperiri
2054 1565 2288 1637 debent,
2323 1565 2543 1641 quibus
2575 1565 2799 1623 credita
2828 1572 2921 1623 est

302 1657 671 1734 dispensatio
705 1656 1122 1732 mysteriorum
1159 1656 1323 1714 Dei.‘
1358 1690 1446 1699 --
1477 1655 1847 1714 Asterius
1879 1673 2190 1714 amasenus
2222 1655 2287 1713 in
2319 1656 2452 1712 hom
2500 1655 2630 1716 adv.
2663 1673 2781 1725 eos,
2815 1655 2920 1728 qui
2968 1631 3069 1698 Α·

2300 1700 2505 1748 -ι-Ᾰ

295 1747 449 1805 alios
472 1746 737 1805 acerbius
750 1746 1057 1821 Judicant:
1093 1745 1434 1814 ,Audacter
1465 1744 1708 1803 ostende
1741 1743 2050 1814 sacerdoti,
2087 1763 2237 1818 quae
2257 1747 2399 1803 sunt
2420 1744 2721 1803 recondita
2739 1743 2924 1802 animi

301 1853 532 1906 arcana,
577 1840 879 1910 tamquam
911 1834 1142 1893 occulta
1171 1834 1423 1893 vulnera
1452 1833 1677 1892 medico
1710 1833 1952 1909 detege3
2000 1833 2123 1908 ipse
2169 1834 2406 1892 honoris
2451 1837 2512 1892 et
2557 1832 2921 1894 valetudinis

305 1931 446 1983 tuae
477 1925 768 1983 rationem
800 1923 1040 1982 habebit
1071 1973 1084 1988 .
1118 1971 1132 1986 .
1166 1971 1179 1985 .
1223 1923 1313 1981 Tu
1359 1940 1514 1992 ver0,
1563 1923 1734 1996 cujus
1767 1922 2004 1980 animus
2037 1941 2210 1999 aeger
2241 1926 2348 1992 est,
2397 1941 2504 1980 cur
2539 1941 2658 1980 non
2690 1921 2762 1979 ad
2796 1941 2919 1980 me-

301 2014 502 2072 dicum
523 2031 821 2089 properas,
843 2030 947 2071 cur
965 2031 1085 2070 non
1104 2012 1159 2070 ei
1180 2013 1448 2070 morbum
1473 2015 1647 2069 tuum
1667 2011 1931 2069 ostendis
1951 2011 2285 2070 confitendo
2300 2014 2328 2068 ⁴?
2344 2020 2370 2048 ‘¹
2393 2045 2479 2054 —
2500 2012 2656 2069 Ante
2680 2011 2785 2069 hos
2798 2012 2923 2086 jam

303 2102 684 2179 Origenes
716 2101 870 2159 hom.
906 2110 940 2163 2
978 2102 1041 2159 in
1073 2101 1166 2159 Ps.
1192 2111 1270 2164 37
1304 2121 1361 2162 n.
1397 2111 1431 2162 6
1468 2100 1694 2158 confert
1725 2103 2033 2175 peccatum
2067 2100 2197 2158 cibo
2229 2100 2528 2176 indigesto
2563 2099 2658 2159 vel
2689 2099 2925 2157 humori

308 2192 497 2260 noxio,
541 2191 644 2266 qui
679 2189 1001 2266 ejiciendus
1032 2195 1142 2259 est,
1188 2194 1260 2248 ut
1303 2190 1537 2248 animus
1571 2190 1897 2258 relevetur;
1949 2188 2087 2247 dein
2133 2189 2218 2247 ita
2260 2189 2678 2264 prosequitur:
2733 2189 2925 2258 ,Tan-

312 2279 614 2339 tummodo
644 2279 1032 2354 circumspice
1064 2278 1432 2356 diligentius,
1468 2278 1565 2336 cui
1598 2278 1813 2336 debeas
1844 2280 2149 2353 peccatum
2184 2277 2469 2336 confiteri.
2536 2277 2725 2335 Proba
2756 2277 2925 2352 prius

309 2369 619 2438 medicum,
654 2368 752 2426 cui
784 2367 1255 2427 debeas‘causam
1287 2367 1590 2444 languoris
1624 2385 1916 2443 exponere
1951 2411 1963 2425 .
2001 2411 2013 2422 .
2045 2408 2060 2424 .
2108 2367 2168 2425 Si
2208 2366 2573 2425 intellexerit
2604 2370 2663 2424 et
2696 2365 2924 2441 praevi·

301 2458 479 2525 derit,
526 2458 703 2516 talem
749 2475 874 2516 esse
917 2458 1263 2533 languorem
1308 2460 1501 2528 tuum,
1553 2456 1657 2531 qui
1708 2456 1773 2513 in
1823 2460 2119 2515 conventu
2165 2456 2356 2514 totius
2388 2455 2680 2514 Ecclesiae
2711 2454 2924 2531 exponi

307 2547 521 2605 debeat
550 2551 610 2604 et
643 2546 857 2614 curari,
903 2565 970 2604 ex
1002 2565 1122 2620 quo
1152 2545 1423 2605 fortassis
1457 2550 1519 2603 et
1550 2545 1729 2604 ceteri
1762 2544 2057 2603 aedificari
2088 2548 2373 2621 poterunt
2402 2549 2464 2603 et
2495 2548 2566 2602 tu
2598 2544 2725 2619 ipse
2757 2543 2928 2601 facile

308 2635 528 2705 sanari,
568 2635 762 2694 multa
794 2635 901 2695 hoc
931 2633 1358 2694 deliberatione
1390 2637 1452 2693 et
1482 2635 1625 2693 satis
1659 2633 1853 2710 perito
1885 2633 2096 2693 medici
2129 2634 2294 2693 illius
2327 2634 2573 2694 consilio
2604 2651 2925 2709 procuran-

306 2724 572 2801 dum1).“
626 2726 800 2783 Hunc
830 2743 969 2783 vero
1001 2724 1300 2783 medicum
1334 2724 1692 2783 sacerdotem
1714 2723 1954 2782 Domini
1973 2742 2099 2782 esse
2119 2725 2271 2788 hom.
2298 2733 2332 2786 2
2366 2724 2429 2781 in
2448 2724 2581 2784 Lev.
2613 2742 2670 2783 n.
2695 2732 2732 2784 4
2763 2721 2925 2783 dicit.

299 2815 386 2872 Et
417 2814 477 2872 in
513 2814 706 2883 verba,
754 2821 817 2872 ut
865 2814 1180 2871 revelentur
1209 2832 1279 2871 ex
1310 2814 1504 2872 multis
1533 2813 1802 2871 cordibus
1833 2814 2213 2889 cogitationes,
2264 2814 2348 2871 ita
2385 2812 2624 2871 disserit
2654 2812 2807 2870 hom.
2850 2822 2922 2873 17

309 2904 372 2961 in
391 2902 532 2961 Luc.
559 2912 613 2972 2,
641 2912 753 2966 35:
789 2902 1000 2972 ,Unde
1032 2906 1093 2960 et
1123 2921 1252 2973 nOS,
1288 2903 1338 2961 si
1372 2902 1825 2978 peccaverimus,
1860 2902 2144 2960 debemus
2164 2902 2386 2960 dicere:
2422 2900 2719 2959 Peccatum
2740 2919 2928 2958 meum

309 2999 508 3050 notum
540 2992 642 3049 tibi
674 2993 800 3067 feci,
834 2999 887 3049 et
917 2988 1283 3068 iniquitatem
1302 3009 1488 3049 meam
1506 3009 1621 3049 non
1641 2991 1928 3049 abscondi.
1978 2991 2162 3049 Dixi:
2195 2990 2554 3049 annunciabo
2578 2991 2928 3062 iniustitiam

309 3099 494 3138 meam
525 3088 724 3138 contra
755 3099 841 3138 me
873 3081 1119 3138 Domino
1149 3076 1271 3161 (Ps.
1307 3090 1408 3150 31,
1446 3076 1527 3158 5).
1594 3080 1656 3137 Si
1704 3079 1867 3137 enim
1897 3079 2007 3138 hoc
2039 3079 2348 3138 fecerimus
2379 3084 2440 3137 et
2468 3078 2926 3138 revelaverimus

308 3174 549 3245 peccata
580 3172 785 3228 nostra
813 3188 933 3228 non
963 3171 1154 3228 solum
1188 3170 1324 3237 Deo,
1372 3169 1476 3226 sed
1507 3172 1568 3226 et
1604 3168 1715 3239 hia,
1762 3167 1868 3243 qui
1900 3172 2154 3243 possunt
2183 3169 2406 3227 mederi
2437 3168 2786 3226 vulneribus
2817 3184 2926 3225 no-

309 3259 453 3317 stris
485 3262 662 3333 atque
695 3258 964 3333 peccatis,
1011 3258 1373 3316 delebuntur
1403 3263 1643 3332 peccata
1670 3262 1876 3315 nostra
1915 3257 1989 3315 ab
2035 3276 2123 3326 eo,
2171 3257 2276 3332 qui
2322 3258 2433 3316 ait:
2483 3258 2626 3317 Ecce
2670 3257 2821 3315 deleo
2864 3264 2929 3314 ut

309 3348 516 3405 nubem
549 3349 879 3423 iniquitates
910 3355 1041 3405 tuas
1072 3355 1122 3405 et
1153 3349 1298 3405 sicut
1331 3348 1631 3422 caliqinem
1658 3353 1896 3422 peccata
1926 3353 2027 3405 tua
2060 3346 2161 3427 (Is.
2197 3356 2298 3415 44,
2338 3342 2512 3427 22).‘
2545 3380 2631 3390 --
2663 3345 2929 3404 Hiero·

304 3455 582 3513 nymus
628 3436 689 3494 in
733 3436 889 3501 Eccl.
929 3448 1024 3506 10,
1067 3447 1176 3498 11:
1227 3436 1334 3505 ,Si
1380 3454 1556 3510 quem
1606 3452 1848 3512 serpens
1881 3435 2150 3494 diabolus
2182 3436 2411 3493 occulte
2444 3435 2827 3493 momorderit
2869 3437 2932 3493 et

309 3526 480 3584 nullo
513 3526 746 3583 conscio
778 3545 914 3583 eum
949 3526 1168 3600 peccati
1197 3543 1423 3583 veneno
1470 3524 1776 3595 iniecerit3
1825 3524 1878 3582 si
1926 3524 2181 3583 tacuerit
2225 3524 2330 3599 qui
2372 3542 2692 3599 percussus
2737 3525 2828 3581 est
2871 3526 2932 3582 et

311 3632 430 3672 non
463 3614 654 3690 egerit
675 3615 1120 3690 poenitentiam,
1154 3631 1264 3672 nec
1295 3614 1516 3671 vulnus
1550 3632 1728 3672 suum
1759 3613 1934 3671 fratri
1966 3619 2028 3672 et
2058 3613 2344 3689 magistro
2365 3613 2624 3672 voluerit
2642 3612 2927 3682 confiteri,

315 3705 598 3779 magister
629 3708 688 3761 et
735 3702 929 3771 frater,
976 3704 1079 3780 qui
1126 3703 1394 3779 linguam
1429 3701 1648 3760 babent
1679 3702 1754 3760 ad
1788 3703 2133 3772 curandum,
2182 3702 2355 3761 facile
2402 3702 2457 3759 ei
2501 3701 2779 3777 prodesse
2810 3719 2929 3758 non

318 3795 613 3865 poterunt.
680 3792 738 3849 Si
783 3792 940 3850 enim
973 3792 1282 3850 erubescat
1311 3794 1591 3868 aegrotus
1624 3791 1845 3849 vulnus
1875 3792 2099 3850 medico
2130 3790 2419 3860 confiteri,
2466 3790 2624 3866 quod
2676 3790 2928 3866 ignorat,

313 3881 598 3938 medicina
629 3899 749 3938 non
782 3884 1008 3939 curat.‘
1074 3882 1205 3939 Huc
1250 3884 1479 3957 spectat
1508 3879 1741 3939 collatio
1775 3898 1908 3938 cum
1941 3881 2186 3955 leprosis
2219 3880 2285 3939 V.
2317 3880 2398 3951 T.,
2446 3879 2551 3955 qui
2599 3878 2927 3937 secundum

313 3974 513 4043 patres
545 3971 736 4047 figura
782 3974 926 4029 sunt
968 3973 1359 4046 peccatorum.
1426 3968 1593 4027 Sicut
1640 3969 1799 4027 enim
1850 3969 1942 4027 illi
1995 3987 2058 4028 se
2107 3970 2313 4028 sistere
2364 3968 2656 4027 debebant
2698 3967 2927 4042 judicio

311 4057 698 4129 sacerdotum,
733 4078 852 4134 quo
885 4059 1328 4117 declararentur
1346 4057 1588 4117 mundi:
1622 4059 1705 4117 ita
1735 4062 2070 4133 peccatores
2092 4059 2292 4117 fideles
2326 4078 2385 4116 se
2417 4058 2691 4116 exhibere
2713 4057 2932 4115 debent

312 4146 719 4205 sacerdotibus
751 4148 821 4205 N.
853 4147 932 4217 T.,
968 4154 1038 4206 ut
1068 4169 1101 4205 a
1131 4151 1503 4222 peccatorum
1537 4148 1703 4222 lepra
1732 4147 2100 4206 mundentur
2132 4144 2215 4227 (n.
2251 4143 2457 4228 438³).

493 4250 555 4299 c.
587 4236 789 4294 Testes
823 4240 967 4295 sunt
997 4237 1232 4312 quoties
1263 4240 1597 4312 peccatores
1652 4236 1970 4307 deterrent,
2017 4256 2091 4295 ne
2136 4237 2363 4312 pudore
2409 4235 2640 4293 seducti
2684 4234 2932 4292 crimina

312 4324 607 4398 quaedam
648 4325 854 4384 celent.
916 4328 1008 4384 Ita
1053 4327 1507 4385 Ambrosius
1555 4326 1618 4383 in
1665 4326 1802 4384 Luc.
1836 4326 1960 4395 VII,
1999 4335 2156 4388 225:
2212 4325 2497 4392 ,Frustra
2540 4328 2740 4382 autem
2785 4324 2932 4381 velis

538 4464 572 4531 ¹)
608 4460 811 4514 Verum
839 4460 1071 4528 quidem
1098 4463 1198 4523 est,
1219 4459 1394 4528 hujus
1413 4458 1685 4513 homiliae
1703 4464 1919 4513 exstare
1936 4463 2099 4513 tantu
2110 4479 2162 4512 m
2192 4460 2238 4512 R
2256 4479 2291 4513 ιι
2310 4459 2458 4512 fini
2484 4458 2815 4520 versionem,
2835 4460 2929 4512 sed

311 4542 475 4596 nulla
502 4544 586 4595 est
610 4541 757 4596 ratio
786 4540 1132 4612 suspicandi,
1161 4540 1315 4608 quod
1341 4557 1464 4593 eam
1493 4541 1601 4595 hoc
1627 4540 1687 4592 in
1715 4543 1839 4595 loco
1866 4539 2318 4610 interpolaverit.
2347 4540 2507 4605 Quod
2536 4539 2582 4592 si
2610 4556 2733 4593 eam
2760 4542 2929 4594 etiam

297 4622 729 4691 interpolasset,
757 4623 1094 4676 haberemus
1123 4621 1520 4676 testimonium
1549 4638 1655 4677 sec.
1679 4622 1941 4675 exeuntis
1960 4620 2054 4673 IV.
2081 4622 2169 4674 vel
2195 4620 2450 4674 ineuntis
2472 4622 2555 4685 V„
2583 4637 2712 4673 cum
2735 4621 2781 4673 R
2798 4639 2835 4673 u
2853 4621 2929 4673 fi-

313 4721 348 4753 n
369 4720 407 4755 u
427 4719 451 4754 s
478 4700 686 4758 obierit
710 4718 759 4754 a.
786 4709 907 4758 410.
936 4701 1015 4755 De
1043 4705 1086 4756 O
1103 4701 1220 4769 rig
1239 4718 1267 4753 e
1287 4719 1322 4753 n
1343 4701 1405 4754 is
1431 4702 1694 4755 doctrina
1716 4702 1788 4753 cf.
1811 4700 2087 4754 Katholik
2115 4708 2265 4758 1865.
2290 4702 2329 4765 Ι,
2352 4709 2470 4757 415.
2502 4700 2584 4757 Cf.
2606 4703 2929 4770 Augusti·

308 4799 450 4837 nus
477 4798 641 4834 serm.
676 4786 791 4837 171.
824 4784 921 4838 172
956 4782 1015 4835 in
1044 4783 1179 4841 bibl,
1212 4782 1279 4834 N.
1311 4782 1417 4838 PP.
1443 4782 1529 4834 ed.
1559 4780 1700 4834 Mai
1729 4783 1771 4845 Ι,
1798 4788 1919 4837 386.

2508 4873 2597 4925 30·

2994 1715 3152 1794 fi»-

3167 1696 3389 1780 αἱ.
