3538 5364
1369 282 1491 336 sine
1518 282 1707 353 gratia
1734 282 1919 341 factis.
2854 292 2937 356 57

293 468 713 545 ‘cupiscentiae
743 487 871 528 non
903 468 1240 539 consentio;
1272 468 1378 527 sed
1407 486 1531 528 non
1560 468 1804 543 perficio
1835 468 2076 539 bonum,
2109 471 2181 528 ut
2210 468 2450 527 omnino
2481 487 2600 527 non
2630 469 2939 545 concupis-

313 566 496 617 σθαι(
550 558 949 617 Praemiserat
978 575 1117 617 vero
1149 576 1207 617 ιι.
1230 567 1299 621 33
1335 557 1629 627 ,Resistis
1660 561 1722 616 et
1751 576 1873 617 non
1892 557 2318 617 consentiendo
2336 558 2556 626 vincis;
2590 558 2693 617 sed
2725 558 2941 618 melius

317 648 423 717 est,
465 647 702 706 hostem
732 666 858 706 non
889 646 1102 705 habere
1132 666 1310 723 quam
1346 647 1640 707 vincere.‘
1708 647 1786 706 Et
1830 647 2053 722 passim
2097 648 2240 707 alibi
2274 647 2448 707 docet
2477 647 2718 706 nonnisi
2762 665 2941 709 con-

312 754 554 795 sensu
585 735 1103 812 concupiscentiae
1134 741 1361 796 motum
1395 736 1565 797 reddi
1596 740 1905 813 peccatum
1935 737 2175 813 proprie
2206 736 2454 800 dictum.
2518 737 2598 795 Cf.
2635 737 2698 795 in
2730 737 2941 813 primis

314 830 388 884 tr.
426 835 501 889 41
546 825 611 885 in
643 825 737 885 J0.
769 845 831 890 n.
870 834 967 896 12,
1000 826 1448 885 Bernardus
1478 844 1649 885 serm.
1675 835 1753 889 50
1777 825 2098 890 incauta
2124 836 2158 889 2
2186 830 2250 885 et
2276 826 2596 886 Thomas
2621 834 2676 889 2.
2700 834 2757 888 2.
2778 845 2835 901 q.
2856 835 2939 888 44

314 934 363 977 a.
397 925 456 985 6,
506 916 616 991 qui
663 914 784 974 fere
828 915 891 973 in
924 914 1178 975 eundem
1211 933 1453 974 sensum
1488 915 1786 990 duplicem
1816 915 2115 992 praecepti
2144 916 2217 974 de
2248 915 2554 993 diligendo
2588 915 2707 974 Deo
2739 914 2940 974 obser·

315 1003 619 1064 vationem
652 1003 998 1082 distinguit.
1042 1003 1199 1064 Hinc
1229 1003 1602 1081 intelligitur
1632 1019 1693 1069 e.
1723 1023 1844 1080 quo
1877 1023 2059 1063 sensu
2088 1004 2304 1064 dixerit
2324 1004 2613 1080 quaedam
2632 1009 2944 1081 praecepta

312 1092 486 1152 nobis
519 1111 657 1152 esse
688 1092 1078 1169 impossibilia
1123 1097 1187 1152 et
1230 1112 1349 1169 quo
1395 1110 1577 1152 sensu
1622 1112 1855 1153 omnem
1887 1093 2302 1171 ignorantiam,
2355 1112 2507 1170 quae
2557 1093 2631 1152 ad
2681 1092 2943 1152 officium

311 1183 596 1259 pertinet,
644 1182 1034 1259 appellaverit
1061 1186 1386 1258 peccatum.
1451 1183 1600 1242 Sane
1644 1182 1935 1258 ejusmodi
1968 1182 2307 1259 ignorantia
2348 1186 2439 1243 est
2482 1185 2687 1243 contra
2716 1182 2939 1259 perfec·

313 1272 542 1331 tionem
565 1271 863 1347 justitiae,
914 1272 1138 1348 peccati
1184 1271 1488 1349 originalis
1532 1273 1774 1348 sequela
1820 1275 1883 1331 et
1931 1272 2157 1331 occasio
2203 1291 2311 1347 per
2354 1291 2417 1332 se
2460 1271 2684 1348 peccati
2732 1272 2942 1331 saltem

315 1361 646 1420 materialis
678 1356 778 1444 (cf.
808 1363 852 1419 t.
886 1361 960 1420 11.
991 1381 1053 1425 n.
1089 1370 1204 1424 391
1227 1362 1294 1440 ²).
1328 1395 1412 1405 —
1448 1361 1718 1420 Ceterum
1766 1360 1861 1420 hic
1893 1364 2162 1436 repetere
2194 1361 2333 1420 licet
2364 1361 2561 1432 verba,
2610 1360 2831 1437 quibus
2877 1361 2942 1418 in

318 1450 506 1509 simili
538 1449 892 1509 difficultate
924 1452 1121 1509 utitur
1152 1470 1197 1511 s.
1230 1451 1790 1509 Bonaventura
1821 1450 2037 1513 Brevil.
2068 1450 2171 1509 111.
2205 1454 2236 1523 ,ξ
2273 1460 2341 1513 5:
2385 1450 2552 1519 ,Hoc
2584 1449 2943 1509 credendum

317 1541 408 1598 est
439 1540 702 1599 sensisse
734 1540 788 1601 b.
822 1540 1251 1617 Augustinum‚
1298 1539 1437 1599 licet
1481 1538 1662 1598 verba
1692 1539 1885 1616 ipsius
1919 1540 2178 1599 exterius
2211 1544 2454 1616 propter
2484 1539 2943 1598 detestationem

315 1629 535 1687 erroris
569 1628 1016 1706 pelagianorum
1074 1628 1239 1687 aliud
1271 1629 1495 1687 sentire
1526 1628 1860 1688 videantur.
1925 1629 2003 1687 Ut
2049 1628 2208 1688 enim
2239 1647 2338 1688 eos
2371 1628 2680 1688 reduceret
2711 1628 2784 1687 ad
2817 1646 2942 1686 me·

318 1716 507 1790 dium,
556 1717 965 1776 abundantius
1002 1717 1320 1776 declinavit
1349 1717 1421 1776 ad
1455 1721 1859 1777 extremumt‘
1910 1718 2090 1794 ,plus
2137 1717 2338 1777 dicens
2384 1722 2447 1777 et
2488 1718 2690 1778 minus
2735 1716 2943 1776 volens

314 1805 643 1884 intelligi,‘
679 1809 754 1865 ut
784 1805 951 1865 addit
980 1806 1046 1865 in
1080 1815 1136 1871 2.
1156 1806 1297 1870 dist.
1336 1816 1415 1870 33
1452 1826 1500 1865 a.
1537 1815 1572 1869 3
1608 1827 1664 1884 q.
1700 1817 1727 1871 1
1767 1807 1841 1866 ad
1881 1819 1933 1869 1.
1980 1805 2074 1866 Ita
2105 1826 2149 1869 s.
2181 1806 2499 1866 Thomas
2531 1807 2605 1865 de
2637 1806 2791 1865 malo
2825 1825 2879 1881 q.
2904 1814 2938 1869 5

316 1916 367 1954 a.
403 1905 438 1958 2
476 1896 553 1955 ad
598 1908 663 1967 l;
710 1896 781 1956 cf.
828 1895 1081 1954 aliorum
1126 1895 1473 1955 testimonia
1503 1896 1740 1973 gemina
1773 1894 1929 1972 apud
1975 1896 2397 1973 Dechamps
2441 1896 2482 1961 l.
2530 1906 2565 1959 3
2616 1896 2764 1971 disp.
2809 1908 2826 1958 1
2871 1895 2943 1952 de

314 1986 475 2044 haer.
498 1987 628 2060 jan.
661 2002 708 2043 c.
745 1995 779 2048 3
816 2003 893 2055 s.;
927 1990 989 2043 et
1019 1985 1344 2062 generatim
1379 1985 1451 2043 de
1483 1985 1590 2045 hac
1621 1985 1967 2062 quaestione
1999 1985 2077 2043 ib.
2111 1985 2262 2062 disp.
2294 1997 2364 2057 43
2399 1986 2677 2045 Suarez
2708 1984 2754 2055 I,
2792 1994 2826 2047 8
2864 2003 2941 2054 s.;

316 2074 743 2150 Stapleton
772 2073 849 2143 11,
888 2085 964 2138 10
999 2093 1073 2133 ss,

499 2209 605 2263 65.
642 2194 996 2264 Scholion
1029 2196 1090 2262 I.
1158 2201 1285 2259 Alii
1314 2202 1626 2275 exceptioni
1655 2200 1881 2273 satisfit.
1915 2233 2000 2241 —-
2035 2200 2169 2260 Alia
2199 2200 2521 2259 difficultas
2555 2202 2649 2258 sat
2682 2198 2943 2274 speciosa

312 2289 480 2348 hunc
510 2288 578 2347 in
608 2289 850 2348 modum
872 2290 1121 2365 proponi
1140 2292 1354 2366 potest.
1404 2289 1567 2365 Opus
1601 2288 1661 2346 in
1695 2288 1873 2347 finem
1904 2290 2183 2349 ultimum
2218 2307 2338 2348 non
2370 2288 2663 2349 directum
2694 2293 2788 2348 est
2817 2307 2940 2346 ma-

314 2378 477 2449 lum;
526 2378 698 2454 atqui
737 2378 873 2437 finis
920 2378 1173 2437 ultimus
1219 2378 1282 2437 in
1328 2378 1629 2454 praesenti
1661 2397 1859 2436 rerum
1893 2378 2097 2437 ordine
2143 2382 2237 2437 est
2280 2375 2942 2455 supernaturalis.

313 2467 476 2544 Ergo
506 2486 660 2543 opus
692 2468 756 2526 in
788 2468 960 2527 finem
995 2468 1509 2543 supernaturalem
1542 2484 1662 2526 non
1692 2467 1949 2526 relatum
1981 2470 2075 2526 est
2118 2467 2360 2526 malum.
2426 2466 2539 2526 Sed
2572 2468 2797 2541 absque
2829 2465 2944 2524 fide

315 2560 381 2615 et
407 2557 608 2633 gratia
637 2557 849 2633 nequit
879 2557 1050 2615 homo
1083 2576 1231 2634 opus
1264 2557 1485 2616 referre
1517 2555 1580 2615 in
1612 2555 1788 2615 finem
1821 2557 2351 2632 supernaturalem,
2398 2554 2559 2615 unde
2603 2555 2691 2614 ait
2734 2557 2942 2632 Augu-

318 2645 522 2704 stinus
554 2645 621 2704 in
652 2646 747 2706 Pa.
785 2654 857 2710 31
900 2665 1087 2706 enarr.
1124 2656 1158 2710 2
1195 2666 1253 2708 n.
1288 2658 1358 2709 4:
1403 2647 1679 2714 ,Bonum
1709 2663 1861 2722 opus
1893 2645 2149 2705 intentio
2181 2645 2341 2716 facit,
2373 2645 2768 2705 intentionem
2801 2643 2944 2703 fides

318 2735 594 2812 dirigit«
644 2735 802 2813 Ergo
834 2737 1006 2796 homo
1037 2737 1258 2811 absque
1292 2736 1405 2794 fide
1442 2738 1503 2795 et
1532 2735 1726 2812 gratia
1754 2736 1968 2811 nequit
1997 2735 2223 2811 aliquid
2259 2735 2400 2795 boni
2434 2736 2637 2795 facere.
2688 2733 2794 2792 Cui
2826 2733 2942 2791 dif-

321 2824 585 2883 ficultati
616 2829 689 2882 ut
719 2843 1114 2894 occurramus,
1164 2831 1458 2895 notamus,
1504 2824 1693 2884 Deum
1724 2842 1854 2884 esse
1888 2826 2062 2884 finem
2097 2826 2382 2884 ultimum
2413 2823 2605 2883 omnis
2638 2825 2943 2881 creaturae

315 2913 665 2983 rationalis3
713 2932 967 2990 eumque
1005 2912 1313 2990 duplici
1357 2913 1527 2972 modo
1560 2931 1735 2989 posse
1766 2913 2003 2990 attingi,
2036 2914 2394 2973 naturaliter
2423 2919 2485 2973 et
2517 2914 2942 2988 supernatura·

313 3002 476 3062 liter.
506 3002 649 3061 Jam
679 3021 818 3062 vero
851 3002 1007 3062 Deus
1039 3003 1274 3073 statuit,
1316 3007 1388 3061 ut
1418 3001 1705 3072 homines,
1754 3021 1874 3078 quo
1907 3022 2047 3062 eum
2079 3007 2522 3080 consequantur
2550 3005 2612 3062 et
2642 3001 2942 3072 fruantur,

315 3093 385 3149 in
426 3092 631 3166 ipsum
664 3091 917 3151 tendant
947 3092 1482 3168 supernaturaliter
1512 3092 1636 3152 scil.
1668 3090 1799 3162 fide,
1851 3110 1954 3168 spe
2001 3095 2062 3150 et
2106 3092 2371 3155 caritate.
2437 3092 2604 3150 Unde
2652 3091 2704 3149 si
2749 3090 2942 3160 homo,

313 3180 604 3258 ignorans
635 3180 786 3240 hanc
803 3181 1114 3256 positivam
1139 3181 1245 3240 Dei
1272 3181 1732 3250 institutionem,
1767 3181 1831 3239 in
1863 3201 1998 3240 eum
2030 3181 2228 3240 tendit
2256 3201 2325 3241 eo
2354 3181 2547 3252 m0d0‚
2581 3199 2699 3257 quo
2732 3182 2941 3256 potest,

316 3268 436 3327 fide
468 3273 532 3327 et
563 3288 632 3328 ex
680 3270 993 3346 hypothesi
1027 3271 1220 3348 gratia
1250 3270 1581 3329 destitutus
1616 3269 1757 3328 solis
1790 3269 2022 3329 viribus
2054 3276 2332 3328 naturae:
2381 3271 2658 3346 sequitur
2688 3271 2944 3338 tantum,

317 3358 481 3434 quod
513 3360 699 3417 etiam
717 3359 1100 3436 Augustinus
1120 3359 1359 3435 saepius
1381 3359 1660 3429 inculcat,
1694 3376 1832 3417 eum
1865 3362 2134 3434 praete
2155 3378 2186 3416 r
2216 3359 2373 3419 viam
2404 3378 2657 3429 currere,
2692 3357 2944 3416 inuti-

317 3446 514 3506 liter
546 3448 796 3523 operari,
844 3447 1248 3507 steriliter
1283 3448 1575 3517 laborare;
1623 3447 1727 3506 sed
1759 3448 2106 3507 nullatenus
2138 3449 2430 3525 sequitur,
2465 3467 2603 3507 eum
2635 3454 2777 3507 vere‘
2806 3464 2942 3521 pec-

318 3553 457 3595 care
484 3538 729 3611 peceato
760 3536 1071 3595 formali
1101 3541 1162 3596 et
1192 3537 1533 3613 imputabili
1563 3536 1636 3595 ad
1668 3536 1905 3613 culpam
1933 3541 1996 3596 et
2025 3556 2294 3613 poenam,
2326 3537 2484 3613 quod
2519 3540 2677 3595 esset
2698 3536 2941 3595 demon·

321 3625 638 3684 strandum
653 3621 720 3706 ¹).
786 3624 977 3695 Quare
1022 3631 1092 3685 ut
1130 3627 1192 3684 in
1222 3625 1410 3685 forma
1441 3625 1937 3702 respondeamus:
1987 3626 2136 3685 Dist.
2168 3627 2420 3702 primam
2455 3627 2623 3702 Maj.:
2673 3625 2835 3700 Opus
2881 3624 2944 3684 iu

320 3713 501 3773 finem
532 3715 818 3773 ultimum
851 3715 889 3772 i.
921 3734 971 3774 e.
1003 3716 1070 3773 in
1102 3716 1288 3774 Deum
1335 3715 1559 3774 nullo
1605 3715 1778 3774 modo
1821 3714 2114 3774 directum
2145 3720 2237 3774 est
2267 3716 2508 3785 malum,
2556 3733 2747 3779 conc.;
2796 3731 2944 3789 opus

320 3803 385 3861 in
415 3804 596 3863 finem
627 3804 911 3864 ultimum
944 3804 981 3862 i.
1014 3823 1064 3866 e.
1095 3804 1284 3863 Deum
1316 3823 1436 3863 non
1467 3823 1535 3863 eo
1567 3805 1742 3863 modo
1775 3805 2084 3876 directum,
2129 3823 2249 3881 quo
2281 3805 2440 3864 Deus
2473 3803 2792 3862 constituit
2822 3803 2860 3863 i.
2894 3821 2943 3860 e.

320 3892 624 3968 perfidem
655 3897 719 3951 et
747 3894 1017 3970 gratiam,
1051 3895 1143 3953 est
1162 3894 1414 3952 malum:
1448 3893 1721 3964 subdist„
1757 3893 1809 3952 si
1842 3894 2097 3952 scienter
2115 3895 2271 3953 desit
2289 3895 2430 3953 haec
2448 3892 2715 3963 directio,
2746 3908 2905 3950 conc.
2931 3912 2944 3960 ;

324 3982 377 4038 si
408 3978 938 4065 inculpabiliter2)‚
985 4000 1195 4042 rursus
1228 3981 1383 4055 dist„
1416 3985 1509 4041 est
1539 3983 1762 4041 malum
1795 3983 1832 4042 i.
1865 4002 1913 4042 e.
1946 4002 2065 4042 non
2097 3989 2186 4042 est
2216 3984 2481 4042 salutare
2512 3985 2693 4058 atque
2725 3979 2946 4039 idcirco

545 4142 557 4172 ¹
588 4134 678 4188 Ad
702 4151 821 4190 rem
848 4154 889 4190 s.
917 4135 1016 4190 Th
1034 4153 1066 4190 o
1082 4156 1135 4191 m
1152 4153 1187 4190 a
1203 4155 1228 4191 s
1253 4137 1314 4192 in
1338 4145 1389 4192 4.
1415 4136 1470 4189 d.
1502 4138 1568 4193 17
1594 4154 1646 4205 q.
1674 4144 1697 4192 l
1722 4152 1774 4189 a.
1796 4139 1828 4189 2
1851 4136 1994 4205 qcla.
2017 4143 2048 4191 2
2068 4136 2140 4189 ad
2161 4144 2224 4194 4:
2256 4134 2603 4197 „Dicendum
2620 4133 2774 4202 quod
2791 4134 2948 4185 recta

324 4212 571 4269 intentio
609 4214 684 4268 ad
705 4215 877 4270 finem
899 4216 1169 4272 ultimum
1208 4217 1583 4272 determinate
1618 4215 1937 4287 perducens
1971 4232 2087 4269 non
2121 4217 2312 4286 potest
2344 4230 2462 4268 esse
2499 4213 2620 4268 sine
2663 4213 2804 4266 fide:
2848 4211 2945 4264 sed

324 4296 516 4348 tamen
542 4295 675 4348 finis
700 4295 944 4350 ultimus
971 4295 1091 4350 scil.
1120 4296 1271 4351 Deus
1297 4300 1484 4367 potest
1509 4312 1626 4350 esse
1654 4295 1714 4350 in
1742 4295 2063 4350 intentione
2105 4294 2277 4348 etiam
2319 4295 2459 4364 ejus,
2505 4293 2609 4362 qui
2634 4292 2802 4346 fidem
2830 4307 2946 4344 nou

326 4372 512 4438 habet,
540 4391 645 4444 per
669 4376 994 4446 generalem
1034 4375 1127 4430 vel
1164 4375 1591 4431 naturalem
1632 4374 2038 4445 cognitionem,
2081 4390 2253 4442 quam
2299 4375 2368 4427 de
2397 4372 2512 4427 Deo
2538 4374 2741 4433 habet;
2793 4371 2945 4425 unde

326 4452 495 4508 etiam
523 4454 623 4509 ille
651 4454 756 4524 qui
781 4455 948 4509 fidem
978 4473 1094 4510 non
1120 4456 1309 4521 habet,
1336 4457 1525 4527 potest
1548 4471 1605 4509 se
1631 4455 1703 4508 ad
1745 4454 1916 4508 fidem
1937 4454 2260 4509 habendam
2281 4469 2620 4525 praeparare
2647 4454 2706 4505 et
2728 4452 2802 4505 ad
2823 4468 2946 4522 gra-

324 4531 480 4598 tiam,
508 4533 558 4588 si
584 4535 900 4591 secundum
925 4552 1087 4590 suam
1113 4535 1497 4607 cognitionem
1525 4538 1820 4605 peccatum
1863 4533 1975 4589 sibi
2014 4534 2284 4605 displicet
2321 4537 2380 4588 et
2412 4535 2472 4587 in
2500 4532 2682 4587 Deum
2709 4533 2948 4586 affectus

331 4615 451 4683 ejus
476 4615 748 4671 feratur.“

539 4701 583 4764 ²)
612 4693 698 4749 cf.
724 4695 861 4749 Sch
878 4711 954 4748 ee
973 4697 1129 4761 ben,
1169 4694 1270 4763 qui
1295 4694 1545 4765 priorem
1573 4694 1642 4748 de
1669 4694 1858 4764 gratia
1886 4711 1939 4764 p.
1967 4692 2050 4747 ita
2075 4693 2323 4749 absolvit
2348 4697 2395 4764 (ᾗ
2423 4697 2526 4749 298
2552 4711 2609 4745 ιι.
2637 4694 2791 4763 594):
2843 4690 2946 4744 Die

334 4770 721 4845 Vermittlung
748 4773 849 4828 der
873 4776 1447 4847 entg‘egengesetzten
1488 4773 1855 4828 Lehrformen
1897 4775 2146 4845 (patrum
2174 4776 2232 4827 et
2255 4771 2656 4842 theologorum
2699 4769 2944 4841 scholae)
