3538 5364
544 229 673 294 656
807 220 993 276 Tract.
1022 221 1088 274 X.
1114 221 1181 274 de
1210 220 1327 275 Deo
1354 224 1827 275 consummatore.
1855 220 1959 276 Th.
1988 220 2353 275 OCL‘XXVII.
2380 219 2581 276 Carnis
2605 220 2896 275 identitas.

722 401 969 482 Quibus
1000 398 1198 466 adde:
1250 402 1430 465 Rom.
1462 402 1524 479 8,
1564 405 1676 470 11:
1727 401 1859 480 Qui
1887 404 2207 468 suscitavit
2251 403 2313 470 J.
2345 402 2657 469 Chr-istum
2687 426 2729 469 α
2760 402 3046 485 mortuis,
3073 405 3176 466 vi·

542 511 812 593 vificabit
842 517 900 573 et
929 508 1229 573 mortalia
1259 529 1525 594 corpora
1572 516 1778 574 vestra
1796 517 2067 596 propter
2095 502 2548 575 inhabitantem
2580 508 2889 594 Spiritum
2934 510 3068 584 eius
3100 514 3169 573 in

543 618 709 681 vobis
721 642 751 694 ,·
804 622 859 685 1.
893 614 1036 680 Cor.
1077 619 1174 692 15.
1207 620 1325 686 53:
1386 617 1636 703 Oportet
1665 619 2066 703 corruptibile
2096 617 2208 680 hoc
2240 618 2499 681 induere
2530 618 3077 702 incorruptivam,
3110 626 3179 681 et

423 806 430 814 ⁹
542 725 806 788 mortale
836 724 949 787 hoc
978 724 1239 787 induere
1267 723 1802 789 immortalitatem
1818 748 1845 805 ;
1875 724 1960 789 ib.
1993 726 2051 790 2.
2085 721 2227 789 Cor.
2262 728 2321 801 5,
2360 729 2391 791 1
2429 743 2512 788 ss,
2545 730 2663 792 etc,
2688 718 3171 807 ‘Fidemjudae-

544 850 729 895 orum
760 829 1075 911 colligitur
1105 849 1186 894 ex
1219 836 1277 898 2.
1309 830 1600 895 Machab.
1638 837 1695 909 7,
1733 837 1806 899 11
1848 830 1950 918 (cf.
1984 852 2044 895 n.
2079 835 2205 901 697
2222 831 2274 918 9)
2308 838 2375 897 et
2413 835 2512 908 14,
2543 836 2648 902 46.

720 958 786 1026 4.
821 955 1147 1021 Probatur
1178 956 1542 1021 traditionis
1574 941 1907 1038 suffragio:
1959 976 2111 1022 nam
2159 964 2415 1040 patrum
2469 958 2601 1025 fere
2645 958 2860 1023 nullus
2910 963 3024 1034 est,
3056 954 3181 1039 qui

543 1064 863 1130 disserens
895 1063 975 1130 de
1005 1063 1472 1129 resurrectione
1524 1071 1927 1129 mortuorum
1976 1066 2189 1129 carnis
2240 1065 2647 1131 identitatem
2693 1085 2828 1131 non
2858 1063 3180 1139 inculcem

545 1177 609 1236 et
639 1170 962 1252 religionis
1007 1170 1396 1236 christianae
1446 1171 1825 1253 apologetae
1874 1164 2043 1236 hanc
2092 1172 2159 1234 in
2206 1171 2429 1254 primis
2478 1172 2793 1238 adversus
2839 1169 3171 1253 gentilium

553 1278 957 1361 exceptiones
990 1283 1248 1342 tuentur
1279 1277 1363 1364 (n.
1401 1284 1435 1346 7
1441 1278 1587 1365 01);
1622 1278 1959 1359 analogiae
1992 1297 2250 1361 quoque
2282 1284 2347 1342 et
2380 1279 2669 1344 rationes
2701 1276 3179 1360 congruentiae

544 1406 660 1468 pro
691 1384 1169 1451 resurrectione
1201 1383 1435 1467 quibus
1466 1390 1733 1449 utuntur
1764 1403 1913 1449 eam
1945 1386 2220 1467 exigunt
2842 1386 2843 1389 ’

720 1516 814 1573 Ita
842 1516 1140 1591 praeclare
1171 1514 1716 1573 Tertullianus
1762 1516 2051 1574 rationem
2099 1534 2170 1573 ex
2208 1516 2453 1591 justitia
2498 1515 2821 1575 derivatam
2867 1517 3047 1592 urget
3092 1514 3177 1574 de

543 1624 730 1668 resur.
764 1624 919 1666 carn.
960 1622 1008 1666 c.
1050 1613 1161 1667 56:
1215 1602 1445 1673 ‚Quam
1491 1604 1819 1662 absurdum
1853 1653 1865 1666 .
1901 1648 1913 1661 .
1948 1650 1961 1662 .
2012 1605 2190 1663 aliam
2239 1604 2639 1664 substantiam
2684 1604 2934 1679 operari,
2987 1603 3177 1662 aliam.

544 1694 810 1753 mercede
841 1692 1144 1771 dispungi,
1190 1694 1263 1751 ut
1298 1693 1442 1751 haec
1470 1692 1714 1769 quidem
1745 1710 1880 1751 caro
1912 1712 2020 1769 per
2048 1694 2340 1770 martyria
2369 1694 2647 1765 lanietur,
2682 1693 2798 1752 alia
2828 1712 2966 1752 vero
2999 1711 3172 1751 coro-

543 1786 751 1842 netur:
800 1783 940 1842 item
986 1801 1018 1841 e
1063 1781 1359 1841 contrario
1391 1782 1533 1841 haec
1562 1783 1804 1857 quidem
1845 1800 1977 1841 caro
2023 1783 2087 1841 in
2133 1782 2440 1860 spurcitiis
2485 1783 2809 1853 volutetur,
2860 1782 2977 1841 alia
3027 1801 3184 1842 vero

545 1872 861 1932 damnetur
889 1918 904 1935 .
938 1919 953 1935 .
986 1916 999 1930 .
1051 1871 1408 1930 Marcionem
1441 1890 1544 1947 pro
1576 1871 1896 1930 Valentino
1927 1871 2273 1931 resuscitari
2312 1918 2324 1930 .
2358 1917 2371 1931 .
2406 1916 2422 1930 .
2485 1872 2669 1943 Quale
2701 1874 2812 1944 est,
2858 1874 2930 1930 ut
2961 1871 3173 1931 eadem

543 1961 757 2032 anima,
792 1979 944 2036 quae
974 1961 1036 2019 in
1068 1960 1174 2019 hac
1205 1979 1377 2019 carne
1408 1963 1606 2020 totum
1637 1960 1799 2020 vitae
1831 1960 2099 2019 ordinem
2131 1961 2493 2031 decucurrit,
2539 1981 2689 2036 quae
2737 1962 2802 2020 in
2849 1962 2955 2019 hac
2987 1979 3181 2020 carne

544 2050 767 2122 didicit,
816 2052 878 2108 et
923 2048 1220 2108 Christum
1251 2049 1454 2108 induit
1485 2052 1547 2108 et
1579 2068 1746 2125 spem
1780 2050 1994 2108 salutis
2028 2051 2360 2120 seminavit,
2410 2050 2607 2110 nescio
2638 2070 2759 2127 qua
2788 2052 2978 2109 metat
3007 2050 3182 2108 fruc-

541 2143 717 2198 tum?
780 2140 905 2197 Nae
935 2139 1045 2197 illa
1074 2139 1508 2215 gratiosissima
1539 2157 1690 2208 care,
1740 2139 1835 2197 cui
1879 2139 2067 2216 gratis
2099 2140 2223 2198 vita
2253 2140 2611 2202 constabit.‘
2681 2140 2835 2216 Lege
2880 2141 2940 2197 et
2983 2140 3179 2216 Epi-

543 2229 909 2305 phaniam
940 2229 1154 2288 Ancor.
1184 2246 1243 2287 n.
1279 2237 1380 2292 87.

723 2348 785 2415 5.
819 2345 1105 2429 Denique
1137 2345 1306 2410 hanc
1337 2346 1529 2412 fidem
1548 2345 1834 2412 Ecclesia
1864 2347 2145 2429 practice
2177 2347 2511 2429 profitetur
2545 2347 2719 2412 cultu
2750 2348 3164 2431 reliquiarum

544 2460 608 2520 et
639 2471 813 2532 cura,
846 2473 1043 2536 quam
1074 2454 1237 2536 gerit
1267 2453 1347 2519 de
1379 2453 1834 2519 defunctorum
1864 2453 2261 2536 corporibus
2326 2454 2431 2522 Ille
2464 2456 2635 2520 enim
2667 2456 2876 2519 cultus
2909 2460 2974 2519 et
3004 2455 3167 2518 haec

462 2604 468 2609 -
543 2563 750 2644 pietas
780 2561 1002 2626 nititur
1031 2562 1174 2639 fide,
1205 2561 1347 2626 illos
1379 2560 1633 2626 cineres
1680 2568 1745 2626 et
1790 2563 1953 2628 haec
1997 2579 2273 2645 corpora
2317 2562 2665 2644 aliquando
2715 2562 2799 2626 ad
2828 2563 3033 2626 vitam
3063 2580 3167 2627 re-

545 2669 919 2734 suscitanda
949 2687 1096 2734 esse
1128 2668 1493 2750 gloriosam.
1557 2667 1962 2752 Quapropter
1994 2675 2058 2734 et
2089 2669 2284 2746 locuS,
2333 2689 2459 2753 quo
2493 2670 2733 2735 mortui
2763 2668 3173 2752 sepelieban-

545 2785 664 2854 tur,
716 2776 1050 2842 dicebatur
1080 2779 1537 2841 coemeterium:
1587 2776 2022 2842 credebantur
2072 2776 2244 2842 enim
2288 2793 2564 2858 corpora
2612 2796 2744 2841 non
2793 2777 3020 2859 perire,
3054 2776 3176 2840 sed

544 2885 777 2948 iterum
809 2903 952 2949 esse
982 2890 1130 2964 post
1161 2884 1390 2949 mortis
1424 2902 1724 2947 somnum
1756 2890 2142 2949 surrectura.

727 3023 870 3076 702.
905 3008 1258 3078 Scholion
1291 3009 1350 3075 I.
1389 3014 1730 3088 Exceptioni
1758 3015 1987 3087 satisfit.
2018 3047 2106 3056 ——
2139 3014 2351 3072 Omnia
2381 3013 2858 3072 adversariorum
2890 3031 2925 3071 a
2955 3012 3179 3089 primis

543 3102 837 3163 Ecclesiae
883 3103 1100 3162 seculis
1147 3103 1220 3161 ad
1265 3106 1469 3160 nostra
1512 3122 1701 3179 usque
1747 3106 2017 3179 tempora
2060 3103 2252 3162 carnis
2283 3103 2771 3162 resurrectionem
2805 3102 3171 3179 impugnan-

542 3192 693 3251 tium
723 3192 847 3250 tela
877 3195 1080 3250 contra
1110 3191 1303 3250 carnis
1336 3190 1685 3267 diriguntur
1715 3192 2237 3252 identitatem.
2304 3194 2512 3262 ,Inter
2541 3192 2682 3251 haec
2713 3192 2930 3272 omnia,
2964 3191 3183 3267 inquit

543 3280 1045 3357 Augustinus
1089 3280 1160 3339 de
1206 3280 1317 3340 civ.
1349 3281 1454 3339 Dei
1485 3281 1667 3354 XXII,
1709 3290 1807 3351 12,
1854 3281 2123 3357 quaestio
2155 3281 2511 3340 difficillima
2540 3281 2648 3339 illa
2677 3280 3055 3356 proponitur,
3104 3280 3173 3338 in

544 3371 715 3444 cujus
747 3387 984 3428 carnem
1014 3369 1283 3429 reditura
1314 3370 1395 3427 sit
1426 3389 1578 3439 care,
1613 3389 1730 3445 qua
1761 3388 1979 3445 corpus
2011 3370 2259 3430 alterius
2297 3370 2592 3451 vescentis
2639 3370 2898 3429 humana
2946 3369 3185 3428 viscera.

543 3458 695 3517 fame
726 3458 1115 3534 compellente
1144 3458 1431 3519 nutritur.
1495 3462 1567 3519 In
1613 3477 1850 3518 carnem
1880 3459 2103 3535 quippe
2136 3478 2415 3519 conversa
2458 3462 2551 3519 est
2598 3461 2743 3535 ejus,
2791 3459 2899 3535 qui
2942 3459 3177 3517 talibus

543 3546 693 3605 vixit
723 3547 1040 3620 alimentiS,
1074 3553 1137 3607 et
1166 3567 1251 3619 ea,
1287 3567 1437 3623 quae
1472 3549 1686 3607 macies
1717 3548 2076 3618 ostenderat,
2111 3549 2471 3607 detrimenta
2501 3547 2861 3625 supplevit}
2915 3548 2996 3606 Ut
3025 3565 3173 3625 ergo

543 3735 662 3789 lus
705 3735 910 3790 hieros.
936 3739 1044 3791 cat.
1077 3745 1141 3792 18
1166 3755 1222 3790 ιι.
1254 3745 1349 3795 15:
1404 3736 1846 3790 Ambrosius
1888 3737 1957 3790 de
1998 3753 2227 3791 excessu
2269 3736 2461 3791 fratris
2489 3737 2525 3790 1.
2553 3744 2583 3790 2
2626 3755 2682 3793 ιι.
2710 3737 2808 3793 67:
2859 3735 2922 3790 in
2950 3735 3039 3789 Ps.
3073 3742 3181 3791 118

544 3831 707 3871 serm.
740 3822 805 3870 10
831 3834 884 3871 n.
918 3824 1012 3876 18:
1064 3817 1848 3871 Pseudo-Ambrosius
1888 3817 1958 3870 de
1986 3817 2191 3870 Trinit.
2220 3834 2267 3871 c.
2294 3823 2363 3872 23
2390 3816 2662 3887 (Migne
2695 3821 2776 3879 17,
2803 3820 2961 3888 334);
3012 3815 3181 3886 Epi-

544 3895 873 3965 phamus
901 3897 1174 3950 Ancorati
1202 3916 1256 3951 ιι.
1286 3903 1383 3958 99;
1414 3896 1997 3965 Chrysostomus
2024 3897 2115 3951 vel
2142 3899 2342 3951 auctor
2368 3898 2572 3968 fragm.
2599 3899 2661 3950 in
2687 3896 2858 3951 l.Job
2882 3913 2975 3966 ap.
3006 3896 3175 3967 Mig.

543 3975 749 4045 patrol.
771 3982 855 4040 64,
879 3983 1012 4037 619:
1041 3978 1087 4030 R
1103 3997 1142 4031 ιι
1159 3978 1217 4031 fi
1234 3997 1272 4031 n
1291 3996 1327 4031 ιι
1346 3996 1370 4031 s
1397 3978 1458 4030 in
1486 3979 1808 4046 symbolum
1840 3997 1894 4031 n.
1911 3985 1980 4033 44
1998 3996 2072 4036 s.:
2099 3979 2149 4030 A
2168 3996 2202 4030 u
2221 3997 2259 4047 g
2275 3995 2313 4030 ιι
2329 3995 2354 4030 s
2372 3977 2431 4030 ti
2448 3995 2486 4030 n
2504 3994 2542 4029 u
2559 3995 2584 4031 s
2610 3978 2679 4032 de
2701 3977 2860 4032 civit.
2876 3975 2982 4031 Dei
2998 3978 3179 4041 XXII,

544 4061 613 4113 29
639 4074 694 4111 ιι.
721 4063 785 4115 4:
814 4057 1136 4129 Prosper
1159 4062 1355 4112 contra
1385 4059 1574 4113 collat.
1602 4075 1650 4112 c.
1683 4068 1743 4114 15
1773 4077 1829 4114 n.
1856 4065 1923 4113 45
1948 4080 1959 4118 :
1988 4057 2029 4110 G
2051 4056 2406 4128 regorius
2432 4057 2507 4116 Μ,
2536 4057 2735 4112 Moral.
2764 4057 2915 4121 XIII,
2942 4064 3043 4114 31:
3072 4056 3111 4111 l.
3139 4061 3171 4110 2

544 4137 677 4190 hom
704 4144 739 4192 8
764 4137 827 4190 in
856 4136 1054 4191 Ezech.
1082 4157 1137 4192 n.
1166 4146 1226 4198 6:
1269 4138 1579 4193 Cassiod
1597 4157 1629 4194 o
1651 4158 1732 4194 ru
1750 4158 1777 4193 s
1815 4140 1885 4193 de
1924 4140 2106 4193 instit.
2149 4139 2266 4192 div.
2295 4138 2383 4192 lit.
2410 4156 2457 4192 c.
2486 4145 2518 4195 6
2542 4138 2785 4194 laudans
2816 4139 2988 4192 verba
3017 4135 3172 4190 Hie·

543 4216 837 4284 ronymi
879 4233 944 4270 ex
984 4233 1074 4287 ep.
1098 4217 1172 4270 ad
1200 4217 1540 4278 Paulinum:
1591 4218 2017 4289 Perpetuus
2057 4219 2120 4272 in
2155 4235 2256 4272 suo
2297 4220 2641 4273 testamento
2684 4216 2868 4288 (Mig.
2897 4224 2984 4280 58,
3012 4219 3175 4288 753):

540 4295 574 4348 J
594 4295 809 4350 ulian
827 4315 865 4350 ιι
883 4315 909 4349 s
933 4298 1091 4352 tolet.
1118 4297 1551 4353 antikeimenon
1579 4299 1615 4352 l.
1648 4306 1671 4354 1
1705 4300 1977 4371 interrog.
2007 4304 2140 4358 133:
2182 4297 2319 4352 libri
2347 4314 2425 4351 ca
2443 4316 2517 4353 ro
2536 4297 2685 4351 lini
2714 4298 2809 4361 111,
2837 4303 2900 4356 6:
2939 4293 2972 4349 J
2991 4313 3024 4350 o
3042 4312 3176 4349 nas

543 4379 721 4432 aurel.
762 4378 830 4431 de
871 4377 1052 4432 instit.
1093 4378 1222 4435 laio.
1265 4380 1361 4446 ΙΙΙ,
1405 4387 1501 4440 16:
1554 4380 1800 4436 Bruno
1845 4380 2085 4435 astensis
2111 4381 2176 4433 in
2201 4381 2257 4434 h.
2285 4381 2352 4438 l.:
2402 4379 2737 4434 Bernard
2755 4397 2791 4432 ιι
2810 4396 2836 4430 s
2862 4396 2905 4430 s.
2932 4383 2966 4431 8
2992 4376 3055 4430 in
3084 4375 3178 4430 Pa.

544 4461 650 4524 Qui
673 4462 874 4514 habitat
900 4477 954 4511 n.
982 4466 1044 4515 3:
1086 4460 1452 4530 epitaphium
1478 4461 1657 4516 Flav
1674 4462 1695 4516 i
1711 4479 1744 4514 a
1762 4461 1838 4514 ni
1864 4479 1951 4533 ep.
1980 4460 2360 4524 vercellensis»,
2402 4458 2506 4529 qui
2533 4459 2719 4514 medio
2747 4475 2855 4514 sec.
2881 4457 2977 4512 VI.
3005 4456 3174 4521 obiit,

545 4538 701 4606 apud
729 4537 870 4591 Kra
888 4557 925 4592 u
943 4557 968 4591 s
994 4539 1169 4593 Roma
1198 4541 1547 4604 Sotteranea‚
1575 4540 1844 4612 Friburgi
1874 4543 2007 4598 1872
2035 4561 2092 4612 p.
2119 4549 2217 4596 251
2243 4562 2254 4600 ς
2296 4540 2385 4593 Pe
2403 4543 2469 4594 tr
2488 4559 2524 4593 u
2542 4559 2566 4593 s
2612 4556 2740 4594 ven.
2767 4542 2835 4592 tr.
2863 4554 2909 4595 c.
2927 4537 3179 4607 judaeos

544 4637 590 4673 c.
618 4623 669 4673 3.
694 4627 758 4675 4:
787 4619 891 4672 Hu
910 4638 996 4689 go
1023 4624 1225 4675 rotom·
1255 4621 1387 4677 dial.
1416 4622 1454 4678 1.
1480 4627 1513 4678 6
1542 4640 1597 4674 n.
1625 4627 1688 4682 6:
1714 4622 1753 4675 1.
1781 4629 1815 4678 3
1841 4640 1887 4676 c.
1912 4624 2068 4676 haer.
2096 4640 2142 4676 c.
2173 4628 2232 4683 3:
2262 4622 2303 4674 P
2321 4623 2433 4675 etr
2450 4639 2487 4673 u
2506 4639 2531 4674 s
2557 4622 2718 4675 bless.
2747 4621 2947 4674 contra
2973 4616 3178 4688 perfid.

538 4700 665 4768 jud.
693 4717 739 4753 c.
766 4705 834 4755 34
861 4700 1047 4770 (Mig.
1072 4703 1194 4764 207,
1222 4705 1377 4774 867);
1406 4720 1445 4756 s.
1475 4702 1532 4755 M
1549 4718 1626 4755 ar
1643 4701 1698 4755 ti
1718 4721 1753 4755 n
1772 4721 1810 4755 u
1829 4720 1853 4755 s
1879 4702 2089 4772 legion.
2117 4719 2281 4756 serm.
2306 4709 2342 4757 4
2367 4711 2394 4768 ξ
2421 4706 2488 4757 32
2520 4700 2619 4773 (ib.
2647 4706 2769 4763 208,
2796 4702 2941 4771 470).
