3538 5364
565 222 694 285 45ss
1229 212 1416 266 Tract.
1442 213 1538 268 IX.
1563 213 1633 267 de
1660 211 2037 283 poenitentia.
2090 213 2171 268 De
2197 213 2514 271 attritione.

565 405 635 459 ut
667 400 940 458 solebant
970 399 1166 458 dicere
1202 395 1316 483 (ita
1360 418 1406 458 s,
1450 400 2014 457 Bonaventura
2059 400 2120 457 in
2154 410 2209 461 4.
2242 400 2300 458 d.
2344 410 2414 462 17
2454 420 2509 476 p.
2548 410 2582 462 2
2618 421 2668 463 a.
2713 412 2733 462 l
2776 421 2830 477 q.
2870 412 2941 470 43
2990 402 3182 461 Hen-

563 489 776 548 ricus
807 489 1056 567 gandav.
1093 488 1360 564 quodlib.
1394 507 1449 564 q.
1488 498 1567 551 32
1604 482 1776 571 etc.);
1811 488 1906 547 vel
1938 488 1986 551 δ.
2020 489 2211 566 ipsam
2243 489 2650 548 remissionem
2697 495 3095 566 peccatorum,
3139 492 3183 550 si

563 578 874 654 poenitens
906 597 1028 636 non
1059 581 1218 636 esset
1250 578 1396 636 satis
1429 578 1726 636 contritus
1775 575 1886 654 (ita
1933 577 2379 636 Guilelmus
2424 580 2604 654 paris.
2650 580 2722 637 de
2769 599 2918 640 sacr.
2971 581 3181 655 poenit.

563 685 609 725 c.
643 663 742 747 4);
790 668 886 725 vel
931 668 1190 743 aliquem
1239 669 1515 725 ornatum
1561 667 1896 744 exigentem
1928 667 2183 743 gratiam
2221 663 2317 745 (cf.
2349 686 2408 725 n.
2445 677 2568 731 267
2590 663 2659 749 ¹).
2724 669 2958 727 Horum
2992 673 3182 728 autem

561 756 714 814 nihil
759 756 1088 814 admittunt
1132 758 1548 832 protestantes,
1611 756 1901 814 Desinant
1946 774 2087 833 ergo
2118 756 2359 815 illorum
2392 758 2809 834 theologorum
2855 776 2921 816 se
2966 760 3183 816 muniri

563 844 860 922 suffragio,
891 878 981 888 —
1013 844 1181 914 Quod
1215 845 1263 903 si
1295 863 1560 919 quaeras,
1596 846 1889 921 quomodo
1921 846 2056 920 quis
2089 865 2158 903 ex
2191 846 2399 904 attrito
2433 846 2536 904 fiat
2566 847 2894 906 contritus:
2942 865 3182 923 respon-

562 935 787 1003 demus,
821 933 948 992 fieri
979 933 1041 991 id
1072 951 1246 1009 posse
1278 934 1374 993 vel
1407 935 1783 992 successione
1814 937 2056 992 actuum
2090 953 2197 992 seu
2230 936 2609 1004 motivorum,
2657 955 2790 994 cum
2839 936 3035 995 dolori
3079 937 3182 994 im-

561 1022 820 1097 perfecto
851 1022 1175 1081 attritionis
1210 1023 1473 1081 succedit
1503 1024 1670 1081 dolor
1701 1041 1772 1080 ex
1804 1023 2049 1081 caritate
2079 1023 2373 1099 perfecta;
2423 1025 2519 1082 vel
2562 1026 3013 1100 aequivalenter
3059 1045 3180 1084 cum

560 1112 697 1186 quis
743 1112 991 1170 attritus
1037 1111 1336 1170 mediante
1381 1115 1744 1170 sacramento
1790 1112 2176 1187 consequitur
2215 1112 2664 1187 justificationis
2710 1116 2998 1191 gratiam:
3044 1119 3183 1173 tunc

558 1201 719 1259 enim
749 1220 813 1259 re
845 1200 1001 1259 idem
1035 1201 1432 1276 consequitur,
1482 1219 1549 1258 ac
1594 1200 1645 1258 si
1692 1201 1905 1259 fuisset
1948 1201 2257 1263 contritus,
2322 1202 2448 1261 Hoc
2478 1221 2654 1261 sensu
2684 1203 2836 1262 hanc
2868 1203 3181 1263 formulam

558 1290 814 1364 explicat
845 1308 900 1347 v.
930 1309 1017 1366 gr.
1050 1290 1344 1365 Tapper
1376 1290 1438 1348 in
1471 1289 1693 1348 defens.
1725 1295 1835 1348 art.
1870 1300 1928 1359 4,
1962 1291 2068 1366 qui
2100 1295 2191 1348 est
2223 1291 2295 1348 de
2328 1292 2565 1349 contrit.
2599 1295 2801 1350 contra
2821 1293 3180 1351 Lutherum:

561 1378 671 1447 ,Id
703 1379 863 1437 enim
894 1378 1290 1455 intelligimus
1335 1399 1402 1437 ex
1449 1380 1656 1437 attrito
1687 1379 1817 1437 fieri
1847 1380 2190 1448 contritum,
2243 1380 2501 1457 gratiam
2550 1384 2613 1439 et
2661 1381 3180 1440 sanctificationem

557 1468 836 1543 consequi
868 1468 1093 1526 virtute
1126 1469 1495 1538 sacramenti,
1530 1468 1774 1543 perinde
1807 1486 1872 1526 ac
1905 1469 1956 1526 si
1989 1487 2125 1526 vere
2157 1472 2318 1527 esset
2347 1469 2672 1528 contritus:
2720 1489 2843 1528 non
2874 1474 3077 1529 autem
3120 1488 3182 1528 ac

559 1557 610 1614 si
656 1556 849 1616 inesse
895 1557 1145 1634 incipiat
1188 1560 1354 1616 actus
1398 1558 1625 1633 aliquia
1674 1557 1778 1632 qui
1824 1560 1914 1615 est
1957 1557 2193 1633 proprie
2224 1558 2504 1617 contritio
2535 1577 2605 1616 ex
2640 1561 2746 1618 Dei
2775 1579 2956 1636 super
2988 1561 3182 1618 omnia

559 1645 759 1704 dilecti
790 1664 985 1704 amore
1026 1646 1407 1723 procedens.⁴1
1479 1647 1570 1704 Ita
1618 1646 1796 1704 etiam
1848 1646 2093 1705 Canus
2138 1647 2336 1708 relect.
2383 1647 2456 1705 de
2500 1649 2720 1723 poenit.
2768 1669 2823 1724 p.
2874 1659 2931 1709 6.
2999 1649 3181 1723 Atqui

559 1735 697 1792 haec
730 1735 1028 1794 doctrinae
1060 1735 1254 1810 capita
1285 1736 1679 1794 adversantur
1711 1739 2173 1811 protestantium
2208 1736 2511 1794 erroribus
2529 1733 2593 1818 ¹).

734 1862 884 1926 472.
919 1856 1016 1920 De
1049 1857 1385 1920 attritione.
1419 1894 1508 1903 —
1543 1853 1703 1919 Cum
1750 1874 1903 1936 ergo
1952 1855 2031 1918 ad
2087 1863 2506 1936 peccatorum
2538 1857 2985 1921 remissionem
3018 1857 3179 1921 obti-

561 1964 842 2029 nendam
871 1963 1235 2046 requiratur
1266 1960 1495 2044 aliquis
1528 1963 1728 2039 dolor,
1774 1969 1838 2026 et
1869 1962 2126 2044 quidem
2159 1964 2223 2025 in
2254 1964 2578 2043 praesenti
2612 1963 2840 2028 ordine
2871 1982 3178 2044 superna-

560 2070 802 2147 turalis
835 2091 968 2140 non
1001 2079 1222 2134 autem
1254 2071 1553 2135 contritio
1587 2069 1903 2152 perfecta:
1949 2070 2238 2152 sequitur
2281 2070 2601 2133 corollarii
2633 2070 2847 2146 modo,
2892 2069 3178 2135 sufficere

560 2179 1010 2243 contritionem
1042 2177 1505 2259 imperfectam,
1538 2178 1869 2259 quaejam
1913 2195 1954 2240 a
2000 2176 2286 2258 pluribus
2331 2177 2562 2242 seculis
2610 2178 3011 2265 attritio2)
3058 2177 3176 2241 dici

556 2283 738 2351 solet.
801 2284 1160 2349 Discrimen
1209 2302 1360 2348 vero
1410 2285 1576 2348 inter
1622 2284 2078 2349 contritionem
2129 2284 2481 2365 perfectam
2527 2291 2591 2348 et
2622 2286 3021 2349 attritionem
3052 2303 3178 2349 non

557 2392 718 2456 satis
751 2391 916 2456 bene
950 2393 1273 2474 explicant
1304 2391 1585 2470 theologi
1617 2391 1721 2466 illi,
1758 2391 1867 2472 qui
1887 2391 2304 2468 contendunt,
2326 2391 2718 2455 attritionem
2740 2393 3177 2457 acontritione

554 2499 798 2563 distare
830 2499 1084 2579 gradu
1117 2504 1367 2563 tantum
1402 2503 1466 2562 et
1499 2497 1961 2582 intensione³);
2013 2496 2308 2560 differunt
2360 2497 2530 2561 enim
2562 2499 2794 2579 specie,
2846 2497 2980 2562 scil.
3030 2517 3176 2562 mo-

552 2606 741 2669 tivo.
805 2605 1021 2669 Toties
1071 2604 1350 2668 habetur
1402 2602 1666 2677 attritiO,
1720 2604 1977 2685 quoties
2028 2604 2108 2669 de
2158 2603 2443 2686 peccatis
2489 2603 2781 2669 dolemus
2814 2624 2894 2670 ex
2942 2606 3174 2670 motivo

551 2712 1027 2795 supernaturali
1057 2713 1172 2776 sed
1204 2712 1503 2776 distincto
1538 2730 1578 2774 a
1599 2710 1884 2792 perfecta
1904 2713 2208 2777 caritate:
2241 2714 2632 2777 conveniunt
2652 2732 2806 2778 vero
2827 2715 3173 2779 secundum

553 2820 895 2883 concilium
929 2819 1106 2883 trid.
1141 2837 1296 2882 sess.
1336 2823 1418 2884 14
1449 2835 1500 2880 c.
1535 2823 1577 2885 4
1609 2820 1677 2881 in
1711 2836 1809 2893 ec,
1846 2820 2020 2900 quod
2054 2827 2328 2901 utraque
2362 2826 2459 2882 est
2498 2820 2735 2892 ,animi
2768 2819 2955 2883 dolor
2975 2838 3052 2883 ac
3071 2820 3173 2884 de-

555 2927 815 2991 testatio
851 2925 931 2989 de
962 2931 1232 3007 peccato
1266 2924 1617 2988 commisso
1651 2943 1800 2987 cum
1834 2927 2167 3007 proposito
2201 2945 2334 2990 non
2365 2926 2678 3007 peccandi
2710 2926 2791 2991 de
2823 2933 3100 2991 cetero.‘

734 3057 881 3120 473.
914 3051 1059 3115 Jam
1077 3050 1423 3131 quaeritur,
1453 3070 1604 3111 num
1626 3056 1879 3134 quaevis
1897 3053 2141 3114 attritio
2155 3051 2667 3133 supernaturalis
2690 3070 2769 3115 ex
2796 3068 3173 3133 quocunque

558 3159 817 3222 demum
868 3158 1110 3220 motivo
1163 3164 1480 3238 concepta
1531 3157 1617 3220 ad
1665 3163 2125 3221 sacramentum
2167 3159 2591 3241 poenitentiae
2640 3158 2963 3240 sufficiat;
3013 3156 3171 3240 quod

343 3263 744 3369 ff-nobis
778 3263 1041 3328 omnino
1075 3262 1525 3327 affirmandum
1558 3264 1811 3328 videtur
1844 3270 1990 3345 post
2022 3264 2366 3327 concilium
2398 3265 2556 3328 trid
2576 3264 2868 3329 entinu
2889 3283 2973 3327 m.
3020 3263 3172 3328 Nam

149 3328 336 3395 cu
1537 3333 1807 3365 ..ιι-ρ’

739 3391 801 3457 1.
836 3388 1190 3453 secundum
1223 3407 1403 3453 cone.
1438 3407 1489 3451 c.
1525 3394 1564 3456 3
1599 3388 1906 3452 contritio
1955 3396 2053 3452 est
2098 3408 2265 3452 unus
2313 3406 2394 3452 ex
2426 3388 2545 3451 illis
2579 3388 2846 3463 actibus,
2895 3389 3006 3470 qui
3038 3406 3170 3451 cum

556 3493 962 3559 absolutione
1012 3501 1490 3559 sacramentum
1539 3496 1955 3559 constituunt.
2020 3494 2214 3577 Atqui
2264 3513 2410 3559 eam
2460 3494 2914 3559 contritionem
2964 3494 3172 3559 definit

554 3602 842 3683 synodus
874 3622 926 3666 c.
958 3608 1003 3671 4
1043 3604 1276 3679 „animi
1308 3603 1597 3668 dolorem
1632 3621 1708 3665 ac
1744 3601 2244 3667 detestationem
2277 3601 2357 3665 de
2378 3607 2647 3683 peccato
2670 3620 2816 3664 cum
2849 3601 3169 3682 proposito

555 3730 684 3773 non
717 3710 1028 3791 peccandi
1061 3710 1140 3773 de
1172 3716 1448 3782 cetero,‘
1487 3708 1663 3772 nulla
1695 3707 1868 3772 sacta
1898 3708 2224 3787 mentione
2240 3707 2502 3783 ‚motivi
2553 3708 2718 3789 Ergo
2752 3707 3171 3790 quodcunque

556 3817 815 3880 demum
845 3817 930 3880 sit
960 3817 1274 3880 motivum
1306 3816 1729 3892 contritionis,
1778 3814 2129 3878 dummodo
2177 3833 2256 3879 ea
2300 3816 2381 3879 sit
2426 3815 2935 3897 supernaturalis
2986 3809 3171 3878 animi

557 3923 743 3987 dolor
774 3942 851 3986 ac
884 3924 1228 3988 detestatio
1262 3923 1342 3988 de
1373 3929 1643 4004 peccato
1678 3921 2030 3986 commisso
2065 3940 2212 3985 cum
2243 3923 2580 4004 proposito
2613 3940 2744 3985 non
2763 3920 3074 4002 peccandi
3100 3918 3170 3982 de

556 4037 789 4106 cetere,
813 4030 895 4094 ad
917 4036 1401 4094 sacramentum
1423 4028 1857 4110 poenitentiae
1895 4026 2179 4091 sufficiet.
2214 4026 2395 4092 Unde
2429 4034 2659 4109 sponte
2701 4045 2821 4090 sua
2839 4025 3169 4108 consequi-

781 4210 814 4277 ¹)
845 4206 926 4260 Cf.
955 4207 1229 4259 Suarez
1259 4205 1320 4257 in
1348 4212 1397 4267 3,
1425 4204 1805 4275 p.t.4d.19s.
1827 4212 1858 4260 2
1884 4225 1894 4263 ;
1922 4202 2286 4258 Palmieri
2315 4204 2395 4257 th.
2426 4212 2492 4259 25
2521 4220 2593 4263 a.;
2619 4203 2681 4257 in
2709 4201 3170 4273 primisSchaz-

556 4286 621 4339 le
638 4304 665 4338 r
691 4285 783 4339 die
812 4286 991 4339 Lehre
1020 4303 1132 4339 von
1159 4285 1260 4339 der
1289 4284 1707 4338 Wirksamkeit
1734 4284 1835 4337 der
1863 4284 2014 4337 Sacr.
2041 4292 2068 4350 5
2100 4291 2165 4339 14
2191 4301 2293 4343 ss.;
2321 4282 2601 4337 Katholik
2636 4284 2788 4339 1897.
2815 4283 2856 4346 1,
2886 4290 2956 4338 48
2981 4298 3048 4334 ss.

774 4371 815 4437 ²)
844 4365 964 4418 Hoc
991 4381 1198 4419 nomen
1223 4381 1340 4417 non
1368 4366 1589 4434 primus
1616 4364 1850 4418 induxit
1875 4366 1924 4416 A
1941 4364 2056 4418 lex
2074 4380 2161 4415 an
2178 4363 2214 4416 d
2231 4379 2259 4416 e
2277 4381 2304 4415 r
2330 4362 2581 4417 balensis
2607 4366 2654 4433 (†
2688 4364 2860 4432 1245),
2902 4363 2970 4416 ut
2994 4360 3171 4414 censet

559 4446 613 4498 M
633 4463 664 4500 o
680 4465 707 4499 r
724 4446 744 4498 i
762 4464 800 4499 u
817 4464 855 4498 u
872 4463 926 4497 s:
955 4445 1051 4498 sed
1079 4448 1146 4498 ut
1163 4447 1285 4514 jam
1305 4447 1505 4499 notum
1525 4444 1836 4499 adhibetur
1860 4444 1933 4496 ab
1961 4445 2010 4495 A
2026 4444 2048 4498 l
2062 4460 2095 4496 a
2113 4465 2150 4498 n
2168 4461 2198 4497 o
2226 4446 2300 4498 ab
2320 4443 2529 4497 Insulis
2550 4447 2596 4515 (†
2618 4448 2773 4513 1203)
2795 4442 2855 4495 in
2873 4458 2990 4513 reg.
3008 4440 3166 4494 theol.

556 4544 602 4580 c.
631 4535 697 4583 85
727 4526 913 4599 (Mig.
943 4534 1063 4590 210,
1092 4530 1234 4595 618).

773 4614 814 4678 ⁸)
848 4606 1046 4660 Varias
1072 4606 1140 4658 de
1169 4605 1278 4659 hoc
1308 4604 1636 4659 discrimine
1663 4604 1976 4659 sententias
2003 4605 2073 4659 cf.
2100 4605 2255 4675 apud
2285 4603 2325 4658 C
2342 4605 2495 4658 olle
2513 4607 2538 4657 t
2577 4604 2646 4657 de
2688 4604 2905 4674 poenit.
2931 4623 2986 4674 p.
3008 4610 3039 4659 3
3071 4618 3111 4658 e.
3137 4608 3169 4655 4

558 4704 606 4739 a.
636 4692 666 4739 2
694 4698 720 4754 5
755 4697 798 4751 l,
824 4687 1083 4754 aliasque
1111 4686 1179 4738 de
1207 4685 1503 4739 attritione
1532 4686 1894 4753 quaestiones
1921 4689 1979 4738 et
2005 4684 2303 4756 opiniones
2329 4685 2406 4743 ib.
2433 4701 2485 4737 a.
2513 4695 2562 4740 4.
