3538 5364
582 240 711 306 328
989 232 1174 285 Tract.
1203 234 1293 286 1x.
1322 233 1391 286 de
1418 231 1783 287 eucharistia.
1812 231 2011 285 Thesis
2039 229 2299 285 CCXXV.
2326 229 2521 283 Patres
2547 231 2796 299 probant

581 415 702 478 sibi
734 415 817 479 ad
852 422 982 479 tam
1015 421 1362 496 praestans
1395 420 1877 479 sacramentum
1909 411 2375 476 conficiendum
2408 410 2782 485 vindicaret,
2813 429 2895 473 ne
2934 409 3204 491 cupidus

582 521 773 586 alieni
806 527 869 586 et
901 522 1112 587 aliena
1145 522 1613 603 concupiscens
1648 519 2111 585 ostenderetur.
2161 517 2249 582 Cf.
2282 539 2341 581 n.
2378 522 2561 588 3581

759 646 823 715 2.
857 646 1186 726 Negarunt
1217 647 1397 710 aria
1419 648 1498 710 ni
1530 647 1725 712 Verbi
1757 666 1904 710 cum
1937 645 2128 709 Patre
2163 640 2939 709 consubstantialitatem:
2974 641 3089 705 sed
3121 660 3202 705 ex

583 752 975 816 eucharistia
1007 772 1118 817 eos
1151 754 1378 819 refellit
1410 753 1814 830 Hilarius,
1846 760 1919 817 ut
1949 771 2148 836 supra
2179 773 2238 815 n.
2274 757 2440 821 335⁴
2473 750 2851 815 audivimus.

759 879 823 946 3.
875 876 1204 958 Negarunt
1248 879 1479 960 plureS,
1526 879 1813 943 Verbum
1845 879 2205 959 suscepisse
2251 895 2518 941 carnem
2564 882 2872 951 nostram,
2906 891 3069 956 quos
3114 874 3202 937 ita

581 985 849 1050 revincit
880 982 1536 1068 Chrysostomus
1569 987 1740 1050 hom.
1776 991 1861 1056 82
1893 986 1959 1048 in
1989 985 2209 1049 Matth.
2241 1004 2300 1048 n.
2335 989 2408 1053 5:

764 1115 1022 1182 ,Matres
1056 1134 1229 1191 saepe
1262 1118 1420 1186 sunt,
1472 1134 1624 1190 quae
1672 1118 1811 1190 post
1859 1117 2099 1191 partum
2150 1114 2407 1173 infantes
2457 1113 2589 1171 aliis
2638 1113 2976 1172 nutricibus
3026 1112 3199 1182 dant3

582 1202 707 1279 ipse
740 1221 878 1262 vero
909 1203 972 1261 id
1004 1223 1124 1262 non
1160 1223 1360 1280 passus
1393 1208 1497 1274 est,
1532 1205 1632 1263 sed
1666 1223 1773 1262 nos
1803 1204 2041 1282 proprio
2073 1203 2361 1280 sanguine
2392 1202 2589 1261 nutrit
2619 1207 2681 1260 et
2711 1221 2818 1277 per
2857 1202 3055 1260 omnia
3086 1202 3202 1260 sibi

583 1292 839 1367 copulat.
903 1292 1215 1352 Considera
1248 1296 1477 1351 autem:
1525 1312 1593 1351 ex
1627 1297 1833 1352 nostra
1862 1293 2194 1351 substantia
2223 1294 2401 1350 natus
2433 1294 2536 1350 est.
2601 1291 2733 1358 Sed,
2767 1291 3021 1365 inquies»,
3054 1290 3199 1349 nihil

582 1381 689 1439 hoc
723 1381 795 1439 ad
828 1400 1032 1440 omnes
1065 1383 1354 1457 pertinet:
1407 1402 1768 1457 quamquam
1799 1382 1873 1440 ad
1906 1400 2110 1440 omnes
2142 1385 2317 1440 certe.
2381 1380 2442 1437 Si
2475 1381 2652 1439 etiam
2686 1380 2759 1438 ad
2790 1384 3065 1438 naturam
3096 1398 3198 1437 no-

583 1475 766 1528 stram
797 1471 983 1542 venit,
1015 1471 1226 1546 utique
1258 1471 1331 1529 ad
1364 1490 1565 1530 omnes
1597 1472 1795 1530 venit:
1846 1472 1896 1529 si
1939 1474 2139 1530 autem
2187 1470 2259 1529 ad
2308 1488 2527 1535 omnes,
2575 1469 2754 1527 etiam
2801 1469 2873 1525 ad
2917 1469 3199 1546 singulos.

581 1559 658 1617 Et
688 1560 1001 1635 quomod0‚
1035 1560 1287 1634 inquieS,
1336 1579 1455 1618 non
1488 1579 1690 1619 omnes
1722 1562 1881 1619 hunc
1910 1560 2173 1619 fructum
2206 1560 2601 1634 acceperunt?
2662 1558 2730 1616 Id
2774 1562 2931 1617 certe
2963 1576 3081 1617 non
3112 1558 3201 1616 illi

579 1648 1055 1716 adscribendum,
1091 1649 1196 1723 qui
1227 1668 1331 1723 pro
1365 1649 1640 1707 omnibus
1671 1649 1823 1708 illud
1856 1649 2097 1726 delegit,
2132 1649 2230 1707 sed
2264 1648 2402 1718 illis,
2438 1648 2542 1722 qui
2573 1647 2911 1709 noluerunt.
2975 1647 3197 1722 Cuique

581 1736 740 1796 enim
772 1737 931 1796 fideli
962 1757 1067 1812 per
1099 1738 1207 1796 hoc
1239 1739 1591 1813 mysterium
1625 1757 1685 1798 se
1717 1739 2047 1815 conjungit,
2082 1741 2145 1796 et
2174 1756 2325 1813 quos
2356 1737 2587 1813 genuit,
2621 1755 2727 1812 per
2759 1755 2821 1794 se
2855 1737 3066 1806 nutrit,
3098 1755 3201 1794 ne-

583 1845 698 1901 que
731 1827 832 1883 alii
865 1827 1081 1884 tradit:
1117 1827 1346 1902 hocque
1376 1827 1493 1885 tibi
1524 1827 1696 1887 modo
1730 1829 2047 1903 persuadet
2077 1846 2138 1885 se
2174 1845 2408 1886 carnem
2440 1826 2761 1899 suscepisse
2793 1828 3021 1885 tuam.‘

757 1948 823 2012 4.
858 1945 1127 2026 Negavit
1157 1945 1597 2011 Nestorius
1628 1947 1936 2012 unionem
1966 1945 2458 2010 substantialem
2492 1951 2555 2009 et
2573 1944 3049 2027 hypostaticam
3082 1962 3200 2008 na·—

581 2057 762 2116 turae
794 2052 1116 2117 humanae
1149 2071 1295 2116 curn
1327 2053 1575 2130 Verbo:
1610 2054 1723 2118 sed
1757 2053 1910 2118 audi
1942 2051 2340 2135 Cyrillum
2375 2070 2523 2116 eum
2555 2052 3067 2133 impugnantem:

761 2180 946 2250 ,Quis
977 2200 1153 2258 porro
1186 2183 1286 2241 ille
1319 2186 1424 2253 est,
1458 2184 1564 2258 qui
1596 2183 1775 2242 dixit:
1819 2184 1932 2256 Qui
1963 2184 2276 2241 manducat
2307 2201 2491 2240 meam
2523 2200 2756 2241 carnem
2790 2189 2841 2239 et
2862 2182 2997 2239 bibit
3017 2200 3204 2239 meum

581 2274 942 2348 sanquinem,
991 2274 1052 2329 in
1101 2291 1187 2330 me
1232 2280 1424 2330 manet
1467 2279 1518 2330 et
1564 2291 1662 2348 eqo
1694 2276 1754 2330 in
1788 2292 1851 2330 eo
1882 2269 2079 2352 (Joan.
2117 2282 2171 2342 6,
2214 2267 2364 2353 57)?
2425 2271 2575 2329 Nam
2623 2272 2672 2329 si
2704 2272 2879 2331 homo
2910 2270 3204 2346 quispiam

582 2360 826 2418 seorsim
859 2364 921 2418 et
952 2379 1072 2419 non
1104 2362 1306 2437 potius
1338 2361 1533 2438 ipsum
1567 2362 1674 2420 Dei
1707 2361 1970 2419 Verbum
2023 2361 2245 2419 factum
2296 2363 2390 2419 est
2438 2360 2629 2418 simile
2678 2359 2866 2427 nobis,
2920 2378 3013 2418 res
3060 2360 3203 2434 ipsa,

581 2467 731 2523 quae
763 2450 1013 2526 geritur,
1047 2450 1559 2526 anthropophagia
1608 2451 1725 2509 erit
1755 2454 1817 2508 et
1847 2450 2084 2508 inutilis
2135 2450 2376 2509 omnino
2409 2449 2514 2507 illa
2544 2448 2939 2524 participatio.
3001 2448 3206 2524 Ipsum

581 2538 742 2596 enim
772 2538 1068 2597 Christum
1100 2539 1390 2597 dicentem
1425 2539 1629 2597 audio:
1678 2539 1831 2598 Caro
1877 2558 1993 2597 non
2033 2540 2276 2613 prodest
2305 2539 2659 2615 quidquam:
2705 2537 2966 2612 Spiritus
2995 2545 3076 2596 est
3104 2540 3207 2614 qui

580 2628 822 2702 vivificat
854 2622 960 2710 (ib.
991 2647 1045 2687 v.
1081 2624 1210 2707 64).
1272 2627 1440 2699 Quod
1475 2628 1633 2687 enim
1666 2632 1941 2687 naturam
1974 2629 2102 2704 ejus
2134 2629 2368 2698 attinet,
2408 2626 2808 2704 corruptibilis
2842 2625 3084 2702 quidem
3115 2631 3206 2686 est

584 2734 713 2775 caro
746 2722 807 2775 et
838 2718 1005 2775 nullo
1037 2716 1211 2775 modo
1246 2717 1567 2775 vivificabit
1597 2717 1763 2788 alios,
1815 2736 1949 2776 cum
1981 2719 2339 2777 intrinsecus
2371 2717 2765 2793 corruptionis
2797 2716 3003 2776 morbo
3037 2716 3202 2775 labo-

581 2808 731 2866 rat.‘<
769 2807 826 2865 L.
865 2816 920 2867 4.
953 2824 999 2868 c.
1038 2816 1091 2868 5.
1126 2805 1205 2867 cf.
1238 2806 1417 2864 etiam
1448 2806 1722 2865 declarat.
1756 2807 2050 2868 anathem.
2094 2820 2159 2870 ll
2187 2829 2200 2874 ς
2234 2826 2322 2882 ep.
2360 2817 2394 2868 9
2430 2806 2501 2864 ad
2535 2806 2931 2865 Coelestinum
2977 2801 3202 2880 (opusc.

581 2894 787 2963 XVIII,
827 2894 976 2969 201)
1008 2914 1066 2952 n.
1103 2907 1173 2962 43
1209 2913 1298 2970 ep.
1339 2905 1412 2956 17
1449 2895 1519 2953 al.
1562 2906 1635 2958 15
1680 2896 1751 2954 ad
1787 2896 2133 2955 Nestorium
2179 2897 2251 2953 de
2297 2895 2920 2957 excommunicatione.
2982 2894 3201 2953 Eodem

581 2983 753 3040 modo
773 2983 1052 3041 adversus
1072 2983 1440 3043 nestorianos
1461 2984 1730 3061 disputat
1759 2985 1811 3043 X
1826 3005 1857 3044 e
1875 3005 1915 3043 n
1930 2987 2049 3060 aja
2064 3005 2090 3044 s
2121 2984 2502 3061 mabugensis
2537 2984 2954 3061 monophysita
2974 3003 3084 3042 sec.
3105 2984 3201 3043 VI.

581 3070 737 3145 apud
771 3073 1266 3130 Assemanum
1302 3073 1364 3130 in
1398 3072 1540 3131 bibl.
1575 3092 1659 3138 or.
1689 3075 1766 3141 ΙΙ,
1805 3083 1909 3137 39.
1971 3075 2051 3138 Cf.
2086 3072 2502 3132 Franzelin
2532 3073 2617 3130 th.
2656 3084 2711 3135 9.

759 3193 821 3258 ε’).
855 3190 1183 3271 Negarunt
1230 3193 1506 3257 maced
1525 3194 1658 3257 oni
1680 3195 1816 3258 ani
1865 3192 2138 3277 Spiritus
2170 3194 2377 3257 sancti
2409 3192 2839 3258 divinitatem:
2885 3211 3080 3275 quam
3111 3192 3202 3257 ita

580 3295 814 3377 probat
845 3297 1220 3363 Isidorus
1252 3298 1576 3365 Pelusiota
1609 3318 1703 3382 ep.
1737 3300 1782 3375 I,
1818 3305 1945 3370 109
1982 3319 2062 3365 ex
2095 3299 2831 3364 transsubstantiationis
2865 3301 3199 3382 mysterio:

763 3465 790 3494 ,
805 3427 950 3485 Cum
984 3428 1142 3486 Deus
1177 3433 1238 3486 et
1260 3429 1524 3488 Salvator
1555 3433 1754 3488 noster
1786 3430 1961 3488 homo
1981 3430 2171 3488 sactus
2193 3429 2482 3506 Spiritum
2503 3449 2546 3488 s,
2568 3429 2827 3490 divinam
2849 3430 3196 3489 Trinitatem

585 3516 877 3591 complere
928 3517 1258 3588 tradiderit,
1313 3521 1492 3594 atque
1540 3518 1603 3577 in
1657 3519 1842 3577 sancti
1893 3519 2175 3594 baptismi
2207 3519 2580 3577 invocatione
2611 3538 2732 3576 una
2763 3538 2897 3578 cum
2929 3520 3102 3578 Patre
3132 3538 3197 3577 ac

582 3604 733 3663 Filio
753 3607 1058 3682 tamquam
1093 3627 1128 3665 a
1157 3607 1408 3683 peccatis
1439 3607 1696 3666 liberans
1730 3612 2097 3678 numeretur,
2131 3610 2192 3666 et
2222 3608 2286 3666 in
2318 3606 2567 3683 mystica
2598 3627 2798 3666 mensa
2831 3626 3197 3666 communem

581 3712 793 3770 panem
828 3696 1132 3771 proprium
1164 3695 1352 3771 ipsius
1385 3696 1813 3755 incarnationis
1845 3714 2061 3772 eorpus
2094 3696 2334 3755 reddat:
2389 3696 2532 3772 quid
2566 3699 2656 3769 tu,
2692 3715 2725 3755 o
2756 3715 2989 3767 vesane,
3024 3697 3200 3772 quid-

582 3783 716 3841 dam
748 3783 1043 3843 sactitium
1076 3788 1183 3843 aut
1214 3787 1477 3843 creatum
1509 3788 1614 3843 aut
1646 3785 1882 3844 servilis
1913 3788 2162 3843 naturae
2196 3788 2257 3843 et
2288 3802 2408 3843 non
2439 3783 2799 3843 dominantis
2821 3789 2882 3845 et
2903 3786 3202 3846 creatricis

581 3872 868 3931 essentiae
899 3878 961 3932 et
990 3873 1557 3933 consubstantialem
1592 3874 1883 3950 Spiritum
1915 3877 2183 3933 sanctum
2215 3875 2344 3933 esse
2378 3873 2635 3933 doces?‘

723 3995 730 3998 “
757 3996 823 4060 6.
855 3992 1153 4059 Libenter
1185 3999 1404 4075 patres
1438 3993 1653 4056 carnis
1686 3994 2224 4059 resurrectionem
2257 3993 2404 4057 inde
2434 3993 2728 4073 probant.

762 4120 1104 4190 ,Quomodo
1136 4122 1365 4193 dicunt,
1408 4122 1495 4181 ita
1537 4122 1714 4181 Iren
1734 4141 1913 4181 aeus
1960 4123 2243 4182 adversus
2286 4121 2590 4199 gnosticos
2623 4123 2659 4185 1.
2705 4143 2886 4199 supra
2917 4125 3013 4183 cit.
3047 4145 3105 4189 n.
3144 4136 3201 4196 5,

580 4228 813 4270 carnem
846 4211 908 4268 in
941 4212 1385 4287 corruptionem
1418 4211 1694 4271 devenire
1728 4216 1790 4270 et
1822 4230 1941 4270 non
1972 4213 2270 4288 percipere
2302 4211 2505 4282 vitam,
2529 4231 2680 4287 quae
2702 4231 2942 4289 corpore
2962 4215 3203 4274 Domini

582 4301 643 4356 et
673 4299 959 4376 sanguine
1005 4300 1226 4358 alitur?
1287 4301 1444 4378 Ergo
1494 4304 1601 4358 aut
1648 4301 2004 4360 sententiam
2054 4304 2293 4360 mutent
2340 4304 2447 4361 aut
2494 4301 2836 4360 abstineant
2880 4304 3195 4374 offerendO,

579 4406 732 4463 quae
765 4388 1063 4463 praedicta
1109 4392 1268 4448 sunt.
1331 4390 1552 4449 Nostra
1601 4392 1797 4448 autem
1849 4407 2176 4449 consonans
2226 4391 2319 4448 est
2368 4390 2669 4449 sententia
2718 4390 3110 4453 eucharistiae
3141 4399 3202 4452 et

579 4477 935 4536 eucharistia
964 4496 1175 4537 rursus
1206 4478 1513 4537 confirmat
1543 4479 1901 4537 sententiam
1931 4482 2256 4538 nostram.‘
2302 4483 2449 4538 Sane
2481 4479 2850 4555 praestantia
2890 4483 3063 4557 panis
3094 4501 3196 4542 eu-

579 4566 877 4625 charistici
908 4566 1098 4643 exigit
1147 4572 1261 4626 tam
1308 4566 1552 4626 vitalem
1597 4568 1891 4639 effectum,
1938 4570 2010 4626 ut
2052 4568 2277 4626 inserat
2320 4568 2665 4643 corporibus
2704 4570 3059 4630 mortalibus
3089 4572 3197 4630 im-

581 4655 966 4715 mortalitatis
999 4674 1272 4732 germen:
1305 4659 1366 4714 et
1397 4657 1659 4716 vicissim
1694 4675 2009 4733 corporum
2027 4657 2383 4716 resurrectio
2404 4657 2618 4733 nequit
2635 4675 2758 4716 esse
2777 4657 3009 4719 fructus
3030 4661 3200 4736 panis
