3538 5364
1432 1230 2129 1433 INDEX
2224 1232 2332 1358 I.

1231 1509 1889 1630 Theologia
1962 1508 2549 1637 specialis,

1611 1672 1968 1741 'tractatus
2018 1672 2159 1740 νΙΙΙ.

1419 1805 1560 1888 De
1605 1806 1934 1906 gratia
1973 1804 2363 1891 Christi.

2989 1917 3131 1989 Pag.

931 2006 1162 2061 Gratiae
1190 2006 1544 2078 praestantia
1608 2047 1621 2059 .
3178 2018 3199 2064 l

932 2096 1240 2167 Multiplex
1267 2097 1521 2166 ejusdem
1548 2096 1805 2167 acceptio
1833 2098 1891 2149 et
1915 2095 2152 2166 partitio
2254 2135 2266 2147 .
3171 2107 3205 2152 4

577 2187 773 2242 Thesis
803 2191 920 2245 172.
949 2186 1079 2242 Sola
1106 2186 1256 2242 dona
1284 2184 1746 2258 supernaturalia
1774 2186 2053 2239 vocantur
2076 2184 2308 2255 proprie
2335 2184 2523 2255 gratia
2576 2225 2589 2238 .
2632 2182 2635 2185 ’
2736 2225 2749 2237 .
3170 2195 3202 2240 5

931 2276 1092 2330 Aliae
1121 2275 1340 2346 gratiae
1368 2275 1710 2346 partitiones
1764 2316 1777 2327 .
3168 2285 3203 2333 8

1620 2402 1670 2466 P
1684 2422 1724 2466 a
1741 2423 1773 2467 r
1788 2424 1819 2466 s
1866 2423 1906 2485 p
1923 2422 1954 2466 r
1970 2405 1989 2466 i
2006 2422 2070 2466 m
2088 2422 2143 2465 a.

1541 2528 1641 2595 De
1675 2530 1920 2612 gratia
1951 2529 2250 2596 actuali.

1746 2633 1955 2717 Caput
1984 2634 2023 2698 I.

1201 2763 1286 2817 De
1312 2764 1534 2817 natura
1559 2763 1623 2816 et
1649 2761 1987 2830 partitione
2013 2760 2253 2827 gratiae
2281 2760 2564 2815 actualis.

573 2866 772 2919 'rhesis
803 2869 920 2922 173.
948 2865 1028 2919 De
1057 2867 1278 2922 ratione
1306 2866 1527 2937 gratiae
1553 2865 1801 2921 actualis
1828 2867 1914 2919 est
1953 2865 2287 2919 immediata
2313 2864 2522 2918 mentis
2549 2864 2862 2919 illustratio
2890 2868 2948 2918 et
3044 2943 3053 2951 ·

1003 2955 1317 3010 voluntatis
1342 2953 1647 3026 inspiratio
1774 2994 1787 3006 .
1825 3017 1833 3025 ,
1933 2994 1946 3006 .
2094 2993 2107 3005 .
2255 2993 2268 3005 .
2417 2996 2429 3008 .
2577 2995 2590 3007 .
2736 2996 2748 3007 .
2898 2996 2909 3008 .
3137 2961 3197 3008 ll

931 3044 1160 3097 Gratiae
1187 3044 1431 3099 actualis
1457 3044 1798 3114 partitiones
1933 3083 1944 3095 .
2094 3082 2106 3094 .
2254 3083 2266 3095 .
2414 3089 2425 3099 .
2574 3082 2586 3094 .
2736 3083 2747 3093 .
2898 3081 2910 3094 .
3138 3047 3201 3098 17

1733 3186 1942 3270 Caput
1971 3187 2036 3251 II.

1310 3296 1394 3349 De
1425 3294 1908 3363 proprietatibus
1936 3295 2176 3360 gratiae
2202 3293 2483 3349 actualis-

1592 3388 1901 3447 Articulus
1934 3390 2180 3464 primus.

1217 3505 1312 3559 De
1351 3506 1650 3576 gratiae
1689 3505 2028 3560 actualis
2065 3504 2555 3559 necessitate.

1108 3633 1134 3690 ς
1167 3632 1211 3678 1.
1239 3622 1603 3676 Refelluntur
1629 3622 2039 3692 exaggerantes
2064 3620 2311 3676 liberum
2336 3620 2641 3675 arbitrium
2736 3661 2748 3673 .
2898 3660 2910 3672 .
3136 3627 3191 3676 21

932 3711 1082 3776 Quid
1109 3712 1184 3765 sit
1209 3716 1371 3765 actus
1398 3709 1666 3765 salutaris
1705 3713 1763 3764 et
1803 3710 1872 3763 de
1913 3708 2243 3763 discrimine
2269 3708 2423 3763 inter
2446 3712 2608 3763 actus
2636 3711 2911 3764 salutares

1002 3801 1061 3852 et
1086 3799 1273 3853 ethice
1299 3799 1570 3852 honestos
1610 3839 1622 3851 .
1771 3837 1782 3849 .
1932 3845 1943 3856 .
2090 3839 2103 3851 .
2251 3841 2263 3851 .
2411 3841 2423 3851 .
2574 3838 2587 3850 .
2734 3841 2748 3853 .
2894 3841 2905 3851 .
3126 3805 3192 3854 21

1252 3907 1318 3958 A.
1347 3904 1665 3959 Necessitas
1692 3905 1912 3976 gratiae
1939 3906 2013 3959 ad
2039 3907 2202 3959 actus
2230 3905 2525 3959 salutares.

576 4010 774 4065 Thesis
807 4015 921 4068 174.
950 4011 1149 4064 Gratia
1175 4011 1248 4064 ad
1275 4029 1469 4066 omnes
1496 4015 1656 4068 actus
1683 4013 1964 4067 salutares
1988 4013 2304 4068 necessaria
2331 4016 2416 4067 est
2578 4053 2591 4065 .
2739 4055 2751 4067 .
2899 4052 2910 4064 .
3133 4019 3203 4068 23

574 4098 772 4152 Thes-is
804 4103 920 4155 175.
949 4099 1036 4151 Ad
1064 4101 1227 4153 actus
1254 4100 1531 4154 salutares
1559 4101 1813 4172 pertinet
1838 4101 2011 4155 etiam
2038 4100 2274 4155 initium
2301 4101 2435 4156 fidei
2581 4141 2594 4154 .
2741 4141 2754 4154 .
2900 4141 2912 4154 .
3132 4105 3201 4155 27

576 4188 620 4241 T
624 4189 773 4242 hesis
803 4197 921 4247 176.
949 4189 1038 4242 Ad
1062 4206 1254 4243 omnes
1280 4192 1442 4244 actus
1471 4190 1748 4244 salutares
1777 4190 2091 4245 necessaria
2119 4193 2205 4245 est
2228 4190 2417 4262 gratia
2444 4189 2913 4261 supernaturalis,

1001 4278 1262 4343 actualis,
1289 4280 1515 4333 interna
1614 4319 1627 4332 .
1775 4320 1787 4332 .
1936 4323 1949 4336 .
2096 4323 2108 4335 .
2256 4319 2269 4333 .
2418 4321 2430 4332 .
2577 4319 2590 4332 .
2738 4326 2751 4338 .
2897 4320 2909 4332 .
3132 4286 3201 4336 29

934 4369 970 4422 S
987 4386 1016 4421 c
1032 4369 1071 4422 h
1089 4386 1120 4423 o
1139 4369 1243 4424 lio
1260 4388 1309 4423 n.
1342 4368 1422 4422 De
1451 4367 1999 4440 supernaturalitate
2026 4370 2262 4423 actuum
2291 4368 2628 4424 salutarium
2740 4409 2753 4422 .
2900 4409 2912 4422 .
3133 4374 3202 4426 30

577 4453 773 4508 Thesis
807 4457 870 4511 17
877 4463 921 4511 7.
950 4456 1065 4526 Ipsi
1085 4456 1234 4525 justi
1260 4456 1529 4527 indigent
1552 4456 1740 4528 gratia
1767 4456 1984 4512 actuali
2009 4458 2083 4511 ad
2110 4461 2272 4511 actus
2300 4457 2577 4512 salutares
2740 4498 2753 4510 .
2899 4501 2909 4511 .
3132 4464 3197 4513 31

576 4542 773 4596 Thesis
804 4548 919 4600 178.
949 4543 1268 4599 Necessitas
1293 4545 1513 4617 gratiae
1550 4546 1622 4599 ad
1650 4547 1813 4599 actus
1841 4546 2119 4601 salutares
2155 4564 2271 4599 non
2298 4550 2384 4600 est
2409 4548 2638 4600 tantum
2665 4545 2914 4611 moralis,

1002 4635 1098 4688 sed
1125 4635 1388 4688 absoluta
1417 4637 1475 4689 et
1498 4634 1736 4706 physica
1779 4675 1792 4687 .
1941 4675 1953 4687 .
2098 4680 2110 4691 .
2260 4677 2273 4689 .
2421 4677 2433 4689 .
2580 4676 2593 4689 .
2741 4679 2752 4690 .
2902 4677 2914 4689 .
3132 4641 3202 4690 33

934 4725 967 4776 S
987 4741 1014 4776 c
1032 4725 1070 4777 h
1089 4724 1244 4777 olio
1262 4745 1316 4780 n.
1346 4725 1659 4795 Augustini
1687 4725 1951 4780 doctrina
1978 4703 2047 4779 <ie
2073 4726 2292 4796 gratiae
2320 4725 2656 4780 necessitate
2744 4770 2754 4780 .
2902 4767 2915 4780 .
3133 4730 3202 4780 35
