3538 5364
561 323 691 388 360
992 315 1178 368 Tract.
1210 315 1298 367 lX.
1325 313 1394 367 de
1420 313 1784 367 eucharistia.
1812 312 2053 368 Euchar.
2083 329 2217 383 prae
2243 313 2462 367 lumine
2489 312 2731 367 rationis

558 495 905 562 coelestem
955 496 1324 559 alimoniam
1377 494 1655 558 fidelium
1669 496 1751 580 1);
1814 496 1870 563 f.
1926 494 2004 558 de
2055 511 2308 558 summa
2358 494 2792 575 dignitate,
2844 495 2927 558 ad
2978 512 3178 577 quam

560 603 754 666 homo
772 620 887 684 per
901 602 1174 683 gratiam
1190 603 1479 666 elevatur
1510 605 1595 687 (n.
1623 602 1802 687 191);
1835 621 1905 684 g.
1939 601 2019 665 de
2040 600 2340 664 familiari
2370 619 2406 664 c
2422 619 2460 664 o
2478 621 2520 664 n
2537 621 2575 663 v
2592 620 2627 666 e
2643 621 2675 664 r
2690 621 2721 664 s
2738 620 2780 665 a
2794 602 2854 665 ti
2875 621 2913 665 o
2932 622 2975 665 n
2991 621 3028 666 e
3059 601 3175 666 Dei

560 727 707 773 cum
737 709 1102 773 hominibus
1128 708 1265 790 jam
1296 709 1361 771 in
1392 708 1714 789 paradiso,
1762 726 1911 772 cum
1955 707 2342 789 patriarchis
2391 714 2459 772 et
2500 707 2739 789 populo
2783 707 3063 789 jndaico,
3112 716 3178 772 et

562 816 641 881 de
674 815 1074 880 humanitate
1107 812 1477 896 Sapientiae
1508 815 1903 891 incarnatae,
1950 815 2131 895 cujus
2178 813 2444 879 deliciae
2480 820 2650 890 sunt,
2696 835 2825 878 esse
2856 835 2996 877 cum
3023 814 3181 896 filiis

560 924 872 986 hominum
911 921 1121 1009 (Prov.
1156 929 1214 999 8,
1248 923 1379 1009 31),
1425 920 1729 985 incolumi
1761 928 2065 985 manente
2114 927 2286 985 statu
2316 920 2463 986 fidei
2495 927 2561 985 et
2590 922 2760 996 viae3
2807 929 2873 985 et
2917 929 3179 1003 propter

562 1048 757 1111 quam
781 1030 919 1111 jam
950 1030 1102 1094 olim
1134 1028 1456 1110 promisit:
1521 1029 1762 1093 Ponam
1814 1029 2287 1093 tabernaculum
2319 1048 2522 1091 meum
2553 1030 2622 1091 in
2653 1030 2854 1092 med-io
2885 1032 3091 1112 vestri,
3122 1040 3181 1092 et

560 1159 681 1201 non
717 1138 964 1220 abjiciet
992 1156 1096 1200 vos
1127 1140 1345 1200 anima
1376 1156 1531 1198 mea.
1564 1136 1911 1201 Ambulabo
1944 1138 2109 1199 inter
2137 1155 2263 1218 1³08,
2309 1142 2366 1198 et
2396 1155 2499 1199 ero
2531 1135 2705 1199 Deus
2735 1143 2928 1200 vester
2958 1156 3180 1220 vosque

561 1245 736 1307 eritis
774 1246 1053 1329 populus
1101 1263 1271 1307 meus
1322 1242 1492 1328 (Lev.
1540 1247 1643 1320 26,
1695 1249 1793 1312 11.
1846 1249 1928 1311 12
1960 1244 2075 1307 col.
2111 1248 2168 1312 2.
2203 1242 2344 1306 Cor.
2378 1249 2437 1317 6,
2480 1244 2603 1329 16).
2668 1243 2940 1308 Ratione
2989 1243 3179 1324 hujus

562 1351 848 1434 mysterii
881 1353 1235 1417 secundum
1279 1351 1472 1415 fidem
1516 1349 1906 1414 catholicam
1937 1350 2226 1414 Ecclesia
2271 1349 2602 1431 praeclare
2651 1349 2933 1414 medium
2965 1349 3178 1413 locum

562 1467 835 1540 occupat
866 1459 1032 1524 inter
1058 1459 1133 1523 V.
1163 1458 1648 1523 Testamentum
1681 1464 1747 1521 et
1778 1463 2020 1522 statum
2052 1456 2304 1521 futurae
2337 1455 2594 1537 gloriae.
2627 1455 2696 1519 In
2726 1456 2834 1519 illo
2867 1458 3079 1520 omnia
3109 1458 3176 1519 in

557 1566 769 1647 fiqura
801 1567 1233 1649 continqebant
1262 1566 1388 1629 illis
1433 1566 1517 1652 (1.
1552 1565 1693 1629 Cor.
1731 1570 1834 1641 10,
1872 1565 1999 1650 11),
2046 1562 2335 1629 Christus
2381 1571 2523 1628 erat
2568 1564 2811 1647 typice3
2862 1564 2928 1627 in
2978 1563 3177 1645 gloria

564 1670 723 1736 facie
754 1671 838 1736 ad
868 1671 1099 1736 faciem
1129 1691 1208 1737 eo
1241 1672 1559 1748 fruemur;
1592 1689 1763 1736 nunc
1797 1671 1981 1735 adest
2011 1672 2295 1753 mystice,
2329 1671 2586 1736 realiter
2619 1670 2749 1734 scil.
2783 1671 2898 1735 sed
2930 1672 3177 1737 velatus

564 1778 695 1863 (cfr.
728 1799 788 1842 n.
824 1781 1032 1866 2781).
1089 1779 1232 1859 Quo
1264 1780 1553 1845 tenacius
1586 1780 1912 1844 Christum
1942 1779 2280 1861 mysticum
2311 1787 2583 1854 tuemur,
2618 1797 2695 1842 eo
2726 1780 2961 1843 certior
2992 1779 3177 1843 nobis

563 1885 686 1949 erit
716 1884 1004 1950 Christus
1036 1887 1376 1951 historicus
1407 1905 1521 1952 seu
1551 1887 1860 1951 historica
1891 1887 2028 1968 eJ'us
2060 1885 2338 1951 realitaS.
2389 1885 2575 1965 Quod
2609 1887 2662 1949 si
2692 1886 2759 1949 in
2791 1885 3178 1951 eucharistia

564 1992 859 2056 umbram
892 1999 1143 2058 tantum
1175 2001 1241 2059 et
1258 1994 1525 2075 figuram
1543 1995 1835 2059 videmus
1856 1992 2108 2069 Christi,
2131 2013 2209 2059 eo
2229 1994 2491 2075 pronius
2513 1993 2872 2058 delabimur
2894 1992 2974 2056 ad
2997 1993 3177 2057 Chri-

562 2106 734 2163 stum
766 2101 1135 2183 mythicum,
1169 2102 1342 2184 quod
1377 2101 1506 2164 scil.
1540 2100 1832 2165 Christus
1879 2099 2067 2166 fuerit
2106 2106 2357 2165 tantum
2388 2102 2664 2181 mythuS.
2728 2097 2815 2168 Cf.
2850 2096 3178 2163 Oswald

564 2206 667 2270 die
699 2207 907 2288 dogm.
940 2208 1141 2273 Lehre
1173 2227 1300 2273 von
1332 2209 1457 2272 den
1490 2209 1549 2271 h.
1584 2206 1759 2271 Sacr.
1794 2227 1854 2288 p.
1887 2214 1928 2275 4
1961 2228 2009 2272 s,
2054 2216 2081 2275 1
2118 2225 2169 2269 c.
2206 2213 2261 2276 3.
2325 2206 2549 2272 Merito
2602 2225 2753 2287 ergo
2804 2224 2984 2270 conc.
3036 2207 3177 2269 tri-

564 2312 987 2378 dentinum
1018 2334 1172 2379 sess.
1212 2319 1292 2384 13
1324 2332 1462 2397 cap.
1503 2323 1532 2383 1
1570 2315 1891 2380 disserens
1938 2314 2018 2379 de
2063 2314 2350 2395 corporis
2397 2311 2629 2377 Christi
2673 2314 2739 2376 in
2787 2313 3178 2377 eucharistia

560 2422 943 2500 praesentia,
964 2422 1171 2497 docet,
1192 2441 1312 2486 nos
1333 2441 1478 2488 eam
1506 2423 1661 2496 ,etsi
1681 2422 1895 2486 verbis
1913 2423 2272 2503 exprimere
2299 2421 2405 2483 vix
2425 2439 2789 2503 possumuS,
2811 2420 3182 2502 possibilem

561 2534 778 2593 tamen
812 2547 954 2593 esse
986 2529 1141 2604 De0,
1173 2529 1560 2609 cogitatione
1592 2546 1706 2610 per
1739 2528 1933 2593 fidem
1966 2529 2286 2592 illustrata
2317 2530 2573 2611 assequi
2605 2541 2849 2609 posse<<

739 2654 805 2722 3.
840 2654 1031 2718 Ratio
1065 2672 1216 2718 vere
1249 2672 1423 2718 mere
1455 2653 1873 2717 naturalis
1920 2654 2158 2737 injuria
2205 2653 2416 2736 exigit,
2447 2660 2517 2718 ut
2550 2654 2626 2730 ei,
2661 2659 3008 2734 antequam
3039 2669 3180 2716 cre-

562 2760 689 2836 dat,
723 2761 1218 2837 demonstretur,
1252 2761 1627 2842 mysterium
1659 2761 1785 2824 hoc
1819 2761 2153 2826 evidenter
2186 2780 2329 2826 esse
2361 2761 2787 2843 possibile.
2851 2759 2973 2839 Qui
3009 2760 3180 2824 enim

561 2868 686 2931 hoc
719 2867 930 2948 exigit,
964 2867 1266 2948 supponit
1295 2866 1396 2931 vel
1442 2887 1507 2934 a.
1558 2865 1802 2930 nullam
1850 2887 1995 2933 esse
2039 2869 2379 2933 veritatem
2425 2868 2794 2949 nullamque
2826 2884 2980 2943 rem,
3013 2884 3181 2948 quae

560 2975 793 3039 mentis
824 2975 1042 3038 finitae
1073 2973 1423 3037 innumeris
1457 2973 1787 3037 erroribus
1821 2973 2139 3039 obnoxiae
2173 2981 2434 3056 captum
2468 2974 2755 3049 excedat,
2789 2974 2961 3055 quod
2992 2990 3179 3054 pror-

564 3100 673 3144 sus
705 3081 967 3156 falsum3
1000 3081 1101 3144 vel
1134 3083 1201 3152 b.
1234 3083 1551 3146 rationem
1582 3082 1669 3145 nil
1701 3101 1896 3163 posse
1929 3090 2043 3147 aut
2075 3084 2310 3148 debere
2344 3084 2702 3158 admittere,
2736 3082 2855 3145 nisi
2888 3083 2946 3146 ei
2978 3099 3179 3163 appa-

561 3194 703 3250 reat
733 3187 1059 3252 evidenter
1088 3189 1409 3270 possibile,
1456 3191 1628 3272 quod
1673 3191 2054 3256 adversatur
2085 3192 2302 3256 sensui
2348 3191 2692 3268 communi,
2742 3190 2980 3255 nedum
3011 3189 3178 3253 chri-

562 3293 803 3368 stiano;
837 3295 937 3359 vel
970 3315 1031 3366 c.
1064 3296 1267 3361 Deum
1299 3297 1385 3360 nil
1416 3316 1607 3379 posse
1637 3299 1927 3363 revelare
1961 3306 2074 3363 aut
2116 3298 2343 3376 facere,
2390 3297 2563 3381 quod
2614 3305 2872 3380 superet
2902 3297 3178 3361 hominis

564 3406 841 3480 captum,
863 3403 1017 3483 quin
1032 3404 1167 3485 ejus
1180 3405 1672 3486 possibilitatem
1689 3405 2020 3471 evidenter
2035 3406 2418 3482 manifestet,
2446 3407 2620 3488 quod
2643 3407 2834 3487 plane
2851 3422 3178 3485 arrogans.

740 3533 1024 3608 Repetere
1058 3533 1154 3591 hic
1185 3533 1324 3592 licet
1355 3535 1534 3593 verba
1565 3536 1998 3611 Augustini
2027 3555 2116 3611 ep.
2146 3547 2263 3599 137
2300 3536 2372 3594 ad
2403 3536 2796 3594 Volusianum
2829 3554 2885 3596 n.
2923 3544 2991 3596 8:
3028 3533 3181 3601 ,Hic

565 3619 617 3677 si
648 3621 800 3680 ratio
832 3623 1155 3696 quaeritur,
1188 3641 1308 3682 non
1340 3623 1456 3681 erit
1487 3623 1789 3682 mirabile:
1824 3625 1876 3682 si
1908 3625 2240 3700 exemplum
2262 3625 2547 3700 poscitur,
2581 3643 2704 3682 non
2723 3624 2839 3682 erit
2858 3623 3178 3699 singulare.

566 3709 784 3768 Demus
818 3710 1004 3769 Deum
1039 3712 1265 3786 aliquid
1299 3730 1484 3786 posse,
1519 3712 1679 3787 quod
1711 3731 1818 3771 nos
1849 3713 2141 3772 fateamur
2172 3714 2535 3790 investigare
2567 3732 2687 3772 non
2719 3731 2910 3788 posse.
2972 3712 3044 3770 In
3089 3714 3178 3769 ta·

563 3798 723 3857 libus
755 3800 933 3858 rebus
973 3802 1101 3859 tota
1145 3801 1297 3859 ratio
1343 3802 1479 3859 faeti
1526 3804 1620 3859 est
1666 3803 1934 3878 potentia
1979 3802 2325 3874 facientis3‘
2375 3806 2436 3861 et
2482 3802 2772 3878 Cyrilli
2817 3803 2855 3859 1.
2893 3813 2928 3864 4
2963 3820 3011 3860 c.
3049 3809 3082 3861 2
3119 3801 3182 3858 in

785 3991 820 4060 ¹)
849 3987 930 4042 Cf.
957 3989 991 4042 S
1009 3989 1091 4042 ch
1110 4005 1184 4042 ee
1207 3990 1283 4041 be
1302 4008 1338 4041 n
1366 3988 1669 4056 Mysterien
1699 3999 1725 4055 ἓ
1754 3992 1839 4054 71,
1881 3990 1981 4057 qui
2011 4008 2111 4060 pro
2139 4007 2292 4044 more
2320 3989 2643 4045 sublimiter
2677 3989 2906 4042 disserit
2939 3988 3007 4042 de
3035 4005 3181 4041 nexu

563 4069 662 4134 huj
671 4086 736 4121 us
762 4067 1020 4136 mysterii
1046 4085 1173 4122 cum
1198 4068 1483 4137 mysteriis
1510 4087 1579 4121 ss.
1607 4069 1905 4124 Trinitatis
1933 4074 1988 4123 et
2013 4070 2444 4124 incarnationis.
2473 4070 2515 4122 B
2533 4072 2602 4124 al
2618 4071 2655 4124 d
2673 4088 2710 4122 u
2728 4069 2747 4122 i
2763 4089 2801 4122 ιι
2820 4088 2857 4123 ιι
2875 4088 2899 4122 s
2925 4072 3183 4123 cantuar.

562 4146 812 4217 archiep.
839 4152 885 4218 (†
918 4153 1072 4219 1190)
1100 4147 1162 4201 in
1189 4150 1254 4201 tr.
1274 4148 1343 4202 de
1360 4165 1429 4201 ss.
1447 4149 1609 4203 euch.
1640 4152 1994 4203 sacramento
2023 4149 2100 4220 (M
2117 4151 2138 4203 i
2155 4169 2207 4219 g.
2239 4157 2359 4212 204,
2378 4157 2504 4220 408)
2527 4153 2657 4218 post
2676 4148 3030 4219 praeclaram
3049 4146 3185 4201 fidei

561 4227 875 4280 catholicae
904 4227 974 4282 de
1001 4228 1109 4282 hoc
1135 4228 1401 4297 mysterio
1429 4229 1863 4299 expositionem,
1884 4228 1967 4282 ita
1988 4229 2385 4298 prosequitur:
2415 4270 2442 4292 ,‚
2462 4232 2585 4282 Vere
2604 4234 2751 4284 Deus
2769 4233 3105 4284 absconditus
3126 4237 3185 4281 tu

561 4325 630 4373 es,
658 4326 757 4360 rex
783 4311 955 4362 Israel
978 4312 1223 4364 Salvator
1249 4310 1336 4381 (Is.
1356 4319 1440 4372 45,
1463 4313 1564 4381 15).
1594 4309 1980 4364 Absconditus
2002 4310 2117 4363 fuit
2137 4309 2398 4364 Christus
2420 4312 2494 4363 ab
2513 4309 2682 4363 initio
2705 4309 2767 4363 in
2796 4308 2851 4362 si
2866 4328 2903 4362 ιι
2918 4327 2954 4362 u
2972 4307 3184 4364 Patris:

563 4389 933 4443 absconditus
961 4390 1076 4443 fuit
1100 4393 1231 4461 post
1254 4389 1402 4442 idem
1431 4389 1494 4443 in
1535 4390 1605 4444 fo
1623 4406 1773 4442 rma
1813 4390 1978 4455 servi,
2019 4407 2188 4458 quam
2230 4389 2568 4460 assumpsit:
2610 4389 2978 4445 absconditus
3018 4393 3101 4442 est
3126 4391 3186 4442 ct

564 4487 717 4524 nunc
744 4470 804 4523 in
832 4489 856 4523 s
871 4487 905 4522 a
921 4487 950 4524 c
965 4488 994 4523 r
1010 4488 1042 4523 a
1061 4490 1114 4524 m
1132 4488 1161 4524 e
1178 4491 1215 4525 ιι
1231 4473 1255 4523 t
1270 4488 1320 4532 0,
1347 4470 1501 4538 quod
1529 4470 1650 4540 ipse
1676 4469 1937 4523 instituit
1960 4471 2049 4541 (cf.
2075 4487 2249 4540 supra
2270 4489 2324 4523 n.
2342 4474 2511 4542 327⁷).
2540 4468 2957 4524 Absconditum
2974 4468 3034 4523 in
3051 4469 3182 4522 sinu

564 4548 766 4613 Patris,
795 4550 931 4604 fides
959 4551 1210 4604 invenit:
1238 4550 1635 4604 absconditum
1663 4549 1726 4603 in
1754 4550 1984 4604 homine
2013 4551 2150 4603 fides
2171 4549 2552 4604 nihilominus
2578 4549 2832 4607 invenit:
2874 4548 3102 4603 invenit
3127 4552 3185 4602 et

562 4628 687 4698 ipsa
714 4629 774 4699 (f.
802 4629 1009 4700 ipsum)
1038 4630 1174 4682 fides
1202 4630 1259 4681 in
1290 4634 1640 4684 sacramento
1666 4630 2086 4684 absconditum.
2115 4629 2326 4700 Magna
2349 4629 2532 4684 virtus
2554 4628 2687 4683 fidei
2714 4645 2983 4699 magnam
3010 4628 3185 4683 habet

562 4707 973 4762 familiaritatis
1000 4709 1245 4778 gratiam
1271 4710 1426 4779 apud
1456 4709 1687 4770 Deuin.“
1737 4710 1819 4764 Cf.
1849 4710 1921 4761 W
1939 4728 1970 4764 o
1990 4712 2004 4763 l
2024 4729 2061 4780 p
2079 4711 2116 4763 h
2135 4727 2163 4764 e
2181 4713 2201 4765 l
2218 4710 2309 4765 mi
2335 4712 2424 4763 ab.
2453 4707 2921 4764 brunvillerensis
2948 4711 2995 4780 (ψ
3026 4712 3182 4778 1091)

566 4791 854 4858 egregiam
883 4808 971 4860 ep.
998 4794 1194 4845 contra
1220 4806 1435 4843 errores
1463 4790 1813 4860 Berengarii.
