3538 5364
562 263 692 343 226
1106 269 1289 324 Tract.
1325 269 1413 322 lX.
1441 248 1510 322 de
1529 246 1923 322 sacramentis.
1952 244 2319 321 Sacramenta.
2344 284 2458 335 quo
2487 284 2655 321 sensu

564 453 736 517 'vices
769 453 930 532 gerit
961 458 1026 515 et
1060 451 1122 514 in
1144 451 1325 531 cujus
1346 436 1610 513 nomine
1640 451 1786 529 agit,
1819 450 1949 512 imo
1972 448 2335 530 aequivalet
2356 447 2718 529 operationi
2735 448 3023 525 Domini3
3050 456 3187 513 tum

565 579 645 623 ex
676 578 707 622 s
724 577 759 622 e
776 577 818 621 n
835 578 923 621 su
957 557 1296 634 Ecclesiae,
1330 575 1495 638 quae
1527 556 1675 619 huic
1699 555 1950 620 veritati
1982 555 2202 618 innixa
2222 555 2507 618 valorem
2528 561 3083 620 sacramentorum
3102 555 3188 645 ab

565 665 905 730 haereticis
938 665 1320 729 collatorum
1353 663 1629 744 agnovit.
1679 662 2068 743 ItaAugus
2088 662 2310 726 tinus
2343 680 2439 743 ep.
2464 667 2548 730 89
2568 682 2629 725 n.
2663 667 2736 731 5:
2779 663 3043 735 „Restat
3059 664 3190 728 uti-

565 792 707 856 que,
758 780 827 837 ut
867 771 1134 855 quilibet
1179 772 1615 860 ministrorum
1646 771 1984 833 hominum
2016 770 2380 845 accesserit,
2426 768 2571 834 ideo
2604 770 2784 834 ratus
2827 769 2910 833 sit
2932 770 3191 855 ⁴baptis-

567 861 727 957 muS,
775 880 925 961 quia
969 897 1164 961 super
1211 898 1400 961 quem
1450 877 1782 943 descendit
1827 876 2127 941 columba
2176 876 2312 958 ipse
2358 875 2644 956 baptizat
2678 876 2885 961 (Joan.
2927 883 2979 952 1,
3013 878 3184 963 33).‹

565 988 751 1066 Quod
772 988 1150 1069 principium
1173 987 1545 1068 saepissime
1566 986 1835 1050 recurrit
1868 986 1931 1048 in
1952 1005 2000 1048 S.
2021 985 2301 1049 doctoris
2334 984 2654 1066 operibuS,
2687 980 2750 1047 in
2781 980 3013 1066 quibus
3032 1001 3193 1047 con·

569 1103 667 1159 tra
697 1095 1062 1159 donatistas
1095 1094 1382 1159 valorem
1414 1092 1715 1175 baptismi
1747 1093 1830 1156 ab
1864 1093 2206 1157 haereticis
2239 1091 2453 1156 collati
2484 1078 2851 1176 probat'(cf.
2884 1110 2945 1153 n.
2978 1093 3192 1175 2892).

566 1201 766 1266 Porro
800 1219 947 1265 cum
980 1200 1271 1266 Christus
1316 1201 1415 1265 his
1446 1200 1674 1265 ritibus
1707 1219 1827 1264 sua
1858 1198 2013 1265 velit
2044 1200 2275 1264 merita
2320 1200 2765 1281 passionisque
2798 1197 3040 1263 fructus
3072 1216 3196 1279 ap-

565 1310 820 1391 plicare,
852 1309 1043 1391 idque
1064 1309 1440 1374 meritorum
1471 1326 1736 1371 suorum
1768 1307 2016 1372 infinito
2038 1307 2258 1372 valore
2278 1307 2722 1388 promeruerit,
2756 1324 2836 1370 ex
2868 1304 3196 1369 constanti

565 1417 850 1499 reparati
882 1417 1120 1481 ordinis
1153 1417 1290 1496 lege
1324 1414 1796 1479 administratio
1832 1408 2388 1479 sacramentorum
2420 1414 2612 1494 exigit
2644 1431 2888 1486 eorum,
2931 1412 3039 1494 qui
3070 1412 3194 1515 ini-

567 1525 822 1600 tiantur,
856 1520 1447 1588 sanctificationem.

745 1633 884 1700 111.
919 1632 1065 1696 Ideo
1087 1652 1233 1695 sacr
1235 1637 1485 1694 amenta
1520 1632 1827 1694 verissime
1857 1637 2002 1692 sunt
2022 1649 2246 1693 causae
2276 1627 2541 1692 morales
2560 1627 2904 1691 collationis
2917 1648 2999 1710 91·
3001 1628 3190 1690 aliae.

566 1738 737 1805 Sane
786 1757 988 1802 causa
1033 1736 1375 1802 moralis
1424 1754 1503 1801 ea
1535 1736 1784 1814 dicitur,
1831 1754 1998 1817 quae
2044 1753 2283 1799 causae
2329 1734 2634 1817 physicae
2678 1733 3053 1814 intelligenti
3098 1739 3197 1796 est

567 1847 734 1909 ratio
768 1864 888 1909 sua
918 1845 1211 1910 bonitate
1245 1851 1308 1909 et
1339 1844 1648 1925 dignitate
1669 1862 1940 1907 movens
1963 1843 2045 1906 ad
2079 1843 2377 1907 effectum
2398 1841 2658 1923 physice
2679 1841 3194 1922 producendum;

567 1960 633 2017 et
665 1954 789 2016 hoc
820 1953 979 2034 ips0‚
1027 1952 1200 2034 quod
1242 1952 1438 2016 insita
1469 1969 1589 2015 sua
1620 1950 1925 2031 dignitate
1968 1956 2204 2025 movet,
2253 1949 2656 2030 distinguitur
2688 1966 2727 2011 a
2759 1965 2939 2011 mera
2970 1945 3194 2011 condi-

569 2060 744 2124 tione
775 2059 912 2123 sine
946 2076 1076 2141 qua
1107 2077 1239 2122 non
1274 2059 1372 2125 vel
1407 2058 1488 2122 ab
1524 2059 1882 2122 occasione.
1948 2057 2139 2140 Atqui
2174 2056 2432 2120 bonitas
2464 2063 2529 2120 et
2562 2056 2833 2137 dignitas
2866 2036 3196 2119 actionum

569 2164 801 2230 Christi
835 2172 1052 2230 movet
1086 2165 1307 2242 Deum,
1341 2166 1448 2247 qui
1482 2170 1580 2229 est
1611 2163 2142 2228 sanctificationis
2174 2181 2376 2227 causa
2407 2162 2773 2243 principalis
2794 2161 3077 2243 physica,
3112 2160 3195 2224 ad

569 2272 1064 2337 sanctificandos
1098 2290 1233 2347 eOS,
1268 2271 1499 2354 quibus
1534 2271 1678 2335 illae
1713 2271 2119 2352 applicantur
2150 2271 2322 2334 hunc
2353 2270 2419 2333 in
2450 2269 2675 2334 finem:
2727 2287 2879 2333 nam
2909 2286 3025 2349 per
3055 2265 3195 2330 illas

569 2378 856 2443 Christus
889 2379 1278 2443 merita‘sua
1310 2377 1484 2442 Patri
1518 2378 1703 2442 offert
1735 2385 1808 2441 ut
1837 2378 2111 2460 pretium
2143 2383 2410 2441 nostrae
2442 2375 2984 2440 sanctificationis.
3036 2374 3196 2437 llinc

569 2487 796 2550 merito
829 2485 1064 2550 dicitur
1115 2492 1526 2550 sacramenta
1570 2483 1924 2548 efficaciam
1968 2503 2152 2548 suam
2200 2484 2456 2549 trahere
2503 2502 2581 2547 ex
2627 2482 2929 2563 passione
2970 2500 3084 2545 seu
3117 2499 3196 2545 ex

568 2594 812 2659 meritis
845 2592 1099 2657 Christi.
1165 2591 1323 2656 Cum
1357 2611 1509 2657 vero
1543 2592 1706 2655 haec
1737 2591 1993 2655 bonitas
2025 2591 2276 2655 actibus
2308 2591 2746 2655 ministrorum
2779 2588 3034 2652 vicariis
3064 2606 3199 2651 non

569 2702 722 2766 insit
767 2722 882 2784 per
927 2722 1015 2777 se,
1063 2701 1176 2765 sed
1210 2700 1607 2764 derivatione
1643 2707 1894 2765 tantum
1941 2718 2016 2764 ex
2052 2699 2301 2764 infinita
2332 2697 2565 2763 Christi
2610 2697 2936 2778 dignitate,
2981 2695 3091 2778 qui
3120 2695 3197 2758 iis

571 2817 903 2891 tamquam
936 2808 1071 2872 suis
1104 2808 1316 2883 utitur,
1350 2807 1495 2870 ideo
1517 2806 1955 2870 ministrorum
1976 2806 2266 2869 actiones
2287 2822 2525 2869 causae
2545 2803 2823 2868 morales
2845 2801 3057 2865 solum
3086 2801 3198 2864 in-

568 2914 1175 2980 strumentales
1210 2920 1376 2976 sunt.

748 3027 894 3091 264.
945 3019 1188 3085 Contra
1220 3021 1388 3083 hanc
1424 3029 1639 3085 tamen
1673 3019 2166 3100 explicationem
2199 3019 2596 3082 causalitatis
2642 3023 3201 3081 sacramentorum

568 3129 829 3211 patroni
862 3128 1127 3191 alterius
1161 3128 1519 3192 sententiae
1552 3127 1735 3208 plura
1756 3127 2114 3207 excipiunt:
2149 3144 2280 3189 non
2301 3132 2553 3188 tantum
2574 3124 2704 3187 scil.
2727 3131 3085 3205 provocant
3116 3123 3200 3187 ad

570 3235 943 3300 testimonia
976 3231 1347 3316 Scripturae
1394 3240 1460 3299 et
1509 3240 1786 3315 patrum,
1837 3233 2068 3316 quibus
2103 3251 2294 3314 aegre
2341 3233 2464 3296 hac
2498 3232 2748 3296 theoria
2793 3230 3039 3307 satisfit,
3085 3230 3201 3295 sed

569 3330 910 3422 praeterea
941 3346 1173 3421 urgent
1209 3343 1269 3408 1.
1306 3360 1436 3404 non
1456 3341 1614 3403 satis
1646 3341 1708 3403 in
1734 3358 1814 3405 ea
1832 3340 2053 3417 videri,
2088 3339 2414 3421 quomodo
2449 3344 2859 3404 sacramenta
2889 3340 3016 3402 sint
3042 3355 3201 3401 cau-

569 3466 682 3511 sae
715 3447 1236 3512 instrumentales
1269 3446 1411 3511 Dei
1444 3448 1506 3510 in
1540 3445 1885 3511 collatione
1917 3447 2195 3527 gratiae;
2242 3448 2303 3514 2.
2339 3465 2469 3511 non
2502 3447 2660 3511 satis
2691 3447 2758 3509 in
2790 3463 2869 3510 ea
2899 3445 3201 3526 distingui

568 3554 832 3617 modum
865 3555 1176 3617 causandi
1213 3560 1772 3619 sacramentorum
1806 3572 1846 3617 a
1877 3554 2072 3617 modo
2095 3555 2423 3631 causandi,
2440 3554 2549 3636 qui
2580 3552 2873 3617 sacrificii
2904 3552 3203 3642 proprius

570 3668 698 3737 est;
731 3661 795 3729 3.
818 3679 1070 3725 sacram
1079 3666 1230 3726 enta
1248 3679 1517 3725 causare
1534 3661 1804 3741 gratiam
1825 3660 2240 3741 significando
2263 3681 2277 3722 ε
2305 3661 2441 3741 jam
2461 3679 2616 3726 vero
2637 3665 3049 3724 sacramenta
3069 3677 3203 3722 non

569 3786 723 3850 prae
756 3789 825 3834 se
860 3768 1022 3833 ferre
1057 3768 1635 3850 interpellationem
1668 3768 2160 3849 impetrativam.

750 3879 900 3943 265.
932 3875 1046 3939 Est
1077 3881 1143 3939 et
1192 3882 1493 3958 quarta
1539 3875 1902 3956 explicatiO,
1952 3894 2149 3957 quam
2191 3875 2328 3956 Jam
2360 3875 2753 3956 antiquiores
2787 3871 3071 3953 theologi
3103 3873 3204 3950 in·,

568 3984 924 4059 sinuarunt,
944 4001 1111 4065 quae
1142 3988 1287 4046 orta
1310 3983 1751 4046 controversia
1779 4000 1902 4047 sec.
1936 3982 2080 4046 XVI
2096 3983 2308 4045 minus
2325 3999 2610 4063 expensa
2640 3981 2774 4056 fuit,
2799 3987 3022 4045 nostra
3045 4000 3205 4045 vero

569 4073 784 4156 aetate
834 4110 874 4155 a
920 4091 1224 4172 gravibus
1269 4091 1583 4172 theologis
1633 4091 1953 4172 sagaciter
2005 4091 2299 4173 exposita
2349 4097 2605 4154 strenue
2652 4087 3026 4154 defenditur.
3108 4088 3208 4152 Ita

568 4199 728 4264 Leh
748 4198 1017 4261 mkuhl
1055 4197 1450 4262 Kirchenlex.
1472 4198 1583 4274 X2,
1621 4203 2097 4274 1502—15043
2129 4196 2386 4261 Billot
2417 4196 2497 4261 de
2528 4215 2675 4260 sacr
2708 4197 2794 4260 th.
2820 4202 2876 4273 7,
2909 4196 3010 4259 cui
3044 4213 3207 4259 cau-

571 4307 792 4370 salitas
824 4305 1090 4369 moralis
1124 4311 1679 4370 sacramentorum
1712 4323 1910 4385 supra
1942 4305 2235 4386 exposita
2268 4323 2396 4368 non
2418 4303 2671 4389 arridet.
2704 4300 3073 4367 Secundum
3104 4302 3208 4382 ip-

571 4431 713 4475 sum
746 4417 1160 4476 sacramenta
1192 4418 1544 4493 operantur
1589 4418 1661 4476 ut
1704 4413 1947 4492 signa
1978 4412 2280 4493 practica.
2348 4408 2477 4474 Sed
2509 4410 2692 4491 signa
2723 4409 3013 4494 practica
3044 4425 3209 4471 cau-

570 4526 716 4582 sant
749 4520 1319 4584 instrumentaliter
1351 4520 1451 4582 im
1467 4539 1508 4601 p
1526 4537 1560 4582 e
1579 4537 1612 4581 r
1632 4538 1673 4582 a
1690 4525 1715 4583 t
1731 4519 1752 4582 i
1768 4539 1808 4581 v
1824 4538 1875 4584 e.
1909 4519 2005 4581 lta
2023 4518 2241 4603 verba,
2274 4518 2504 4600 quibus
2536 4518 2602 4581 in
2621 4516 3003 4581 consistorio
3036 4534 3209 4598 pon-

570 4625 718 4690 tifex
741 4626 1026 4707 publicat
1046 4644 1252 4690 novos
1273 4627 1629 4708 episcopos,
1651 4626 1972 4690 rationem
1992 4619 2236 4690 habent
2254 4626 2681 4701 instrumenti,
2714 4644 2755 4707 q
2771 4643 2868 4706 uo
2897 4625 2962 4686 in
2983 4622 3209 4688 electis

572 4733 951 4815 episcopalis
985 4734 1259 4813 dignitas
1280 4733 1497 4815 quoad
1521 4733 1982 4816 Jurisdictionis
2002 4723 2392 4813 potestatem
2416 4732 2752 4796 inducitur.
2785 4730 2949 4810 Ergo
2980 4748 3209 4794 sacra-
