3538 5364
1307 387 1657 445 Concionum
1684 392 2107 460 argumentum.
2886 396 3025 460 645

387 576 697 650 doctor,
747 578 853 653 qui
905 595 1047 636 sana
1092 576 1365 635 doctrina
1406 578 1468 635 et
1511 576 2008 635 sacramentorum
2055 573 2275 651 pabulo
2320 573 2588 633 homines
2634 593 2669 631 a
2714 574 3047 634 daemonis.

390 668 610 728 liberat
638 666 971 745 tyrannide.
1037 665 1411 742 Quapropter
1441 665 1798 743 virginibus,
1847 663 2213 739 martyribus
2259 665 2320 721 et
2363 662 2705 723 doctoribus
2737 663 3015 722 aureolae

389 758 765 817 tribuuntur.
833 755 914 816 Cf.
945 755 1267 814 Lessius
1297 755 1375 825 11,
1412 764 1526 826 213
1559 754 1843 813 Katholik
1883 752 2157 833 188111,
2194 760 2273 816 28
2309 770 2388 811 se.

576 892 719 945 690.
773 876 1124 946 Scholion
1174 877 1609 961 practicam.
1693 878 1891 956 Hujus
1951 878 2230 938 sectionis
2262 879 2681 955 argumentum
2715 877 3014 952 copiosam

388 972 723 1048 utilemque
757 970 1037 1047 praebere
1067 970 1452 1029 concionibus
1483 969 1795 1029 materiam
1825 987 1934 1045 per
1974 986 2037 1027 se
2073 968 2256 1043 patet.
2321 966 2395 1025 In
2441 967 2704 1025 omnibus
2746 967 3014 1043 operibus

393 1064 510 1121 tuis
538 1079 860 1120 memorare
890 1061 1202 1119 novissima
1234 1066 1359 1133 tua,
1406 1066 1454 1117 et
1498 1061 1562 1118 in
1592 1065 1890 1117 aeternum
1921 1076 2035 1116 non
2056 1057 2321 1130 peccabis
2350 1056 2524 1119 Eccli.
2562 1065 2616 1127 7,
2652 1066 2752 1119 40.
2820 1055 3010 1125 Quare

392 1153 533 1228 post
562 1170 647 1220 ea,
680 1168 831 1225 quae
864 1148 1057 1208 fusius
1090 1147 1382 1219 dedimus,
1417 1148 1623 1225 paucis
1652 1147 1876 1207 erimus
1908 1146 2190 1206 contenti.

574 1236 636 1303 I.
685 1241 936 1298 Mortem
989 1232 1053 1301 1.
1105 1237 1609 1296 consideravimus
1660 1239 1734 1295 ut
1780 1236 1957 1308 vitae,
2017 1235 2268 1312 ideoque
2321 1234 2584 1294 omnium
2635 1236 3013 1292 terrenorum

392 1329 429 1388 ‘f
435 1330 664 1399 inem,
712 1328 890 1386 finem
933 1345 1173 1403 quoque
1202 1327 1488 1403 temporis
1519 1326 1664 1386 adeo
1696 1324 1947 1401 pretiosi
1989 1324 2062 1383 ad
2108 1324 2428 1384 curandam
2461 1323 2712 1381 salutem
2747 1325 3014 1381 nostram

397 1417 969 1496 promerendamque
999 1416 1250 1494 gloriam
1282 1417 1597 1475 coelestem
1629 1414 1804 1474 nobis
1836 1414 2098 1474 concessi
2133 1409 2216 1496 (n.
2252 1407 2425 1496 639).
2497 1414 2690 1486 Quare
2710 1411 3015 1487 particula

395 1509 535 1568 ¹boni
563 1508 722 1581 doni,
754 1505 1090 1583 cujusmodi
1123 1508 1217 1564 est
1247 1509 1504 1581 tempus,
1535 1523 1652 1563 non
1683 1512 1735 1563 te
1757 1511 2087 1581 praetereat
2115 1503 2294 1563 Eccli.
2333 1512 2431 1574 14,
2470 1512 2567 1565 14.

577 1592 640 1661 2.
671 1596 832 1655 Mors
866 1599 959 1654 est
988 1594 1361 1654 aeternitatis
1397 1595 1637 1670 janua
1681 1596 1926 1670 propter
1960 1592 2384 1669 Judicium,
2431 1591 2590 1667 quod
2634 1609 2763 1650 eam
2810 1607 3013 1648 conse-

401 1686 645 1762 quitur:
693 1691 971 1744 statutum
1023 1684 1184 1742 enim
1233 1690 1315 1743 est
1361 1684 1686 1742 hominibus
1733 1684 1901 1742 semel
1948 1683 2117 1758 mori,
2161 1689 2295 1758 post
2343 1682 2447 1740 hoc
2494 1687 2686 1740 autem
2722 1678 3015 1755 judicium

398 1774 580 1836 Hebr.
619 1786 716 1846 11,
755 1782 855 1837 27.
919 1772 1124 1850 Cogita
1154 1772 1251 1832 hic
1279 1773 1541 1850 primum
1572 1790 2003 1842 occursum,
2049 1771 2309 1847 primum
2355 1771 2703 1839 verbum,
2752 1769 3014 1844 primum

393 1866 430 1924 f
437 1884 472 1923 a
485 1866 613 1924 ctu
629 1883 704 1926 m.
770 1863 1053 1922 Occurret
1082 1863 1242 1921 enim
1272 1862 1470 1921 anima
1501 1864 1776 1937 separata
1805 1879 1915 1920 suo
1945 1859 2226 1931 Creatori,
2274 1860 2444 1936 cujus
2489 1858 2644 1918 forte
2675 1859 2770 1917 est
2799 1856 3016 1927 oblita:

399 1972 511 2014 suo
541 1952 937 2027 Redemptori,
971 1952 1069 2011 cui
1099 1951 1336 2029 ingrata
1365 1951 1628 2021 exstitit:
1676 1969 1786 2009 suo
1817 1949 2086 2021 Domino,
2130 1950 2302 2026 cujus
2335 1946 2691 2025 obsequium
2720 1945 3016 2025 neglexit:

399 2061 512 2102 suo
526 2041 568 2100 J
567 2041 749 2112 udici,
765 2042 936 2117 cujus
948 2041 1210 2117 primum
1225 2040 1340 2100 erit
1353 2041 1630 2100 verbum:
1651 2040 1849 2099 Redde
1862 2040 2143 2098 rationem
2158 2039 2519 2097 villicationis
2533 2045 2666 2095 tuae
2679 2035 2815 2098 Luc.
2838 2047 2863 2098 l
2878 2045 2935 2106 6,
2959 2043 3015 2096 2.

401 2130 558 2190 Hinc
586 2131 864 2207 primum,
898 2130 1060 2206 quod
1089 2134 1335 2207 geretur
1363 2132 1504 2206 post
1522 2131 1789 2199 mortem,
1823 2128 1939 2187 erit
1961 2128 2103 2202 jud
2122 2127 2370 2187 icium.
2402 2127 2479 2185 Et
2498 2126 2675 2203 quale
2686 2124 3014 2200 judicium!

400 2219 604 2297 Hujus
633 2220 792 2279 enim
815 2219 1032 2295 judicii
1062 2219 1362 2295 objectum
1407 2222 1497 2278 est
1539 2221 1669 2277 tota
1705 2218 1848 2289 vita,
1895 2216 2189 2293 quidquid
2235 2216 2409 2275 homo
2453 2216 2519 2274 in
2563 2233 2804 2290 corpore
2835 2212 3020 2290 gessit

406 2318 464 2373 2.
497 2310 623 2372 Cor.
661 2319 716 2380 5,
761 2318 855 2380 10,
889 2309 983 2367 vel
1016 2308 1265 2367 verbum
1296 2308 1553 2368 otiosum
1584 2307 1792 2366 Matth.
1830 2315 1930 2377 12,
1967 2316 2082 2377 36;
2129 2308 2273 2365 sunt
2303 2305 2460 2364 bona
2489 2304 2705 2364 omissa
2736 2321 2844 2362 seu
2872 2321 3016 2378 neg-

403 2400 557 2459 lecta
586 2398 796 2457 Matth.
835 2406 934 2468 25,
974 2406 1053 2460 24
1088 2416 1182 2471 ss„
1227 2397 1347 2455 imo
1378 2399 1441 2456 et
1469 2400 1707 2473 peccata
1737 2396 1948 2467 aliena,
1981 2413 2238 2472 quorum
2268 2395 2445 2454 homo
2478 2393 2681 2470 aliquo
2714 2392 2887 2452 modo
2918 2410 3018 2450 ex-

407 2488 569 2548 stitit
598 2505 807 2546 causa:
854 2506 1038 2563 quare
1069 2486 1382 2562 psalmista
1419 2496 1516 2558 18,
1559 2496 1655 2556 14,
1700 2488 1774 2544 ut
1818 2486 1936 2544 sibi
1978 2485 2052 2543 ab
2095 2483 2310 2543 alienis
2340 2486 2561 2560 parcat,
2593 2484 2766 2559 rogat
2795 2483 3017 2549 Deum;

405 2576 588 2655 idque
611 2575 910 2652 judicium
955 2576 1314 2635 instituetur
1358 2594 1553 2635 coram
1588 2574 1793 2651 judice
1838 2572 2139 2645 omniscio,
2187 2573 2359 2649 cujus
2403 2572 2592 2632 oculis
2636 2571 2834 2631 omnia
2876 2571 3023 2629 sunt

408 2666 571 2728 nuda
602 2668 663 2725 et
693 2668 897 2743 aperta
925 2664 1108 2725 Hebr.
1143 2675 1199 2736 4,
1242 2677 1267 2728 1
1284 2674 1339 2737 3,
1388 2665 1488 2743 qui
1527 2664 1899 2724 scrutabitur
1928 2662 2278 2734 Jerusalem,
2324 2662 2550 2721 animas
2581 2661 2676 2721 vel
2698 2660 2911 2736 justas,
2959 2658 3021 2717 in

408 2756 666 2817 lucernis
700 2755 875 2833 Soph.
916 2766 969 2826 1,
1010 2764 1107 2818 12.
1170 2755 1250 2813 Et
1293 2757 1348 2813 si
1384 2757 1575 2828 justus
1605 2757 1703 2814 vix
1733 2754 2071 2829 salvabitur,
2101 2754 2321 2826 impius
2350 2759 2401 2811 et
2420 2758 2691 2826 peccator
2720 2750 2820 2808 ubi
2839 2767 3021 2823 pare-

408 2846 597 2906 bunt?
639 2857 691 2908 1.
711 2845 870 2907 Petr.
893 2855 949 2915 4,
992 2856 1017 2906 1
1033 2855 1089 2908 8.
1120 2844 1367 2920 Propter
1384 2845 1552 2920 quod,
1585 2846 1903 2919 carissimi,
1932 2844 2070 2902 haec
2100 2849 2505 2918 exspectantes,
2538 2842 2784 2916 sataqite
2812 2841 3021 2898 imma-

410 2937 588 2995 culati
620 2942 671 2993 et
700 2935 963 2993 inviolati
994 2935 1045 2991 ei
1074 2935 1325 2992 inveniri
1355 2935 1415 2991 in
1438 2952 1585 3008 pace
1619 2942 1674 2995 2.
1706 2933 1871 2992 Petri
1903 2941 1961 3004 3,
2002 2941 2098 2994 14.

587 3020 652 3089 3.
684 3024 790 3082 Est
819 3041 979 3083 mors
1011 3022 1318 3099 ingressus
1347 3022 1412 3080 in
1443 3021 1856 3081 aeternitatem
1874 3024 2119 3098 propter
2141 3019 2359 3097 judicii
2390 3019 2843 3089 exsecutionem,
2881 3035 3032 3094 quae

407 3114 570 3173 illico
593 3113 895 3189 judicium
926 3112 1145 3188 excipit
1175 3106 1261 3194 (n.
1296 3107 1480 3191 64o):
1527 3130 1665 3170 nam
1708 3116 1974 3170 mortuus
2018 3117 2098 3169 est
2139 3111 2293 3168 dives
2335 3116 2387 3167 et
2431 3110 2687 3184 sepultus
2731 3114 2810 3167 est
2842 3109 2908 3166 in
2938 3108 3031 3165 in-

408 3205 596 3279 ferno.
657 3201 847 3271 Quam
878 3199 1174 3260 horrenda
1204 3200 1537 3272 translatiO,
1583 3219 1652 3259 ex
1685 3199 1913 3259 deliciis
1946 3199 2010 3257 in
2041 3199 2238 3259 locum
2266 3201 2721 3260 tormentorum.
2782 3197 3028 3255 Factum

412 3300 494 3351 est
536 3299 730 3351 autem
773 3298 837 3349 ut
880 3297 1203 3350 moreretur
1247 3291 1537 3349 mendicus
1580 3292 1633 3348 et
1671 3295 2011 3365 portaretur
2052 3289 2127 3347 ab
2172 3288 2390 3366 anyelis
2433 3290 2497 3346 in
2527 3289 2719 3346 sinum
2753 3286 3029 3346 Abrahae

409 3382 548 3441 Luc.
575 3393 600 3443 1
616 3390 673 3453 6,
710 3388 810 3442 22.
858 3379 1044 3449 Quale
1075 3379 1384 3439 solatium!
1434 3379 1606 3438 Beati
1634 3381 1869 3455 mortui,
1904 3379 2006 3455 qui
2034 3379 2097 3437 in
2124 3378 2373 3438 Domino
2405 3379 2754 3436 moriuntur.
2805 3377 3032 3434 Amodo

408 3473 537 3546 jam
567 3471 708 3529 dicit
738 3469 998 3545 Spiritus
1027 3476 1092 3527 ut
1122 3471 1477 3546 requiescant
1517 3488 1556 3527 a
1601 3467 1896 3528 laboribus
1924 3469 2085 3525 suis:
2129 3483 2308 3545 opera
2340 3468 2490 3524 enim
2521 3467 2757 3525 illorum
2787 3483 3031 3542 sequun-

411 3568 515 3620 tur
543 3561 671 3618 illos
700 3560 878 3634 Apoc.
918 3568 1014 3629 14,
1055 3566 1150 3622 13.

599 3692 746 3746 691.
779 3677 884 3745 II.
918 3682 1296 3741 Horrendum
1327 3688 1407 3740 est
1436 3682 1685 3740 incidere
1714 3684 1779 3741 in
1808 3701 2018 3741 manus
2038 3682 2150 3740 Dei
2178 3677 2416 3740 viventis
2447 3680 2625 3740 Hebr.
2654 3689 2750 3750 10,
2776 3689 2876 3742 31.
2909 3677 3036 3738 Hoc

413 3771 632 3847 probat
660 3769 1060 3830 infernus:
1094 3772 1266 3848 cujus
1287 3770 1543 3830 describi
1570 3773 1773 3848 potest
1804 3772 1865 3835 1.
1897 3771 2275 3830 latitudo:
2307 3771 2597 3847 punietur
2627 3769 2786 3827 enim
2816 3770 3036 3826 totus

417 3860 593 3919 homo
626 3859 954 3919 secundum
987 3878 1191 3920 omnes
1223 3878 1361 3919 suas
1392 3860 1722 3932 facultates,
1755 3860 2078 3936 appetitus,
2127 3877 2356 3931 sensus,
2402 3858 2696 3928 membra:
2742 3859 2836 3926 est
2877 3857 3039 3916 enim

414 3951 575 4009 locus
603 3956 1016 4008 tormentorum
1044 3949 1184 4010 Luc.
1226 3960 1321 4020 16,
1361 3958 1461 4013 28.
1524 3950 1659 4009 Huc
1689 3953 1963 4026 spectant
1993 3968 2145 4026 quae
2174 3949 2433 4008 diximus
2467 3967 2525 4008 n.
2561 3956 2706 4010 650.

598 4035 665 4103 2.
698 4038 1239 4098 Altitudinem
1283 4039 1552 4116 perspice
1602 4057 1671 4098 ex
1716 4039 1990 4098 dolorum
2020 4038 2339 4098 acerbitate
2370 4039 2432 4096 et
2462 4036 2816 4109 intensione,
2862 4055 3040 4111 quam

418 4127 673 4187 maxime
704 4127 1049 4187 manifestat
1079 4128 1370 4188 horrenda
1399 4146 1592 4204 poena
1620 4128 1802 4206 ignis,
1834 4128 1908 4187 de
1940 4147 2058 4204 qua
2086 4127 2157 4187 cf.
2190 4128 2363 4205 plura
2391 4145 2450 4186 n.
2486 4135 2610 4189 652
2648 4143 2725 4184 ss,

600 4212 668 4280 3.
701 4216 1334 4277 Profunditatem
1366 4218 1591 4294 conjice
1633 4218 1684 4277 si
1714 4220 1888 4294 potes
1918 4237 1988 4277 ex
2015 4236 2206 4295 poena
2236 4216 2438 4275 damni
2469 4233 2603 4274 cum
2635 4213 3045 4273 maledictione

424 4304 627 4365 divina
656 4306 1008 4381 conjuncta:
1055 4307 1339 4365 Discedite
1383 4326 1421 4367 a
1465 4326 1554 4366 me
1582 4308 1874 4366 maledicti
1903 4308 2111 4366 Matth.
2146 4315 2247 4378 25,
2283 4314 2385 4377 41,
2433 4322 2612 4380 quam
2658 4303 3048 4379 consequitur

423 4394 795 4453 incredibilis
827 4395 1167 4466 infelicitas,
1199 4395 1504 4467 desolatio,
1538 4397 1629 4456 ira
1659 4399 1721 4456 et
1751 4397 1924 4468 livor,
1971 4395 2337 4473 desperatio:
2382 4392 2730 4453 terribiliter
2759 4390 3046 4469 adimple-

415 4483 620 4542 bitur:
655 4484 925 4543 Peccator
953 4485 1164 4544 videbit
1194 4491 1246 4544 et
1274 4487 1578 4562 irascetur,
1613 4487 1879 4545 dentibus
1907 4487 2033 4545 suis
2063 4488 2265 4561 fremet
2294 4491 2345 4542 et
2373 4484 2611 4543 tabescet
2631 4502 2652 4541 .·
2695 4482 3047 4540 desiderium

413 4579 788 4654 peccatorum
808 4574 1029 4647 peribit
1060 4569 1143 4655 (n.
1180 4569 1354 4657 661),
1388 4574 1453 4632 in
1486 4575 1705 4650 quibus
1736 4574 1981 4653 singula
2009 4577 2156 4634 sunt
2183 4572 2565 4650 expendenda
2595 4571 2788 4630 verba.

603 4674 669 4746 4.
699 4679 1318 4758 Longitudinem
1348 4697 1521 4739 cerne
1551 4680 1616 4739 in
1646 4699 1975 4758 poenarum
2003 4679 2225 4739 inferni
2255 4677 2738 4738 aeternitate
2769 4672 2853 4760 (n.
2876 4667 3049 4758 65¹1),

416 4786 462 4826 -e
507 4767 727 4843 quibus
772 4770 941 4829 nulla
984 4769 1333 4847 redemptio,
1384 4788 1639 4845 quarum
1668 4770 1839 4829 nulla
1867 4768 2170 4841 relaxatio,
2215 4769 2280 4827 in
2323 4766 2546 4843 quibus
2578 4767 2819 4844 requies
2850 4766 3049 4826 nulla:

413 4858 628 4934 sumus
658 4865 1072 4919 tormentorum
1103 4877 1301 4918 eorum
1333 4860 1594 4918 ascendet
1623 4861 1685 4917 in
1717 4860 1906 4919 secuda
1924 4861 2284 4919 seculorum:
2310 4876 2412 4917 nec
2441 4857 2649 4918 habent
2680 4858 2933 4934 requiem
2964 4856 3056 4914 die
