3538 5364
1314 297 1402 348 est
1425 295 1695 350 offerrens
1721 294 2078 365 principalia.
2862 303 2989 367 407

374 482 546 539 xime
577 474 882 539 sacerdos
912 474 1203 538 minister
1234 474 1557 554 propriam
1589 475 1764 538 exuit
1794 490 2137 555 personam
2186 479 2377 555 atque
2409 490 2757 554 personam
2789 474 2991 539 induit

376 581 610 646 Christi
625 580 875 646 dicens:
898 580 1036 643 Hoc
1054 592 1139 643 est
1158 599 1383 663 corpus
1402 600 1626 661 meum,
1647 579 1877 661 quibus
1894 579 2298 644 consecratio
2314 578 2639 661 perficitur
2654 581 2738 664 (n.
2751 584 2882 650 445
2895 583 2990 666 s.).

376 688 536 751 Hinc
555 688 621 757 3.
644 694 863 770 patres
883 692 1220 762 testantur,
1241 685 1562 751 Christum
1584 688 1869 768 seipsum
1883 686 1949 749 in
1964 686 2088 749 hoc
2105 686 2333 751 offerre
2349 685 2658 751 sacrificio
2676 687 2761 772 (n.
2779 692 2904 755 407
2920 689 2992 771 ὁ).

376 794 641 860 Accedit
681 794 749 860 4.
799 792 1098 874 analogia
1146 810 1291 857 cum
1343 793 1782 867 sacramentis,
1835 793 1899 856 in
1944 792 2178 874 quibus
2223 791 2517 874 princeps
2563 799 2660 857 est
2705 793 2994 858 minister

379 901 464 985 (n.
501 901 655 986 260)
689 908 757 965 et
784 901 925 980 ipsa
955 899 1300 964 sacerdotii
1331 900 1397 963 in
1426 899 1713 963 Ecclesia
1742 899 2008 964 indoles,
2070 896 2234 963 Sunt
2273 898 2528 980 quidem
2561 898 2853 965 homines
2885 918 2991 963 sa-

377 1007 689 1085 cerdoteS,
727 1006 841 1071 sed
874 1006 1061 1070 simul
1093 1006 1481 1084 ministri,
1513 1006 1684 1070 vices
1718 1004 1949 1070 Christi
1981 1011 2276 1087 gerentes
2309 1011 2370 1069 et
2404 1023 2521 1086 pro
2553 1006 2691 1086 ipso
2726 1005 2991 1087 fungen-

376 1121 475 1179 tes
505 1114 842 1194 legatione.
905 1112 1122 1192 Quare
1154 1115 1290 1196 ipse
1323 1114 1613 1178 Christus
1645 1114 1942 1195 princeps
1976 1120 2074 1179 est
2104 1114 2427 1178 sacerdos.

554 1242 701 1306 423.
733 1237 1283 1306 Demonstratlo
1313 1258 1380 1324 p.
1416 1239 1519 1305 11.
1582 1235 1769 1303 Solos
1814 1238 2184 1302 sacerdotes
2228 1256 2420 1319 posse
2453 1240 2575 1302 hoc
2606 1239 2991 1302 sacrificium

379 1344 626 1421 offerre,
660 1346 1042 1410 enunciatur
1072 1346 1136 1409 in
1170 1344 1565 1427 professione
1615 1344 1761 1410 fidei
1796 1345 1878 1408 ab
1911 1344 2402 1410 Innocentio
2435 1344 2525 1409 ΙΙΙ.
2559 1343 2994 1409 waldensibus

380 1451 852 1531 praescriptae:
923 1450 1254 1525 ¹,Firmiter
1300 1451 1619 1515 credimus
1665 1458 1729 1514 et
1775 1451 2170 1528 confitemur,
2222 1452 2392 1534 quod
2428 1459 2996 1534 quantumcunque

380 1557 643 1639 quilibet
674 1558 1001 1635 honestuS,
1034 1558 1384 1638 religiosuS,
1417 1563 1680 1622 sanctus
1714 1565 1780 1622 et
1810 1558 2089 1639 prudens
2122 1560 2220 1634 sit,
2267 1577 2399 1622 non
2428 1565 2644 1641 potest
2673 1559 2773 1622 vel
2804 1558 2998 1623 debet

378 1662 831 1727 eucharistiam
864 1680 1246 1728 consecrare
1279 1664 1379 1728 vel
1412 1663 1631 1727 altaris
1661 1664 2043 1727 sacrificium
2063 1666 2396 1741 conficere,
2417 1665 2540 1729 nisi
2560 1665 2641 1727 sit
2660 1664 2997 1747 presbyter

375 1787 417 1832 a
448 1769 676 1833 visibili
709 1768 992 1850 tangibili
1026 1769 1329 1851 episcopo
1361 1769 1739 1850 regulariter
1771 1770 2101 1835 ordinatus
2136 1821 2148 1835 .
2183 1821 2196 1833 .
2230 1821 2244 1835 .
2277 1770 2424 1836 Ideo
2475 1771 2739 1835 firmiter
2783 1772 2994 1836 credi-

376 1895 520 1939 mus
553 1885 617 1940 et
650 1875 939 1951 fatemur,
974 1875 1145 1957 quod
1179 1875 1540 1957 quicunque
1572 1876 1708 1940 sine
1742 1875 2155 1957 praecedenti
2206 1876 2608 1942 ordinatione
2641 1877 2992 1959 episcopali

375 1983 576 2047 credit
607 1989 670 2048 et
705 1982 1050 2057 contendit,
1082 2001 1154 2047 se
1184 2000 1376 2064 posse
1408 1982 1791 2046 sacrificium
1825 1982 2252 2047 eucharistiae
2286 1982 2512 2061 facere,
2532 1985 2895 2050 haereticus
2929 1993 2998 2049 et

374 2090 748 2172 perditionis
782 2089 946 2154 Core
980 2096 1045 2156 et
1075 2108 1342 2153 suorum
1387 2089 1769 2170 complicum
1803 2096 1902 2154 est
1931 2089 2250 2171 particeps
2284 2096 2477 2172 atque
2511 2110 2779 2155 consors
2812 2100 2876 2158 et
2907 2091 2994 2156 ab

375 2196 551 2260 omni
580 2204 807 2260 sancta
838 2213 1111 2261 romana
1142 2194 1430 2261 Ecclesia
1460 2195 1892 2276 segregandus
1909 2198 2012 2283 1).‘

553 2321 616 2388 1.
649 2319 978 2401 Colligitur
1008 2321 1169 2385 haec
1201 2321 1437 2383 veritas
1469 2337 1550 2383 ex
1596 2339 1806 2385 nexu
1852 2321 2016 2385 inter
2062 2319 2581 2384 sacrificium
2627 2328 2692 2385 et
2722 2340 2991 2387 sacer·

375 2427 715 2501 dotium:
750 2444 1022 2510 quorum
1054 2446 1254 2489 unum
1285 2427 1561 2492 alterum
1592 2427 1894 2508 supponit
1927 2426 2026 2514 (cf.
2064 2432 2101 2489 t.
2135 2425 2199 2489 ll.
2235 2447 2292 2490 n.
2326 2430 2517 2513 639);

551 2553 620 2618 2.
652 2570 731 2616 ex
752 2550 1076 2615 luculenta
1095 2551 1418 2615 Ecclesiae
1453 2551 1744 2616 doctrina
1778 2558 1843 2616 et
1872 2553 2124 2632 praxi,
2159 2570 2324 2633 quae
2359 2552 2684 2615 ministros
2719 2553 2991 2634 presby-

377 2658 529 2723 teris
560 2657 890 2723 inferiores
925 2676 964 2722 a
995 2659 1230 2723 missae
1264 2658 1589 2723 oblatione
1620 2659 1721 2723 vel
1753 2659 1818 2722 in
1851 2659 2235 2724 necessitate
2268 2659 2645 2740 gravissima
2676 2666 2869 2725 arcet.

551 2791 643 2848 Ita
673 2790 738 2848 in
769 2809 891 2847 can.
916 2799 950 2853 8
987 2807 1147 2851 conc.
1178 2788 1489 2847 nicaeni
1521 2788 1809 2865 legimus:
1846 2789 2165 2858 ,Pervenit
2195 2788 2267 2847 ad
2299 2790 2569 2848 sanctum
2589 2808 2993 2866 magnumque

372 2879 705 2949 concilium,
753 2878 913 2954 quod
957 2878 1019 2936 in
1066 2877 1426 2953 quibusdam
1455 2877 1602 2936 locis
1634 2883 1695 2936 et
1725 2878 2072 2938 civitatibus
2101 2878 2474 2955 presbyteris
2505 2879 2756 2955 gratiam
2788 2896 2985 2937 sacrae

373 2968 804 3027 communionis
838 2967 1067 3026 diaconi
1098 2967 1435 3043 porrigant:
1470 2967 1629 3041 quod
1661 2985 1771 3024 nec
1801 2967 2009 3043 regula
2040 2986 2146 3026 nec
2177 2968 2543 3026 consuetudo
2576 2967 2776 3038 tradit,
2809 2971 2881 3025 ut
2913 2967 2991 3025 ab

371 3056 483 3127 his,
519 3056 623 3132 qui
656 3059 1007 3133 potestatem
1039 3074 1160 3114 non
1192 3055 1414 3114 habent
1444 3055 1744 3126 offerendi,
1779 3056 1890 3125 illi,
1937 3056 2042 3131 qui
2073 3057 2347 3127 offerunt,
2394 3075 2608 3132 corpus
2641 3056 2859 3114 Christi
2893 3075 2989 3116 ac-

372 3145 651 3220 cipiant.‘
717 3146 863 3204 Cum
895 3144 1372 3203 Athanasius
1402 3145 1476 3203 ab
1508 3143 1726 3203 arianis
1759 3148 2132 3204 accusaretur
2164 3145 2478 3222 sacrilegii,
2518 3145 2678 3220 quod
2710 3164 2777 3204 eo
2807 3145 2988 3204 insti-

370 3237 567 3311 gante,
602 3253 736 3292 cum
767 3234 1041 3310 Ischyras
1074 3233 1420 3293 sacrificium
1456 3234 1797 3302 celebraret,
1846 3233 2181 3292 confractus
2214 3234 2397 3293 fuerit
2427 3234 2593 3306 calix,
2641 3235 2833 3293 omnis
2865 3235 2989 3293 dis-

372 3323 566 3398 sipata
595 3323 711 3382 fuit
741 3324 1036 3382 accusatio
1069 3323 1250 3381 semel
1282 3341 1349 3381 ac
1380 3323 1666 3392 constitit,
1700 3322 1999 3398 Ischyram
2031 3341 2150 3381 non
2182 3323 2367 3382 fuisse
2386 3324 2835 3401 presbyterum:
2872 3343 2994 3398 qua

371 3412 445 3471 de
475 3431 540 3470 re
571 3412 659 3470 ita
689 3413 847 3488 apud
879 3411 1271 3471 Hilarium
1303 3411 1559 3487 legimus
1572 3411 1654 3488 ²):
1706 3412 1904 3479 ¹,Reus
1938 3411 2327 3484 (Athanasius
2359 3411 2433 3471 ab
2466 3409 2711 3492 arianis)
2742 3413 2988 3489 presby-

370 3501 483 3559 teri
527 3500 623 3559 sui
668 3501 896 3577 impetu
935 3500 1258 3559 disturbati
1290 3500 1495 3558 altaris
1543 3501 1605 3557 in
1650 3500 1782 3575 ipso
1828 3501 2244 3560 sacrificiorum
2287 3504 2570 3577 tempore,
2617 3502 2723 3561 ubi
2771 3502 2992 3577 Scyrus

370 3589 679 3665 presbyter
708 3588 1039 3659 assistebat,
1073 3589 1365 3666 arguitur.
1429 3592 1644 3664 Scyrus
1680 3589 1995 3666 presbyter
2040 3593 2294 3666 negatur
2337 3595 2398 3648 et
2444 3589 2708 3649 criminis
2755 3589 2992 3648 falsitas

370 3697 506 3737 cum
537 3680 775 3737 auctore
807 3679 1139 3738 damnatur.
1204 3679 1386 3736 Porro
1418 3682 1618 3736 autem
1651 3678 1919 3737 sacrificii
1952 3697 2100 3754 opus
2151 3680 2280 3737 sine
2327 3678 2675 3755 presbytero
2707 3696 2836 3737 esse
2867 3697 2987 3736 non

370 3767 631 3842 potuit‘
669 3801 748 3811 —
783 3770 873 3826 lta
902 3768 1081 3826 etiam
1114 3766 1349 3825 Hiero
1368 3785 1640 3842 nymus
1671 3767 1956 3826 adversus
1986 3767 2388 3826 luciferianos:
2424 3767 2751 3837 ,Hilarius,
2786 3767 2994 3840 inquit

371 3875 427 3913 n.
464 3864 564 3928 21,
610 3874 747 3915 cum
792 3856 1073 3916 diaconus
1113 3857 1184 3914 de
1217 3855 1477 3914 Ecclesia
1507 3856 1818 3915 recesserit
1849 3899 1863 3913 .
1897 3899 1910 3913 .
1944 3900 1957 3913 .
2004 3874 2196 3930 neque
2241 3856 2660 3915 eucharistiam
2705 3856 2990 3914 conficere

368 3947 587 4021 potest,
621 3945 929 4022 episcopos
960 3951 1020 4004 et
1052 3944 1429 4021 presbyteros
1460 3963 1583 4003 non
1614 3945 1898 4003 habens.⁴1
1949 3944 2157 4020 Neque
2188 3950 2313 4003 tam
2343 3945 2512 4003 facile
2542 3945 2744 4003 fideles
2771 3945 2987 4002 eucha-

369 4034 603 4093 ristiam
635 4053 834 4094 secum
870 4035 1109 4093 domum
1141 4034 1445 4105 tulissent,
1482 4034 1533 4092 si
1565 4038 1626 4092 et
1658 4034 1792 4092 laici
1824 4034 2167 4108 potuissent
2196 4051 2550 4096 consecrare.

590 4197 626 4265 ¹)
655 4192 737 4248 Cf.
765 4193 938 4248 etiam
966 4212 1119 4250 conc.
1151 4195 1642 4249 lateranense
1671 4195 1765 4252 1V.
1787 4211 1908 4263 cap,
1938 4204 1960 4251 l
1996 4195 2327 4256 „Firmiter“
2353 4217 2364 4254 ;
2392 4194 2781 4265 Eugenius
2811 4195 2903 4248 IV.
2926 4194 2988 4248 in

369 4276 631 4329 instruct.
658 4294 760 4347 pro
787 4277 1064 4338 armenis:
1094 4295 1249 4332 conc.
1278 4281 1303 4330 t
1318 4295 1345 4330 r
1360 4276 1381 4330 i
1397 4278 1433 4330 d
1450 4294 1479 4330 e
1499 4295 1533 4329 n
1552 4277 1611 4330 ti
1628 4295 1665 4329 n
1686 4295 1721 4330 u
1740 4296 1795 4329 m
1824 4294 1953 4331 sess.
1982 4281 2049 4332 22
2077 4293 2201 4329 can.
2230 4285 2278 4333 2.

584 4357 627 4423 ⁸)
655 4355 719 4408 In
748 4356 1069 4426 fragmento
1098 4363 1130 4411 2
1155 4374 1213 4412 n.
1246 4361 1323 4411 16.
1374 4355 1457 4411 cf.
1485 4354 1659 4408 etiam
1686 4372 1774 4425 ep.
1804 4354 2032 4410 concilii
2059 4355 2177 4409 ale
2194 4373 2229 4408 x
2246 4371 2279 4408 a
2295 4374 2332 4408 n
2350 4355 2383 4408 d
2404 4354 2560 4408 rini
2587 4355 2743 4425 apud
2773 4357 2821 4408 A
2839 4356 2915 4408 th
2933 4372 2993 4408 a·

370 4434 664 4489 nauium
703 4437 853 4506 apol.
879 4441 910 4489 2
939 4439 1136 4492 contra
1161 4435 1404 4490 arianos.
1459 4435 1541 4489 Cf.
1568 4435 1638 4489 de
1667 4436 1996 4506 Augusti
2019 4436 2132 4488 nis
2160 4457 2215 4508 p.
2244 4445 2275 4493 2
2302 4453 2353 4490 a.
2383 4445 2413 4491 5
2441 4436 2522 4489 th.
2551 4441 2649 4493 11:
2700 4435 2761 4488 in
2789 4434 2993 4504 primis

368 4531 500 4569 vere
528 4514 570 4568 P
588 4516 843 4569 etaviu
861 4534 886 4570 s
926 4515 987 4569 in
1015 4516 1281 4580 diatriba,
1326 4516 1396 4569 de
1423 4517 1705 4585 potestate
1734 4517 2101 4571 consecrandi
2130 4521 2187 4570 et
2213 4517 2571 4571 sacrificandi
2598 4515 2991 4570 sacerdotibus

366 4613 403 4648 a
432 4594 548 4650 Deo
575 4613 856 4660 concessa,
882 4596 945 4650 in
972 4614 1087 4665 qua
1114 4596 1329 4650 refellit
1355 4596 1422 4653 H.
1452 4595 1495 4650 G
1514 4614 1543 4648 r
1560 4614 1591 4650 o
1610 4597 1725 4649 tiu
1746 4615 1817 4661 m,
1860 4596 1963 4664 qui
2003 4596 2063 4650 in
2092 4597 2225 4651 diss.
2254 4596 2409 4652 edita
2441 4599 2578 4653 1637
2604 4596 2989 4660 contenderat,

367 4674 737 4731 consecrandi
764 4676 1040 4732 dominici
1067 4677 1319 4747 corporis
1346 4679 1684 4747 potestatem
1707 4693 1775 4728 ex
1802 4692 1986 4744 aequo
2015 4677 2343 4731 christianis
2396 4677 2664 4732 omnibus
2692 4692 2726 4730 a
2762 4675 2990 4730 Christo

367 4775 487 4813 esse
515 4773 851 4822 concessam,
880 4759 976 4813 sed
1002 4757 1102 4823 ita,
1130 4760 1198 4811 ut
1222 4757 1358 4811 laici
1384 4761 1541 4811 extra
1567 4756 1924 4810 necessitatis
1950 4773 2143 4811 casum
2171 4774 2293 4812 eam
2322 4757 2558 4812 minime
2586 4758 2879 4826 usurpent.
