3538 5364
491 255 623 319 700
1709 247 1900 303 Index.

1560 517 1918 586 Tractatus
1952 520 2039 587 ΙΧ.

1349 649 1492 731 De
1537 650 2230 744 sacramentis,

852 810 1348 863 Sacramentorum
1379 812 1733 864 momentum
1758 812 1817 864 et
1842 814 2194 882 praestantia
2291 852 2304 866 .

1463 1026 1468 1029 Δ
1546 936 1596 1000 Ρ
1613 957 1652 1001 a
1668 958 1699 1002 r
1714 958 1745 1001 s
1793 959 1833 1020 p
1850 958 1881 1002 r
1898 939 1993 1003 im
2012 959 2068 1003 a.

1273 1052 1376 1118 Dc
1411 1051 1906 1121 sacramentis
1939 1055 2018 1122 in
2051 1074 2344 1139 genere.

1667 1175 1876 1259 Caput
1905 1177 1944 1240 I.

1356 1302 1442 1355 De
1472 1302 1986 1356 sacramentorum
2014 1304 2257 1358 natura.

1506 1434 1817 1493 Articulus
1850 1435 2094 1510 primus.

823 1551 917 1604 De
958 1568 1208 1605 eorum
1245 1550 1580 1615 notione,
1619 1550 2088 1625 essxsistentia
2126 1552 2198 1603 et
2234 1550 2797 1605 convenientia.

821 1730 830 1742 ,
861 1668 1214 1739 Sacramenti
1240 1667 1399 1722 notio
1498 1708 1511 1721 .

860 1758 1356 1812 sacramentorum
1382 1756 1714 1811 exsistentia
1824 1799 1837 1812 .

862 1846 1356 1900 Sacramentorum
1383 1843 1784 1900 convenientia
1824 1887 1837 1898 .

1489 2016 1800 2074 Articulus
1833 2015 2146 2075 secundus,

1253 2132 1348 2186 De
1389 2132 1688 2187 virtute
1729 2135 2388 2188 sacramentorum.

1170 2249 1196 2306 ξ
1228 2248 1272 2296 l.
1301 2239 1382 2293 De
1410 2238 1689 2309 operandi
1713 2238 1935 2293 ratione
1963 2241 2461 2293 sacramentorum.

505 2348 708 2403 Thesis
735 2351 855 2407 208.
883 2346 990 2400 Per
1029 2348 1383 2400 sacramenta
1423 2345 1495 2398 N.
1521 2345 1585 2401 Τ.
1625 2348 1921 2414 tamquam
1965 2362 2066 2415 per
2106 2361 2304 2399 causas
2342 2341 2807 2399 instrumentales

935 2436 1230 2491 confertur
1255 2434 1445 2506 gratia
1509 2476 1520 2488 .

511 2527 711 2582 Thesis
737 2532 858 2597 209.
885 2526 1158 2580 Doctrina
1177 2525 1620 2597 protestantium
1637 2525 1707 2579 de
1720 2524 2029 2580 efficientia
2040 2526 2520 2580 sacramentorum
2530 2525 2617 2577 est
2626 2521 2771 2576 falsa

864 2614 946 2669 De
973 2614 1252 2669 formula:
1279 2631 1348 2668 ex
1376 2629 1543 2685 opere
1571 2615 1845 2694 operato.

863 2704 1130 2770 Quaestio
1157 2702 1496 2759 scholastica
1536 2703 1606 2756 <le
1646 2691 1984 2757 causalitate
2024 2702 2256 2774 propria
2295 2704 2808 2756 sacramentorum:

867 2792 1095 2865 Duplex
1125 2792 1411 2848 sententia
1436 2792 1505 2847 de
1533 2795 2019 2847 sacramentorum
2048 2791 2384 2846 causalitate
2411 2791 2649 2862 physica

819 2913 830 2927 ·
866 2882 1161 2937 Sententia
1187 2883 1256 2936 de
1282 2881 1628 2936 causalitate
1645 2880 1851 2935 morali
1877 2881 2184 2952 exponitur

868 2973 1081 3038 Quarta
1110 2973 1396 3026 sententia
1421 2971 1807 3025 recentiorum
1833 2969 2175 3041 proponitur

1293 3091 1320 3183 ξ
1347 3121 1398 3169 2.
1426 3114 1506 3168 De
1534 3115 1831 3170 effectibus
1858 3117 2358 3168 sacramentorum.

869 3224 950 3277 De
978 3223 1165 3294 gratia
1192 3239 1367 3292 quam
1395 3222 1700 3276 conferunt
1724 3223 2079 3274 sacramenta
2152 3262 2164 3273 .

867 3312 947 3365 De
977 3310 1377 3366 reviviscentis
1404 3310 1623 3381 gratiae
1677 3350 1689 3362 .

869 3401 1187 3456 Conferunt
1210 3402 1564 3454 sacramenta
1590 3399 1837 3469 gratiam
1864 3401 2329 3454 sacramentalem

514 3489 713 3545 Thesis
742 3495 847 3546 210
872 3490 1007 3544 Tria
1034 3491 1386 3543 sacramenta
1427 3488 1774 3559 imprimunt
1811 3488 2213 3554 characterem,
2254 3488 2479 3558 signum
2510 3486 2810 3559 spirituale

941 3578 1248 3634 indelebile
1352 3621 1364 3633 .

766 3691 773 3698 ·
871 3668 1020 3734 Quid
1047 3668 1122 3721 sit
1144 3668 1440 3722 character

871 3759 907 3812 S
924 3776 952 3812 c
970 3760 1007 3812 h
1026 3758 1129 3814 oli
1146 3775 1177 3812 o
1195 3777 1234 3812 n
1287 3760 1325 3813 1.
1360 3758 1697 3813 Differentia
1724 3758 1875 3812 inter
1901 3760 2253 3811 sacramenta
2280 3759 2346 3812 V.
2374 3760 2431 3811 et
2458 3708 2526 3812 N.
2554 3756 2615 3810 Τ.

872 3848 907 3902 S
924 3867 952 3903 c
968 3849 1007 3902 h
1026 3865 1057 3902 o
1073 3849 1131 3902 l1
1148 3866 1180 3903 o
1197 3869 1235 3904 n
1285 3849 1351 3902 Π
1380 3847 1463 3901 De
1491 3846 2000 3901 sacramentalibus

1544 4035 1851 4093 Articulus
1884 4036 2115 4094 tertiae.

1276 4151 1372 4206 De
1412 4157 2061 4206 sacramentorum
2102 4156 2368 4205 causis

875 4258 955 4311 De
984 4258 1223 4312 materia
1250 4261 1310 4313 et
1335 4260 1516 4317 forma
1543 4262 2030 4314 sacramentorum

521 4347 721 4402 Thesis
749 4355 868 4405 211.
898 4348 1154 4403 Christus
1182 4348 1509 4404 immediate
1550 4352 1628 4404 et
1645 4365 1746 4419 per
1787 4365 1845 4403 se
1884 4352 1971 4403 est
1994 4353 2195 4405 auctor
2221 4349 2477 4404 omnium
2505 4363 2812 4402 sacr-amen

947 4441 1134 4492 torum
1190 4479 1202 4491 .
1993 4481 2005 4494 .
2153 4479 2165 4492 .
2638 4480 2650 4492 .

520 4526 722 4580 Thesis
749 4532 868 4583 212.
896 4526 1385 4582 Sacramentorum
1402 4529 1562 4582 valor
1578 4545 1693 4582 non
1708 4527 1926 4598 pendet
1938 4543 1973 4580 a
1988 4528 2293 4582 sanctitate
2306 4527 2393 4580 vel
2410 4526 2517 4580 fide
2529 4524 2774 4579 ministri

876 4615 910 4668 S
928 4632 957 4669 c
972 4615 1011 4668 h
1029 4632 1060 4668 o
1079 4615 1134 4669 li
1151 4634 1182 4669 o
1200 4635 1255 4672 n.
1284 4616 1536 4670 Intentio
1564 4614 1882 4671 necessaria
1908 4616 1968 4668 et
1990 4614 2280 4668 sufficiens
2319 4657 2332 4670 .

519 4702 727 4758 Thesis
754 4710 870 4760 213.
901 4703 1197 4760 (athai-ini
1223 4704 1508 4760 sententia
1533 4704 1603 4759 de
1632 4704 1956 4759 intentione
1982 4707 2216 4759 externa
2242 4703 2474 4757 admitti
2501 4702 2704 4770 nequit
2802 4744 2814 4756 .

2898 427 3044 498 Pag.

3009 818 3123 868 208
