3538 5364
564 270 640 332 18
1254 260 1437 314 Tract.
1465 260 1614 315 VlII.
1641 261 1711 315 de
1737 261 1943 332 gratia.
1972 261 2204 316 Gratiae
2230 263 2472 316 actualis

740 442 799 508 l.
833 442 899 504 in
931 448 1420 522 operantem
1454 448 1519 506 et
1550 448 2163 524 cooperantem.
2209 442 2377 507 Illius
2409 445 2670 509 nomine
2705 464 2781 510 ea
2815 447 3179 527 intelligitur

558 548 778 629 gratia,
813 566 979 631 quae
1012 555 1318 629 operatur
1348 549 1414 611 in
1445 548 1634 613 nobis
1667 549 1806 613 sine
1838 549 2043 625 nobiS,
2077 549 2113 612 i.
2147 568 2200 614 e.
2245 549 2433 614 nobis
2474 551 2762 616 nondum
2793 551 2990 618 libere
3021 571 3176 618 coo-

555 654 948 737 perantibus,
969 653 1405 729 illuminando,
1428 655 1767 730 movendo,
1802 654 2139 719 alliciendo
2174 658 2291 720 etc.
2326 654 2698 738 Cooperans
2733 657 2976 735 dicitur,
3012 678 3177 741 quae

556 761 888 843 supposito
940 778 1262 826 consensu
1309 760 1515 825 inssuit
1564 761 1630 824 in
1681 766 1900 825 actum
1952 762 2373 828 deliberatum
2420 769 2484 829 et
2529 782 2659 846 qua
2702 764 2903 845 adjuti
2935 765 3178 829 bonum

560 886 921 949 operamur.

736 996 1066 1056 Fatendum
1097 1000 1297 1056 tamen
1328 1000 1436 1067 est,
1469 997 1616 1058 alios
1647 998 1822 1063 aliter
1852 997 2002 1056 hanc
2031 998 2319 1075 explicare
2351 999 2818 1073 distinctionem,
2868 1002 3026 1076 quod
3058 1020 3177 1060 non

554 1088 648 1144 est
676 1087 927 1145 mirum:
977 1086 1219 1144 nomina
1250 1087 1409 1145 enim
1440 1087 1582 1145 haec
1628 1089 1776 1145 sunt
1821 1092 1914 1145 sat
1956 1086 2435 1152 indeterminata.
2499 1089 2593 1148 Ita
2639 1089 2963 1149 secundum
2997 1091 3175 1149 Bel-

552 1175 970 1233 larminum
1003 1175 1075 1233 de
1107 1195 1192 1253 gr.
1225 1180 1287 1234 et
1318 1175 1419 1234 lib.
1452 1176 1575 1236 arb.
1614 1186 1663 1246 1,
1706 1185 1784 1238 14
1818 1177 2009 1252 gratia
2038 1195 2285 1252 operans
2319 1196 2389 1236 ea
2419 1181 2527 1249 est,
2561 1198 2712 1255 quae
2743 1183 3022 1255 operatur
3053 1180 3175 1254 pri-

552 1283 708 1323 mam
740 1264 997 1323 hominis
1030 1265 1402 1323 voluntatem
1431 1264 1649 1324 bonam
1682 1264 2100 1336 deliberatam:
2136 1284 2454 1341 cooperans
2488 1284 2646 1338 vero,
2680 1286 2832 1344 quae
2863 1286 2973 1327 nos
3005 1268 3176 1344 adju-

554 1355 671 1421 vat,
705 1356 1023 1429 postquam
1048 1355 1174 1428 jam
1206 1353 1434 1429 aliquid
1465 1354 1608 1413 boni
1639 1353 1939 1431 egerimus
1970 1354 2161 1430 priori
2192 1356 2385 1431 gratia
2416 1357 2610 1432 adjuti
2640 1358 2914 1433 petend0,
2950 1357 3178 1415 deside-

550 1443 737 1502 rando
770 1446 898 1512 etc„
946 1442 1020 1500 ad
1066 1442 1384 1501 ulteriores
1431 1447 1599 1502 actus
1646 1443 1955 1502 salutares.
1989 1476 2076 1487 --
2108 1444 2443 1502 Secundum
2476 1445 2622 1504 alios
2653 1445 2876 1522 gratiae
2907 1446 3179 1522 operanti

550 1531 871 1590 tribuenda
901 1534 991 1590 est
1022 1531 1159 1590 finis
1191 1531 1446 1591 intentio
1492 1533 1586 1591 vel
1632 1535 1802 1591 actus
1849 1532 2117 1591 elicitus:
2165 1535 2392 1610 gratiae
2424 1553 2561 1593 vero
2594 1535 2934 1610 cooperanti
2965 1536 3177 1594 electio

551 1620 884 1680 mediorum
916 1620 1009 1678 vel
1042 1622 1213 1679 actus
1244 1621 1590 1695 imperatus,
1622 1656 1711 1664 —
1742 1620 2025 1698 Theologi
2060 1622 2292 1680 scholae
2322 1623 2577 1699 gratiam
2607 1623 2990 1694 habitualem,
3032 1644 3176 1699 qua-

552 1714 728 1774 tenus
758 1727 866 1768 nos
903 1709 1234 1771 formaliter
1264 1710 1582 1769 constituit
1604 1711 1823 1785 jusum,
1855 1714 2071 1769 vocant
2100 1710 2356 1787 gratiam
2386 1716 2760 1787 operantem:
2808 1713 2974 1771 illam
3020 1714 3177 1772 enim

553 1800 711 1858 Deus
740 1799 805 1857 in
837 1798 1012 1857 nobis
1046 1798 1176 1857 sine
1194 1798 1368 1857 nobis
1389 1802 1703 1875 operatur:
1737 1801 2038 1875 quatenus
2069 1818 2208 1858 vero
2243 1819 2348 1875 per
2380 1800 2622 1860 habitus
2653 1805 2741 1860 est
2771 1801 2968 1876 operis
3002 1803 3174 1861 meri-

551 1887 692 1947 torii
724 1886 1103 1964 principium,
1135 1906 1263 1945 eam
1294 1886 1506 1947 dicunt
1528 1889 1783 1966 gratiam
1804 1891 2216 1964 cooperantem
2229 1884 2296 1970 ²).
2321 1922 2404 1931 —
2426 1890 2703 1949 Nostram
2724 1892 3173 1966 explicationem

552 1976 842 2053 expressit
872 1976 1374 2053 Augustinus
1408 1978 1446 2039 l.
1491 1989 1511 2040 1
1554 1978 1626 2035 de
1657 1977 1757 2036 lib.
1790 1976 1913 2035 arb.
1945 1994 1993 2035 c.
2022 1988 2096 2038 17
2132 1995 2191 2035 n.
2215 1986 2330 2040 33:
2365 1978 2553 2048 ,Quis
2583 1980 2759 2038 istam
2791 1979 2903 2038 etsi
2937 1999 3177 2055 parvam

553 2065 691 2124 dare
724 2071 993 2140 coeperat
1023 2058 1253 2147 (Petro)
1287 2066 1609 2139 caritatem,
1656 2067 1777 2125 nisi
1823 2065 1940 2135 ille,
1992 2064 2096 2141 qui
2135 2070 2448 2143 praeparat
2477 2069 2848 2127 voluntatem
2881 2072 2942 2128 et
2972 2087 3177 2144 coope-

554 2154 737 2214 rando
769 2154 1017 2230 perficit,
1065 2154 1223 2231 quod
1268 2156 1566 2231 operando
1601 2156 1855 2232 incipit?
1924 2153 2211 2223 Quoniam
2256 2156 2399 2231 ipse,
2450 2159 2524 2214 ut
2570 2157 2845 2229 velimuS,
2898 2162 3181 2232 operatur

556 2243 865 2318 incipiens,
902 2243 1006 2318 qui
1038 2244 1380 2303 volentibus
1414 2248 1764 2320 cooperatur
1783 2243 2090 2321 perficiens
2122 2287 2136 2301 .
2169 2287 2182 2300 .
2218 2289 2230 2301 .
2265 2245 2341 2302 Ut
2372 2262 2518 2320 ergo
2543 2245 2815 2315 velimu8‚
2849 2246 2974 2304 sine
3005 2246 3180 2306 nobis

554 2337 867 2408 operatur:
908 2351 1042 2391 cum
1075 2335 1276 2391 autem
1309 2334 1585 2392 volumus
1618 2336 1679 2392 et
1711 2334 1798 2392 sic
1827 2332 2127 2401 volumus,
2174 2334 2246 2390 ut
2291 2332 2592 2402 faciamus,
2626 2333 2939 2392 nobiscum
2970 2353 3179 2410 coope-

552 2425 753 2480 ratur:
786 2424 988 2480 tamen
1021 2422 1149 2481 sine
1164 2422 1296 2498 ipso
1328 2423 1423 2480 vel
1456 2425 1755 2499 operante,
1789 2423 1862 2479 ut
1891 2420 2166 2490 velimuS,
2202 2421 2297 2480 vel
2329 2426 2693 2497 cooperante,
2715 2441 2849 2481 cum
2881 2424 3177 2493 volumus,

552 2510 625 2569 ad
672 2510 826 2570 bona
869 2510 1109 2587 pietatis
1143 2529 1320 2587 opera
1348 2511 1502 2570 nihil
1535 2512 1859 2570 valemus.‘
1927 2509 2006 2566 Et
2048 2511 2494 2569 Bernardus
2541 2511 2613 2569 de
2660 2511 2761 2570 lib.
2807 2513 2932 2570 arb.
2966 2532 3025 2573 n.
3063 2523 3179 2577 47:

556 2600 734 2674 ,Ipsa
764 2601 956 2677 gratia
987 2600 1245 2659 liberum
1276 2600 1494 2658 excitat
1531 2598 1870 2673 arbitrium,
1920 2616 2057 2657 cum
2104 2598 2359 2658 seminat
2401 2600 2760 2677 cogitatum:
2808 2605 2998 2673 sanat,
3045 2622 3180 2661 cum

555 2687 837 2749 immutat
859 2689 1171 2760 affeetum3
1201 2688 1457 2760 roborat,
1491 2692 1563 2747 ut
1592 2690 1881 2765 perducat
1911 2687 1986 2746 ad
2017 2691 2245 2748 actum.
2280 2693 2493 2760 servat,
2527 2709 2602 2748 ne
2623 2691 2846 2750 sentiat
2865 2691 3178 2751 defectum.

555 2779 649 2839 Sic
680 2782 882 2837 autem
913 2779 1029 2836 ista
1062 2797 1197 2837 cum
1228 2778 1412 2837 libero
1445 2777 1696 2837 arbitrio
1718 2782 2011 2854 operatur,
2045 2780 2116 2835 ut
2148 2781 2381 2837 tantum
2415 2778 2478 2837 in
2508 2779 2698 2854 primo
2719 2780 2874 2838 illud
2897 2775 3181 2863 (liberum

555 2868 681 2926 scil.
716 2864 1060 2949 arbitrium)
1082 2867 1442 2942 praeveniat,
1477 2867 1541 2925 in
1572 2868 1788 2926 ceteris
1809 2867 2159 2926 comitetur:
2192 2867 2268 2926 ad
2300 2868 2407 2927 hoc
2437 2869 2650 2944 utique
2672 2870 3077 2944 praeveniens,
3112 2875 3183 2929 ut

548 2958 672 3032 jam
704 2957 819 3016 sibi
854 2953 1128 3032 deinceps
1161 2959 1571 3031 cooperetur.‘

732 3077 795 3146 2.
846 3076 1157 3140 Dividitur
1206 3075 1270 3137 in
1321 3075 1832 3139 excitantem
1883 3080 1948 3139 et
1998 3074 2548 3156 adjuvantem.
2610 3075 2722 3140 Illa
2772 3085 2870 3141 est
2919 3077 3178 3142 interior

553 3183 908 3259 illustratio,
944 3181 1297 3262 inspiratiO,
1330 3199 1458 3263 qua
1492 3181 1689 3244 homo
1725 3199 1764 3244 a
1797 3199 2026 3244 somno
2077 3183 2326 3263 peccati
2358 3189 2424 3247 et
2456 3189 2713 3264 torpore
2747 3185 3065 3249 excitatur
3096 3184 3177 3248 ad

554 3291 798 3354 bonum
830 3288 1149 3369 agendum
1182 3295 1295 3352 aut
1325 3289 1568 3352 malum
1616 3286 1984 3369 fugiendum
2010 3289 2198 3370 Juxta
2228 3289 2409 3353 illud:
2457 3292 2656 3374 Surqe
2700 3294 2806 3375 qui
2837 3292 3094 3375 dormis,
3125 3298 3180 3354 et

553 3417 810 3479 exsurqe
842 3418 882 3459 a
914 3397 1207 3459 mortuis.-
1247 3402 1302 3458 et
1332 3395 1716 3459 illuminabit
1749 3403 1806 3458 te
1847 3394 2129 3459 Christus
2161 3396 2313 3478 Eph.
2349 3401 2409 3473 5,
2449 3402 2547 3466 14.
2590 3387 2918 3478 Adjuvans
2952 3399 3177 3463 volun·

555 3508 755 3567 tatem
782 3502 966 3583 juvat
996 3502 1060 3565 in
1098 3502 1508 3584 exsequendo
1542 3521 1755 3584 opere,
1792 3502 1875 3565 ad
1907 3502 2079 3584 quod
2112 3501 2229 3567 fuit
2260 3504 2555 3567 excitata.

733 3628 795 3696 3.
827 3626 1139 3690 Dividitur
1169 3626 1234 3689 in
1266 3627 1955 3707 praevenientem
1986 3646 2101 3692 seu
2131 3634 2493 3705 vocantem,
2537 3630 3073 3693 comitantem
3116 3637 3182 3694 et

554 3732 1218 3816 subsequentem,
1264 3733 1444 3814 cujus
1477 3733 1845 3815 partitionis
1877 3753 2008 3797 non
2041 3733 2314 3799 obscure
2354 3736 2596 3799 mentio
2629 3735 2700 3801 fit
2730 3736 2796 3799 in
2826 3753 3006 3799 conc.
3041 3737 3179 3798 tri·-

554 3839 897 3905 dentino
930 3861 1084 3906 sess.
1119 3847 1158 3910 6
1196 3859 1246 3904 c.
1285 3845 1366 3909 16
1402 3841 1486 3928 (ιι.
1521 3841 1663 3927 96);
1697 3848 1761 3906 et
1792 3859 1836 3912 a¹
1867 3841 2330 3923 FulgentiO,
2365 3842 2479 3906 sed
2512 3842 2636 3906 alio
2669 3849 3060 3924 sensu,ep.6
3094 3843 3179 3906 ad

554 3946 966 4011 Theodorum
998 3965 1049 4010 c.
1085 3954 1157 4016 8:
1230 3948 1359 4022 ,Ibi
1392 3949 1483 4034 (in
1515 3968 1596 4012 ss.
1631 3948 1852 4035 literis)
1904 3948 2190 4030 profecto
2241 3950 2494 4014 invenio
2547 3957 2612 4015 et
2655 3950 3178 4032 praevenientem

555 4054 845 4132 gratiam,
883 4073 1013 4135 qua
1044 4062 1259 4135 potest
1290 4054 1481 4119 elisus
1514 4074 1809 4136 surgere:
1844 4062 1909 4120 et
1938 4057 2372 4134 comitantem,
2406 4075 2533 4139 qua
2565 4059 2630 4121 in
2661 4057 2764 4119 via
2797 4057 2954 4120 recti
2972 4057 3180 4137 possit

554 4159 799 4223 itineris
832 4175 1121 4225 currere:
1168 4167 1233 4226 et
1263 4162 1783 4245 subsequentem,
1818 4181 1946 4244 qua
1975 4164 2190 4228 valeat
2236 4164 2319 4227 ad
2364 4165 2540 4244 regni
2573 4163 2867 4228 coelestis
2899 4162 3175 4228 beatitu-

555 4265 769 4330 dinem
801 4268 1190 4348 pervenire<
1260 4268 1408 4350 Ejus
1458 4288 1611 4333 vero
1665 4270 1848 4347 ratio,
1900 4271 2019 4334 etsi
2070 4271 2253 4335 aliter
2299 4271 2381 4334 ab
2433 4270 2571 4333 aliis
2619 4271 2988 4352 explicatur,
3020 4270 3177 4334 satis

554 4374 729 4437 clara
761 4393 841 4438 ex
873 4374 1031 4455 ipsis
1062 4375 1275 4440 verbis
1306 4376 1573 4442 videtur.

756 4571 819 4639 .¹)
846 4569 930 4620 Ita
958 4568 1272 4622 Thomas
1306 4578 1349 4623 l.
1377 4577 1407 4622 2
1436 4587 1490 4637 q.
1522 4578 1697 4627 Ill-a.
1728 4577 1792 4629 2:
1844 4570 1912 4623 de
1941 4570 2101 4623 verit.
2132 4588 2185 4638 q.
2215 4573 2282 4627 :27
2307 4586 2362 4621 a.
2388 4580 2435 4626 5.
2489 4568 2572 4623 cf.
2602 4570 2931 4640 Ripalda
2957 4571 3011 4623 d.
3045 4576 3175 4630 112;

557 4649 614 4701 M
631 4665 661 4701 o
680 4668 717 4701 n
735 4653 806 4701 ta
822 4669 860 4718 g
876 4668 913 4702 n
932 4666 961 4702 e
989 4649 1057 4701 de
1084 4650 1272 4720 gratia
1293 4653 1510 4718 quaest.
1528 4667 1777 4722 prooem.
1799 4667 1847 4704 a.
1870 4657 1920 4704 4.
1951 4652 1998 4702 A
2020 4650 2350 4705 Bellarmini
2372 4650 2752 4719 explicatione
2774 4668 2889 4704 non
2910 4649 3178 4704 dissentit

557 4729 818 4784 Estius
846 4730 906 4783 in
937 4738 983 4785 2.
1012 4729 1145 4784 dist.
1175 4737 1243 4787 26
1269 4740 1295 4794 ᾖ
1323 4736 1370 4787 7.
