3538 5364
575 253 661 319 36
717 324 720 329 Q
920 245 1103 300 Tract.
1129 245 1281 299 Vm.
1305 245 1376 298 de
1401 242 1606 316 gratia.
1634 243 1839 299 Thesis
1866 243 2153 299 CLXXIX.
2180 243 2643 300 Perseverantiae
2669 244 2847 301 notio.

753 427 1009 494 'Phasis
1065 424 1460 496 CLXXIX.
1523 446 1777 502 «Iustus
1825 448 1906 501 in
1945 450 2229 512 accepta
2253 445 2540 513 ,insontia
2571 459 3032 512 perseverare
3068 459 3195 500 ne·

578 539 727 604 quit
762 539 911 590 eine
946 537 1239 603 speciali
1277 537 1412 590 Dei
1446 536 1746 601 mamilio.
2702 578 2705 583 .

750 640 1188 709 Declaratlo.
1251 644 1455 703 Thesis
1485 643 1778 702 statuitur
1805 644 2010 703 contra
2040 642 2702 719 semipelagianos
2735 647 2797 703 et
2828 646 2921 701 est
2951 644 3024 702 de
3055 643 3188 713 fide,

570 736 643 792 ut
671 738 837 810 patet
866 753 936 793 ex
968 733 1204 792 concilii
1236 732 1671 791 tridentini
1705 750 1848 792 sess.
1872 741 1907 794 6
1932 750 2060 792 can.
2087 741 2196 795 12:
2234 732 2339 801 ,Si
2371 731 2507 808 quis
2527 732 2764 806 dixerit,
2789 732 3189 808 justificatum

568 823 665 881 vel
698 823 825 882 sine
857 822 1095 897 speciali
1127 822 1347 881 auxilio
1379 821 1490 880 Dei
1519 821 1582 880 in
1616 824 1859 896 accepta
1881 821 2124 896 justitia
2153 839 2532 896 perseverare
2562 839 2754 897 posse,
2803 821 2897 880 vel
2940 840 3074 879 cum
3121 840 3194 895 eo

568 930 688 970 non
719 930 907 987 posse,
939 915 1009 972 A.
1031 911 1129 973 S}
1178 911 1257 970 Ut
1284 930 1353 970 ea
1382 913 1583 970 autem
1612 911 1728 969 rite
1746 910 2138 988 intelligatur,
2172 909 2322 969 scias
2355 904 2416 974 l.
2447 911 2951 986 perseverantiam
2971 911 3187 970 distin-

567 1001 673 1078 gui
707 1002 769 1059 in
812 995 1143 1060 activam
1173 1004 1235 1059 et
1264 1000 1666 1076 passivam.
1732 998 1902 1058 Illius
1931 998 2172 1058 nomine
2203 999 2569 1076 intelligitur
2600 999 2781 1058 series
2813 1003 3073 1071 actuum,
3125 1000 3190 1059 vi

570 1108 827 1164 quorum
850 1091 1053 1166 justus
1086 1090 1364 1149 omnibus
1383 1088 1821 1147 tentationibus
1852 1088 2086 1147 resistit
2115 1087 2520 1163 satisfacitque
2541 1088 2817 1147 omnibus
2835 1088 3190 1164 praeceptis),

566 1181 747 1254 atque
792 1179 878 1237 ita
923 1181 1215 1254 acceptam
1253 1177 1703 1254 justificationis
1732 1177 1992 1255 gratiam
2024 1180 2335 1236 conservat
2364 1179 2681 1254 augetque.
2745 1178 3195 1237 Perseverantia

569 1268 803 1342 passiva
832 1286 970 1327 vero
1001 1268 1344 1327 continetur
1373 1270 1564 1326 morte
1594 1266 1659 1325 in
1689 1270 1854 1326 statu
1872 1268 2113 1344 gratiae.
2161 1266 2489 1345 Utriusque
2510 1266 2851 1343 conjunctio
2870 1266 3191 1326 constituit

567 1357 1072 1430 perseverantiam
1119 1356 1474 1434 completam
1525 1374 1632 1415 seu
1681 1356 2034 1427 finalem,
2085 1374 2370 1431 magnum
2419 1356 2895 1430 perseverantiae
2944 1355 3187 1421 donum.

566 1441 631 1507 2.
663 1445 854 1521 Loqui
885 1464 991 1505 nos
1039 1445 1111 1504 de
1155 1446 1594 1523 perseverantia
1637 1445 1903 1504 activa*
1939 1462 2059 1503 non
2104 1462 2210 1521 per
2250 1434 2513 1515 breve,
2562 1444 2666 1503 sed
2708 1463 2816 1520 per
2860 1445 3187 1522 longius

566 1535 850 1610 temporis
880 1535 1157 1610 spatium.
1224 1534 1287 1599 3.
1321 1534 1575 1593 Nomine
1605 1533 1815 1593 auxilii
1846 1533 2226 1610 specialis
2270 1551 2389 1591 non
2421 1551 2551 1592 esse
2582 1533 3041 1609 intelligendum
3075 1533 3187 1592 ali·

565 1623 723 1697 quod
766 1624 1146 1700 privilegium
1194 1624 1289 1681 vel
1332 1623 1621 1682 auxilium
1666 1623 2196 1682 extraordinarium
2228 1621 2580 1681 distinctum
2625 1641 2659 1680 a
2703 1622 2898 1698 gratia
2941 1622 3185 1695 actuali,

566 1731 717 1787 quae
749 1713 1090 1771 cuilibet
1112 1713 1418 1788 justorum
1449 1715 1657 1788 parata
1686 1716 1809 1771 est:
1842 1710 1941 1770 sed
1975 1710 2270 1769 auxilium
2300 1710 2653 1770 distinctum
2686 1730 2720 1768 a
2750 1711 2944 1787 gratia
2974 1712 3012 1769 h
3030 1712 3185 1770 abi-

562 1801 767 1860 tuali
786 1845 801 1867 ,
852 1801 1102 1876 ideoque
1133 1802 1325 1878 gratia
1356 1800 1608 1860 actualis
1625 1797 1690 1881 l),
1739 1801 1836 1860 vel
1881 1800 1936 1858 si
1981 1800 2074 1859 vis
2120 1799 2425 1869 auxilium,
2458 1799 2621 1875 quod
2650 1818 2771 1858 non
2802 1800 2994 1859 solum
3027 1819 3187 1859 com—

563 1890 850 1966 plectitur
892 1890 1143 1967 gratiam
1182 1891 1490 1960 actualem,
1540 1908 1693 1965 quae
1731 1889 2028 1948 habituali
2060 1888 2466 1947 connaturalis
2516 1892 2610 1948 est
2659 1890 2720 1947 et
2763 1908 2882 1964 qua
2924 1889 3188 1964 praediti

563 1978 810 2038 fuerunt
840 1979 1016 2037 etiam
1049 1979 1247 2057 angeli
1280 1981 1340 2038 et
1369 1981 1841 2054 protoparentes,
1874 1978 1980 2036 sed
2010 1978 2260 2053 insuper
2278 1978 2531 2054 gratiam
2551 1977 2957 2036 medicinalem
2979 1981 3186 2037 contra

562 2067 1075 2143 concupiscentiae
1108 2068 1397 2127 morbum.
1430 2067 1714 2127 Definivit
1744 2085 1886 2145 ergo
1905 2066 2241 2138 concilium,
2275 2066 2528 2144 gratiam
2550 2066 2912 2125 habitualem
2945 2068 3019 2126 ad
3052 2086 3183 2143 per-

562 2156 951 2215 severandum
984 2176 1103 2216 non
1133 2157 1416 2219 sufficere.
1480 2152 1544 2220 4.
1591 2155 1759 2226 Quod
1807 2175 1947 2215 vero
1976 2156 2480 2232 perseverantiam
2513 2155 2901 2233 passivam
2935 2160 3182 2232 spectat,

560 2244 932 2305 verissimam
963 2264 1092 2305 esse
1124 2264 1169 2308 s.
1201 2252 1421 2323 Augu
1440 2246 1640 2304 stini
1672 2245 2003 2304 doctrinam
2033 2243 2107 2303 de
2138 2244 2291 2303 dono
2322 2263 2544 2320 persev.
2567 2263 2612 2308 c.
2642 2254 2750 2307 17:
2787 2245 3037 2314 ,Videte
3053 2246 3181 2321 jam

561 2353 595 2391 a
626 2335 876 2393 veritate
910 2354 1087 2409 quam
1121 2335 1201 2393 sit
1229 2335 1508 2406 alienum,
1552 2353 1769 2412 negare
1801 2335 2025 2392 donum
2061 2334 2166 2391 Dei
2199 2351 2328 2392 esse
2358 2334 2858 2409 perseverantiam
2890 2353 3084 2410 usque
3115 2334 3181 2393 in

558 2422 739 2481 finem
770 2424 950 2499 hujus
980 2425 1156 2495 vitae,
1189 2442 1326 2483 cum
1356 2424 1511 2484 vitae
1542 2423 1697 2493 huic,
1730 2422 1967 2499 quando
1998 2422 2274 2492 voluerit,
2320 2422 2447 2497 ipse
2494 2421 2597 2480 det
2641 2421 2850 2492 finem;
2902 2442 3077 2499 quem
3129 2423 3179 2482 si

561 2513 661 2570 det
697 2514 835 2570 ante
881 2513 1290 2572 imminentem
1334 2514 1586 2589 lapsum,
1638 2511 1782 2569 facit
1831 2510 2130 2570 hominem
2172 2529 2549 2586 perseverare
2594 2529 2782 2588 usque
2828 2512 2895 2570 in
2938 2511 3177 2577 finem.‘

563 2600 951 2660 Verissimum
984 2621 1221 2678 quoque
1252 2607 1362 2673 est,
1397 2601 1709 2677 specialem
1740 2600 2186 2676 protectionem,
2235 2604 2353 2675 qua
2382 2601 2540 2659 Deus
2565 2601 2765 2677 justos
2797 2600 3185 2677 singulariter

559 2710 594 2748 a
624 2691 1079 2763 tentationibus,
1113 2692 1409 2768 periculis,
1443 2690 1806 2761 seductione,
1839 2688 2067 2765 peccati
2088 2690 2499 2748 occasionibus
2529 2694 2873 2766 praeservat
2902 2694 2964 2749 et
2994 2712 3028 2749 a
3062 2710 3184 2766 qua

556 2780 686 2855 ipsa
714 2781 1155 2857 perseverantia
1186 2781 1374 2839 activa
1404 2780 1732 2855 plurimum
1764 2780 2004 2855 pendet,
2051 2774 2412 2837 beneficium'
2449 2797 2580 2838 esse
2623 2797 2793 2855 saepe
2837 2779 3013 2855 plane
3052 2781 3177 2839 exi-

556 2869 746 2927 mium
775 2888 895 2929 non
925 2870 1201 2928 omnibus
1226 2870 1413 2945 justis
1445 2887 1776 2930 commune.
1829 2868 2042 2927 Merito
2074 2866 2137 2932 5.
2171 2868 2672 2943 perseverantiam
2706 2868 2943 2927 finalem
2977 2869 3178 2928 vocari

555 2977 906 3035 magnum
954 2958 1234 3017 donum
1283 2978 1318 3016 a
1367 2957 1616 3017 concilio
1661 2957 2111 3017 tridentino
2157 2956 2431 3016 sessionis
2480 2967 2515 3020 6
2564 2967 2842 3020 can.16:
2894 2976 2963 3016 ea
3011 2959 3176 3017 enim

555 3061 617 3112 a.
650 3046 1062 3123 complectitur
1091 3048 1420 3122 gratiarum
1439 3047 1764 3117 cumulum,
1799 3046 1925 3107 scil.
1947 3050 2183 3121 praeter
2199 3045 2452 3123 gratiam
2474 3045 2938 3106 sanctificantem
2958 3047 3174 3106 seriem

553 3136 882 3211 gratiarum
912 3136 1284 3194 internarum
1315 3140 1811 3210 externarumque
1842 3129 2082 3219 (saltem
2113 3136 2179 3193 in
2208 3130 2478 3217 adultis),
2521 3135 2585 3193 in
2614 3135 2824 3212 primis
2857 3136 3174 3211 specialem

553 3223 660 3282 Dei
681 3225 1108 3299 protectionem
1128 3227 1190 3282 et
1208 3224 1657 3301 providentiam,
1692 3227 1753 3284 et
1784 3223 2136 3283 beneficium
2155 3224 2365 3282 mortis
2397 3225 2460 3282 in
2491 3227 2655 3283 statu
2685 3224 2943 3301 gratiam
2980 3222 3047 3290 b.
3081 3230 3173 3284 est

554 3313 818 3371 omnium
839 3313 1163 3390 gratiarum
1183 3314 1529 3390 praecipua:
1563 3333 1702 3371 nam
1730 3316 1832 3391 qm'
1856 3314 2303 3390 perseveraverit
2332 3331 2509 3390 usque
2539 3316 2602 3371 in
2631 3314 2828 3389 finem,
2856 3314 2946 3371 hic
2975 3315 3177 3373 salvus

553 3404 663 3460 erit
692 3402 900 3460 Matth.
937 3411 1033 3474 24,
1079 3412 1189 3474 133
1235 3422 1422 3479 eaque
1470 3417 1533 3467 c.
1572 3402 1794 3479 pendet
1824 3424 1858 3460 a
1890 3402 2203 3463 collatione
2235 3403 2578 3478 gratiarum,
2629 3421 2777 3478 quas
2807 3403 2967 3461 Deus
2999 3422 3169 3478 prae-

552 3490 718 3549 videt
747 3492 1023 3551 efficaces.
1069 3493 1226 3552 Deus
1259 3496 1460 3552 autem
1491 3511 1615 3551 non
1643 3494 1888 3551 tenetur
1910 3491 2096 3567 justis
2126 3509 2358 3567 semper
2388 3490 2526 3549 dare
2549 3491 2786 3567 gratias,
2820 3510 2968 3566 quas
2998 3511 3172 3568 prae-

551 3579 714 3639 videt
744 3581 1025 3654 efficaces,
1074 3581 1367 3640 submotis
1413 3581 1506 3653 iis,
1553 3600 1708 3658 quae
1751 3600 1823 3640 ex
1859 3582 2167 3657 justorum
2198 3580 2566 3657 negligentia
2596 3579 2793 3639 forent
2824 3580 3171 3643 inefficaces.

553 3666 833 3737 Quamvis
865 3670 932 3733 6.
958 3670 1113 3746 justi
1132 3674 1449 3746 nequeant,
1483 3673 1555 3729 ut
1584 3689 1641 3729 n.
1667 3671 1831 3734 238⁴
1862 3669 2215 3740 videbimus,
2249 3688 2530 3745 magnum
2565 3669 2672 3727 hoc
2702 3671 3176 3744 perseverantiae

551 3759 771 3817 donum
803 3778 1025 3818 merere
1070 3759 1142 3818 de
1187 3759 1604 3835 condigno,
1651 3777 1827 3835 posse
1870 3760 2070 3817 tamen
2103 3775 2358 3817 omnes
2389 3757 2542 3816 illud
2574 3761 2792 3833 petere,
2827 3758 3166 3834 impetrare,

551 3847 901 3923 suppliciter
932 3867 1185 3907 merere:
1233 3848 1530 3925 siquidem
1559 3850 1761 3924 petere
1793 3866 1862 3906 ea
1892 3847 2090 3906 omnia
2119 3849 2376 3922 possunt
2404 3849 2466 3905 et
2497 3846 2733 3916 debent,
2784 3866 2935 3921 quae
2967 3849 3039 3906 acl
3074 3867 3170 3907 sa-

548 3936 734 3994 lutem
784 3942 928 3995 sunt
970 3937 1311 4009 necessaria,
1362 3937 1614 4013 ideoque
1646 3941 1708 3995 et
1754 3935 2267 4013 perseverantiam
2305 3935 2562 4006 finalem,
2599 3954 2750 4011 quae
2785 3937 3171 4013 praecipuum

550 4028 641 4083 est
673 4026 971 4101 objectum
1003 4027 1288 4085 orationis
1320 4026 1651 4084 dominicae
1696 4025 1771 4084 ab
1817 4044 1924 4084 om
1943 4025 2129 4084 nibu
2151 4043 2178 4083 s
2224 4023 2563 4083 recitandae
2602 4042 2738 4083 cum
2770 4025 3168 4085 exauditionis

784 4238 795 4269 ¹
823 4231 976 4285 Haec
1027 4230 1449 4286 animadversio
1493 4230 1691 4301 magni
1735 4232 1824 4285 est
1863 4232 2158 4295 momenti,
2205 4246 2379 4298 quam
2429 4228 2685 4283 inculcat
2728 4228 2771 4282 P
2789 4245 2818 4282 e
2835 4247 2862 4282 r
2878 4247 2950 4284 ro
2966 4248 3051 4285 ne
3096 4232 3170 4288 de

547 4310 737 4380 gratia
763 4330 817 4381 p.
852 4321 876 4367 l
906 4328 951 4364 c.
982 4319 1013 4367 2
1039 4328 1089 4365 a.
1118 4321 1152 4367 4
1177 4328 1340 4382 prop.
1367 4319 1399 4367 2
1425 4328 1474 4369 a.
1504 4311 1611 4367 ult.
1655 4309 1772 4374 „Ex
1799 4327 1881 4375 eo,
1908 4310 2118 4379 inquit,
2147 4310 2302 4378 quod
2328 4310 2468 4364 haec
2495 4310 2565 4363 de
2591 4311 3014 4380 perseverantia
3039 4329 3167 4366 con-

548 4391 825 4444 troversia
849 4409 964 4446 non
993 4391 1130 4445 satis
1156 4391 1273 4446 fuit
1298 4391 1625 4461 explanata,
1652 4391 2050 4446 molestissima
2077 4394 2202 4445 orta
2228 4393 2314 4444 est
2339 4389 2399 4444 in
2427 4389 2667 4444 scientia
2693 4390 3018 4461 theologica
3045 4409 3167 4463 per·

548 4471 850 4527 turbatim*
906 4471 989 4526 Cf.
1034 4472 1350 4526 Thomas
1381 4481 1425 4527 1.
1468 4479 1499 4526 2
1540 4489 1594 4539 q.
1641 4480 1743 4528 114
1781 4487 1831 4530 a.
1860 4477 1922 4532 9:
1967 4471 2336 4525 Palmieri
2374 4471 2456 4524 th.
2499 4478 2586 4528 36.
2636 4470 2788 4525 Bene
2827 4487 2961 4525 vero
3003 4474 3170 4527 notat

548 4549 584 4604 S
601 4568 630 4604 c
645 4551 684 4605 h
699 4567 729 4605 e
746 4567 775 4605 e
792 4553 829 4605 b
846 4569 875 4605 e
891 4571 928 4604 n
955 4570 1010 4604 n.
1037 4560 1102 4607 41
1130 4567 1338 4604 nomen
1365 4550 1587 4621 gratiae
1612 4551 1857 4605 actualis
1882 4555 2016 4605 ante
2044 4568 2201 4608 conc.
2222 4551 2603 4605 tridentinum
2623 4567 2740 4605 non
2760 4551 2935 4607 fuisse
2954 4552 3017 4606 iu
3037 4571 3164 4617 usu,

548 4631 645 4685 sed
670 4648 796 4686 eam
823 4631 1040 4685 dictum
1067 4630 1242 4684 fuisse
1267 4630 1548 4684 auxilium
1579 4629 1843 4700 speciale,
1882 4630 1974 4686 vel
2001 4631 2176 4685 etiam
2204 4630 2451 4701 gratiam
2494 4629 2675 4701 gratis
2702 4630 2896 4685 datam
2925 4634 3030 4686 etc.
3081 4631 3165 4688 cf.

549 4711 617 4764 de
642 4711 751 4764 hac
777 4711 927 4765 thesi
952 4710 1124 4764 etiam
1150 4710 1266 4764 Str
1282 4726 1370 4763 au
1391 4711 1424 4763 b
1450 4709 1715 4764 Zeitschr.
1743 4709 1782 4764 f.
1809 4710 1867 4763 k.
1895 4710 2087 4768 Theol.
2121 4714 2254 4768 1897
2282 4711 2428 4775 XXI,
2460 4716 2560 4768 107
2585 4728 2687 4771 ss.;
2713 4716 2819 4767 209
2845 4728 2913 4767 ss.
