3538 5364
1349 274 1562 328 inferni
1591 273 1937 327 vindicatur.
2820 281 2955 344 459

336 460 692 537 quandoque
724 461 877 519 illud
909 460 1067 536 quod
1102 461 1301 519 minus
1334 461 1623 536 displicet,
1657 461 1897 519 videtur
1929 461 2120 536 magis
2152 459 2480 535 displicere,
2517 460 2656 534 quia
2687 465 2780 519 est
2810 480 2951 536 pro-

335 550 618 626 pinquius
651 550 922 608 sensibili
955 553 1327 620 nocumentO,
1363 551 1517 625 quod
1551 549 1742 626 magis
1775 555 1867 607 est
1899 549 2070 607 nobis
2105 553 2373 608 notum.‘
2429 549 2592 608 Idem
2625 549 2952 609 instantius

333 641 592 698 inculcat
624 639 820 714 quodl.
853 650 870 700 l
916 659 964 700 a.
1001 651 1056 701 9.
1104 638 1314 697 Melius
1350 639 1611 697 facerent
1645 638 1703 696 hi
1735 638 2003 696 moderni
2036 642 2281 705 ascetae,
2318 639 2370 696 si
2403 645 2701 697 cessarent
2733 640 2805 697 ab
2840 639 2951 697 im-

333 730 652 805 pugnando
684 732 804 786 tam
839 727 1084 786 salutari
1107 746 1430 803 poenarum
1452 728 1829 787 infernalium
1851 731 2017 785 metu
2051 728 2446 803 timerentque
2479 728 2594 803 ipsi
2626 729 2951 787 secundum

334 837 382 880 s.
419 818 674 893 Spiritus
707 817 1020 876 consilium
1055 818 1202 875 hanc
1231 818 1601 876 tremendam
1634 818 1857 892 peccati
1892 835 2157 892 poenam,
2208 816 2329 874 Hac
2363 836 2471 875 sua
2501 818 2680 875 ascesi
2717 817 2951 875 daemo-

335 927 467 966 nem
512 910 746 965 tantum
786 908 1020 981 juvant,
1074 907 1245 981 cujus
1292 907 1675 983 praecipuum
1720 910 1811 965 est
1855 906 2120 964 studium
2168 906 2472 965 eliminare
2523 926 2590 965 ex
2644 906 2951 964 hominum

335 996 506 1055 corde
536 1013 861 1071 poenarum
895 996 1186 1065 timorem,
1234 1002 1416 1070 prout
1460 996 1520 1053 id
1566 996 1659 1053 vel
1708 996 1768 1053 in
1807 995 2330 1070 protoparentibus
2363 996 2682 1053 attentavit
2715 995 2950 1074 (nequa-

333 1105 508 1163 quam
539 1092 721 1143 morte
752 1087 1079 1142 moriemini
1111 1085 1254 1144 Gen.
1289 1096 1343 1153 3,
1380 1079 1464 1166 4).
1530 1085 1851 1143 Bliminato
1887 1083 2185 1160 siquidem
2219 1103 2539 1159 poenarum
2572 1089 2739 1142 metu
2784 1085 2954 1143 facile

330 1174 573 1232 inducet
606 1173 887 1248 peccandi
935 1173 1258 1234 licentiam.
1324 1174 1516 1242 Quare
1561 1174 1773 1232 merito
1822 1173 2115 1248 ejusmodi
2159 1174 2373 1231 ascetis
2421 1174 2801 1249 applicantur
2850 1174 2955 1232 illa

332 1263 752 1322 Clementis
787 1264 858 1320 al.
882 1261 1187 1335 strom.11‚
1217 1274 1281 1323 7:
1320 1263 1474 1331 ,Qui
1503 1262 1773 1322 timorem
1799 1266 2092 1330 accusant,
2126 1263 2319 1338 legem
2351 1263 2756 1321 insectantur:
2792 1264 2948 1337 quod

333 1353 382 1410 si
413 1353 621 1428 legem,
654 1352 876 1410 clarum
911 1356 1020 1418 est,
1054 1353 1210 1427 quod
1244 1352 1415 1410 illum
1451 1370 1705 1427 quoque,
1742 1352 1849 1427 qui
1882 1352 2073 1428 legem
2108 1352 2274 1410 dedit
2306 1352 2553 1414 Deum.‘

350 1435 452 1449 ‘-

510 1472 573 1540 4.
610 1476 775 1544 Quod
808 1479 1334 1554 Augustinum
1370 1478 1602 1546 attinet,
1636 1481 1866 1534 certum
1900 1482 1991 1535 est
2023 1493 2088 1540 a.
2112 1497 2245 1535 eum
2266 1478 2488 1553 passim
2511 1478 2755 1536 laudare
2776 1478 2952 1536 timo-

333 1585 454 1624 rem
488 1567 760 1625 servilem
795 1570 863 1625 ut
894 1568 1233 1633 salutarem,
1266 1567 1506 1638 bonum,
1543 1571 1653 1628 etc.
1718 1566 1806 1624 En
1846 1568 2210 1642 praeclarum
2243 1568 2508 1642 ejusdem
2541 1568 2952 1627 testimonium

332 1655 397 1713 in
420 1656 509 1717 Ps.
539 1666 657 1718 127
683 1675 739 1716 n.
766 1667 833 1717 7:
870 1656 1083 1724 ¹,Alius
1117 1674 1237 1714 non
1268 1657 1329 1714 in
1363 1657 1468 1714 hac
1500 1662 1657 1714 terra
1689 1657 1814 1730 pati
1845 1657 2033 1726 timet,
2069 1656 2166 1714 sed
2201 1657 2530 1732 gehennam
2564 1658 2753 1717 timet.
2786 1657 2954 1715 Unde

331 1745 552 1803 terruit
583 1748 645 1802 et
679 1745 978 1803 Dominus,
1012 1745 1296 1816 Audistis,
1349 1764 1482 1803 cum
1518 1745 1904 1821 Evangelium
1953 1747 2278 1821 legeretur:
2341 1746 2451 1804 Ubi
2500 1749 2712 1805 vermis
2757 1765 2953 1804 eorum

335 1853 450 1892 non
482 1837 761 1892 morietur
805 1842 854 1892 ee
898 1836 1050 1909 iqui-s
1081 1854 1279 1893 eorum
1309 1854 1422 1892 non
1455 1837 1817 1910 extinguetur
1850 1831 2051 1914 (Marc,
2087 1845 2142 1904 9,
2182 1831 2308 1910 45).
2373 1835 2649 1894 Audiunt
2680 1837 2819 1894 haec
2852 1836 2952 1894 ho-

333 1924 541 1994 mines,
575 1927 636 1981 et
666 1923 804 1998 quia
837 1942 972 1982 vere
1005 1923 1208 1981 sutura
1239 1930 1379 1981 sunt
1412 1923 1624 1998 impiis
1674 1924 1891 1981 timent
1922 1929 1983 1982 et
2014 1924 2324 1982 continent
2370 1943 2431 1981 se
2478 1945 2513 1983 a
2556 1926 2809 1998 peccatis
2843 1975 2854 1986 .
2890 1970 2902 1982 .
2937 1969 2950 1983 .

333 2012 569 2070 Timent
600 2013 858 2087 quidem,
893 2011 994 2070 sed
1027 2031 1145 2071 non
1179 2017 1394 2071 amant.
1461 2013 1605 2072 Cum
1639 2017 1840 2070 autem
1874 2032 1980 2087 per
2011 2014 2284 2072 timorem
2318 2014 2629 2072 continent
2660 2033 2721 2072 se
2754 2034 2787 2072 a
2817 2033 2951 2090 pec-

333 2107 482 2169 cat0,
528 2101 595 2159 fit
642 2101 1006 2160 consuetudo
1043 2101 1334 2177 justitiae,
1380 2104 1442 2160 et
1486 2101 1699 2176 incipit
1731 2101 1888 2176 quod
1923 2103 2139 2161 durum
2171 2107 2298 2160 erat
2330 2103 2515 2160 amari
2558 2109 2621 2161 et
2666 2103 2955 2162 dulcescit

338 2191 512 2262 Deu3‚
553 2193 615 2248 et
636 2191 763 2266 jam
795 2190 1006 2265 incipit
1037 2191 1208 2249 homo
1244 2195 1557 2266 propterea
1579 2193 1742 2266 juste
1777 2191 1989 2258 vivere,
2038 2211 2158 2250 non
2192 2191 2331 2266 quia
2362 2191 2540 2250 timet
2572 2211 2803 2267 poenae,
2853 2192 2951 2250 sed

336 2281 476 2354 quia
506 2283 665 2338 amat
695 2282 1124 2341 aeternitatem.
1155 2280 1442 2338 Exclusus
1473 2284 1567 2339 est
1597 2299 1738 2356 ergo
1772 2280 1951 2338 timor
1981 2301 2015 2338 a
2046 2281 2311 2349 caritate,
2346 2281 2444 2338 sed
2470 2282 2756 2340 successit
2773 2282 2955 2340 timor

337 2373 596 2427 castu5.‘
631 2369 711 2427 cf.
741 2372 815 2427 tr.
841 2379 876 2431 9
910 2370 973 2426 in
1006 2389 1094 2444 ep.
1117 2370 1285 2428 J0.n.
1311 2380 1347 2432 4
1382 2366 1606 2449 (opusc.
1631 2369 1779 2438 XVI,
1823 2379 1942 2433 168
1966 2365 2063 2451 a.).
2111 2370 2287 2446 Apud
2320 2388 2363 2433 s.
2398 2369 2694 2428 doctorem
2731 2368 2799 2434 b.
2834 2371 2951 2429 for·

337 2459 532 2516 mulae
565 2463 850 2535 negantes
883 2459 977 2517 vel
1009 2458 1294 2517 formulae
1327 2459 1420 2517 his
1451 2458 1914 2534 aequivalentes,
1963 2467 2032 2517 ut
2076 2459 2218 2529 ,sine
2263 2478 2476 2527 amore,
2526 2459 2651 2518 sine
2684 2461 2950 2518 caritate‘

336 2551 445 2605 etc.
488 2541 670 2628 (sicut
714 2548 892 2605 etiam
939 2549 1002 2606 in
1048 2545 1416 2628 Scripturis),
1465 2566 1636 2623 saepe
1682 2548 2002 2624 designant
2046 2568 2165 2607 non
2212 2548 2536 2622 simplicem
2570 2549 2948 2607 omissionem

335 2639 506 2696 actus
555 2637 768 2696 amoris
819 2637 912 2695 vel
964 2638 1293 2697 absentiam
1345 2637 1552 2697 motivi
1602 2637 1889 2707 caritatis,
1942 2638 2040 2697 sed
2090 2640 2285 2697 actum
2340 2638 2727 2715 habitumque
2777 2639 2954 2715 plane

338 2727 678 2802 oppositum
711 2727 848 2796 odii,
898 2727 1220 2785 aversionis
1251 2732 1389 2789 etc.:
1441 2727 1817 2803 accipiuntur
1851 2728 1972 2788 scil.
2020 2728 2080 2785 in
2128 2746 2310 2786 sensu
2353 2729 2781 2786 contrario:
2834 2747 2952 2803 quo

337 2834 515 2875 sensu
549 2835 688 2875 sane
719 2816 1018 2892 quidquid
1049 2822 1141 2874 est
1173 2817 1297 2874 sine
1330 2818 1592 2890 caritate,
1627 2818 1850 2875 malum
1883 2822 1992 2875 est.
2056 2818 2364 2875 Praeterea
2410 2831 2471 2882 c.
2504 2835 2717 2876 nomen
2749 2818 2951 2875 cari-

338 2905 533 2964 tatis
564 2905 916 2981 mnltiplicis
962 2907 1054 2963 est
1098 2906 1546 2982 significationis
1577 2906 1734 2981 apud
1769 2906 2193 2983 Augustinum,
2240 2912 2308 2964 ut
2347 2906 2690 2965 notavimus
2723 2926 2779 2965 n.
2817 2908 2953 2970 512.

337 2995 492 3052 Hinc
521 2995 633 3053 etsi
666 2994 928 3053 caritatis
959 2995 1371 3053 necessitatem
1392 2998 1584 3071 urget,
1619 3013 1739 3053 non
1772 2996 2045 3071 sequitur
2075 3015 2211 3053 eum
2244 2996 2408 3071 loqui
2444 2996 2505 3053 in
2539 3015 2715 3055 sensu
2746 2996 2953 3055 adver·

337 3084 628 3142 sariorum
660 3083 732 3141 de
763 3083 1026 3154 caritate,
1062 3103 1212 3159 quae
1242 3089 1334 3142 est
1358 3085 1570 3142 caritas
1589 3085 1920 3160 theologica
1952 3089 2013 3142 et
2045 3084 2319 3159 perfecta.
2369 3085 2551 3161 Saepe
2584 3082 2649 3150 (l.
2683 3086 2956 3161 loquitur

338 3190 383 3230 a.
418 3172 623 3230 doctor
667 3171 738 3230 de
783 3173 996 3231 timore
1029 3191 1250 3246 poenae
1282 3173 1561 3241 naturali,
1596 3174 1920 3250 pelagiano,
1970 3174 2071 3247 qui
2117 3173 2338 3248 passim
2371 3174 2527 3233 inter
2550 3175 2801 3249 judaeos
2834 3192 2953 3232 non

338 3281 406 3320 ex
439 3261 671 3319 defectu
703 3262 945 3339 gratiae,
978 3262 1079 3320 sed
1101 3262 1175 3320 ob
1195 3281 1527 3337 perversam
1550 3281 1754 3321 eorum
1776 3262 2143 3321 voluntatem
2167 3262 2613 3331 dominabatur;
2649 3263 2742 3322 vel
2765 3283 2952 3338 quan-

336 3350 531 3425 doque
563 3364 623 3413 θ.
656 3353 936 3409 extenuat
966 3352 1296 3409 bonitatem
1328 3351 1560 3409 timoris
1593 3369 1812 3426 poenae
1846 3369 1984 3426 prae
2017 3351 2274 3410 efficacia
2294 3352 2575 3417 caritatis.
2610 3353 2703 3410 vel
2737 3348 2787 3414 f.
2825 3353 2957 3411 vult

336 3438 681 3516 significare,
715 3440 906 3498 solum
928 3440 1200 3499 timorem
1221 3459 1337 3498 non
1364 3440 1633 3498 sufficere
1665 3440 1735 3498 ad
1760 3440 2036 3515 justitiae
2070 3440 2636 3515 perfectionem
2671 3442 2762 3499 vel
2796 3443 2857 3500 in
2890 3462 2959 3501 ea

337 3529 1027 3602 perseverantiam.
1091 3529 1171 3587 cf.
1204 3530 1445 3587 Faure
1477 3529 1539 3586 in
1572 3529 1722 3602 Aug.
1756 3529 1975 3590 enchir.
2011 3549 2066 3591 n.
2109 3539 2248 3591 121.

515 3670 663 3734 476.
698 3666 879 3730 Acris
912 3674 1010 3732 est
1041 3668 1206 3732 inter
1236 3668 1573 3748 theologos
1613 3670 2070 3743 controversia,
2106 3688 2254 3730 num
2288 3669 2375 3731 ad
2408 3669 2787 3731 attritionem
2820 3666 2952 3728 suf-

336 3772 656 3837 ficientem
689 3792 804 3854 pro
837 3773 1187 3839 obtinendo
1220 3773 1529 3840 beneficio
1564 3773 2005 3849 absolutionis,
2041 3775 2408 3839 necessario
2448 3777 2809 3859 requiratur
2832 3776 2953 3837 ini-

337 3879 510 3943 tialis
540 3880 756 3961 aliqua
787 3880 1045 3944 dilectio
1109 3880 1418 3944 Nolumus
1469 3882 1709 3961 ingredi
1760 3882 2288 3956 controversiam,
2337 3899 2504 3962 quae
2552 3881 2708 3945 satis
2741 3882 2955 3945 soluta

336 3986 586 4050 censeri
617 3992 831 4067 potest
864 4005 940 4050 ex
974 3987 1159 4050 dictis
1194 4007 1251 4050 n.
1287 3993 1435 4063 473,
1469 3994 1533 4052 et
1565 4006 1644 4051 ex
1676 3987 2096 4051 Alexandri
2127 3988 2252 4052 V11.
2289 3989 2570 4063 decreto,
2606 4006 2731 4070 quo
2765 4006 2953 4069 prae-

337 4096 489 4175 cipit
521 4095 767 4158 cunctis
801 4102 864 4160 et
893 4095 1155 4175 singulis
1207 4095 1513 4169 fidelibuS,
1563 4102 1634 4159 ut
1690 4114 1860 4169 ,non
1909 4097 2193 4161 audeant
2238 4095 2504 4177 alicujus
2554 4095 2953 4175 theologicae

338 4220 650 4265 censurae
684 4202 1026 4267 alteriusve
1061 4202 1325 4284 injuriae
1359 4210 1471 4267 aut
1501 4202 1929 4268 contumeliae
1950 4211 2108 4267 nota
2128 4210 2353 4268 taxare
2387 4203 2764 4268 alterutram
2799 4221 2955 4266 sen-

340 4308 625 4384 tentiam,
659 4309 792 4373 sive
824 4315 1167 4388 negantem
1199 4308 1649 4373 necessitatem
1683 4309 1975 4391 aliqualis
2008 4309 2363 4374 dilectionis
2398 4310 2510 4373 Dei
2562 4310 2624 4371 in
2658 4308 2951 4390 praefata

337 4413 668 4478 attritione
702 4414 1082 4499 (sufficiente
1114 4415 1198 4478 ad
1229 4416 1439 4480 valide
1484 4416 1920 4497 recipiendum
1968 4417 2400 4498 poenitentiae
2448 4418 2954 4500 sacramentum)

339 4541 418 4587 ex
451 4526 627 4585 metu
660 4522 992 4601 gehennae
1024 4531 1355 4604 concepta,
1407 4541 1575 4605 quae
1624 4523 1815 4586 hodie
1866 4524 2030 4587 inter
2080 4523 2502 4587 scholasticos
2553 4521 2957 4587 communior

336 4629 608 4703 videtur,
642 4629 775 4692 sive
807 4636 1205 4694 asserentem
1256 4629 1464 4694 dictae
1514 4630 1875 4695 dilectionis
1930 4630 2396 4705 necessitatem,
2449 4631 2655 4695 donec
2702 4628 2787 4693 ab
2833 4631 2955 4693 hac

337 4741 567 4798 sancta
599 4734 751 4799 sede
783 4735 970 4800 suerit
1002 4737 1238 4819 aliquid
1283 4737 1406 4799 hac
1452 4738 1516 4800 in
1563 4757 1630 4801 re
1665 4736 2053 4801 definitum«
2125 4736 2316 4819 Atqui
2351 4737 2638 4818 profecto
2674 4736 2951 4799 Ecclesia
