3538 5364
984 319 1246 389 >perfecte
1275 320 1553 389 purgatae
1580 335 1707 373 mox
1733 316 1792 371 in
1823 316 2045 372 coelum
2073 317 2451 389 recipiuntur.
2897 327 3026 394 601

410 506 742 566 animarum
773 507 1129 575 sanctarum,
1161 522 1314 580 quae
1344 505 1493 562 tunc
1524 502 1612 562 ibi
1642 505 1829 574 erant,
1880 522 2116 563 necesse
2147 506 2260 574 est,
2293 503 2452 579 quod
2485 504 2832 565 liberaverit
2862 525 2962 566 eas
2993 527 3031 566 a

410 594 671 655 carentia
699 592 949 653 visionis
981 592 1236 665 divinae,
1283 593 1443 669 quod
1486 611 1608 651 non
1653 592 1857 668 potuit
1898 592 2027 652 fieri
2071 592 2189 652 nisi
2223 592 2418 651 dando
2450 593 2538 653 eis
2573 594 2861 654 visionem
2890 596 3030 656 bea-

407 687 563 743 tam:
609 685 670 743 et
716 683 822 758 qui
853 685 1053 760 negat,
1100 681 1261 758 quod
1292 682 1523 741 animae
1553 684 1893 741 sanctorum
1925 681 1990 742 V.
2024 681 2106 753 Τ.,
2155 702 2307 758 quae
2354 683 2592 742 fuerant
2621 683 2686 743 in
2718 683 2903 744 limbo
2935 685 3028 745 in-

409 773 581 845 ferni,
610 790 734 831 non
764 771 1006 831 videant
1036 772 1225 830 Deum
1255 771 1487 830 visione
1518 769 1694 829 beata
1722 790 1913 846 usque
1942 775 2080 848 post
2110 772 2625 845 resurrectionem,
2669 776 2851 851 negat
2883 775 3031 834 arti-

410 862 611 922 culum
643 862 715 920 de
746 861 1035 920 descensu
1054 860 1271 920 Christi
1303 859 1377 919 ad
1409 858 1648 924 inferos.
1677 860 1756 919 Et
1789 860 2185 931 confirmatur,
2220 862 2361 937 quia
2379 862 2636 920 Lazarus
2671 862 2801 922 sine
2832 864 3032 924 anima

408 952 539 1028 ejus
570 954 708 1010 ante
738 950 1071 1027 passionem
1105 950 1325 1009 Christi
1355 952 1482 1009 erat
1512 950 1577 1007 in
1606 949 1792 1008 limbo
1826 968 1933 1009 seu
1964 949 2028 1008 in
2075 950 2214 1009 sinu
2247 951 2515 1009 Abrahae
2547 951 2611 1009 in
2643 971 2858 1030 magna
2890 970 3029 1013 con-

410 1041 721 1110 solatione,
768 1042 841 1099 ut
884 1039 1223 1117 evangelica
1254 1041 1515 1098 testatur
1547 1038 1853 1114 Scriptum
1882 1038 2021 1098 Luc.
2064 1049 2158 1109 19,
2196 1048 2309 1108 253
2355 1041 2548 1099 multo
2593 1041 2784 1118 magis
2831 1042 3032 1102 anima

408 1130 679 1190 Abrahae
710 1131 838 1188 erat
867 1128 932 1188 in
963 1147 1177 1205 magna
1206 1128 1606 1187 consolatione
1637 1130 1698 1186 et
1729 1127 1981 1189 laetitia.
2032 1126 2183 1197 Quid
2220 1128 2411 1206 igitur
2430 1130 2688 1189 contulit
2707 1130 3027 1193 descensus

410 1218 639 1278 animae
671 1217 885 1278 Christi
928 1216 1003 1276 ad
1047 1218 1309 1276 inferos?
1373 1216 1436 1275 Si
1482 1216 1731 1287 dicatur,
1781 1217 1942 1293 quod
1973 1220 2118 1276 tunc
2149 1218 2471 1294 perductae
2504 1220 2648 1277 sunt
2693 1220 2765 1277 ad
2812 1220 3028 1280 claram

410 1307 698 1368 visionem
731 1309 792 1367 et
821 1308 952 1383 ejus
984 1306 1349 1377 fruitionem,
1383 1305 1639 1365 habetur
1670 1306 2060 1382 propositum.
2127 1307 2188 1366 Si
2231 1325 2372 1367 vero
2412 1307 2661 1378 dicatur,
2695 1307 2856 1384 quod
2887 1328 3027 1381 non,

412 1397 515 1458 sed
546 1397 703 1474 quod
737 1396 931 1456 solum
961 1395 1236 1472 perducti
1269 1398 1412 1455 sunt
1442 1396 1516 1454 ad
1547 1394 1893 1471 ampliorem
1914 1395 2200 1455 laetitiam
2222 1400 2282 1457 et
2302 1397 2792 1458 consolationem:
2828 1401 3032 1458 contra

411 1487 552 1563 quia
583 1485 909 1545 secundum
943 1484 1315 1561 prophetiam
1349 1484 1657 1543 Zachariae
1679 1485 1808 1561 jam
1853 1485 2186 1563 allegatam,
2232 1505 2385 1562 quae
2431 1485 2757 1545 secundum
2790 1504 3030 1546 sensum

410 1575 746 1637 naturalem
779 1574 1143 1651 intelligitur
1175 1574 1246 1633 de
1290 1573 1577 1633 descensu
1608 1573 1838 1633 animae
1870 1574 2086 1633 Christi
2133 1575 2206 1633 ad
2253 1575 2492 1645 inferos,
2543 1574 2752 1634 eduxit
2797 1580 3031 1661 sanctos
3080 1610 3100 1630 .

413 1665 537 1725 sive
568 1663 795 1723 animas
827 1666 1166 1723 sanctorum
1197 1662 1273 1722 de
1302 1662 1487 1722 limbo
1521 1708 1534 1722 .
1568 1708 1581 1721 .
1617 1706 1629 1720 .
1663 1663 1801 1722 dare
1833 1667 2034 1723 autem
2066 1683 2247 1722 unam
2267 1664 2732 1724 consolationem
2754 1684 3032 1743 magnam

411 1754 506 1814 vel
536 1772 778 1829 parvam
810 1752 881 1811 de
911 1752 1115 1811 futura
1145 1751 1496 1811 liberatione
1527 1771 1647 1811 non
1680 1754 1774 1811 est
1803 1770 1903 1812 eos
1937 1752 2192 1813 liberare
2224 1753 2297 1812 de
2329 1753 2604 1825 vinculis,
2638 1772 2747 1813 nec
2778 1753 3030 1815 educere

414 1843 484 1902 de
515 1861 760 1902 carcere.
804 1841 962 1920 Ergo
996 1844 1238 1918 propter
1268 1840 1730 1901 consolationem
1752 1841 2101 1917 ampliorem
2132 1841 2330 1901 datam
2361 1843 2585 1902 sanctis
2617 1842 2682 1901 in
2713 1843 2898 1903 limbo
2929 1862 3032 1903 ex-

413 1931 767 1992 sistentibus
799 1949 917 1991 non
958 1930 1173 1991 fuisset
1202 1930 1446 2007 impleta
1476 1930 1636 1989 dicta
1665 1930 1993 2006 prophetia.
2057 1931 2441 2007 Relinquitur
2482 1951 2640 2010 ergo,
2690 1932 2849 2007 quod
2895 1952 3032 2009 per-

413 2021 577 2081 ducti
609 2020 857 2080 fuerunt
889 2019 964 2080 ad
995 2019 1285 2081 visionem
1317 2020 1485 2079 Dei.‘

592 2143 761 2215 Quod
793 2146 844 2204 si
864 2145 1138 2205 Christus
1156 2145 1373 2205 idcirco
1404 2144 1480 2204 ad
1510 2144 1730 2204 inferos
1751 2144 2075 2214 descendit,
2107 2144 2180 2203 ut
2211 2146 2552 2203 sanctorum
2585 2145 2866 2203 liberaret
2896 2147 3028 2204 ani-

412 2252 539 2293 mas
569 2253 888 2309 secumque
918 2236 993 2293 ad
1023 2234 1303 2294 coelestia
1321 2234 1670 2311 perduceret
1687 2234 1935 2312 gaudia3
1969 2231 2348 2292 manifestum
2380 2235 2474 2291 est
2504 2247 2570 2297 (9.
2605 2233 2678 2292 di
2696 2251 2723 2291 s
2740 2234 3033 2293 crimen

412 2324 571 2383 inter
592 2324 795 2400 justos
826 2322 894 2384 V.
927 2326 989 2382 et
1018 2324 1090 2383 N.
1123 2323 1205 2394 Τ.,
1250 2322 1413 2400 quod
1444 2324 1529 2382 ita
1559 2323 1846 2399 expressit
1879 2323 2167 2398 Chryso
2186 2324 2484 2381 atomus
2517 2322 2670 2381 hom.
2703 2321 2777 2381 de
2809 2341 2887 2385 ss,
2919 2324 3030 2383 Be·

413 2413 625 2483 renice,
676 2413 965 2472 Prosdoce
996 2415 1057 2472 et
1089 2413 1385 2473 Domnina
1413 2432 1471 2475 n.
1508 2423 1576 2477 3:
1628 2414 1866 2482 ,Antea
1895 2429 2054 2470 mors
2100 2409 2176 2469 ad
2219 2410 2441 2470 inferos
2472 2410 2817 2481 deducebat,
2870 2399 3035 2473 nunc

413 2505 613 2562 autem
643 2501 718 2561 ad
750 2502 1051 2561 Christum
1083 2502 1417 2579 perducit.‘
1466 2502 1637 2573 Nam,
1671 2504 1743 2560 ut
1774 2500 1975 2576 inquit
2005 2500 2490 2559 Athanasius
2522 2519 2612 2577 ep.
2645 2501 2772 2563 fest.
2811 2510 2843 2564 5
2878 2520 2936 2560 n.
2974 2512 3032 2574 2,

419 2592 615 2661 „Deus
648 2591 794 2650 coeli
817 2592 1032 2667 januas
1063 2592 1346 2669 patefecit
1376 2610 1600 2668 perque
1632 2590 1954 2649 Dominum
1983 2592 2260 2649 nostrum
2293 2589 2451 2648 viam
2482 2590 2706 2665 absque
2750 2590 2873 2649 ullo
2919 2592 3032 2649 im-

413 2680 753 2758 pedimento
787 2680 1245 2742 ascendentibus
1275 2680 1609 2751 munivit3‘
1656 2682 1717 2741 et
1757 2680 2188 2758 Gregorius
2222 2681 2295 2739 M.
2329 2680 2474 2744 Mor.
2505 2678 2663 2750 xm,
2700 2690 2814 2744 43:
2865 2680 3036 2751 ,Hoc

404 2772 530 2846 jam
561 2771 831 2831 coelestis
861 2771 1125 2830 muneris
1157 2770 1460 2840 habemus,
1508 2774 1579 2829 ut
1624 2788 1761 2829 cum
1808 2789 1843 2829 a
1886 2770 2081 2829 carnis
2124 2772 2361 2828 nostrae
2406 2769 2842 2830 inhabitatione
2889 2771 3032 2830 sub-

412 2860 719 2931 trahimur,
754 2879 887 2919 mox
918 2860 992 2918 ad
1023 2859 1302 2919 coelestia
1330 2859 1593 2936 praemia
1623 2859 2016 2919 deducamur:
2050 2859 2192 2935 quia
2223 2858 2367 2917 dum
2398 2858 2670 2918 conditor
2701 2876 2766 2917 ac
2786 2859 3035 2919 Redem-

416 2951 553 3026 ptor
583 2952 787 3009 noster
817 2948 1077 3008 claustra
1104 2948 1323 3008 inferni
1344 2952 1661 3025 penetrans
1681 2949 2004 3008 electorum
2036 2947 2248 3008 exinde
2279 2948 2503 3008 animas
2533 2947 2757 3018 eduxit,
2791 2965 2897 3007 nos
2928 2948 3038 3006 illo

412 3038 500 3097 ire
528 3054 651 3097 non
679 3038 924 3114 patitur,
956 3037 1116 3097 unde
1140 3038 1265 3114 jam
1302 3038 1452 3097 alios
1485 3036 1894 3097 descendendo
1925 3038 2220 3101 liberavit.
2286 3038 2397 3097 Hic
2427 3055 2583 3107 vero,
2615 3038 2720 3113 qui
2752 3038 2891 3096 ante
2934 3037 3036 3096 ad-

413 3129 660 3188 ventum
692 3127 928 3186 Domini
975 3127 1038 3185 in
1083 3128 1243 3186 hunc
1286 3127 1580 3186 mundum
1611 3129 1927 3205 venerunt,
1973 3126 2421 3202 quantumlibet
2443 3125 2715 3203 justitiae
2732 3125 3035 3184 virtutem

413 3216 715 3287 haberent,
766 3234 837 3275 ex
887 3217 1233 3293 corporibus
1277 3216 1480 3276 educti
1527 3216 1591 3274 in
1636 3217 1773 3275 sinu
1818 3217 2092 3276 coelestis
2139 3216 2365 3291 patriae
2412 3215 2616 3274 statim
2647 3215 2832 3292 recipi
2863 3215 3037 3276 nullo

413 3304 589 3364 modo
625 3307 919 3381 poterant,
953 3304 1096 3383 quia
1126 3305 1377 3365 necdum
1409 3305 1512 3364 ille
1546 3309 1804 3378 venerat,
1838 3305 1945 3381 qui
1974 3305 2191 3364 inferni
2226 3305 2485 3363 claustra
2514 3322 2622 3363 sua
2651 3303 3038 3364 descensione

415 3395 674 3453 solveret
716 3396 777 3453 et
811 3395 1117 3470 justorum
1158 3394 1384 3454 animas
1430 3394 1493 3453 in
1539 3397 1828 3471 perpetua
1851 3395 1976 3469 jam
2009 3394 2147 3454 sede
2178 3394 2548 3453 collocaret.‘
2612 3394 2775 3453 Adeo
2805 3398 3033 3453 certum

413 3483 606 3542 visum
637 3485 733 3542 est
763 3484 873 3543 hoc
904 3482 1219 3542 discrimen
1252 3482 1680 3553 Gennadi0,
1727 3487 1801 3542 ut
1832 3483 1985 3542 illud
2018 3483 2177 3541 inter
2207 3481 2603 3542 ecclesiastica
2633 3482 2912 3561 dogmata
2942 3502 3038 3542 re-

413 3571 613 3632 ferret.
682 3572 880 3643 ,Ante
912 3572 1249 3649 passionem
1282 3571 1537 3642 Domini,
1586 3573 1788 3648 inquit
1817 3591 1864 3633 c.
1903 3581 2001 3635 78.
2039 3582 2135 3641 79,
2182 3589 2386 3630 omnes
2433 3571 2662 3630 animae
2695 3576 3036 3632 sanctorum

413 3660 478 3720 in
506 3661 739 3721 inferno
771 3662 883 3722 sub
915 3661 1116 3721 debito
1147 3661 1662 3738 praevaricationis
1693 3661 1855 3720 Adae
1886 3661 2263 3731 tenebantur,
2311 3660 2497 3720 donec
2526 3661 2884 3719 auctoritate
2917 3662 3037 3719 Do-

413 3750 561 3809 mini
592 3770 699 3828 per
729 3751 1057 3811 indebitam
1089 3753 1220 3827 ejus
1252 3753 1503 3812 mortem
1535 3750 1607 3809 de
1639 3750 1843 3809 servili
1864 3749 2201 3809 conditione
2220 3749 2635 3808 liberarentur.
2668 3749 2812 3808 Post
2833 3766 3038 3812 ascen·

413 3839 637 3900 sionem
668 3840 900 3898 Domini
930 3841 1005 3899 ad
1038 3841 1232 3900 coelos
1265 3839 1534 3899 omnium
1566 3842 1909 3898 sanctorum
1943 3839 2173 3897 animae
2202 3856 2336 3896 cnm
2357 3838 2585 3897 Christo
2618 3842 2779 3909 sunt,
2812 3841 2874 3897 et
2903 3857 3037 3898 exe·

413 3930 588 3988 untes
636 3930 709 3988 de
757 3947 997 4004 corpore
1047 3929 1123 3989 ad
1174 3929 1470 3989 Christum
1517 3930 1748 3988 vadunt
1797 3929 2206 4003 exspectantes
2251 3926 2743 3987 resurrectionem
2775 3928 3035 4004 corporis

415 4017 527 4087 sui,
575 4021 645 4077 ut
674 4017 747 4076 ad
781 4018 1077 4096 integram
1109 4021 1170 4078 et
1200 4021 1553 4095 perpetuam
1585 4017 2021 4077 beatitudinem
2048 4033 2190 4076 vcum
2221 4015 2352 4091 ipso
2385 4016 2611 4091 pariter
2641 4016 3039 4077 immutentur

414 4108 566 4170 etc}
629 4107 711 4167 Cf.
745 4106 1110 4166 Mamachi
1142 4108 1182 4169 l.
1212 4127 1291 4179 c.;
1324 4108 1646 4167 Patuzzi
1676 4107 1750 4167 de
1785 4106 1924 4166 sede
1956 4106 2061 4169 inf.
2091 4105 2194 4176 111,
2235 4114 2288 4168 2.
2326 4113 2359 4168 7
2396 4122 2473 4168 ss.

591 4210 655 4279 5.
685 4214 928 4274 Accedit
956 4216 1327 4293 analogia
1366 4234 1501 4275 cum
1531 4215 1928 4284 damnatione,
1976 4214 2148 4290 cujus
2181 4212 2476 4273 exsecutio
2507 4231 2628 4271 non
2661 4211 2933 4271 differtur
2963 4212 3036 4270 ad

413 4302 615 4361 ultimi
636 4303 849 4378 ,iudicii
893 4303 1051 4363 diem
1081 4299 1166 4387 (n.
1201 4301 1373 4388 641).
1439 4303 1630 4374 Quare
1675 4323 1813 4364 cum
1858 4304 2084 4364 Floro
2130 4303 2418 4380 Magistro
2452 4296 2731 4384 (exeunte
2764 4319 2876 4360 sec.
2906 4300 3034 4380 IX.)

413 4391 480 4451 in
508 4403 698 4468 expos.
731 4410 859 4456 can.
891 4393 1102 4453 missae
1131 4394 1483 4453 concludere
1514 4394 1655 4453 licet
1685 4394 1885 4453 verbis
1917 4413 1961 4452 s.
1995 4391 2361 4469 Gregorii
2391 4391 2467 4450 M.
2501 4391 2582 4470 (n.
2617 4393 2803 4466 64l):
2839 4390 3036 4459 ,Luce

412 4481 631 4541 clarius
660 4484 914 4552 constat,
958 4481 1101 4557 quia
1142 4483 1401 4560 perfecte
1426 4483 1730 4558 justorum
1762 4483 1995 4541 animae
2038 4500 2171 4542 mox
2219 4483 2294 4541 ut
2339 4480 2520 4556 hujus
2553 4481 2815 4540 claustra
2845 4480 3039 4538 carnis

414 4571 650 4642 exeunt,
686 4572 751 4630 in
781 4570 1139 4631 coelestibus
1169 4572 1410 4631 sedibus
1441 4570 1832 4647 recipiuntur.
1849 4579 1878 4609 ‹
3021 4565 3030 4570 “

413 4787 537 4843 tate
594 4704 739 4758 646.
772 4688 1125 4761 Scholion
1157 4692 1215 4761 I.
1276 4696 1724 4771 Exceptionibus
1753 4696 1982 4769 satisfit.
2018 4729 2097 4768 ε-
2134 4695 2270 4798 lion
2303 4695 2523 4756 desunt
2554 4698 2754 4754 tamen
2785 4663 3039 4752 difficul-

539 4803 586 4856 s,
618 4804 874 4860 quarum
