3538 5364
1151 313 1300 367 inter
1328 316 1679 368 sacramenta
1708 313 1774 367 V.
1800 316 1858 367 et
1884 313 1952 368 N.
1982 313 2165 381 Legis.
2837 323 2966 386 5243

345 499 629 569 tulerint3
696 498 802 574 qni
863 501 1083 574 urgent
1144 503 1202 556 et
1266 499 1436 569 illud,
1501 499 2010 557 circumcisionem
2067 500 2337 574 potuisse
2397 502 2632 558 tantum
2683 501 2965 577 applicari

345 589 544 664 pueris
567 592 679 646 etc.
701 621 792 632 --
814 588 1077 646 Tertia
1109 589 1406 646 sententia
1436 593 1530 647 est
1560 587 1773 657 media,
1807 607 1985 663 quam
2018 588 2103 646 ita
2133 588 2417 648 enunciat
2448 589 2653 667 Lugo
2687 590 2741 649 d.
2768 601 2800 653 5
2825 608 2869 651 s.
2894 600 2964 653 3:

344 677 744 747 ,Assoi-imus,
791 676 1296 736 circumcisionem
1341 696 1409 735 ex
1458 695 1570 736 sua
1613 677 1994 736 institutione
2041 678 2267 737 nullam
2314 679 2430 736 vim
2478 678 2760 738 habuisse
2784 680 2967 754 justi·

340 766 558 824 ficandi
591 768 687 825 vel
723 765 974 825 tollendi
1009 770 1313 840 peccatum
1345 766 1649 843 originale,
1696 767 1798 823 sed
1846 767 2036 825 solnm
2084 767 2269 825 fuisse
2307 766 2507 825 datam
2539 768 2601 825 in
2636 768 2872 844 signum
2906 772 2967 827 et
3073 788 3086 800 ·

340 856 737 915 characterem
769 854 977 931 populi
1002 855 1228 931 judaici
1259 875 1324 914 ac
1356 855 1566 925 fidelia,
1611 858 1682 912 ut
1713 856 1885 913 docet
1916 856 2173 914 secunda
2204 856 2516 926 sententia,
2550 875 2729 931 quam
2760 860 2964 915 aucto·

344 945 490 1003 ritas
526 944 883 1019 Scripturas,
920 944 1304 1003 conciliorum
1341 949 1402 1003 et
1433 947 1671 1020 patrum
1703 943 1947 1002 videtur
1977 945 2216 1003 omnino
2258 945 2630 1004 confirmare:
2677 964 2811 1004 cum
2857 946 2965 1004 hoc

342 1047 543 1091 tamen
595 1037 733 1102 stat,
780 1033 940 1108 quod
986 1034 1050 1091 in
1094 1033 1544 1092 circumcisione
1576 1037 1635 1091 et
1666 1051 1774 1108 per
1803 1033 2309 1092 circumcisionem
2343 1034 2578 1110 parvuli
2610 1035 2968 1112 regulariter

333 1122 852 1197 justificarentur:
898 1122 1041 1197 quia
1088 1123 1410 1181 remedium
1456 1122 1608 1199 legis
1650 1124 1916 1193 naturae,
1964 1122 2121 1197 quod
2167 1123 2451 1199 applicari
2484 1123 2737 1183 debebat
2767 1124 2966 1200 aliquo

343 1212 513 1289 signo
561 1216 826 1283 externo,
877 1211 1036 1286 quod
1084 1215 1242 1269 esset
1286 1212 1639 1287 protestatio
1685 1210 1824 1270 fidei
1871 1211 2138 1271 internae
2186 1213 2256 1270 de
2303 1212 2536 1271 Christo
2582 1216 2836 1295 venturo
2867 1209 2966 1295 (cf.

341 1320 397 1358 n.
437 1300 647 1378 251²),
692 1300 1052 1377 regulariter
1081 1300 1259 1359 etiam
1307 1300 1718 1376 applicabatur
1763 1319 1869 1376 per
1912 1301 2103 1375 ipsam
2148 1302 2674 1368 circumcisionem,
2726 1307 2797 1361 nt
2844 1321 2965 1361 nna

340 1395 402 1447 et
434 1390 638 1448 eadem
672 1389 905 1448 actione
937 1388 1160 1465 duplici
1193 1394 1506 1465 praecepto
1539 1389 1914 1452 satisfieret.‘
1966 1390 2299 1466 Utrumque
2329 1391 2577 1466 proinde
2609 1410 2818 1449 verum
2850 1397 2961 1458 est,

338 1482 401 1536 et
432 1479 832 1538 caeremonias
863 1478 1036 1555 Legis
1066 1496 1185 1536 non
1216 1481 1456 1554 excepta
1487 1478 1930 1537 circumcisione
1976 1480 2038 1537 in
2085 1498 2145 1537 se
2192 1478 2377 1538 fuisse
2422 1498 2608 1555 egena
2639 1483 2699 1538 et
2730 1480 2964 1538 infirma

341 1569 639 1627 elementa
670 1568 795 1629 Gal.
830 1578 887 1637 4,
936 1579 991 1638 9,
1039 1569 1383 1643 praesertim
1430 1568 1482 1626 si
1527 1567 1975 1626 considerentur
2018 1569 2081 1626 in
2128 1587 2239 1627 sua
2280 1570 2351 1626 ad
2400 1573 2763 1627 sacramenta
2794 1569 2865 1626 N.
2898 1568 2961 1626 L.

343 1657 718 1733 oppositione
749 1660 812 1715 et
843 1660 1143 1733 tamquam
1177 1658 1404 1734 figurae
1436 1659 1618 1731 atque
1649 1657 1923 1726 umbrae;
1971 1662 2032 1716 et
2064 1657 2454 1735 ,originalem
2488 1658 2723 1734 culpam
2757 1658 2961 1718 remis-

345 1766 469 1804 sam
503 1746 694 1804 fuisse
741 1765 844 1821 per
892 1746 1356 1805 circumcisionis
1391 1746 1805 1822 mysterium‚‘
1860 1749 1931 1805 ut
1978 1746 2063 1804 ait
2113 1747 2635 1805 Innocentius
2681 1747 2785 1806 111.
2836 1766 2961 1822 cap.

342 1836 678 1909 ,Majores‘
713 1836 751 1893 l.
777 1845 812 1896 3
836 1835 984 1893 decr.
1004 1835 1098 1892 tit.
1122 1845 1200 1897 42
1236 1854 1281 1893 c.
1320 1845 1377 1900 3.
1423 1835 1556 1894 Huc
1586 1835 1740 1893 refer
1773 1835 1950 1893 verba
1982 1835 2037 1892 S.
2069 1835 2392 1894 Thomae
2424 1837 2556 1895 lect.
2593 1845 2626 1897 2
2666 1837 2728 1894 in
2761 1855 2851 1912 ep.
2884 1837 2957 1895 ad

342 1926 506 1982 Rom.
539 1944 585 1982 c.
624 1934 690 1985 3:
728 1923 981 1993 ‚Melius
1012 1922 1329 1983 dicendum
1361 1929 1469 1993 est,
1504 1923 1664 1999 quod
1696 1924 2065 1982 circumcisio
2097 1943 2165 1983 ex
2197 1925 2328 2000 ipso
2361 1944 2536 2001 opere
2567 1928 2806 2001 operato
2840 1944 2957 1984 non

344 2014 600 2072 habebat
644 2014 931 2071 virtutem
976 2013 1304 2073 effectivam
1349 2032 1545 2089 neque
1589 2017 1882 2088 quantum
1936 2014 2009 2072 ad
2060 2015 2448 2072 remotionem
2494 2015 2718 2091 culpae,
2769 2033 2961 2089 neque

339 2106 638 2178 quantum
670 2103 745 2161 ad
789 2102 1187 2178 operationem
1210 2102 1503 2179 justitiae,
1553 2102 1656 2160 sed
1703 2106 1833 2161 erat
1878 2103 2248 2161 solummodo
2272 2104 2547 2179 justitiae
2580 2104 2839 2181 signum,
2892 2107 2962 2163 ut

343 2192 436 2250 hic
467 2192 795 2267 Apostolus
839 2191 986 2250 dicit
1029 2192 1107 2268 (v,
1151 2188 1282 2265 11):
1329 2192 1432 2250 sed
1477 2210 1582 2266 per
1624 2190 1802 2249 fidem
1835 2190 2071 2262 Christi,
2119 2193 2291 2267 cujus
2324 2193 2689 2252 circumcisio
2722 2193 2959 2269 signnm

337 2284 483 2349 erat,
518 2281 902 2339 auferebatur
934 2284 1234 2356 peccatum
1263 2280 1549 2358 originale
1580 2282 1642 2338 et
1671 2280 2086 2339 conferebatur
2118 2281 2404 2339 auxilium
2436 2283 2661 2356 gratiae
2692 2282 2764 2339 ad
2799 2286 2960 2341 recte

343 2370 705 2447 agendum.‘
771 2369 938 2440 Quod
968 2369 1208 2428 brevius
1244 2380 1297 2433 3.
1332 2389 1388 2445 p.
1422 2388 1478 2445 q.
1516 2380 1593 2432 70
1628 2389 1678 2429 a.
1714 2380 1749 2431 4
1801 2368 1889 2427 ita
1931 2370 2240 2446 expressit,
2286 2372 2540 2446 gratiam
2586 2374 2731 2429 tunc
2773 2371 2959 2429 fuisse

343 2460 620 2518 collatam
655 2478 767 2527 ,ex
801 2458 915 2517 fide
935 2458 1281 2534 significata,
1314 2477 1435 2517 non
1467 2477 1535 2517 ex
1569 2458 2014 2517 circumcisione
2035 2459 2446 2535 significante‘
2471 2460 2507 2520 i.
2528 2479 2576 2522 e.
2608 2478 2727 2518 non
2751 2479 2959 2518 secun-

342 2550 486 2607 dum
520 2548 681 2623 quod
715 2550 843 2607 erat
886 2548 1207 2617 meritoria,
1255 2548 1353 2607 sed
1400 2547 1725 2606 secundum
1758 2548 1916 2621 quod
1950 2553 2079 2607 erat
2109 2547 2368 2607 medium
2403 2549 2796 2625 copulationis
2828 2567 2959 2607 cum

343 2638 595 2708 Christo,
627 2656 662 2697 a
692 2656 812 2714 quo
845 2641 938 2697 est
971 2636 1164 2696 omnis
1183 2635 1585 2696 sanctificatio.
1618 2635 1699 2698 cf.
1734 2637 1769 2694 S
1789 2655 1819 2696 c
1837 2637 1873 2695 h
1892 2655 1950 2696 m
1968 2637 2117 2696 alzl
2149 2638 2254 2697 Die
2277 2638 2650 2697 Sacramente
2681 2638 2783 2697 des
2805 2639 2872 2697 A.
2894 2639 2959 2701 B.

339 2726 669 2786 Eichstadii
711 2737 894 2792 1883.

522 2813 588 2879 ὃ.
625 2816 680 2876 Si
717 2834 987 2892 quaeras,
1020 2834 1167 2873 num
1187 2809 1395 2873 saltem
1415 2816 1742 2874 remedium
1763 2819 2009 2875 naturae
2041 2821 2104 2875 et
2133 2817 2516 2886 circumcisiO,
2550 2817 2612 2875 in
2646 2816 2961 2892 hypothesi

337 2905 501 2979 quod
535 2906 692 2964 vices
725 2908 958 2982 gereret
987 2903 1233 2962 remedii
1272 2908 1539 2974 naturae,
1590 2904 1845 2981 gratiam
1894 2906 2233 2964 conferrent
2278 2925 2345 2964 ex
2391 2924 2565 2981 opere
2610 2909 2959 2982 operat0,

340 2993 661 3070 respondet
693 2995 974 3054 Suarez
1006 2994 1154 3068 disp.
1199 3004 1270 3053 10
1308 3011 1352 3051 s.
1390 3002 1458 3055 2:
1510 2993 1833 3062 ,Quamvis
1867 2995 2196 3071 suppositis
2228 2995 2339 3062 his,
2386 3013 2538 3069 quae
2583 2995 2646 3053 in
2689 2995 2958 3070 superio-

337 3083 507 3141 ribus
541 3083 702 3142 dicta
733 3088 893 3155 sunt,
927 3082 1199 3157 quaestio
1233 3083 1372 3141 haec
1402 3083 1679 3141 videatur
1708 3083 1783 3141 ad
1814 3083 2056 3142 modum
2092 3083 2374 3159 loquendi
2394 3084 2707 3160 pertinere,
2741 3083 2958 3142 nihilo-

337 3172 540 3231 minus
575 3173 672 3231 hic
703 3173 915 3232 modus
947 3170 1229 3247 loquendi
1258 3172 1448 3248 magis
1470 3171 1812 3247 probandus
1842 3176 1951 3243 est,
1985 3177 2055 3230 nt
2085 3190 2204 3231 non
2236 3172 2591 3247 simpliciter
2609 3190 2958 3242 asseramus,

337 3262 845 3320 circumcisionem
894 3262 990 3320 vel
1035 3265 1470 3321 sacramentum
1516 3260 1668 3338 legis
1715 3263 1963 3320 naturae
2007 3262 2328 3320 contulisse
2374 3262 2627 3338 gratiam
2672 3281 2741 3321 ex
2788 3281 2961 3337 opere

336 3354 609 3426 operato:
657 3349 759 3408 sed
807 3351 1112 3409 interdum
1156 3351 1241 3408 eis
1286 3349 1482 3409 datam
1529 3368 1658 3408 esse
1707 3354 1938 3426 praeter
1979 3369 2127 3426 opus
2160 3351 2459 3426 operantis
2492 3351 2683 3409 solum
2717 3352 2792 3409 ob
2825 3369 2960 3426 spe—

335 3440 548 3498 cialem
581 3439 1013 3508 necessitatem,
1055 3440 1151 3498 cni
1184 3437 1388 3498 divina
1418 3439 1788 3515 providentia
1817 3458 1937 3498 non
1970 3440 2187 3498 statuit
2216 3439 2390 3498 aliter
2422 3440 2760 3510 subvenire,
2809 3459 2960 3515 quae

335 3529 662 3587 necessitas
693 3529 756 3587 in
786 3528 1053 3604 parvulis
1071 3532 1302 3587 tantum
1323 3527 1677 3587 accidebat.‘
1718 3529 1902 3587 Paulo
1935 3547 2104 3588 secus
2135 3529 2456 3604 respondet
2489 3529 2530 3586 L
2548 3549 2587 3587 u
2605 3547 2711 3605 g0‚
2746 3548 2957 3588 secun-

335 3616 485 3675 dum
517 3636 696 3692 quem
742 3620 988 3676 naturae
1032 3617 1358 3677 remedium
1405 3618 1498 3676 vel
1545 3618 1912 3675 circumcisio
1957 3618 2075 3676 fuit
2120 3623 2354 3676 tantum
2402 3617 2789 3684 conditio,
2844 3637 2962 3692 qua

339 3707 536 3780 posita
567 3707 728 3764 Deus
761 3707 1108 3765 movebatur
1154 3706 1227 3765 ad
1275 3706 1525 3766 dandam
1568 3707 1838 3784 gratiam,
1885 3726 2006 3766 non
2037 3711 2279 3782 propter
2311 3706 2519 3782 ipsam,
2568 3706 2670 3764 sed
2717 3711 2961 3782 propter

338 3796 798 3870 promissionem
831 3814 999 3854 suam
1033 3800 1092 3855 et
1123 3800 1366 3871 propter
1395 3796 1608 3854 merita
1627 3795 1848 3853 Christi
1878 3796 2096 3864 futura,
2129 3815 2279 3871 quae
2312 3799 2481 3854 erant
2514 3813 2690 3853 causa
2720 3796 2958 3854 moralis

336 3884 570 3960 gratiae
603 3904 722 3959 qua
752 3889 897 3943 tunc
929 3885 1331 3943 conferendae.
1397 3885 1587 3954 Quare
1617 3884 1947 3942 accuratius
1981 3883 2230 3954 dicetur,
2280 3885 2531 3960 gratiam
2563 3884 2748 3942 fnisse
2782 3885 2958 3943 colla·

333 3978 458 4030 tam
492 3972 827 4032 infantibus
860 3973 922 4032 in
955 3974 1395 4032 circumcisione
1426 3992 1603 4048 qnam
1633 3992 1739 4049 per
1768 3973 2285 4037 circumcisionem.

523 4097 674 4161 279.
710 4092 1064 4162 Scholion
1115 4094 1214 4163 11.
1276 4093 1375 4157 De
1418 4093 1990 4159 sacramentalibus.
2042 4132 2129 4142 —-
2177 4095 2422 4158 Juverit
2471 4094 2788 4176 quaedam
2838 4113 2956 4156 no-

347 4207 524 4263 tasse
557 4200 734 4263 circa
764 4199 1289 4273 sacramentalia3
1323 4200 1494 4282 quod
1526 4218 1762 4263 nomen
1796 4200 2069 4282 primum
2101 4201 2350 4264 videtur
2382 4200 2749 4265 adhibuisse
2781 4199 2956 4263 Ale-

333 4327 373 4369 x
395 4306 651 4369 ander
682 4306 963 4372 balensis
996 4308 1061 4394 (ἡ-
1098 4308 1311 4392 1245).
1360 4305 1936 4372 Sacramentalium
1986 4308 2242 4371 nomine
2288 4308 2720 4388 intelliguntur
2749 4307 2955 4388 primo

327 4412 788 4477 caeremoniae
836 4421 900 4477 et
942 4413 1100 4477 ritus
1146 4415 1227 4478 ab
1260 4414 1545 4478 Ecclesia
1575 4413 1862 4490 instituti,
1905 4413 2012 4495 qui
2061 4413 2438 4478 ordinantur
2469 4415 2551 4478 ad
2583 4431 2955 4477 sacramen-

332 4527 553 4582 torum
588 4517 1066 4584 confectionem
1101 4529 1164 4586 et
1197 4521 1814 4585 administrationem
1834 4521 1895 4607 ¹).
1957 4520 2196 4584 Verum
2229 4521 2308 4585 de
2340 4522 2438 4584 his
2471 4521 2665 4585 modo
2697 4539 2826 4584 non
2859 4520 2954 4583 lo-

332 4647 424 4654 ——
475 4647 766 4653 -ae--———-

561 4711 595 4774 ¹)
625 4703 678 4758 S.
707 4704 752 4757 Τ
770 4705 807 4757 h
829 4722 860 4756 o
877 4723 932 4758 m
952 4722 984 4757 a
1002 4722 1028 4758 s
1054 4706 1242 4776 suppl.
1271 4723 1323 4773 q.
1355 4712 1421 4761 ‘29
1446 4722 1495 4758 a.
1530 4715 1554 4762 l
1580 4728 1589 4757 :
1621 4705 2082 4764 ..Sacramentum
2109 4703 2323 4758 dicitur
2350 4703 2451 4757 illa
2478 4704 2627 4758 actio
2654 4703 2956 4768 Ecclesiae,

327 4799 484 4851 quae
502 4782 743 4852 attingit
758 4783 830 4836 ad
849 4785 1110 4838 effectum
1128 4785 1527 4856 principaliter
1543 4787 1827 4839 intentum
1843 4785 1903 4837 in
1921 4783 2417 4838 administratione
2440 4787 2920 4838 sacramentorum

2532 4875 2618 4927 16‘
