3538 5364
562 322 694 387 342
799 313 982 367 Tract.
1010 313 1102 366 IX.
1129 314 1199 367 de
1227 312 1584 367 eucharistia.
1627 312 1826 366 Thesis
1852 311 2139 366 CCXXVI.
2164 312 2234 365 de
2262 311 2929 366 transsubstantiatione.

739 501 1002 560 Tertia
1032 501 1307 576 analogia
1335 498 1787 558 Theodorus
1819 499 2174 557 Abucara
2204 516 2407 574 opusc.
2432 506 2511 560 22
2550 492 2830 579 (Migne
2862 499 3075 575 patrol.
3095 519 3188 576 gr.

565 599 665 660 97,
708 584 903 671 1554)
937 607 1211 648 saraceno
1243 587 1559 664 persuasit,
1590 606 1801 664 panem
1823 588 2076 664 mystica
2092 587 2509 646 benedictione
2540 587 2668 645 fieri
2703 603 2919 662 corpus
2940 587 3184 651 Christi.

564 681 891 755 Postquam
936 679 1097 737 enim
1140 678 1370 736 dixerat
1413 677 1788 736 concoctione
1820 677 2079 736 naturali
2112 696 2324 753 panem
2374 677 2439 734 in
2486 676 2678 735 nostri
2725 676 2984 752 corporis
3026 678 3183 736 verti

564 768 979 839 substantiam,
1032 766 1307 842 subjicit:
1361 766 1624 835 ,Eodem
1671 767 1846 825 modo
1894 766 2090 843 cogita
2133 766 2279 824 mihi
2324 765 2453 823 fieri
2496 766 2850 841 mysterium
2888 769 3185 825 nostrum.

564 857 743 916 Ponit
772 857 1041 916 sacerdos
1075 874 1285 932 panem
1318 874 1498 931 super
1527 858 1794 914 sanctam
1824 873 2102 925 mensam,
2138 855 2416 914 similiter
2448 858 2511 913 et
2541 854 2766 924 vinum,
2815 858 2877 913 et
2905 859 3188 930 precante

564 965 632 1005 eo
663 946 1061 1022 precationem
1094 948 1372 1015 sanctam,
1416 943 1724 1003 descendit
1754 943 2011 1019 Spiritus
2044 962 2088 1002 s.
2135 944 2197 1003 in
2242 962 2325 1015 ea,
2373 962 2524 1019 quae
2570 943 2879 1019 proposita
2909 948 3081 1015 sunt3
3113 946 3192 1003 et

566 1035 883 1095 divinitate
928 1053 1036 1093 sua
1080 1053 1292 1110 panem
1335 1037 1398 1092 et
1440 1034 1646 1093 vinum
1693 1033 1759 1092 in
1805 1051 2017 1110 corpus
2067 1035 2130 1092 et
2174 1032 2528 1110 sanguinem
2561 1032 2779 1092 Christi
2827 1037 3024 1092 mutat
3069 1052 3192 1093 non

564 1125 784 1194 minus,
831 1142 1009 1198 quam
1039 1118 1451 1199 hepar'cibum
1483 1122 1547 1180 in
1579 1140 1794 1199 corpus
1825 1122 2096 1198 alicujus.
2161 1123 2250 1180 En
2296 1122 2498 1194 amice,
2545 1140 2665 1181 non
2711 1121 2836 1192 da8‚
2883 1125 2955 1181 ut
2998 1123 3193 1200 possit

567 1212 827 1290 Spiritus
875 1231 919 1272 s,
962 1212 1252 1288 perficere,
1288 1210 1448 1287 quod
1478 1212 1662 1287 hepar
1693 1215 1869 1270 tuum
1901 1214 2141 1287 potest?
2208 1215 2669 1271 Saracenus:
2722 1211 2825 1283 Dc,
2860 1210 3077 1286 inquit,
3129 1215 3197 1270 et

567 1303 872 1378 suspirans
903 1301 1153 1360 tacuit.‘
1185 1301 1409 1360 Eadem
1439 1300 1560 1359 fere
1590 1301 1821 1359 ratione
1853 1298 1908 1358 J.
1931 1301 2327 1360 Damascenus
2347 1300 2704 1376 mysterium
2736 1299 3007 1359 illustrat
3038 1301 3075 1359 l.
3109 1319 3193 1363 c.:

571 1391 788 1461 ,Panis
820 1392 948 1467 ipse
980 1392 1040 1448 et
1068 1390 1279 1450 vinum
1309 1391 1375 1448 in
1405 1407 1620 1466 corpus
1652 1392 1714 1449 et
1744 1389 2096 1465 sanguinem
2126 1389 2236 1448 Dei
2266 1390 2764 1448 transmutantur.
2799 1388 2861 1447 Si
2893 1390 3191 1464 requiras,

567 1499 825 1556 quonam
845 1483 1020 1556 pacto
1051 1480 1216 1538 istud
1248 1479 1370 1549 fiat,
1406 1481 1500 1537 sat
1528 1478 1642 1537 tibi
1675 1479 1756 1537 sit
1786 1478 2012 1545 audire,
2046 1477 2157 1537 hoc
2188 1478 2312 1537 fieri
2345 1497 2451 1554 per
2470 1478 2760 1554 Spiritum
2791 1496 2866 1548 s.;
2906 1479 3190 1554 quemad-

566 1570 812 1628 modum
859 1572 921 1627 et
964 1587 1034 1627 ex
1080 1587 1125 1627 s.
1172 1568 1280 1628 Dei
1312 1568 1605 1645 genitrice
1634 1567 1927 1626 Dominus
1960 1567 2077 1625 sibi
2108 1567 2226 1643 ipsi
2257 1585 2491 1626 carnem
2523 1567 2868 1642 assumpsit,
2921 1586 3074 1643 quae
3125 1568 3191 1626 in

570 1659 764 1735 seipso
785 1657 1170 1717 subsisteret:
1202 1675 1310 1716 nec
1338 1657 1595 1734 amplius
1614 1656 1944 1732 quidquam
1975 1656 2149 1716 nobis
2180 1660 2555 1733 perspectum
2587 1659 2682 1715 est
2711 1658 2774 1714 et
2803 1657 3191 1732 exploratum,

569 1767 750 1823 quam
780 1748 938 1823 quod
972 1747 1078 1805 Dei
1111 1764 1303 1805 sermo
1333 1764 1505 1805 verax
1546 1745 1870 1820 efficaxque
1915 1747 2010 1804 est
2053 1747 2235 1820 atque
2280 1745 2479 1805 omnia
2522 1748 2750 1822 potest3
2794 1746 3007 1805 modus
3051 1765 3195 1805 vero

569 1854 812 1913 prorsus
843 1835 1193 1913 investigari
1224 1835 1456 1911 nequit*
1515 1834 1675 1893 Illud
1707 1853 1847 1893 vero
1880 1834 2076 1893 dicere
2106 1835 2367 1894 alienum
2399 1853 2520 1893 non
2551 1836 2660 1903 est,
2695 1834 3194 1910 quemadmodum

570 1925 926 1985 naturaliter
956 1925 1129 1999 panis
1164 1943 1270 2000 per
1300 1925 1722 1983 comestionem
1752 1924 2085 1999 vinumque
2116 1927 2177 1982 et
2223 1943 2378 1999 aqua
2407 1942 2515 1999 per
2544 1924 2852 1999 potionem
2883 1924 2948 1982 in
2978 1942 3195 2000 corpus

570 2018 630 2073 et
661 2014 1011 2091 sanguinem
1044 2013 1408 2075 comedentis
1440 2016 1502 2072 et
1531 2013 1792 2071 bibentis
1822 2014 2320 2084 transmutantur,
2366 2017 2438 2071 ut
2467 2031 2577 2072 nec
2606 2031 2818 2088 corpus
2849 2012 2997 2071 fiant
3027 2013 3193 2072 aliud

571 2123 606 2161 a
637 2121 876 2178 corpore
907 2104 1056 2178 ejus,
1099 2102 1262 2178 quod
1294 2102 1462 2178 prius
1495 2102 1789 2171 exstabat-3
1838 2101 1923 2160 sic
1966 2121 2198 2178 panem,
2246 2101 2351 2177 qui
2395 2101 2460 2160 in
2504 2101 2767 2178 prothesi
2800 2105 3192 2178 praeparatus

571 2192 706 2262 fuit,
752 2192 960 2249 vinum
1005 2191 1148 2251 item
1195 2194 1255 2250 et
1299 2211 1512 2268 aquam
1556 2209 1663 2267 per
1695 2189 1957 2267 Spiritus
1991 2209 2037 2249 s.
2067 2192 2503 2250 invocationem
2534 2193 2594 2250 et
2625 2191 2967 2262 adventum,
3016 2191 3195 2250 modo

573 2281 677 2357 qui
708 2285 958 2339 naturae
991 2280 1220 2343 viribus
1253 2283 1314 2340 et
1345 2280 1682 2339 conditione
1714 2279 2034 2339 sublimior
2064 2281 2170 2350 est,
2202 2280 2266 2339 in
2286 2280 2505 2342 Christi
2527 2298 2739 2354 corpus
2760 2283 2820 2339 et
2841 2281 3195 2357 sanguinem

574 2370 858 2442 converti,
904 2372 975 2428 ut
1018 2388 1394 2445 nequaquam
1426 2369 1544 2428 duo
1577 2370 1719 2442 sint,
1765 2369 1868 2428 sed
1901 2388 2089 2427 unum
2122 2373 2182 2427 et
2212 2369 2431 2427 idem.‘
2497 2368 2592 2427 Ita
2619 2369 2876 2429 Bruno
2907 2372 3018 2428 ast.
3051 2370 3198 2428 Sen-

574 2461 724 2520 tent.
758 2459 797 2519 l.
833 2471 870 2520 4
905 2477 952 2517 c.
989 2468 1060 2529 93
1092 2459 1613 2517 Guitmundus
1644 2458 1682 2515 1.
1722 2468 1746 2521 1
1790 2477 1847 2516 n.
1884 2468 1918 2520 9
1954 2460 2015 2516 et
2046 2458 2326 2516 Petrus
2358 2477 2489 2516 ven.
2520 2457 2650 2515 adv.
2670 2458 3199 2534 petrobrussianos

575 2543 767 2629 (Mig.
808 2557 947 2618 189,
985 2548 1155 2629 803).
1221 2548 1310 2606 Ne
1354 2551 1554 2606 tamen
1601 2547 1709 2606 hae
1759 2547 2227 2623 comparationes
2258 2549 2705 2623 praeposterum
2737 2547 3105 2622 accipiantur
3134 2549 3199 2606 in

577 2654 838 2708 sensum,
872 2635 942 2700 cf.
976 2636 1253 2696 Suarez
1286 2637 1433 2712 disp.
1473 2646 1553 2700 49
1589 2654 1635 2698 s,
1672 2647 1706 2700 3
1742 2638 1805 2696 et
1834 2637 2174 2714 Algerus
2204 2636 2251 2706 I,
2288 2646 2323 2700 9
2358 2655 2416 2697 n.
2453 2644 2554 2700 62.

753 2756 933 2836 Quae
966 2757 1182 2821 omnia
1213 2757 1297 2820 ad
1330 2757 1717 2822 evidentiam
1749 2774 1952 2839 usque
1972 2757 2443 2834 demonstrant,
2464 2763 2719 2821 tantum
2741 2755 3072 2821 discedere
3092 2756 3194 2820 lu-

578 2865 996 2930 theranorum
1046 2863 1429 2944 opinionem,
1463 2881 1503 2926 a
1551 2863 1674 2928 fide
1724 2863 2044 2945 maiorum
2089 2872 2484 2942 nostrorum,
2535 2870 2848 2946 quantum
2898 2863 2982 2927 ad
3045 2881 3191 2928 eam

576 2971 810 3051 dogma
841 2970 1091 3034 accedit
1120 2970 1527 3034 catholicum.
1560 2968 1686 3035 Sed
1720 2971 1949 3036 eadem
1969 2971 2250 3051 probant
2270 2971 2464 3035 etiam
2485 2969 2829 3036 falsitatem
2850 2970 3187 3034 doctrinae

579 3076 1252 3151 sacramentariorum,
1285 3077 1395 3160 qui
1427 3077 1885 3142 eucharistiam
1916 3083 2227 3142 revocant
2258 3078 2341 3141 ad
2373 3096 2620 3141 meram
2636 3078 2921 3158 corporis
2943 3077 3179 3142 Christi

577 3183 863 3263 figuram.
924 3182 1148 3247 Risum
1194 3184 1363 3247 enim
1411 3190 1701 3249 moveret
1732 3185 2275 3250 sacramentarius
2306 3185 2427 3260 ille,
2460 3184 2567 3266 qui
2599 3190 2669 3248 ut
2714 3183 3193 3249 catechumenis

577 3289 707 3352 suis
738 3290 1179 3369 persuaderet,
1200 3308 1436 3372 panem
1456 3290 1958 3356 eucharisticum
1975 3290 2228 3355 Christo
2251 3297 2515 3355 auctore
2532 3289 2799 3371 figuram
2819 3291 2920 3355 vel
2940 3291 3190 3371 signum

579 3416 723 3463 esse
767 3398 1055 3478 corporis
1099 3398 1404 3479 eiusdem,
1452 3398 1533 3463 ad
1566 3399 1880 3463 miracula
1910 3396 2012 3463 vel
2043 3417 2249 3480 opera
2272 3406 2658 3480 provocaret
2688 3396 3194 3478 omnipotentiae

578 3502 852 3580 divinae,
885 3503 1116 3585 quibus
1148 3522 1228 3568 ex
1259 3504 1455 3568 nihilo
1491 3505 1800 3569 mundum
1832 3505 2091 3581 creavit,
2125 3523 2361 3586 aquam
2394 3506 2586 3570 vertit
2615 3506 2681 3570 in
2712 3505 2947 3582 vinum,
2981 3504 3189 3569 homi-

580 3629 730 3674 nem
776 3627 815 3672 a
860 3609 993 3673 suis
1039 3610 1361 3674 cineribus
1409 3610 1818 3676 resuscitabit
1850 3618 1987 3688 etc,
2034 3629 2181 3674 cum
2215 3612 2297 3674 ad
2328 3611 2793 3676 institutionem
2824 3612 3065 3692 figurae
3096 3610 3194 3674 vel

579 3717 742 3797 signi
787 3722 1004 3780 tantus
1049 3718 1374 3799 potentiae
1421 3724 1768 3800 apparatus
1819 3736 1950 3781 non
1982 3719 2362 3800 requiratur,
2394 3737 2515 3784 nec
2547 3720 2676 3784 ulla
2707 3720 2790 3783 sit
2823 3720 2989 3784 inter
3020 3720 3190 3783 hanc

581 3828 646 3888 et
688 3822 795 3886 illa
827 3841 1028 3904 opera
1056 3824 1419 3888 similitudo.
1482 3824 1528 3889 E
1560 3825 1889 3890 contrario
1922 3825 2006 3889 ad
2039 3825 2611 3891 demonstrandum
2644 3827 2880 3907 dogma
2917 3811 3193 3891 catholi-

579 3948 727 3994 cum
759 3930 838 3997 de
882 3928 1039 3996 reali
1069 3931 1357 4012 corporis
1389 3929 1623 3995 Christi
1654 3932 1720 3995 in
1752 3931 2139 3996 eucharistia
2168 3933 2536 4013 praesentia
2568 3933 2652 3996 nil
2688 3934 2916 4014 aptius,
2951 3932 3037 3997 nil
3071 3951 3191 4014 op-

579 4038 932 4118 portuniuS,
964 4037 1235 4101 validius
1285 4037 1438 4101 nihil
1485 4056 1563 4102 eo
1610 4036 1914 4119 loquendi
1957 4038 2406 4122 probandique
2452 4039 2647 4103 modo
2696 4040 2907 4104 afferri
2957 4046 3193 4121 potest.

581 4144 873 4210 Viderint
901 4145 1050 4208 hinc
1081 4144 1449 4221 adversarii,
1482 4144 1654 4227 apud
1688 4163 1853 4227 quos
1888 4145 1970 4208 sit
2000 4146 2268 4210 veritas!
2329 4145 2543 4224 Quare
2575 4145 3015 4211 concludimus
3049 4163 3197 4209 cum

581 4250 997 4332 Haymone
1028 4251 1419 4316 halberstad.
1452 4252 1533 4317 de
1566 4270 1737 4332 corp.
1773 4257 1836 4315 et
1857 4252 2166 4333 sanguine
2185 4251 2255 4316 D.
2279 4251 2514 4338 (Mign
2535 4273 2570 4318 e
2596 4258 2738 4331 118,
2763 4254 2951 4340 815):
2992 4250 3198 4327 ,Sub-

583 4357 889 4422 stantiam
921 4376 1072 4438 ergo
1106 4359 1290 4439 panis
1310 4365 1375 4423 et
1392 4357 1537 4434 vini,
1559 4376 1724 4440 quae
1744 4376 1937 4440 super
1957 4359 2159 4423 altare
2180 4365 2522 4440 ponuntur,
2543 4358 2679 4424 fieri
2697 4378 2931 4441 corpus
2952 4359 3185 4425 Christi

586 4471 650 4529 et
680 4463 1057 4544 sanguinem
1088 4484 1202 4545 per
1234 4465 1653 4529 ministerium
1687 4465 2043 4531 sacerdotis
2076 4472 2139 4531 et
2170 4466 2527 4546 gratiarum
2546 4466 2887 4543 actionem,
2919 4467 3052 4531 Deo
3074 4467 3201 4530 hoc

585 4577 895 4652 operante
943 4570 1159 4634 divina
1209 4572 1430 4651 gratia,
1482 4565 1734 4638 secreta
1765 4578 2106 4654 potestate,
2155 4571 2650 4638 nefandissimae
2682 4572 3044 4637 dementiae
3093 4580 3195 4637 est

585 4676 874 4742 fidelibus
908 4676 1228 4743 mentibus
1260 4679 1609 4744 dubitare.⁴¹
