3538 5364
1197 292 1350 345 delet
1371 292 1567 348 omnia
1591 295 1825 363 peccata
1850 293 2067 364 gravia-
2821 303 2940 367 149

322 472 694 537 ficationem
734 473 1260 547 ,translationem
1312 472 1395 536 ab
1427 491 1506 538 eo
1537 481 1728 548 statu,
1760 474 1828 538 in
1859 493 1989 557 quo
2020 474 2215 538 homo
2248 475 2532 539 nascitur
2560 476 2723 540 filius
2754 476 2943 558 primi

318 578 522 657 Adae,
556 579 622 642 in
656 586 902 644 statum
936 580 1180 661 gratiae
1210 584 1276 645 et
1307 580 1674 662 adoptionis
1704 580 1982 646 filiorum
2014 581 2181 647 Dei.‘
2257 581 2451 664 Atqui
2495 583 2560 646 in
2592 583 2767 646 omni
2799 602 2943 647 mu-

326 685 579 750 tatione
611 687 925 752 terminus
957 705 997 750 a
1028 706 1157 769 quo
1204 686 1563 752 excluditur
1592 688 1866 753 termino
1901 688 1984 752 ad
2015 708 2223 771 quem.
2285 687 2450 770 Ergo
2482 689 2688 770 gratia
2713 689 2944 772 justifi-

322 791 622 870 cationiS,
642 812 812 877 quae
831 800 930 858 est
950 794 1258 859 terminus
1291 793 1374 858 ad
1407 813 1599 876 quem
1630 794 1696 858 in
1728 795 1852 858 hac
1887 795 2328 871 translatione,
2350 796 2723 861 excludetur
2738 802 2944 861 status

324 900 595 981 peccati.

498 1026 568 1095 2.
601 1023 922 1089 Probatur
952 1022 1326 1107 Scripturae
1370 1031 1757 1110 patrumque
1804 1025 2029 1103 effatis»,
2076 1025 2306 1109 quibus
2338 1027 2578 1108 passim
2628 1025 2950 1091 affirmant

318 1132 601 1213 gratiam
635 1133 875 1213 opponi
906 1139 1175 1214 peceato
1208 1139 1279 1197 ut
1299 1132 1516 1199 lumen
1535 1133 1819 1199 tenebris
1842 1133 1926 1220 (n.
1956 1140 2072 1203 161
2095 1136 2162 1220 ¹),
2183 1135 2528 1200 sanitatem
2548 1134 2946 1215 aegritudini,

323 1239 684 1303 novitatem
732 1240 1055 1315 vetustati,
1104 1240 1642 1305 resurrectionem
1691 1240 1902 1304 morti.
1934 1239 2088 1321 Eph.
2121 1243 2181 1316 5,
2216 1246 2291 1309 8:
2351 1239 2572 1306 Eratis
2615 1243 2777 1306 enim
2830 1244 2946 1307 ali-

321 1347 586 1430 quando
617 1347 936 1410 tenebrae:
968 1366 1132 1410 nunc
1154 1352 1359 1411 autem
1379 1348 1490 1410 lua:
1509 1349 1577 1409 in
1600 1346 1887 1411 Domino.
1934 1347 2011 1409 Ut
2028 1347 2149 1430 filii
2167 1348 2323 1411 lucis
2340 1347 2652 1414 ambulate
2666 1372 2693 1429 ,·
2724 1355 2786 1419 2.
2804 1347 2947 1413 Cor.

321 1456 385 1529 9,
421 1458 540 1520 14:
589 1452 766 1530 Quae
792 1454 955 1516 enim
975 1455 1389 1537 participatio
1413 1455 1696 1535 justitiae
1741 1474 1882 1516 cum
1926 1454 2304 1540 iniquitate?
2345 1463 2457 1518 aut
2503 1476 2662 1540 quae
2691 1459 2950 1521 societas

317 1564 477 1627 lueis
508 1564 599 1626 ad
631 1562 963 1627 tenebras?
996 1563 1190 1644 Atqui
1221 1562 1329 1627 lux
1360 1581 1431 1627 se
1463 1563 1605 1644 ipsa
1636 1561 1918 1626 excludit
1947 1562 2249 1627 tenebras
2281 1567 2399 1627 etc.

504 1688 574 1754 3.
608 1686 767 1750 lllud
798 1686 1048 1751 videtur
1097 1685 1417 1769 expellere
1468 1687 1820 1751 formaliter
1867 1692 2205 1768 peccatum
2255 1688 2650 1752 constituens
2680 1705 2800 1751 nos
2835 1685 2949 1751 Dei

324 1792 643 1869 inimicOS,
677 1811 803 1875 quo
838 1791 1164 1858 reddimur
1195 1792 1327 1858 Deo
1378 1793 1558 1873 grati,
1611 1792 1747 1873 ejus
1793 1790 1901 1855 filii
1952 1798 2017 1856 et
2048 1792 2269 1856 amici:
2321 1792 2445 1857 hoc
2477 1798 2696 1859 autem
2730 1798 2845 1870 est,
2879 1800 2950 1857 ut

328 1898 710 1976 videbimus,
742 1899 950 1981 gratia
981 1900 1046 1963 in
1069 1898 1525 1981 justificatione
1557 1898 1783 1963 infusa.

504 2046 716 2121 Neque
750 2051 1083 2124 opponatur
1112 2047 1365 2125 gratiam
1398 2047 1463 2106 in
1499 2047 1930 2124 justificatione
1960 2047 2218 2105 infusam
2251 2065 2380 2105 esse
2411 2047 2640 2123 aliquid
2673 2046 2948 2124 physi-

324 2155 523 2206 cum,
576 2141 882 2211 peccatum
914 2155 1052 2195 vero
1082 2155 1212 2195 esse
1243 2137 1468 2196 ordinis
1500 2136 1826 2196 muralis
1846 2182 1859 2207 ,
1906 2136 2161 2212 ideoque
2191 2136 2446 2211 gratiam
2476 2155 2597 2195 non
2629 2155 2800 2213 posse
2831 2136 2949 2195 for·

250 2272 268 2291 ,
328 2225 571 2284 maliter
600 2225 910 2284 excludere
940 2229 1261 2301 peccatum.
1327 2226 1477 2284 Nam
1525 2230 1586 2285 et
1615 2229 1921 2301 peccatum
1956 2229 2187 2301 spectat
2216 2226 2650 2301 quadamtenus
2680 2225 2949 2284 ordinem

327 2308 649 2390 physicum
679 2314 907 2373 ratione
939 2315 1217 2385 maculae,
1250 2334 1431 2390 quam
1463 2314 1750 2384 includit3
1799 2318 1863 2373 et
1891 2314 2086 2391 gratia
2115 2314 2509 2372 essentialiter
2541 2316 2772 2391 spectat
2801 2333 2948 2391 quo-

329 2422 445 2477 que
478 2402 557 2461 ad
589 2403 856 2461 ordinem
877 2404 1188 2462 moralem:
1220 2403 1295 2462 ad
1315 2404 1469 2462 hunc
1492 2404 1651 2462 enim
1671 2403 1938 2463 ordinem
1960 2406 2190 2479 spectat
2220 2406 2281 2461 et
2310 2404 2573 2461 amicitia
2603 2407 2665 2462 et
2686 2404 2950 2478 justitia,

326 2493 500 2567 cujus
532 2492 666 2568 ipsa
696 2496 791 2551 est
820 2510 996 2551 causa
1027 2491 1317 2560 formalis3
1351 2511 1516 2551 amor
1546 2493 1669 2563 ille,
1701 2493 1875 2568 cujus
1907 2492 2101 2568 gratia
2131 2495 2223 2550 est
2254 2493 2510 2569 signum,
2558 2492 2821 2558 effectus,
2855 2511 2950 2550 ar-

328 2583 688 2658 gumentum
721 2585 782 2640 et
811 2581 990 2640 realis
1021 2581 1346 2657 expressio:
1391 2580 1549 2640 unde
1581 2600 1648 2640 eo
1679 2581 1810 2657 ipso
1844 2580 2003 2656 quod
2035 2581 2227 2658 gratia
2246 2580 2697 2656 justificationis
2730 2585 2824 2639 est
2853 2600 2953 2639 ex-

329 2671 560 2746 pressio
579 2670 801 2730 amoris
835 2670 1254 2731 constituentis
1283 2689 1393 2730 nos
1425 2670 1642 2731 amicos
1672 2673 1736 2731 et
1765 2670 2103 2747 adoptantis
2132 2689 2239 2729 nos
2270 2669 2334 2729 in
2369 2669 2536 2740 filios,
2569 2689 2690 2729 non
2713 2669 2954 2729 videtur

326 2760 502 2819 nobis
551 2779 744 2819 novus
789 2759 952 2820 favor
995 2780 1030 2819 a
1073 2760 1391 2818 collatione
1430 2761 1655 2837 gratiae
1680 2759 2066 2836 justificantis
2098 2759 2415 2819 distinctus
2460 2759 2533 2818 ad
2579 2763 2952 2836 peccatorum

327 2849 742 2908 remissionem
774 2850 1059 2908 actualem
1094 2850 1486 2908 necessarius:
1538 2849 1641 2908 sed
1686 2851 1816 2925 ipsa
1860 2848 2097 2908 collatio
2144 2852 2239 2908 est
2282 2850 2521 2926 signum
2565 2848 2952 2918 remissionis,

326 2939 446 2996 imo
478 2937 676 3013 ipsam
704 2940 924 2996 realem
954 2941 1325 3014 peccatorum
1363 2938 1769 2997 remissionem
1804 2938 2075 2997 includit.

520 3090 595 3144 17
605 3090 662 3143 3.
696 3075 1047 3145 Scholion
1080 3076 1143 3145 1.
1190 3080 1382 3150 Quare
1411 3082 1481 3140 de
1494 3082 1662 3161 sacto
1678 3101 1980 3159 nunquam
2000 3083 2173 3140 simul
2192 3082 2488 3140 cohaerent
2516 3082 2716 3156 qratia
2746 3087 2798 3137 et
2819 3098 2950 3155 pee-

325 3179 523 3228 catum
556 3171 802 3229 mortale
845 3172 909 3228 in
954 3169 1159 3229 eodem
1206 3170 1507 3246 subjecto:
1554 3170 1715 3246 quod
1759 3170 2068 3247 colligitur
2111 3189 2181 3229 ex
2233 3181 2281 3231 l.
2314 3169 2484 3228 Joan.
2520 3178 2576 3241 3,
2611 3179 2648 3232 9
2684 3165 2768 3250 (n.
2804 3163 2951 3251 45¹)

326 3264 389 3317 et
416 3259 605 3318 etiam
652 3278 720 3317 ex
768 3259 1146 3318 damnatione
1178 3277 1345 3334 prop.
1383 3268 1461 3323 70
1498 3262 1560 3319 et
1592 3268 1673 3322 43
1712 3261 1810 3319 Ba
1818 3259 1913 3335 ji:
1965 3260 2075 3328 ,In
2119 3258 2461 3317 bominibus
2506 3258 2954 3335 poenitentibus

331 3352 468 3407 ante
502 3351 940 3407 sacramentum
972 3348 1369 3407 absolutionis
1414 3353 1476 3408 et
1521 3348 1585 3406 in
1630 3349 2070 3408 catechumenis
2113 3352 2249 3407 ante
2294 3348 2658 3423 baptismum
2696 3351 2787 3405 est
2817 3366 2957 3405 vera

318 3437 525 3511 justi
545 3436 827 3495 ficatio
859 3440 1127 3512 separata
1157 3440 1356 3495 tamen
1386 3456 1422 3495 a
1451 3437 1801 3497 remissione
1830 3441 2265 3514 peccatorum.‘
2328 3437 2453 3495 Imo
2485 3455 2659 3513 neque
2689 3437 2861 3493 simul
2891 3435 2955 3495 in

329 3525 535 3584 eadem
567 3526 767 3584 anima
782 3528 1087 3584 consistere
1100 3532 1343 3602 possunt
1353 3534 1655 3602 peccatum
1681 3546 1861 3605 yrave
1891 3535 1941 3585 et
1960 3526 2401 3602 justificationis
2415 3528 2634 3602 qratia.
2668 3524 2955 3600 Opposita

334 3614 630 3673 sententia
661 3613 900 3673 videtur
928 3614 1111 3674 inniti
1131 3614 1523 3691 inadaequata
1555 3621 1615 3674 et
1637 3616 1850 3692 jejuna
1879 3615 2106 3692 gratiae
2130 3613 2515 3691 justificantis
2544 3613 2802 3686 notione,
2836 3632 2957 3688 qua

330 3703 746 3762 consideratur
776 3721 936 3762 mere
967 3707 1038 3761 ut
1067 3702 1337 3762 accidens
1384 3708 1446 3763 et
1490 3705 1749 3780 qualitas
1782 3704 1986 3779 aliqua
2030 3702 2370 3780 physica.
2436 3703 2516 3765 cf.
2564 3701 2958 3761 Scheeben

329 3791 423 3851 die
454 3792 792 3851 Herrlicbk.
826 3791 930 3851 der
959 3812 1015 3869 g.
1050 3791 1248 3851 Gnade
1278 3792 1386 3863 ΙΙΙ,
1425 3802 1495 3864 2;
1528 3793 1604 3864 11,
1642 3802 1710 3864 '¹13
1744 3793 2065 3870 Hysterien
2098 3797 2129 3865 ἓ
2165 3801 2264 3855 86.
2299 3825 2385 3836 -
2417 3791 2561 3850 Cum
2592 3809 2734 3867 ergo
2765 3791 2958 3867 gratia

332 3880 665 3950 iustificans
697 3899 832 3939 cum
865 3880 1028 3939 omni
1059 3885 1291 3957 pugnet
1322 3885 1560 3958 peccato
1582 3882 1820 3941 mortali
1852 3882 2053 3957 sitque
2083 3881 2147 3939 in
2180 3879 2475 3957 praesenti
2505 3880 2710 3938 ordine
2744 3880 2954 3938 sorma-

333 3969 404 4028 lis
433 3988 617 4029 causa
648 3969 1015 4029 remissionis
1044 3973 1438 4046 peccatorum,
1486 3971 1691 4046 liquet,
1738 3971 1803 4030 in
1847 3971 2148 4047 praesenti
2188 3970 2395 4029 ordine
2428 3987 2735 4044 nunquam
2766 3987 2956 4027 unum

334 4063 641 4132 peccatum
671 4076 852 4135 grave
897 4059 1026 4118 sine
1072 4058 1188 4119 alio
1234 4059 1481 4131 remitti,
1529 4079 1723 4135 neque
1754 4060 1984 4118 remitti
2017 4077 2209 4135 posse.
2269 4059 2428 4117 Num
2475 4057 2539 4115 in
2582 4057 2700 4116 alio
2747 4057 2956 4117 ordine

335 4166 519 4207 unum
552 4151 865 4223 peccatum
895 4166 1073 4224 grave
1105 4147 1236 4207 sine
1269 4147 1383 4207 alio
1414 4149 1640 4207 remitti
1673 4150 1875 4225 possit,
1909 4148 1973 4207 in
2006 4148 2257 4207 dubium
2286 4165 2559 4205 revocare
2590 4146 2747 4211 licet,

516 4301 542 4351 1
561 4299 663 4352 74.
697 4283 1048 4354 Scholion
1081 4287 1185 4354 II.
1234 4290 1324 4349 De
1350 4292 1569 4366 peccati
1598 4291 1838 4349 venialis
1866 4291 2202 4349 remissione
2231 4291 2374 4348 haec
2404 4290 2562 4347 inter
2593 4287 2709 4347 alia
2741 4288 2956 4347 statuit

336 4378 618 4436 Suarez
648 4376 780 4449 Vll,
816 4389 932 4442 24:
985 4377 1046 4443 l.
1080 4381 1393 4439 Peccatum
1425 4379 1656 4439 veniale
1689 4379 1918 4437 remitti
1949 4382 2186 4438 tantum
2223 4378 2464 4437 habenti
2496 4378 2748 4454 gratiam
2772 4376 2955 4452 justi·

336 4466 639 4525 ficantem:
689 4484 812 4526 non
851 4472 1053 4529 tamen
1082 4465 1150 4533 2.
1186 4487 1417 4545 semper
1448 4468 1556 4528 bac
1586 4467 1810 4544 gratia;
1857 4486 2052 4544 neque
2097 4467 2254 4526 enim
2285 4467 2526 4543 quoties
2557 4467 2699 4525 haec
2729 4464 2955 4524 confer-

337 4561 449 4624 tur,
482 4555 643 4614 illud
673 4556 1026 4620 remittitur.
1089 4557 1347 4634 Ideoque
1380 4554 1445 4622 3.
1478 4556 1734 4636 gratiam
1764 4556 2129 4616 habitualem
2161 4575 2283 4615 non
2320 4574 2449 4615 esse
2481 4555 2729 4614 formam
2763 4553 2958 4628 seipsa

335 4644 731 4719 expellentem
764 4651 1073 4721 peccatum
1102 4647 1348 4710 veniale.
1412 4645 1694 4716 Quamvis
1741 4665 1881 4704 vero
1913 4640 1979 4711 4.
2011 4647 2170 4705 Deus
2203 4645 2396 4722 possit
2425 4643 2726 4703 remittere
2756 4660 2956 4719 pecca-

335 4735 463 4792 tum
497 4733 735 4792 veniale
767 4734 898 4793 sine
927 4738 1065 4794 actu
1095 4736 1437 4810 peccatoris,
1485 4735 1548 4793 id
1583 4733 1884 4794 ordinario
1915 4753 2038 4793 non
2067 4735 2410 4811 contingere
2444 4729 2663 4815 (neque
2692 4749 2959 4806 unquam
