3538 5364
619 269 749 333 202
1275 260 1319 313 T
1321 263 1460 314 raet.
1495 258 1644 311 VIII.
1671 258 1740 311 de
1767 253 1987 310 merito,
2015 253 2103 306 De
2126 253 2346 324 objecto
2374 254 2581 309 meriti.

619 449 883 504 recenset
915 464 1053 508 sese.
1091 456 1124 505 6
1175 464 1298 521 cap.
1342 457 1414 508 16
1465 448 1526 504 et
1571 464 1693 503 can.
1731 453 1848 507 32;
1896 442 2109 501 deinde
2156 441 2228 506 b.
2277 444 2573 519 objectum
2607 444 2807 502 meriti
2841 442 3119 520 condigni
3153 446 3243 500 est

620 535 917 594 debitum:
955 534 1294 609 Scripturae
1327 554 1465 593 vero
1500 538 1560 592 et
1591 537 1791 609 patres
1824 532 2107 591 exhibent
2126 534 2624 607 perseverantiam
2646 533 2880 591 finalem
2905 537 2974 590 ut
2992 530 3239 609 grat-iam

619 643 1013 701 magnamque
1045 624 1154 682 Dei
1187 625 1440 700 gratiam
1472 621 1848 698 supplicibus
1882 621 2157 697 precibus
2190 622 2643 698 impetrandam.
2712 623 3024 680 Praeterea
3055 635 3117 684 e.
3149 621 3242 679 vel

610 716 817 788 justus
850 714 936 771 ita
966 719 1154 772 meret
1198 713 1306 771 hoc
1354 714 1591 782 donum,
1640 714 1712 769 ut
1757 712 1955 787 ipsum
1989 712 2204 769 iterum
2241 711 2429 786 possit
2461 712 2751 781 amittere,
2800 715 2862 769 et
2904 713 3049 768 tunc
3094 708 3241 767 illud

620 803 858 879 proprie
891 821 1008 860 non
1041 803 1293 872 meruit3
1328 803 1423 861 vel
1457 802 1542 859 ita
1571 804 1778 870 meret,
1815 803 1887 857 ut
1916 799 2068 858 illud
2102 806 2359 875 nequeat
2378 801 2635 876 amplius
2656 800 2962 869 amittere;
2997 800 3108 857 hoc
3139 818 3242 856 au-

618 896 739 950 tem
761 891 1000 950 videtur
1019 898 1223 950 contra
1245 911 1482 950 sensum
1506 890 1846 966 Scripturae
1878 893 1939 947 et
1958 890 2267 957 Ecclesiae,
2302 894 2361 949 et
2391 894 2537 948 tunc
2558 890 2711 948 foret
2733 890 2940 965 justus
2973 889 3032 946 in
3054 887 3246 965 gratia

620 981 1018 1039 confirmatus
1068 982 1334 1040 Ceterum
1372 977 1440 1045 d.
1472 978 1763 1055 ejusmodi
1798 981 1964 1036 actus
1984 980 2276 1056 assignari
2295 982 2603 1054 nequeunt
2621 998 2729 1037 nec
2750 977 2945 1054 quoad
2968 977 3242 1052 speciem,

618 1089 726 1129 nec
757 1070 954 1145 quoad
984 1089 1319 1141 numerum,
1355 1070 1576 1145 quibus
1610 1069 1764 1127 facta
1798 1069 1879 1126 sit
1909 1068 2050 1126 talis
2084 1069 2331 1144 praemii
2365 1067 2699 1144 promissio,
2762 1069 2852 1125 Ad
2886 1068 3029 1126 haec
3060 1081 3123 1130 e.
3155 1064 3245 1124 vi·

618 1161 824 1218 demus
855 1160 1058 1234 plures
1086 1161 1282 1235 justos
1315 1166 1451 1235 post
1482 1160 1675 1218 multa
1707 1159 1866 1216 bona
1898 1177 2075 1233 opera
2107 1162 2168 1215 et
2200 1159 2412 1216 merita
2444 1158 2720 1216 cecidisse
2753 1161 2814 1215 et
2843 1157 3107 1232 periisse.
3166 1153 3245 1213 ef.

618 1249 932 1308 Thomas
977 1261 1023 1311 1.
1061 1259 1094 1311 2
1131 1269 1184 1324 q.
1226 1258 1345 1312 114
1381 1269 1429 1310 a.
1466 1259 1520 1311 9.
1588 1248 1856 1322 Denique
1902 1244 1954 1312 f.
1990 1249 2078 1306 vis
2112 1247 2375 1307 merendi
2408 1247 2480 1305 de
2512 1247 2805 1323 condigno
2836 1246 3105 1304 omnium
3138 1245 3242 1303 bo-

617 1360 827 1405 norum
863 1358 1111 1422 operum
1145 1340 1428 1401 exhausta
1471 1338 1716 1402 videtur
1759 1338 2022 1420 praemio
2069 1337 2378 1417 augmenti
2423 1336 2646 1418 gratiae
2690 1340 2751 1396 et
2794 1336 3035 1418 gloriae,
3086 1333 3246 1417 quod

618 1438 764 1516 ipsis
795 1438 1175 1517 rependitur:
1209 1456 1393 1515 quare
1428 1435 1479 1495 si
1512 1433 1661 1512 quid
1696 1434 1892 1493 adhuc
1925 1434 2170 1503 merent,
2204 1431 2522 1493 merebunt
2553 1431 2701 1491 illud
2732 1432 2971 1491 tanturn
3003 1429 3076 1488 de
3110 1447 3245 1487 con-

620 1552 785 1609 gruo.
851 1532 937 1590 Ex
983 1531 1204 1606 quibus
1249 1527 1585 1587 rationibus
1619 1525 1948 1583 nonnullae
1980 1525 2265 1582 evincunt
2309 1524 2505 1594 etiam,
2546 1524 2747 1598 justos
2791 1540 2911 1580 non
2956 1538 3132 1595 posse
3179 1518 3247 1575 de

620 1621 1006 1696 condigno
1053 1637 1277 1678 merere
1310 1616 1532 1695 gratias
1569 1608 1920 1698 (praevisas)
1954 1615 2030 1673 ef
2043 1615 2069 1672 f
2077 1615 2348 1683 icace8‚
2396 1618 2454 1672 et
2485 1612 2916 1688 reparationem
2949 1627 3055 1684 pro
3092 1625 3249 1676 casu,

621 1712 778 1787 quod
801 1711 994 1786 gratia
1012 1709 1298 1769 excidant.
1339 1709 1464 1767 Imo
1498 1711 1534 1769 S
1552 1726 1594 1765 u
1611 1725 1688 1766 ar
1706 1723 1736 1766 e
1754 1724 1783 1766 z
1815 1725 1859 1769 c.
1887 1716 1965 1770 38
1989 1705 2184 1781 quoad
2207 1705 2481 1764 meritum
2503 1702 2893 1777 reparationis
2916 1715 3245 1774 congruum

620 1804 759 1876 post
790 1802 1021 1876 lapsum
1054 1799 1300 1875 apponit
1332 1794 1690 1859 clausulam:
1745 1796 2071 1867 ,Quamvis
2104 1814 2211 1853 nec
2244 1795 2315 1852 de
2354 1810 2712 1868 quocunque
2744 1790 2972 1856 merito,
3021 1803 3134 1845 nec
3178 1785 3251 1842 de

623 1891 784 1949 omni
816 1895 1056 1966 peccato
1088 1890 1147 1949 id
1181 1889 1422 1949 videtur
1454 1888 1875 1947 universaliter
1908 1885 2339 1953 affirmandum,
2375 1883 2477 1941 sed
2510 1880 2954 1957 propoitionem
2987 1877 3246 1950 aliquam

623 1980 904 2055 prudenti
951 1978 1196 2040 arbitrio
1242 2000 1370 2039 esse
1419 1977 1861 2037 observandam.
1928 1976 2187 2032 Possunt
2233 1972 2387 2031 enirn
2422 1968 2832 2047 praecedentia
2864 1966 3078 2025 merita
3125 1982 3253 2022 esse

623 2073 744 2126 tam
778 2089 963 2144 pauca
995 2074 1057 2130 et
1086 2076 1180 2131 tot
1211 2075 1449 2147 peccata
1473 2074 1682 2144 postea
1703 2066 2126 2140 multiplicata,
2162 2066 2233 2120 ut
2266 2061 2508 2120 omnino
2541 2060 2800 2117 obruant
2830 2056 3046 2115 merita
3077 2056 3139 2111 et
3166 2052 3250 2111 ef-

625 2158 841 2229 ficiant,
873 2168 945 2220 ut
975 2162 1142 2220 nullo
1177 2160 1349 2219 modo
1384 2161 1572 2217 Deum
1604 2157 1672 2215 ad
1711 2154 2117 2213 miserendum
2151 2155 2491 2227 provocent.
2558 2149 2737 2206 Secus
2772 2165 2908 2205 vero
2942 2144 3075 2213 erit,
3126 2143 3177 2200 si
3218 2160 3250 2199 e

621 2251 916 2310 contrario
947 2251 1162 2309 merita
1193 2269 1405 2326 magna
1436 2247 1664 2306 fuerint
1695 2249 1755 2303 et
1801 2247 2106 2321 peccatum
2140 2242 2511 2316 subsequens
2545 2243 2604 2296 et
2636 2256 2836 2295 rarum
2871 2235 2953 2293 sit
2983 2236 3045 2291 et
3075 2246 3247 2290 excu-

626 2337 912 2399 sationem
945 2340 1205 2414 aliquam
1239 2359 1310 2398 ex
1341 2337 1678 2414 ignorantia
1710 2335 1805 2393 vel
1836 2333 2183 2393 infirmitate
2216 2332 2488 2389 habeat-,³
2540 2328 2621 2387 cf.
2653 2328 2732 2389 ib.
2765 2345 2810 2383 c.
2849 2334 2926 2386 26
2965 2342 3045 2391 S.;
3079 2321 3247 2379 Bel·

625 2426 1007 2488 larminus
1040 2430 1106 2499 V,
1145 2439 1259 2499 2·2;
1291 2430 1601 2503 Murray
1637 2424 1788 2501 disp.
1820 2435 1927 2493 123
1962 2422 2331 2480 Mazzella
2364 2416 2645 2494 degratia
2678 2416 2731 2477 d.
2757 2426 2789 2475 6
2815 2423 2943 2473 a.4.
2995 2410 3249 2469 sdrho-

627 2536 778 2573 mas
813 2523 1010 2577 tamen
1042 2520 1078 2576 l.
1102 2538 1146 2577 c.
1171 2540 1220 2577 a.
1251 2531 1273 2581 l
1315 2521 1498 2593 negat
1527 2516 1813 2575 meritum
1846 2513 2025 2571 etiam
2059 2529 2385 2586 congruum
2411 2504 2803 2583 reparationis
2835 2505 2972 2579 post
3002 2502 3251 2579 lapsum2

628 2605 733 2662 sed
767 2610 899 2669 lect.
936 2618 970 2670 3
1006 2608 1071 2665 in
1103 2609 1281 2666 Hebr.
1320 2620 1353 2670 6
1389 2608 1480 2665 illi
1513 2606 1689 2670 favet„

805 2711 871 2778 5.
903 2711 1067 2774 Justi
1101 2711 1403 2793 quidquid
1437 2710 1573 2790 sibi,
1608 2714 1670 2778 id
1704 2712 1842 2779 aliis
1876 2714 1954 2782 de
1985 2733 2268 2800 congruo
2291 2739 2544 2789 merere
2564 2731 2853 2806 possunt,
2876 2710 3005 2786 imo
3028 2725 3255 2787 secun-

624 2818 776 2881 dum
808 2818 1022 2898 plures
1058 2818 1390 2897 theologos
1424 2819 1661 2900 aliquid
1693 2823 1856 2903 plus,
1891 2825 2192 2890 nimirum
2229 2830 2426 2893 etiam
2459 2831 2731 2911 primam
2754 2832 3045 2912 gratiam,
3066 2846 3258 2911 quam

624 2924 743 2986 sibi
774 2930 1102 3004 nequeunt
1133 2943 1401 2989 merere.
1438 2927 1781 2992 Rationem
1828 2931 2015 3012 hujus
2063 2935 2274 2999 meriti
2325 2956 2440 3017 pro
2476 2937 2615 3001 aliis
2663 2940 2754 3002 ita
2785 2939 2951 3003 bene
2985 2938 3256 3019 explicat

622 3029 928 3093 Suarez
959 3030 1085 3104 XII,
1121 3035 1161 3098 5
1193 3051 1252 3093 n.
1288 3038 1355 3098 5:
1397 3031 1806 3106 „Secundum
1840 3037 2045 3118 legem
2079 3041 2408 3107 amicitiae
2442 3045 2740 3110 videlicet
2769 3063 3125 3125 congruum
3149 3050 3259 3116 est,

621 3143 692 3200 ut
714 3137 956 3199 amicus
977 3137 1320 3201 honestam
1341 3141 1530 3203 amici
1549 3142 1952 3208 voluntatem
1974 3145 2186 3224 saciat,
2222 3157 2287 3214 et
2321 3151 2409 3214 ita
2449 3152 2573 3216 hoc
2594 3159 2810 3234 potest
2830 3153 2954 3216 dici
2974 3151 3260 3216 debitum

621 3242 922 3322 operibus
955 3249 1019 3306 et
1053 3244 1375 3326 obsequiis
1397 3248 1586 3310 amici
1608 3268 1687 3313 ex
1709 3253 2113 3330 congruitate
2140 3256 2487 3323 amicitiae.
2513 3257 2671 3322 Cum
2696 3279 2848 3340 ergo
2870 3261 3037 3323 inter
3057 3258 3259 3323 Deum

617 3355 681 3411 et
712 3349 1040 3413 hominem
1073 3352 1355 3416 amicitia
1386 3354 1739 3419 intercedat
1772 3358 2024 3422 dicente
2061 3359 2326 3425 Christo
2362 3364 2672 3429 Domino:
2707 3366 2864 3430 Jam
2896 3388 3021 3429 non
3054 3372 3257 3436 dicam

619 3473 722 3515 vos
753 3474 976 3538 servos,
1008 3461 1113 3520 sed
1145 3461 1373 3522 amicos
1405 3460 1610 3546 (Joan.
1653 3470 1750 3539 15,
1791 3466 1937 3550 15),
1973 3486 2279 3547 magnum
2314 3471 2602 3551 profecto
2637 3472 3127 3541 fundamentum
3160 3488 3267 3545 est

617 3558 680 3620 in
716 3561 1016 3640 operibus
1041 3563 1378 3642 justorum,
1431 3573 1500 3630 ut
1552 3569 1634 3631 ad
1687 3570 2222 3638 benefaciendum
2274 3579 2413 3641 aliis
2446 3579 2618 3644 Deus
2664 3583 2941 3664 benigne
2990 3594 3255 3668 propter

616 3666 971 3730 amicorum
1005 3687 1203 3750 opera
1235 3672 1587 3749 inclinetur,
1623 3683 1689 3739 et
1721 3678 1845 3740 hoc
1878 3679 2099 3759 ipsum
2138 3691 2252 3759 est,
2305 3685 2412 3749 illa
2445 3706 2587 3753 esse
2621 3691 2947 3754 meritoria
2981 3693 3061 3756 de
3094 3712 3267 3758 con--

614 3792 771 3850 gruo
806 3783 1099 3855 respectu
1132 3778 1459 3842 aliorum«
1515 3780 1724 3859 Quam
1756 3785 2079 3851 rationem
2109 3789 2246 3870 J'am
2283 3798 2476 3857 antea
2510 3805 2937 3877 proposuerat
2970 3818 3016 3862 s.
3052 3801 3253 3866 Tho-

612 3897 780 3942 mas
820 3886 870 3948 1.
905 3887 945 3948 2
979 3903 1035 3963 q.
1078 3889 1200 3951 114
1235 3903 1288 3946 a.
1325 3891 1381 3952 6.
1447 3886 1937 3972 Cf.Atzbe1-g
1966 3911 2049 3956 er
2086 3896 2119 3978 ἓ
2154 3901 2299 3963 312.

793 4009 938 4071 239.
974 4005 1258 4089 Denique
1280 4009 1517 4092 aliquid
1549 4012 1892 4078 dicendum
1927 4025 2029 4081 est
2059 4020 2132 4082 de
2156 4023 2577 4087 reviviscente&
2600 4030 2985 4112 meritorum,
3019 4032 3100 4096 de
3122 4053 3249 4116 qua

611 4110 837 4225 statuit
870 4110 1221 4192 Ripalda
1254 4116 1409 4197 disp.
1447 4123 1525 4185 91
1563 4139 1610 4181 s,
1653 4130 1719 4188 1:
1762 4123 2033 4195 „Redire
2071 4128 2300 4191 merita
2334 4136 2396 4193 et
2416 4149 2531 4210 per
2550 4141 2887 4212 peccatum
2910 4138 3001 4202 eis
3022 4159 3247 4221 super-

610 4234 873 4278 veniens
907 4236 1037 4280 non
1070 4223 1399 4302 exstingui,
1435 4224 1548 4287 sed
1581 4226 1793 4290 solum
1826 4231 2200 4295 mortificari
2234 4241 2298 4297 et
2330 4235 2639 4316 impediri,
2663 4250 2968 4307 constans
2986 4253 3086 4310 est
3105 4265 3247 4311 om—

608 4320 784 4382 nium
822 4323 1263 4405 theologorum
1297 4347 1705 4395 consensus<
1747 4333 2044 4401 Plurimis
2078 4340 2292 4405 citatis
2313 4346 2755 4427 prosequitur:
2796 4349 3043 4430 „Quam
3076 4357 3253 4421 veri·

610 4434 810 4491 tatem
843 4430 1006 4494 adeo
1039 4432 1321 4514 plerique
1354 4443 1597 4499 certam
1619 4444 2063 4522 pronunciant,
2099 4453 2168 4512 ut
2200 4447 2453 4518 Ledes
2473 4471 2592 4518 ma
2625 4465 2903 4540 censeat,
2926 4478 3073 4525 eam
3094 4482 3245 4532 esse-

608 4535 686 4599 de
719 4536 859 4614 fide,
895 4536 1141 4604 Sotus
1177 4545 1542 4623 oppositum
1579 4565 1720 4611 esse
1747 4570 2123 4633 erroneum;
2158 4562 2270 4624 sed
2305 4565 2540 4630 rectius
2574 4565 2893 4648 Suarez‚
2929 4570 3244 4640 Grana-

605 4642 770 4720 dus,
804 4643 1200 4710 Meratius
1249 4655 1313 4713 et
1345 4651 1467 4728 alii,
1502 4653 1639 4719 sine
1675 4661 2036 4725 temeritate
2071 4669 2277 4731 asseri
2311 4690 2441 4735 non
2458 4694 2665 4754 posse.
2730 4677 2892 4742 Nam
2939 4685 3237 4763 quamvis

601 4749 765 4814 haec
797 4752 1032 4817 veritas
1066 4754 1129 4818 in
1164 4775 1208 4820 s,
1245 4756 1438 4820 literis
1473 4778 1780 4841 expressa
1800 4785 1933 4830 non
1966 4769 2063 4849 sit,
2099 4791 2323 4839 omnes
2359 4786 2576 4847 tamen
2610 4785 2890 4870 theologi
2923 4793 2988 4854 et
3018 4790 3234 4870 plures
