3538 5364
514 271 644 360 2353
755 287 940 340 Tract.
970 286 1061 338 lx.
1090 286 1158 338 de
1187 286 1572 339 sacramentis,
1618 283 1816 337 Thesis
1846 283 1998 337 CCX.
2042 282 2379 336 Charactere
2406 283 2622 351 cousig.
2649 282 2889 337 Christo.

515 473 758 532 rillus
791 474 934 531 alex.
969 473 1031 530 in
1063 472 1200 539 Luc.
1238 480 1293 540 2,
1332 481 1445 533 22:
1496 470 1728 539 ,Sicuti
1763 469 2145 529 circumcisus
2178 469 2240 527 in
2273 469 2380 527 Dei
2412 469 2705 545 populum
2748 488 2855 546 per
2898 469 2962 528 id
3006 469 3139 544 sig-

515 583 659 621 num
694 563 834 621 olim
868 561 1276 637 cooptabatur,
1321 561 1402 618 sic
1449 560 1786 636 baptizatus
1819 558 2047 617 Christo
2078 559 2142 615 iu
2175 577 2237 617 se
2269 558 2457 634 sigilli
2488 558 2683 615 instar
2712 562 2948 634 recepto
2979 559 3144 616 iuter

519 652 667 710 filios
701 652 807 709 Dei
839 649 1258 711 adscribitur!<
1294 684 1380 692 ——
1413 649 1489 707 Et
1533 649 1684 707 forte
1725 649 1839 706 huc
1871 650 2141 723 spectant
2170 648 2350 706 verba
2382 647 2743 723 Gregorii
2773 667 2897 706 naz.
2929 666 3013 707 or.
3050 657 3133 708 40

515 760 572 801 n.
616 752 722 803 10:
762 740 911 809 ,Dic
942 739 1251 816 signaculo
1281 740 1469 797 fretus
1504 733 1765 818 (diabolo
1797 731 2147 817 tentatori):
2181 736 2317 811 Ipse
2349 755 2588 811 quoque
2621 736 2816 814 imago
2838 737 2943 795 Dei
2974 755 3139 802 sum:

515 829 782 889 nondum
815 835 884 888 ut
916 832 986 887 tu
1025 849 1058 886 a
1104 846 1361 904 superna
1392 829 1581 905 gloria
1612 830 1855 903 propter
1886 826 2228 901 superbiam
2260 825 2524 900 dejectus
2558 844 2722 895 sum:
2770 827 3000 885 Christo
3046 825 3142 883 in·-

514 920 699 976 dutus
732 937 894 988 sum3
931 917 1231 977 Christum
1265 917 1409 974 mihi
1444 936 1549 992 per
1578 916 1949 992 baptismum
1981 914 2294 984 vindicavi,
2328 920 2397 973 tu
2428 934 2520 973 me
2553 915 2679 990 ipse
2709 915 2948 974 adora.‘

699 1043 846 1107 276.
879 1038 945 1105 4.
982 1036 1181 1102 Porro
1219 1037 1282 1100 in
1315 1036 1549 1100 Christi
1582 1035 1826 1100 familia
1873 1035 2098 1117 triplex
2146 1034 2442 1098 ordinum
2489 1035 2811 1099 distinctio
2844 1033 3144 1099 conside·

518 1146 644 1208 rari
678 1152 910 1226 potest,
945 1146 1048 1208 cui
1081 1150 1208 1209 tres
1243 1144 1640 1225 respondent
1672 1144 2083 1207 characteres
2114 1141 2407 1206 distincti.
2441 1140 2619 1206 Sicut
2649 1143 2821 1207 enim
2855 1141 3147 1206 Christus

517 1262 618 1317 est
648 1272 777 1328 rex,
810 1252 1129 1333 propheta
1161 1258 1226 1315 et
1257 1251 1594 1314 sacerdos:
1647 1251 1737 1312 ita
1785 1268 1899 1330 pro
1954 1249 2179 1330 triplici
2227 1248 2353 1312 hoc
2402 1267 2667 1314 munere
2698 1248 3050 1331 respondet
3080 1249 3149 1310 in

524 1358 796 1440 mystico
830 1360 969 1439 ejus
1004 1376 1276 1440 corpore
1310 1358 1534 1440 triplex
1581 1356 1860 1420 fidelium
1906 1363 2133 1432 statuS,
2183 1355 2704 1419 subditorum
2756 1353 3146 1435 simpliciter,

517 1466 1030 1530 certantium
1063 1464 1303 1529 bonum
1337 1471 1669 1527 certamen
1701 1480 1819 1542 pro
1852 1461 1993 1535 fide,
2027 1469 2093 1525 et
2123 1461 2775 1525 ministrantium
2805 1462 2870 1524 in
2902 1467 3147 1542 myste-

521 1574 628 1635 riis
665 1579 730 1635 et
768 1572 1264 1637 charismatibus
1297 1570 1787 1652 redemptionis:
1834 1578 2029 1652 atque
2077 1570 2223 1633 ideo
2276 1569 2503 1651 triplex
2553 1576 2653 1633 est
2695 1570 3036 1634 character
3081 1575 3152 1631 et

523 1679 752 1769 triplex
787 1681 1188 1744 consecratio
1222 1699 1337 1761 per
1368 1685 1864 1754 sacramentum,
1898 1677 2176 1741 fidelium
2199 1677 2349 1753 scil,
2385 1677 2910 1763 confirmatorum
2942 1683 3011 1739 et
3036 1692 3150 1738 sa-

527 1788 881 1853 cerdotum.
917 1787 1061 1867 Qua
1092 1789 1580 1852 consecratione
1613 1786 2092 1866 configurantur
2124 1793 2188 1849 et
2219 1784 2702 1849 conformantur
2721 1782 2973 1847 Christo
2996 1783 3149 1861 regi,

525 1895 898 1975 prophetae,
932 1895 1272 1971 sacerdoti,
1312 1901 1378 1957 ut
1418 1901 1572 1976 apta
1603 1893 1957 1958 reddantur
1989 1892 2279 1958 membra
2311 1892 2375 1955 in
2408 1890 2695 1972 ejusdem
2716 1908 2984 1971 corpore
3003 1908 3150 1970 my-

525 2002 689 2065 stico
726 2008 919 2083 atque
951 2002 1294 2084 participes
1327 2001 1724 2066 functionum
1757 1998 2252 2064 sacerdotalium
2300 1999 2526 2080 capitis
2558 1998 2811 2080 passive
2843 2003 2909 2062 et
2938 1997 3153 2060 active

415 2193 420 2199 ,
521 2108 608 2170 ad
641 2108 885 2172 cultum
918 2108 1065 2173 Dei:
1098 2110 1264 2174 sicut
1296 2110 1359 2172 in
1399 2127 1670 2189 corpore
1703 2109 1989 2171 humano
2022 2106 2315 2171 membra
2345 2107 2406 2169 vi
2438 2124 2596 2169 suae
2629 2103 3153 2185 configurationis

522 2221 590 2277 et
623 2222 983 2281 structurae
1014 2216 1306 2298 specialis
1341 2224 1405 2281 et
1434 2216 1736 2298 propriae
1757 2222 1911 2296 apta
1931 2214 2283 2277 redduntur
2302 2231 2546 2294 organa
2568 2214 2650 2277 ad
2669 2211 3152 2294 percipiendum

527 2321 835 2385 influxum
886 2324 1053 2387 vitae
1104 2324 1618 2404 exserendasque
1669 2323 1923 2386 animae
1990 2320 2189 2395 vires:
2259 2339 2451 2402 quam
2521 2321 2569 2383 si
2635 2338 2764 2383 non
2816 2318 3152 2393 haberent,

539 2447 865 2510 nunquam
903 2432 1400 2495 informarentur
1434 2430 1516 2493 ab
1550 2430 1769 2492 anima
1802 2429 2063 2510 ejusque
2095 2427 2534 2492 subservirent
2564 2426 2893 2491 activitati.

706 2559 1046 2617 Charactere
1077 2578 1184 2617 nos
1219 2559 1569 2635 configurari
1592 2559 1840 2627 Christe,
1875 2558 1978 2633 qui
2011 2561 2103 2615 est
2132 2556 2457 2616 secundum
2479 2577 2522 2614 e.
2547 2557 2802 2615 Paulum
2823 2555 3001 2618 Hebr.
3031 2566 3080 2625 1,
3110 2565 3144 2617 3

522 2648 718 2724 fiyura
749 2649 1104 2708 substantiae
1134 2650 1258 2723 qius
1291 2644 1535 2728 (Patris)
1570 2650 1895 2733 χαρακτὴρ
1930 2658 2034 2733 τῆς
2066 2642 2451 2718 ὑποστάσεως
2483 2642 2684 2720 αὑτοῦ,
2732 2645 2961 2705 ratione
2992 2665 3108 2704 mu
3129 2678 3153 2690 -

527 2737 745 2796 neris
794 2733 941 2819 (non
991 2739 1221 2797 ratione
1268 2745 1630 2807 naturae,
1680 2738 1778 2795 cui
1826 2738 2015 2814 magis
2062 2738 2466 2796 assimilamur
2508 2737 2703 2815 gratia
2745 2734 3153 2795 sanctificante

528 2846 584 2884 n.
631 2826 793 2902 186),
829 2846 1003 2902 saepe
1035 2828 1296 2886 inculcat
1327 2827 1533 2885 doctor
1563 2827 1885 2903 angelicu8‚
1921 2831 1992 2884 ut
2027 2836 2091 2888 3.
2124 2846 2179 2902 p.
2212 2847 2267 2902 q.
2304 2834 2384 2888 63
2419 2846 2468 2888 a.
2506 2837 2540 2890 3
2575 2826 2651 2885 ad
2686 2835 2753 2887 2:
2804 2826 3156 2894 ,Character

529 2915 854 2973 secundum
906 2917 1200 2991 propriam
1249 2918 1538 2974 rationem
1587 2915 1942 2975 characteris
1995 2921 2088 2973 est
2139 2916 2377 2992 signum
2430 2915 2929 2990 configurativum
2973 2914 3154 2972 alicui

530 3004 871 3080 principali,
905 3005 1064 3080 apud
1086 3023 1260 3079 quem
1296 3004 1514 3062 residet
1545 3005 1871 3064 auctoritas
1904 3006 2051 3079 ejuS,
2086 3004 2158 3062 ad
2194 3003 2354 3078 quod
2373 3004 2592 3079 aliquis
2613 3003 2965 3079 deputatur:
2999 3003 3156 3061 sicut

529 3093 769 3163 militae,
821 3094 924 3168 qui
971 3093 1339 3169 deputantur
1381 3093 1453 3152 ad
1500 3113 1781 3170 pugnam,
1831 3094 2246 3170 insigniuntur
2276 3093 2446 3170 signo
2480 3094 2668 3163 duciS,
2717 3111 2835 3165 quo
2869 3091 3155 3167 quodam-

529 3183 700 3239 modo
733 3183 787 3240 ei
818 3182 1284 3259 configurantur.
1317 3183 1394 3241 Et
1425 3184 1531 3241 hoc
1562 3182 1735 3242 modo
1751 3183 1859 3253 illi,
1881 3183 1987 3258 qui
2007 3183 2377 3258 deputantur
2395 3183 2464 3241 ad
2487 3185 2719 3241 cultum
2738 3182 3154 3250 christianum,

527 3272 702 3346 cujus
749 3275 955 3329 auctor
999 3277 1092 3330 est
1136 3272 1423 3342 Christus,
1471 3273 1865 3331 characterem
1896 3272 2214 3348 accipiunt,
2264 3291 2382 3347 quo
2423 3272 2658 3331 Christo
2688 3271 3157 3348 configurantur.

535 3359 698 3417 Unde
729 3360 965 3435 proprie
997 3367 1087 3420 est
1118 3362 1418 3420 character
1437 3361 1718 3424 Christi.‘
1767 3361 1847 3420 Cf.
1882 3381 1936 3435 q.
1962 3371 2041 3423 63
2076 3381 2126 3424 a.
2159 3374 2175 3422 l
2221 3360 2295 3419 ad
2318 3370 2387 3428 2:
2422 3362 2482 3419 in
2518 3371 2555 3423 4
2590 3362 2643 3419 d.
2678 3381 2733 3436 q.
2774 3372 2798 3424 l
2841 3380 2890 3422 a.
2933 3372 2956 3423 1
2985 3360 3056 3417 ad
3083 3370 3155 3430 33

529 3469 580 3506 a.
619 3457 652 3509 2
689 3468 744 3523 q.
785 3459 838 3511 2.
905 3450 1146 3509 Plenius
1179 3452 1330 3509 hanc
1362 3451 1883 3519 consecrationem,
1917 3451 2265 3509 relationem
2297 3449 2371 3508 ad
2404 3450 2704 3509 Christum
2737 3457 2799 3508 et
2829 3448 3156 3508 conforma-

533 3537 758 3596 tionem
791 3539 1048 3614 explicat
1080 3540 1356 3598 Stentr
1376 3559 1469 3615 up
1501 3533 1601 3620 (de
1634 3557 1778 3597 sacr.
1810 3540 1874 3597 in
1906 3559 2038 3616 gen.
2072 3540 2156 3597 th.
2197 3551 2272 3602 19
2307 3535 2525 3622 maen).
2579 3538 2865 3609 ,Relati0,
2898 3557 3021 3613 qua
3051 3557 3159 3613 per

530 3626 928 3686 characterem
960 3627 1033 3686 ad
1067 3629 1365 3688 Christum
1399 3629 1728 3698 referimur,
1764 3631 2075 3699 monstrat,
2110 3629 2240 3704 ipso
2289 3647 2397 3688 nos
2445 3629 2777 3705 ontologice
2809 3627 3156 3697 consecrari,

533 3717 604 3773 ut
637 3715 1027 3788 functionum,
1062 3737 1208 3794 quas
1228 3718 1499 3776 Christus
1521 3718 1712 3793 Caput
1731 3717 2291 3776 divino-humanum
2325 3722 2571 3788 exercet,
2605 3717 2923 3793 participes
2955 3717 3158 3775 simus.

530 3806 778 3864 Culmen
809 3810 1005 3865 autem
1041 3811 1103 3865 et
1132 3809 1404 3865 centrum
1424 3807 1637 3865 harum
1660 3807 2036 3866 functionum
2067 3814 2160 3866 est
2191 3807 2585 3867 sacerdotium
2606 3806 2841 3878 Christi,
2875 3824 2994 3881 quo
3019 3805 3162 3863 hinc

534 3899 838 3954 creaturae
883 3897 1075 3973 gratia
1118 3897 1443 3966 obtinetur,
1492 3895 1629 3954 inde
1675 3896 1798 3954 Deo
1845 3897 2045 3955 cultus
2091 3896 2365 3954 infinitus
2396 3898 2749 3971 praestatur.
2814 3895 3160 3954 Charactere

532 3984 781 4058 proinde
812 3984 1271 4044 destinationem
1313 3985 1714 4061 adipiscimur,
1761 3987 1835 4042 ut
1879 3986 2205 4044 secundum
2252 3989 2577 4061 utrumque
2622 3984 2783 4042 hunc
2825 3987 3162 4060 respectum

535 4073 847 4132 sacerdotii
879 4073 1093 4133 Christi
1125 4073 1443 4150 participes
1476 4074 1680 4134 simne.
1745 4073 1869 4131 Sub
1915 4075 2102 4150 primo
2147 4076 2423 4150 respectu
2452 4075 2645 4150 ipsius
2679 4073 2996 4150 participes
3028 4091 3161 4131 esse

535 4179 854 4237 possumus
889 4164 983 4222 vel
1014 4164 1250 4238 passive
1295 4163 1392 4221 vel
1428 4165 1648 4233 active;
1694 4163 2010 4237 passive
2057 4163 2315 4241 quidem,
2362 4183 2550 4238 quum
2583 4163 2909 4222 functionis
2942 4161 3162 4222 Christi

534 4250 773 4325 Capitis,
822 4271 998 4325 quam
1045 4253 1110 4311 in
1155 4252 1537 4310 sacramentis
1584 4256 1836 4321 exercet,
1885 4252 2160 4312 effectum
2205 4253 2270 4311 in
2302 4272 2409 4312 nos
2442 4253 2778 4328 recipimus),
2825 4251 2987 4328 quod
3032 4251 3161 4310 fieri

538 4340 766 4415 nequit,
802 4341 918 4399 nisi
949 4341 1248 4418 baptismo
1280 4340 1673 4399 characterem
1706 4341 1959 4399 membri
1992 4342 2255 4418 corporis
2277 4342 2490 4401 Christi
2525 4341 2938 4416 acceperimus,
2973 4360 3162 4415 quum

536 4432 899 4488 sacramenta
930 4430 1120 4489 instar
1151 4449 1435 4489 venarum
1466 4429 1725 4506 corporis
1757 4430 1979 4488 Christi
2010 4432 2248 4506 mystici
2293 4432 2433 4502 sint,
2479 4430 2730 4506 ideoque
2761 4430 3163 4504 receptionem

534 4516 597 4574 in
648 4518 777 4593 ejus
829 4520 1234 4595 organismum
1285 4518 1718 4599 supponant¹);
1772 4520 2027 4579 active
2078 4538 2231 4590 ver0,
2283 4539 2470 4596 quum
2520 4518 2782 4595 ejusdem
2830 4518 3161 4578 functionis

758 4703 793 4768 ¹)
823 4697 873 4757 S,
905 4699 1151 4753 Thomas
1178 4699 1237 4754 in
1263 4708 1312 4752 4.
1341 4699 1470 4751 dist.
1500 4707 1568 4753 24
1593 4717 1646 4765 q.
1680 4708 1702 4754 1
1732 4715 1784 4751 a.
1817 4703 1847 4751 2
1876 4699 1976 4753 sol.
2004 4698 2074 4751 ad
2104 4699 2209 4766 qcl.
2239 4707 2303 4754 3:
2358 4699 2553 4760 „Nihil
2598 4701 2787 4769 potest
2826 4697 3051 4766 aliquid
3081 4716 3163 4751 re·

535 4777 744 4847 cipere,
772 4779 936 4847 cujus
961 4780 1309 4849 receptivam
1337 4779 1654 4849 potentiam
1682 4797 1799 4833 non
1817 4779 2005 4834 habet.
2036 4779 2139 4832 Per
2155 4781 2537 4834 characterem
2553 4789 2746 4833 autem
2766 4779 3163 4850 baptismalem
