3538 5364
544 286 683 351 686
852 276 1038 330 Tract.
1073 276 1138 330 X.
1165 276 1234 329 de
1261 275 1378 330 Deo
1405 278 1879 330 consummatore.
1906 275 2103 331 'rhesis
2130 275 2515 331 CCLXXXIll.
2542 277 2861 347 imaginum

545 463 918 534 exhibemus,
950 462 1200 520 relativa
1220 465 1343 522 est:
1375 479 1558 531 ,nam
1591 461 1872 540 imaginis
1905 461 2107 532 honor,
2142 462 2344 537 inquit
2374 463 2688 522 concilium
2721 464 3167 522 oecumenicum

558 553 702 624 vn„
734 551 809 610 ad
841 550 1219 628 primitivum
1252 548 1693 634 (πρωτόωπον)
1730 552 1971 621 transit,
2005 553 2068 610 et
2098 552 2203 626 qui
2233 550 2441 611 adorat
2472 547 2537 633 (i.
2556 570 2605 610 e.
2626 552 2794 629 colit)
2826 552 3169 629 imaginem,

546 642 763 700 adorat
791 641 855 700 in
888 660 955 700 ea
985 639 1206 716 depicti
1239 641 1697 700 subsistentiam
1744 634 2176 723 (ὃπόστασιν).<
2240 640 2540 718 Imagines
2572 660 2711 718 ergo
2741 660 2861 700 non
2893 645 3040 699 sunt
3070 659 3171 699 co-

556 730 785 801 lendae,
837 734 907 789 ut
938 729 1112 788 docet
1140 729 1457 789 concilium
1507 729 2041 788 tridentinum
2090 747 2234 789 sess.
2271 738 2370 800 25,
2423 730 2625 806 ‚quod
2671 730 2947 790 credatur
2977 731 3171 789 inesse

547 821 758 895 aliqua
789 819 854 878 in
884 820 961 876 iis
994 818 1276 877 divinitas
1309 820 1403 878 vel
1437 819 1649 889 virtuS,
1702 821 1948 895 propter
1977 838 2155 894 quam
2189 818 2311 877 sint
2342 820 2636 888 colendae,
2671 819 2765 877 vel
2795 819 2957 894 quod
2988 819 3063 877 ab
3093 818 3172 876 iis

559 909 638 967 sit
670 907 899 984 aliquid
931 908 1270 983 petendum,
1302 908 1395 968 vel
1428 908 1588 984 quod
1620 908 1840 967 fiducia
1869 909 1932 966 iu
1965 906 2328 985 imaginibus
2361 909 2440 967 sit
2469 908 2762 985 ponenda,
2803 908 2993 967 veluti
3027 908 3172 967 olim

549 997 739 1056 fiebat
771 1017 805 1055 a
834 997 1133 1074 gentibus,
1168 1015 1321 1072 quae
1351 997 1416 1056 in
1447 997 1626 1057 idolis
1660 1016 1825 1072 spem
1858 1016 2026 1056 suam
2059 997 2457 1060 collocabant:
2509 997 2613 1056 sed
2644 996 2929 1073 quoniam
2961 996 3171 1067 honoS,

547 1086 664 1162 qui
696 1086 780 1145 eis
812 1086 1142 1153 exhibetur,
1189 1087 1446 1145 refertur
1476 1087 1552 1145 ad
1579 1091 1920 1162 prototypa,
1966 1104 2117 1161 quae
2148 1086 2287 1145 illae
2318 1089 2798 1163 repraesentant;
2850 1086 2936 1145 ita
2964 1089 3038 1145 ut
3066 1105 3175 1161 per

557 1176 867 1252 imagines,
917 1193 1065 1250 quas
1097 1176 1434 1235 osculamur
1464 1179 1526 1235 et
1557 1193 1751 1234 coram
1793 1175 2014 1251 quibus
2060 1179 2240 1252 caput
2285 1176 2585 1252 aperimus
2617 1178 2680 1234 et
2710 1175 3173 1251 procumbimus,

547 1264 859 1324 Christum
889 1264 1199 1323 adoremus
1232 1269 1293 1322 et
1325 1267 1577 1335 sanctos,
1612 1283 1866 1340 quorum
1888 1265 2023 1323 illae
2044 1264 2470 1324 similitudines
2490 1268 2727 1341 gerunt,
2762 1272 3170 1323 veneremur.‘

739 1351 802 1417 3.
853 1354 1062 1429 Neque
1112 1354 1613 1429 praetereundum
1665 1354 1822 1412 illud
1870 1354 2176 1413 Patavii
2225 1354 2346 1425 XV,
2406 1364 2479 1418 13
2514 1374 2572 1417 n.
2614 1367 2665 1423 1,
2718 1354 3050 1430 ,imagines
3102 1372 3173 1411 ex

549 1462 764 1502 *eorum
797 1461 903 1519 per
934 1460 996 1501 se
1028 1461 1242 1519 genere
1275 1461 1421 1515 esse,
1471 1461 1622 1519 quae
1669 1440 1974 1526 ἀδιάφορα
2002 1443 2404 1515 nominantur,
2457 1443 2514 1500 h.
2546 1462 2594 1503 e.
2628 1461 2780 1520 quae
2812 1442 2885 1501 ad
2916 1438 3174 1501 salutem

549 1532 803 1591 omnino
834 1531 1161 1590 necessaria
1206 1551 1324 1590 non
1371 1535 1533 1603 suut,
1584 1551 1691 1591 nec
1723 1532 1796 1590 ad
1829 1531 2225 1591 substantiam
2270 1532 2581 1610 religionis
2632 1532 2919 1591 attinent:
2972 1530 3174 1590 sedin

558 1623 858 1696 potestate
908 1622 1054 1678 sunt
1083 1620 1392 1692 Ecclesiae,
1443 1623 1515 1680 ut
1545 1640 1612 1679 ea
1641 1622 1738 1680 vel
1783 1621 2062 1679 adhibeat
2103 1622 2192 1680 vel
2248 1622 2486 1699 ableget
2534 1639 2640 1698 pro
2672 1639 2739 1680 eo
2771 1624 2950 1696 atque
2982 1621 3175 1678 satius

560 1709 948 1769 decreverit.‘
989 1708 1180 1777 Quare
1204 1710 1477 1784 quamvis
1510 1713 1736 1769 certum
1760 1710 1856 1781 sit,
1891 1711 2026 1768 illas
2058 1729 2179 1769 non
2210 1711 2387 1770 licere
2417 1710 2641 1787 injuria
2670 1709 2929 1780 afficere3
2964 1729 3173 1785 quam-

563 1799 654 1857 vis
687 1800 759 1857 de
791 1798 905 1856 fide
938 1799 1036 1868 sit,
1086 1818 1289 1857 earum
1323 1799 1552 1858 cultum
1586 1800 1816 1870 utilem,
1866 1799 2100 1858 licitum
2132 1803 2312 1875 atque
2344 1800 2509 1876 pium
2543 1818 2667 1859 esse
2690 1801 2754 1872 ²),
2801 1800 2961 1857 unde
2993 1800 3173 1874 profi-

555 1892 755 1948 temur
785 1888 849 1946 in
880 1887 1125 1963 profess.
1158 1888 1319 1946 trid
1338 1888 1639 1947 entina:
1674 1888 2083 1957 ,Firmissime
2116 1907 2325 1960 asser0,
2364 1889 2653 1966 imagines
2686 1887 2907 1947 Christi
2938 1905 3005 1946 ac
3035 1887 3175 1946 Dei-

561 1996 737 2053 parae
769 1995 998 2053 semper
1019 1976 1295 2054 VirginiS,
1327 1996 1435 2036 nec
1465 1996 1583 2036 non
1615 1978 1864 2036 aliorum
1899 1982 2238 2037 sanctorum
2273 1977 2567 2036 habendas
2588 1980 2649 2037 et
2667 1977 3011 2036 retinendas
3031 1995 3174 2045 esse,

551 2071 744 2143 atque
775 2067 859 2125 eis
889 2065 1158 2124 debitum
1192 2065 1472 2125 honorem
1504 2069 1683 2142 atque
1702 2067 2143 2125 venerationem
2172 2066 2699 2143 impertiendamz‘
2733 2065 2961 2143 poterit
2976 2069 3179 2124 tamen

563 2156 828 2215 Ecclesia
872 2174 979 2231 pro
1025 2155 1478 2230 opportunitate
1527 2155 1764 2214 illarum
1812 2173 1990 2214 usum
2036 2156 2595 2232 venerationemque
2640 2154 2948 2215 moderari.
3020 2154 3180 2213 Hinc

551 2246 743 2305 etiam
776 2264 909 2305 cum
934 2243 1140 2319 judaei
1173 2244 1238 2302 in
1268 2244 1668 2303 idololatriam
1689 2248 1891 2303 essent
1922 2244 2241 2304 admodum
2289 2246 2478 2321 proni,
2532 2244 2722 2304 rarior
2752 2243 2872 2303 fuit
2901 2244 2966 2302 in
2999 2262 3177 2321 syna-

555 2354 717 2412 goga
747 2334 1080 2410 imaginum
1111 2352 1292 2403 usus;
1341 2337 1403 2392 et
1442 2351 1579 2392 cum
1621 2333 1831 2410 primis
1862 2333 2158 2392 Ecclesiae
2205 2335 2434 2403 seculiS,
2484 2335 2723 2411 quando
2755 2337 2849 2393 tot
2879 2352 2949 2392 ex
2979 2333 3175 2410 genti-

559 2424 726 2483 libus
759 2423 831 2481 ad
864 2422 1080 2482 Christi
1113 2421 1287 2480 fidem
1321 2424 1834 2493 convertebantur,
1872 2442 1992 2481 non
2023 2441 2197 2481 omne
2227 2423 2556 2499 periculum
2589 2424 2787 2482 cultus
2819 2421 3176 2480 idololatrici

564 2512 927 2589 imaginibus
958 2512 1269 2571 exhibendi
1300 2513 1564 2571 abesset:
1614 2513 1832 2570 mirum
1865 2512 2054 2571 videri
2086 2530 2205 2571 non
2237 2512 2431 2582 debet,
2466 2512 2518 2571 si
2548 2512 2740 2571 rarior
2770 2515 2931 2570 esset
2961 2530 3173 2570 earun-

553 2602 699 2660 dem
730 2620 878 2660 usus
910 2604 973 2660 et
1003 2601 1234 2671 cultus3
1269 2602 1318 2659 si
1350 2601 1604 2660 creverit
1634 2605 1902 2660 cessante
1933 2601 2038 2660 illo
2070 2602 2363 2676 periculo;
2397 2601 2446 2659 si
2478 2602 2679 2660 varius
2711 2600 2895 2659 fuerit
2926 2600 3174 2659 diversis

563 2692 627 2749 in
658 2691 918 2750 ecclesiis
951 2694 1012 2750 et
1044 2710 1149 2766 pro
1182 2692 1599 2766 adjunctorum
1644 2691 2023 2755 diversitate:
2076 2691 2128 2749 si
2161 2691 2266 2767 qui
2299 2695 2496 2766 patres
2528 2691 2843 2769 rigidiores
2875 2689 2984 2749 hac
3013 2690 3079 2748 iu
3112 2708 3172 2748 re

564 2780 805 2840 fuerint.
868 2780 1138 2840 Ceterum
1189 2780 1370 2856 hujus
1421 2780 1726 2839 varietatis
1756 2780 1911 2839 ratio
1943 2780 2061 2839 alia
2090 2780 2251 2839 haud
2284 2780 2618 2856 spernenda
2663 2780 2840 2839 debet
2883 2779 3076 2854 repeti
3108 2798 3176 2838 ex

557 2871 693 2946 ipsa
723 2869 1023 2928 Ecclesiae
1067 2869 1420 2930 conditione.
1481 2869 1839 2945 Vigentibus
1871 2869 2031 2928 enim
2063 2870 2425 2928 saevissimis
2471 2868 2986 2944 persecutionibus
3020 2871 3177 2927 certe

566 2977 684 3017 non
731 2958 876 3017 adeo
924 2957 1273 3034 splendidus
1305 2958 1507 3034 potuit
1537 2976 1667 3017 esse
1700 2958 1761 3016 in
1795 2976 2009 3035 genere
2055 2958 2255 3017 cultus
2301 2962 2582 3017 externus
2613 2962 2677 3017 et
2705 2958 2770 3015 in
2803 2958 2999 3033 specie
3031 2958 3175 3015 ima-

557 3048 774 3124 ginum
808 3065 969 3117 usna,
1019 3047 1175 3106 sicut
1206 3050 1470 3123 tempore
1520 3047 1700 3122 pacis,
1750 3066 1881 3106 cum
1929 3048 2317 3124 imperatores
2361 3049 2749 3125 protegerent
2792 3046 3176 3122 foverentque

565 3136 884 3195 Ecclesiam
919 3139 978 3195 et
1012 3136 1151 3194 haec
1175 3137 1301 3210 jam
1333 3136 1667 3195 abundaret
1697 3136 1946 3195 divitiis.
1998 3135 2157 3205 Quae
2189 3136 2238 3195 si
2270 3156 2412 3213 prae
2444 3135 2635 3195 oculis
2666 3135 3018 3207 habeantur,
3053 3153 3177 3194 om·

566 3244 672 3284 nes
705 3224 825 3284 fere
857 3226 1230 3301 exceptiones
1263 3244 1332 3284 ex
1365 3225 1656 3301 patribuS,
1707 3225 2058 3302 praesertim
2088 3245 2159 3284 ex
2190 3244 2395 3285 eorum
2443 3226 2683 3285 silentio
2727 3225 2823 3284 vel
2868 3244 2939 3283 ex
2969 3224 3178 3283 rariori

565 3314 897 3390 imaginum
928 3331 1048 3372 usu
1080 3318 1186 3372 aut
1216 3314 1725 3386 commendatione
1758 3309 2001 3390 petitae,
2035 3315 2368 3374 solvuntur.

751 3449 780 3500 Τ
796 3448 891 3501 37.
915 3438 1039 3496 Hac
1059 3438 1360 3497 occasione
1381 3438 1728 3497 subtiliores
1750 3440 2035 3514 quasdam
2057 3460 2095 3515 q
2112 3459 2153 3497 u
2168 3459 2203 3498 a
2217 3459 2248 3498 e
2264 3458 2291 3498 s
2308 3442 2335 3498 t
2352 3439 2372 3497 i
2387 3457 2421 3498 o
2438 3458 2479 3498 n
2494 3459 2525 3498 e
2542 3457 2569 3498 8
2590 3438 2971 3498 scholasticas
2992 3438 3175 3496 attin-

555 3545 794 3604 gemus.
856 3527 1170 3603 Triplex
1222 3529 1346 3586 scil.
1394 3530 1487 3586 est
1536 3527 1953 3605 theologorum
2005 3529 2301 3587 sententia
2349 3528 2422 3587 de
2467 3529 2638 3587 cultu
2688 3546 2766 3586 88.
2811 3527 3178 3605 imaginibus

568 3615 914 3677 exhibendO.
997 3617 1119 3674 Alii
1167 3616 1554 3687 contendunt,
1617 3616 1937 3693 imaginem
1984 3616 2048 3675 in
2097 3636 2158 3676 se
2205 3618 2374 3676 nullo
2435 3617 2608 3676 modo
2669 3636 2795 3676 esse
2856 3616 3178 3685 colendam,

567 3705 670 3764 sed
704 3705 901 3764 solum
934 3722 1129 3763 coram
1163 3706 1421 3783 imagine
1453 3708 1515 3764 et
1545 3723 1652 3780 per
1683 3705 2006 3783 imaginem
2059 3707 2368 3765 colendum
2414 3725 2545 3765 esse
2590 3707 2904 3781 exemplar.
2936 3739 3026 3748 —
3058 3705 3178 3764 Alii

565 3799 772 3852 contra
804 3795 1061 3861 censent,
1096 3794 1349 3852 eundem
1380 3794 1664 3853 honorem
1695 3794 1898 3853 deberi
1931 3794 2181 3873 imagini
2213 3799 2274 3853 et
2292 3796 2630 3870 exemplari,
2665 3795 2769 3856 sed
2788 3795 2926 3853 huic
2948 3794 3179 3853 cultum

557 3883 933 3952 absolutum,
969 3883 1060 3941 illi
1092 3883 1429 3942 relativum.
1492 3882 1572 3941 cf.
1604 3901 1649 3942 s.
1684 3883 2002 3942 Thomas
2038 3894 2094 3948 3.
2126 3904 2181 3960 p,
2218 3903 2273 3959 q.
2311 3892 2386 3947 25
2424 3903 2473 3942 a.
2509 3893 2564 3948 3,
2614 3918 2686 3928 —-
2749 3884 2948 3943 Tertia
2979 3882 3183 3959 opinio

571 3974 727 4029 inter
758 3971 860 4030 has
892 3972 1093 4031 ambas
1125 3972 1318 4030 media
1350 3974 1459 4041 est,
1495 3972 1829 4048 statuitque
1861 3973 2150 4050 imagines
2182 3973 2246 4031 in
2278 3991 2342 4032 se
2372 3991 2503 4032 6886
2532 3973 2924 4042 honorandas,
2958 3972 3184 4032 honore

563 4064 764 4118 tamen
802 4060 1018 4119 minori
1051 4080 1227 4136 quam
1260 4061 1460 4137 ipsum
1491 4062 1807 4137 exemplar,
1839 4062 2068 4121 nullam
2100 4082 2239 4140 ergo
2271 4061 2590 4140 imaginem
2621 4061 2829 4120 latriae
2861 4060 3035 4120 cultu
3054 4080 3182 4120 esse

571 4149 942 4208 adorandam.
995 4150 1262 4225 Singulis
1295 4149 1679 4226 opinionibus
1713 4150 1954 4209 videtur
1984 4151 2211 4227 aliquid
2245 4169 2375 4210 esse
2410 4151 2847 4210 concedendum
2880 4169 2988 4225 pro
3020 4151 3187 4209 varia

573 4238 852 4315 imaginis
886 4238 1370 4298 consideratione.
1434 4241 1640 4297 Potest
1671 4239 1831 4297 enim
1862 4239 2058 4316 imago
2104 4240 2462 4299 considerari
2505 4255 2573 4304 a.
2619 4238 3182 4310 materialiter,

791 4430 826 4497 ¹)
854 4425 974 4480 Hoc
1001 4425 1228 4495 saepius
1254 4430 1326 4479 ab
1355 4426 1607 4481 Ecclesia
1635 4427 1748 4480 fuit
1775 4426 2093 4492 definitum,
2121 4431 2187 4481 ut
2212 4427 2272 4481 in
2301 4444 2452 4484 conc.
2476 4427 2855 4482 oecumenicis
2877 4427 2999 4480 VII.
3020 4431 3131 4485 act.
3150 4436 3186 4482 4

557 4511 626 4560 et
652 4513 685 4563 7
712 4506 802 4578 (cf.
830 4505 924 4559 De
944 4524 976 4557 n
996 4505 1258 4576 zinger
1285 4504 1660 4560 Euchiridion
1688 4526 1742 4560 n.
1772 4512 1877 4563 243
1903 4511 2023 4579 88.);
2061 4508 2208 4561 VIU.
2234 4511 2343 4561 act.
2371 4512 2404 4563 3
2430 4509 2490 4560 et
2519 4514 2584 4563 10
2610 4506 2878 4579 (Migne
2914 4513 3030 4570 129,
3061 4511 3183 4578 151)

563 4590 628 4639 et
653 4586 824 4639 trid.
853 4602 983 4641 sess.
1004 4589 1100 4647 25;
1130 4602 1162 4638 a
1191 4585 1555 4656 Gregorio
1585 4587 1675 4639 Ill.
1705 4586 1974 4658 (Mignc
2006 4593 2123 4650 128,
2148 4591 2304 4658 1025)
2322 4590 2379 4641 et
2402 4586 2720 4641 Nicolao
2750 4588 2992 4657 I,‚cujus
3011 4589 3185 4642 verba

563 4669 712 4720 lecta
744 4667 900 4718 fuere
927 4665 988 4717 iu
1015 4683 1167 4720 conc.
1199 4681 1312 4719 oec.
1340 4666 1488 4719 Vll[.
1516 4671 1623 4721 act.
1651 4675 1684 4722 8
1711 4667 1809 4739 (ib.
1840 4672 1958 4730 129,
1990 4672 2128 4738 127).
2182 4667 2260 4721 De
2306 4666 2665 4732 adversariis,
2710 4667 2813 4735 qui
2859 4667 3185 4738 imaginum

566 4764 735 4800 usum
764 4744 1100 4812 cultumque
1127 4745 1546 4816 impugnarunt
1571 4748 1642 4801 cf.
1672 4747 1713 4799 P
1730 4763 1759 4800 e
1777 4749 1848 4800 ta
1865 4747 1991 4800 viu
2010 4765 2034 4801 8
2060 4747 2177 4813 XV,
2208 4756 2289 4802 11.
