3538 5364
585 263 720 325 430
1321 249 1503 303 Tract.
1533 249 1625 303 lX.
1652 249 1721 302 de
1749 249 2123 320 poenitentia.
2154 252 2327 305 Nulla
2354 253 2489 305 sunt

580 445 957 518 qastaverunt
988 434 1363 496 nihilominus
1382 437 1588 495 bonum
1609 437 1718 495 Dei
1747 439 1977 495 verbum
2009 440 2351 515 virtutesque
2380 439 2554 496 seculi
2585 440 2825 512 venturi,
2861 444 2911 495 et
2934 438 3208 510 prolapsi

583 536 740 603 sunt,
776 545 988 586 rursus
1018 527 1288 584 renovari
1319 526 1398 583 ad
1426 529 1833 601 poenitentiam
1865 530 1975 589 etc.
2027 527 2117 585 Ad
2151 527 2259 586 hoc
2290 528 2351 585 in
2385 527 2597 601 primis
2631 526 3043 585 novatiani
3074 544 3204 601 pro-

586 618 890 686 vocabant,
922 619 995 674 -ut
1027 634 1201 673 suum
1228 617 1545 673 tuerentur
1562 634 1836 686 errorem,
1871 620 1932 675 et
1963 617 2099 674 hinc
2131 618 2271 691 quia
2302 635 2422 675 non
2453 616 2615 675 omni
2648 619 2808 675 caret
2838 615 3203 684 difficultate,

588 707 807 766 factum
842 706 1019 764 etiam
1051 707 1161 773 est,
1205 706 1278 761 ut
1324 704 1621 778 quondam
1658 704 1729 763 de
1762 705 1942 781 hujus
1975 705 2260 781 epistolae
2292 705 2601 764 authentia
2635 705 2791 763 haud
2825 704 3002 780 pauci
3035 704 3204 761 dubi-

582 796 867 869 taverint,
917 794 1011 851 vel
1058 795 1266 851 saltem
1313 812 1381 851 ea
1428 793 1619 851 rarius
1666 794 1788 852 sint
1834 794 1943 865 usi,
1991 797 2146 853 teste
2180 795 2617 853 Philastrio
2651 795 2807 852 haer.
2844 804 2922 856 89
2961 792 3058 870 (cf.
3089 795 3132 852 t.
3165 793 3207 850 1.

587 905 646 945 n.
693 879 966 965 1735a.).
1030 885 1208 941 Porro
1242 881 1461 957 duplex
1495 886 1584 941 est
1615 883 1795 957 hujus
1829 884 1938 942 loci
1987 883 2144 959 apud
2191 888 2388 960 patres
2432 888 2494 942 et
2536 884 2846 959 theologos
2878 882 3205 957 explicatio

586 973 714 1032 Alii
746 973 905 1032 enim
939 973 1195 1041 censent,
1230 970 1482 1029 Paulum
1501 990 1714 1049 negare
1734 972 2102 1048 baptismum
2135 991 2308 1048 posse
2341 974 2657 1044 iterari3
2691 972 2811 1041 alii,
2845 990 2983 1029 eum
3018 971 3206 1029 incul-

584 1081 717 1121 eare
752 1066 987 1120 tantum
1021 1060 1617 1131 difficultatem,
1651 1080 1832 1136 quam
1851 1061 2264 1138 impotentiam
2284 1063 2564 1121 moralem
2599 1047 2842 1129 vocffl:
2864 1060 3075 1119 veniae
3106 1060 3208 1119 ob-

582 1152 864 1211 tinendae
899 1150 961 1208 in
993 1168 1136 1208 casu
1168 1149 1525 1224 apostasiae:
1572 1169 1722 1225 quae
1755 1151 1998 1224 quidem
2031 1151 2352 1210 difficultas
2384 1169 2507 1209 non
2557 1151 2752 1210 oritur
2800 1169 2867 1209 ex
2915 1169 3002 1219 e0,
3051 1149 3210 1223 quod

588 1245 848 1316 potestas
866 1240 1123 1297 clavium
1144 1237 1438 1297 limitibus
1470 1239 1553 1297 sit
1582 1239 2038 1317 circumscripta,
2073 1241 2176 1299 sed
2207 1261 2276 1299 ex
2308 1240 2769 1316 indispositione
2803 1242 3210 1314 apostatarum

587 1331 843 1406 propria,
878 1348 1055 1403 quam
1077 1328 1171 1385 vel
1190 1328 1321 1402 ipsa
1340 1328 1706 1413 experientia
1725 1333 1788 1387 et
1816 1329 2064 1388 historia
2081 1330 2481 1388 ecclesiastica
2500 1329 2858 1405 comprobat.
2890 1327 3031 1385 Rari
3051 1328 3208 1386 enim

583 1419 905 1478 admodum
940 1420 1102 1487 sunt,
1150 1416 1255 1491 qui
1288 1422 1426 1492 post
1456 1418 1694 1491 plenam
1727 1438 1759 1475 a
1791 1418 2078 1495 religione
2111 1410 2398 1478 cathohca
2428 1418 2782 1495 apostasiam
2817 1417 3048 1475 sincera
3079 1421 3210 1475 acta

587 1507 954 1584 poenitentia
991 1506 1279 1564 redierint
1324 1506 1398 1563 ad
1443 1506 1781 1569 Ecclesiam.
1851 1507 2180 1566 Fatendum
2211 1512 2408 1567 tamen
2440 1511 2530 1566 est
2561 1507 2814 1583 priorem
2848 1506 3208 1565 sententiam

585 1597 1050 1679 communiorem
1082 1614 1209 1653 esse
1231 1595 1388 1675 apud
1411 1598 1627 1673 patres,
1675 1596 1768 1653 Ita
1799 1596 2234 1655 Athanasiu
2254 1616 2281 1656 s
2314 1598 2393 1655 ib.
2415 1616 2471 1655 n.
2503 1608 2611 1659 13:
2648 1595 2975 1665 ,Hebraeis
3009 1597 3207 1653 autem

590 1686 828 1762 scripsit
859 1683 1231 1761 (apostolus),
1284 1687 1343 1741 et
1391 1702 1465 1741 ne
1517 1685 1609 1742 illi
1659 1685 2060 1761 poenitentiae
2106 1687 2359 1745 obtentu
2391 1686 2801 1745 existimarent
2836 1686 3015 1759 juxta
3060 1683 3207 1761 legis

582 1774 1074 1834 consuetudinem
1108 1773 1301 1831 multa
1332 1791 1461 1830 esse
1495 1764 1555 1831 et
1587 1774 1936 1848 quotidiana
1967 1776 2342 1852 baptismata,
2377 1776 2506 1834 ideo
2539 1793 2637 1835 eos
2671 1775 2742 1832 ad
2776 1773 3206 1849 poenitentiam

586 1866 878 1934 hortatur,
911 1881 1212 1949 unamque
1244 1880 1371 1920 esse
1404 1881 1510 1937 per
1541 1863 1908 1938 baptismum
1927 1865 2385 1937 renovationem,
2419 1883 2528 1923 nec
2549 1863 2877 1923 secundum
2897 1880 3209 1937 superesse

585 1954 856 2012 affirmat.
922 1951 1129 2025 Neque
1162 1951 1245 2009 ait
1277 1946 1654 2032 (apostolus),
1690 1952 2056 2028 impossibile
2089 1960 2182 2012 est
2213 1954 2651 2030 poenitere,
2700 1951 2803 2010 sed
2834 1951 3208 2035 impossibile

584 2046 679 2100 est
710 2042 963 2100 obtentu
995 2040 1395 2116 poenitentiae
1441 2059 1547 2099 nos
1596 2060 1989 2104 renovare.
2053 2043 2161 2101 Est
2204 2045 2405 2100 autem
2438 2043 2650 2119 ingens
2684 2041 2843 2099 inter
2874 2041 3016 2098 haec
3048 2040 3210 2098 dicta

586 2132 915 2189 discrimen.
947 2129 1004 2188 Is
1035 2129 1212 2200 enim,
1247 2148 1423 2204 quem
1455 2116 2006 2205 poenitet-mare
2038 2132 2278 2206 quidem
2311 2132 2553 2207 desinit,
2586 2130 3207 2231 Qud-Ul·

588 2240 799 2279 nerum
832 2219 1148 2278 cicatrices.
1211 2219 1556 2295 Quiautem
1591 2220 1942 2307 Q
1976 2227 2236 2279 veterem
2269 2222 2435 2279 exuit
2465 2221 2502 2278 h
2672 2239 2761 2278 em
2796 2222 2857 2276 et
2888 2222 3212 2277 renovatur

590 2328 846 2385 superne
879 2300 1128 2386 genitus
1158 2300 1417 2384 Spiritus
1450 2302 1825 2385 gratiaf'ss—
1859 2311 1951 2368 Ita
1994 2318 2054 2368 et
2199 2316 2689 2385 rysostomus
2720 2309 2874 2366 hom.
2910 2318 2944 2370 9
2983 2307 3047 2366 in
3077 2307 3135 2365 h.
3170 2308 3208 2365 1.

586 2418 643 2456 n.
682 2409 746 2461 3:
783 2397 980 2467 ,Quid
1028 2400 1208 2474 ergo?
1255 2398 1440 2472 ejecta
1472 2401 1563 2455 est
1595 2399 2004 2473 poenitentia?
2064 2399 2201 2457 Non
2235 2399 2617 2474 poenitentia,
2649 2397 2836 2456 absit!
2906 2396 3020 2455 Sed
3053 2415 3208 2470 quae

583 2507 821 2547 rursum
858 2487 923 2545 fit
956 2506 1060 2562 per
1092 2488 1389 2544 lavacrum
1423 2488 1759 2545 renovatio!
1797 2533 1809 2546 .
1844 2532 1856 2545 .
1891 2533 1903 2546 .
1938 2489 2132 2548 Novos
2151 2488 2309 2548 enim
2330 2488 2537 2558 facere,
2560 2487 2744 2545 solius
2765 2488 2857 2544 est
2876 2486 3098 2545 lavacri
3121 2534 3134 2547 .
3154 2534 3169 2549 .
3192 2532 3208 2548 .

587 2577 992 2635 Poenitentiae
1023 2578 1225 2634 autem
1258 2581 1367 2646 est,
1403 2594 1521 2646 e08,
1557 2576 1664 2651 qui
1695 2577 1832 2635 novi
1864 2577 2006 2635 facti
2036 2582 2176 2636 sunt
2207 2596 2273 2635 ac
2305 2576 2519 2635 deinde
2552 2596 2585 2633 a
2616 2575 2872 2651 peccatis
2906 2576 3209 2633 invetera-

582 2670 818 2736 verunt,
850 2686 884 2725 a
914 2667 1213 2724 vetustate
1245 2665 1496 2723 liberare
1529 2684 1833 2741 novosque
1865 2665 2139 2726 reddere:
2173 2667 2245 2726 ad
2277 2666 2449 2725 illum
2471 2667 2671 2724 autem
2693 2663 3066 2742 splendorem
3086 2684 3208 2723 non

585 2757 725 2815 licet
755 2756 1065 2824 reducere:
1111 2753 1236 2812 illic
1282 2753 1438 2812 enim
1473 2757 1670 2812 totum
1702 2757 1829 2813 erat
1859 2756 2107 2832 gratia.‘
2144 2790 2228 2801 -—
2263 2755 2431 2825 Quod
2463 2756 2613 2813 bene
2644 2755 2912 2813 illustrat
2942 2771 2986 2811 S.
3021 2753 3204 2829 Epi-

582 2845 913 2920 phanius
945 2835 1052 2901 hac
1083 2843 1518 2917 comparatione
1552 2845 1703 2901 haer.
1732 2854 1810 2906 59
1846 2864 1901 2902 n.
1927 2853 1995 2905 2:
2031 2845 2152 2914 ,Ut
2182 2846 2338 2904 enim
2371 2846 2440 2917 is,
2475 2844 2581 2919 qui
2613 2843 3024 2919 virginitatem
3056 2844 3195 2901 ami·

584 2935 681 3003 sit,
731 2934 889 3008 quod
935 2932 1009 2990 ad
1042 2950 1257 3006 corpus
1288 2931 1523 3000 attinet,
1570 2936 2014 3007 repraesentare
2046 2935 2214 2993 illam
2244 2953 2363 2992 non
2397 2936 2611 3009 potest,
2665 2951 2797 2991 cum
2850 2931 2913 2989 id
2957 2931 3203 2990 minime

584 3028 799 3081 natura
819 3022 1114 3097 patiatur:
1148 3021 1233 3078 ita
1265 3021 1369 3094 qui
1401 3025 1537 3095 post
1567 3020 1936 3096 baptismum
1968 3023 2032 3080 in
2063 3024 2290 3099 majora
2310 3022 2598 3097 quaedam
2620 3022 2869 3079 crimina
2887 3022 3201 3097 prolapsus

580 3116 694 3182 est,
730 3110 972 3187 perinde
1005 3127 1072 3167 ac
1105 3109 1209 3183 qui
1234 3109 1577 3185 virginitate
1598 3110 1834 3182 excidit,
1869 3112 2191 3170 secundum
2212 3112 2392 3170 habet
2421 3113 2486 3169 in
2517 3111 2885 3170 continentia
2905 3128 3201 3168 commen-

582 3200 842 3258 dationis
876 3199 1155 3274 gradum:
1192 3200 1275 3255 sic
1308 3198 1410 3256 ille
1443 3203 1581 3273 post
1611 3200 1974 3275 baptismum
2001 3202 2271 3277 graviore
2296 3200 2617 3259 obstrictus
2636 3201 2853 3258 scelere
2873 3200 3199 3258 secundum

586 3289 762 3347 habet
783 3288 1057 3345 sanitatis
1078 3306 1283 3365 genus.
1336 3286 1504 3355 Quod
1535 3291 1736 3346 tamen
1772 3289 1823 3347 si
1855 3307 1990 3348 cum
2020 3293 2206 3360 tanta,
2240 3293 2465 3364 quanta
2489 3289 2678 3364 priuS,
2709 3289 2937 3346 virtute
2956 3289 3198 3346 minime

584 3379 969 3453 conjunctum
1021 3377 1118 3447 sit,
1170 3395 1288 3435 non
1335 3381 1427 3435 est
1471 3381 1669 3436 tamen
1715 3397 1749 3436 a
1789 3378 2202 3452 consequenda
2234 3379 2391 3436 vitae
2422 3397 2524 3454 spe
2570 3396 2635 3436 ao
2675 3377 2887 3435 salutis
2920 3378 3198 3439 alienum.

586 3467 782 3542 Igitur
813 3485 1032 3537 eorum,
1081 3466 1185 3541 qui
1230 3467 1292 3524 in
1338 3467 1694 3541 capessenda
1724 3469 2091 3543 poenitentia
2121 3469 2406 3537 laborant,
2453 3467 2714 3525 fructum
2760 3484 2828 3524 ac
2872 3467 3198 3540 praemium

584 3556 826 3613 divinus
861 3574 1052 3614 sermo
1085 3574 1205 3614 non
1237 3556 1491 3631 rejicit.‘
1557 3557 1636 3616 Cf.
1686 3556 1999 3616 Thomas
2042 3568 2097 3620 3.
2132 3578 2185 3631 p.
2222 3576 2276 3631 q.
2314 3566 2392 3620 84
2425 3576 2475 3618 a.
2515 3568 2592 3619 10
2628 3556 2701 3614 ad
2746 3567 2807 3626 13
2855 3555 3197 3614 Morinus

588 3647 625 3708 l.
664 3655 696 3706 3
733 3663 777 3703 e.
816 3654 847 3707 ’7
867 3667 879 3714 ;
914 3664 1019 3721 pro
1053 3644 1237 3703 altera
1271 3645 1567 3703 sententia
1599 3646 1764 3704 Corn.
1799 3666 1833 3703 a
1863 3647 2149 3722 Lapide
2182 3646 2245 3704 in
2279 3647 2333 3704 h.
2366 3647 2405 3705 l.

763 3733 828 3795 7.
877 3734 1175 3809 Objicitur
1218 3733 1394 3791 Hebr.
1451 3745 1545 3805 10,
1600 3743 1710 3797 26:
1781 3735 2109 3794 Voluntarie
2154 3738 2306 3793 enim
2346 3734 2713 3810 peccantibus
2761 3729 3029 3816 (peccato
3063 3751 3196 3809 apo-

582 3825 814 3893 stasiae,
863 3828 935 3881 ut
980 3826 1145 3898 patet
1190 3841 1259 3879 ex
1300 3842 1354 3880 v.
1386 3823 1651 3897 praeced.
1683 3824 1996 3882 deserentes
2027 3826 2398 3882 collectionem
2432 3820 2715 3904 nostram)
2749 3823 2914 3880 nobis
2939 3831 3072 3897 post
3104 3841 3195 3880 ac·

579 3916 804 3988 ceptam
848 3915 1110 3970 notitiam
1158 3913 1412 3968 veritatis
1447 3913 1578 3985 jam
1627 3930 1740 3969 non
1787 3915 2139 3990 relinquitur
2176 3933 2291 3988 pro
2329 3914 2583 3988 peccatis
2628 3913 2829 3970 hostia.
2901 3912 3199 3969 Terribilis

580 4011 771 4060 autem
805 4003 1085 4077 quaedam
1118 4004 1461 4074 exspectatio
1481 4002 1695 4074 judicii
1726 4007 1835 4059 etc.
1903 4003 2126 4061 Horum
2161 4002 2477 4060 verborum
2510 4019 2719 4060 sensus
2751 4003 2859 4070 est,
2894 4004 3198 4075 apostatae

582 4110 615 4148 a
662 4091 774 4149 fide
822 4092 1143 4148 christiana
1188 4089 1262 4147 ad
1300 4090 1665 4163 judaismum
1706 4091 1933 4149 nullam
1967 4091 2140 4167 plane
2174 4109 2480 4166 superesse
2514 4090 2766 4148 hostiam
2799 4108 2906 4165 pro
2939 4090 3196 4165 peccatis

584 4199 689 4237 seu
722 4180 979 4237 medium
1015 4179 1259 4248 salutis:
1307 4196 1426 4236 non
1471 4179 1676 4254 legale,
1723 4198 1857 4238 cum
1904 4180 2191 4239 sacrificia
2222 4181 2436 4255 legalia
2458 4181 2583 4255 jam
2617 4180 2739 4237 sint
2769 4178 3024 4249 abolita:
3077 4197 3197 4236 non

582 4268 841 4326 medium
894 4268 1043 4343 legis
1092 4268 1466 4337 christianae,
1520 4287 1695 4342 quam
1747 4270 2014 4328 deseruit
2062 4273 2124 4328 et
2173 4268 2414 4343 sprevit.
2478 4268 2611 4326 Non
2648 4273 2852 4326 tamen
2883 4273 3198 4343 propterea

582 4361 761 4433 negat
796 4357 1031 4426 Paulae,
1081 4375 1217 4414 eum
1265 4357 1455 4416 redire
1489 4376 1660 4432 posse
1691 4358 1764 4416 ad
1799 4358 1970 4417 fidem
2006 4358 2386 4416 christianam
2420 4361 2598 4432 atque
2648 4359 2730 4415 ita
2775 4357 2836 4414 in
2884 4377 2951 4415 ea
2997 4364 3060 4415 et
3096 4376 3198 4433 per

578 4465 706 4503 eam
740 4445 1008 4504 obtinere
1042 4446 1259 4504 iterum
1294 4446 1565 4517 salutem,
1615 4447 1733 4505 imo
1781 4451 1853 4505 ut
1897 4447 2189 4524 ejusmodi
2233 4447 2297 4504 in
2342 4447 2454 4504 fide
2501 4448 2624 4504 sive
2671 4445 2882 4504 dubios
2924 4447 3049 4505 sive
3072 4447 3193 4521 jam

580 4537 777 4609 lapsos
809 4537 1058 4604 revocet,
1094 4535 1332 4611 scripsit
1362 4535 1511 4594 hanc
1541 4536 1869 4611 epistolam.

758 4621 825 4686 8.
858 4624 1036 4686 Hebr.
1080 4635 1172 4694 12,
1216 4636 1289 4687 16
1328 4644 1403 4683 s.:
1455 4626 1542 4682 Ne
1585 4627 1711 4701 quis
1759 4621 1894 4706 (sit)
1938 4627 2262 4698 fornicator
2307 4632 2406 4682 aut
2443 4627 2738 4698 profanus
2771 4631 2832 4682 ut
2863 4625 3049 4700 Esau,
3096 4625 3195 4701 qui

578 4721 817 4787 propter
850 4733 1026 4772 unam
1060 4734 1245 4772 escam
1277 4716 1525 4772 vendidit
1563 4717 1865 4789 primitiva
1912 4734 2040 4773 sua.
2109 4716 2312 4773 Scitote
2358 4717 2526 4790 enim,
2581 4714 2854 4791 quoniam
2903 4721 2954 4771 et
3002 4721 3194 4789 postea
