3538 5364
573 236 709 304 594
1044 227 1229 281 Tract.
1254 227 1320 281 X.
1347 227 1417 281 de
1443 226 1559 281 Deo
1587 229 2059 282 consummatore.
2087 225 2286 281 Mortis
2313 224 2732 279 universalitas.

574 415 1120 499 κοιμηθησόμεθα,
1162 416 1378 484 πάντας
1415 412 1481 475 δὲ
1517 408 2010 497 ἀλλαγησόμεθα
2022 408 2091 495 ¹).
2154 412 2384 484 Quibus
2416 412 2564 473 adde
2599 423 2653 476 2.
2686 412 2834 475 Tim.
2868 422 2931 484 4,
2983 425 3035 485 1,
3081 411 3198 471 ubi

579 504 850 562 Christus
881 501 1105 561 dicitnr
1119 502 1501 577 judicaturus
1528 504 1681 562 vivos
1697 508 1760 568 ⁴et
1789 507 2063 579 mortuos,
2111 506 2265 581 quae
2309 502 2382 561 de
2426 503 2581 562 vivis
2627 506 2687 562 et
2722 501 2978 562 mortuis
3010 519 3198 573 sensu

575 587 835 669 proprio,
869 610 989 650 non
1020 591 1093 649 de
1125 589 1524 668 spiritualiter
1552 590 1709 650 vivis
1740 592 1803 649 et
1826 590 2085 651 'mortuis
2114 590 2401 652 videntur
2430 590 2838 669 intelligenda.
2902 590 3057 650 Hinc
3085 609 3188 666 pa-

573 686 699 741 tres
729 680 924 759 graeci
956 682 1019 739 et
1048 698 1118 739 ex
1148 680 1352 739 latinis
1370 680 1648 739 nonnulli
1667 679 2011 756 opinantur,
2044 698 2161 753 eos,
2192 680 2298 759 qui
2326 684 2593 758 tempore
2623 679 2868 739 secundi
2898 679 3192 740 adventus

574 771 793 830 Christi
824 773 970 829 sunt
999 769 1237 840 victuri,
1268 787 1391 827 non
1420 787 1547 829 esse
1577 768 1921 829 morituros.
1984 769 2112 840 Qua
2142 769 2440 830 sententia
2468 770 2658 828 relata
2685 769 2740 829 A
2754 788 2797 829 u
2810 788 2908 848 gu
2925 768 3145 828 stin‘u
3162 786 3201 828 s

575 879 629 936 q.
666 870 702 923 3
736 859 811 918 ad
843 858 1175 918 Dulcitium
1203 857 1456 918 fatetur:
1503 898 1531 929 ,
1546 858 1670 918 Nec
1699 857 1926 936 aliquid
1956 858 2125 919 aliud
2153 858 2304 918 mihi
2339 859 2532 918 visum
2568 861 2680 931 est,
2724 859 2963 936 quoties
2994 857 3068 917 de
3096 856 3212 917 his-

573 949 774 1008 verbis
811 947 978 1007 volui
1024 946 1300 1024 cogitare.
1314 954 1343 985 ¹
1411 947 1760 1024 Oppositam
1788 950 1991 1007 tamen
2021 948 2380 1007 sententiam
2407 951 2664 1007 tuentur
2692 947 2961 1024 plerique
2990 948 3205 1023 patres

575 1037 749 1096 latini
779 1036 973 1095 innixi
1016 1037 1150 1095 tum
1194 1034 1453 1095 versioni
1483 1037 1781 1115 vulgatae,
1825 1040 1960 1095 tum
2004 1036 2140 1096 aliis
2171 1038 2395 1116 effatis,
2444 1035 2667 1114 quibus
2713 1036 2934 1113 passim
2979 1034 3216 1117 mortis·

575 1122 905 1185 affirmatur
922 1124 1358 1184 universalitas.
1402 1124 1623 1184 Verum
1654 1125 1961 1184 dissensus
1993 1115 2083 1185 est
2110 1128 2350 1186 tantum
2379 1144 2696 1203 apparens,
2728 1142 2839 1185 nec
2869 1120 3221 1184 difficulter*

574 1217 774 1292 patres
803 1216 1156 1282 revocantur
1183 1212 1259 1272 aul
1289 1214 1673 1273 harmoniam.
1738 1214 1802 1273 Si
1843 1214 2001 1273 enim
2045 1216 2321 1275 mortis
2351 1215 2594 1275 nomine
2625 1213 2995 1293 intelligitur
3024 1212 3213 1272 habi-'

574 1304 756 1364 tualis
802 1322 830 1362 s
846 1305 1020 1363 tatu
1037 1320 1066 1361 s
1109 1321 1214 1361 seu
1259 1318 1503 1362 somnus
1546 1304 1777 1376 mortis,
1823 1303 1929 1378 qui
1973 1303 2151 1364 duret
2186 1323 2296 1363 nec
2325 1304 2409 1364 sit
2436 1307 2914 1364 momentaneus:
2963 1305 3216 1362 certum*

575 1397 685 1464 est,
731 1411 853 1451 non
883 1409 1088 1451 omnes
1119 1409 1250 1451 esse
1280 1391 1633 1474 morituros3
1680 1392 1734 1451 si
1777 1411 1916 1452 vero
1959 1394 2199 1453 nomine
2239 1393 2453 1453 mortis
2483 1392 2848 1471 intelligitur
2877 1410 3036 1452 mors
3068 1410 3201 1451 ac·

570 1486 598 1540 t
613 1500 655 1539 u
672 1481 777 1540 ali
795 1499 823 1539 s
869 1500 977 1541 seu
1019 1480 1177 1540 vitae
1221 1480 1516 1539 naturalis
1548 1481 1819 1552 cessati0,
1865 1501 2044 1557 quam
2073 1483 2540 1559 consequeretur
2570 1484 2766 1541 status
2797 1481 3026 1553 mortis,
3070 1480 3196 1540 nisi

570 1570 988 1630 excluderetur
1031 1569 1466 1646 omnipotentia
1511 1570 1617 1630 Dei
1661 1570 1973 1630 subitanea
2014 1571 2469 1631 resuscitatione
2513 1572 2575 1631 et
2619 1570 3054 1642 immutatione,
3099 1573 3201 1633 te·—.

568 1658 830 1719 nendum
875 1658 1114 1717 omnino
1160 1660 1270 1729 est,
1317 1674 1572 1718 omnes
1617 1677 1747 1719 esse
1791 1660 2128 1720 morituros.
2195 1650 2883 1741 QuareiGennadius
2929 1660 3003 1719 de
3051 1660 3199 1721 eccl.

568 1748 761 1824 dogm.
793 1766 840 1806 c.
878 1758 910 1811 7
946 1748 1134 1806 relata
1165 1747 1464 1806 sententia
1494 1746 1567 1806 de
1598 1748 1809 1807 mortis
1840 1748 2330 1821 universalitate,
2349 1750 2434 1809 ita
2463 1749 2878 1826 prosequitur:
2924 1748 3196 1819 ,Verum

567 1837 710 1913 quia
740 1840 887 1895 sunt
916 1836 1020 1895 alii
1052 1839 1113 1896 et
1143 1835 1246 1894 elii
1278 1854 1464 1912 aeque
1495 1837 1769 1897 catholici
1798 1841 1860 1896 et
1890 1837 2113 1899 eruditi
2132 1839 2268 1907 viri,
2303 1839 2409 1915 qui
2431 1838 2704 1909 credunt,
2736 1838 2933 1897 anima
2963 1837 3029 1896 in
3061 1855 3190 1896 cor-

567 1944 707 2001 pore
737 1928 1031 1998 manente,
1079 1925 1484 1984 immutandos
1516 1927 1589 1984 ad
1619 1927 2132 2004 incorruptionem
2162 1931 2223 1987 et
2251 1928 2762 1988 immortalitatem
2808 1944 2926 1999 eos,
2978 1926 3084 2002 qui
3127 1927 3201 1984 in.

567 2015 833 2073 adventu
865 2014 1104 2073 Domini
1135 2013 1260 2072 vivi
1290 2012 1636 2073 inveniendi
1668 2019 1830 2087 sunt,
1863 2018 1924 2076 et
1953 2018 2063 2077 hoc
2093 2017 2181 2077 eis
2213 2017 2482 2094 reputari
2514 2035 2620 2094 pro
2651 2016 3091 2076 resurrectione
3124 2034 3194 2074 ex

565 2104 835 2174 mortuis,
870 2102 1029 2178 quod
1060 2102 1488 2162 mortalitatem
1507 2105 1836 2180 praesentis
1856 2106 2014 2165 vitae
2033 2106 2449 2166 immutatione
2469 2106 2787 2183 deponant,
2820 2124 2940 2164 non
2973 2107 3205 2175 morte3.

564 2192 836 2268 quolibet
866 2191 1001 2267 quis
1047 2191 1383 2267 acquiescat
1426 2193 1616 2263 modo,
1663 2212 1785 2252 non
1816 2197 1906 2253 est
1936 2195 2283 2265 haereticus,
2316 2195 2437 2254 nisi
2467 2214 2538 2255 ex
2569 2195 2954 2254 contentione
2986 2194 3193 2253 haere—

562 2283 720 2340 ticus
752 2281 873 2340 fiat.
940 2280 1170 2339 Sufficit
1201 2280 1360 2339 enim
1393 2281 1457 2339 in
1486 2282 1785 2342 Ecclesiae
1815 2283 1964 2361 lege,
1998 2285 2188 2343 carnis
2219 2284 2717 2344 resurrectionem
2750 2282 2990 2343 credere
3020 2283 3204 2341 futu-

561 2389 688 2428 ram
733 2369 807 2429 de
851 2372 1099 2428 morte.‘
1167 2369 1395 2429 Similia
1437 2370 1618 2429 habet
1648 2373 2147 2449 Augustinus
2179 2373 2253 2431 de
2284 2374 2395 2437 civ.
2428 2373 2552 2445 Dei,
2586 2372 2705 2444 XX,
2745 2381 2844 2436 20.
2913 2373 3221 2432 Ceterum·

563 2461 819 2534 utraque
851 2458 1149 2517 sententia
1179 2462 1274 2517 est
1304 2458 1649 2534 probabilis.
1703 2459 2043 2520 Affirmanti
2072 2462 2284 2521 mortis
2317 2462 2834 2521 universalitatem
2865 2461 3206 2537 acquiescit

564 2547 826 2606 Ecclesia
856 2549 1011 2606 teste
1043 2548 1263 2607 catech.
1294 2566 1457 2618 rom„
1493 2549 1764 2623 quamvis
1796 2550 2130 2627 exceptioni
2161 2570 2267 2627 pro
2301 2551 2392 2623 iis,
2441 2552 2548 2627 qui
2591 2553 2859 2628 tempore
2891 2550 3199 2610 adventus.

566 2635 784 2696 Christi
815 2635 1036 2708 vivent,
1073 2636 1261 2714 magis
1292 2636 1490 2697 favere
1521 2637 1837 2698 videantur
1866 2640 2210 2701 testimonia
2243 2639 2604 2719 Scripturas.

747 2759 895 2824 639.
928 2755 1072 2819 Alia
1102 2756 1326 2820 mortis
1373 2757 1736 2839 proprietas
1782 2765 1897 2836 est,
1942 2766 2101 2845 quod
2141 2760 2325 2843 finem
2369 2767 2621 2839 imponit
2663 2762 2853 2824 statui
2897 2766 3049 2838 viae,
3099 2757 3194 2822 illi

566 2864 696 2929 scil.
731 2862 942 2937 statui,
976 2863 1039 2924 in
1071 2879 1200 2945 quo
1233 2862 1428 2927 homo
1461 2869 1672 2944 potest
1702 2884 1888 2930 suam
1921 2867 2174 2948 operari
2206 2867 2498 2933 salutem.
2561 2866 2699 2931 Hoc
2729 2865 3050 2947 significat
3084 2872 3202 2930 to-

569 2971 688 3035 ties
720 2967 1027 3044 ChristuS‚
1062 2969 1314 3049 quoties
1344 2969 1655 3048 hortatur,
1688 2978 1758 3036 ut
1788 2974 1998 3055 parati
2029 2974 2247 3051 simus,
2293 2975 2443 3057 quia
2474 2993 2605 3057 qua
2637 2973 2803 3038 hora
2833 2991 2967 3038 non
2998 2981 3206 3056 puta—

568 3096 712 3141 mus
742 3076 881 3158 ipse
915 3075 1129 3139 veniet
1161 3075 1243 3138 ad
1276 3075 1654 3155 exigendam
1684 3078 2088 3145 villicationis
2119 3088 2383 3146 nostrae
2415 3081 2735 3145 rationem
2765 3080 2914 3145 Luc.
2954 3084 3054 3158 12,
3075 3085 3210 3156 4o·.

571 3184 809 3248 docent
856 3199 1053 3264 saepe
1103 3181 1247 3245 aliis
1296 3183 1504 3247 modis
1552 3205 1601 3248 s,
1634 3183 2022 3268 Scripturas,
2073 3189 2138 3251 in
2184 3188 2408 3269 primis
2459 3186 2698 3252 Paulus
2746 3192 2803 3255 2.
2839 3186 2979 3252 Cor.
3013 3190 3072 3264 5,
3111 3190 3206 3256 10

574 3289 752 3376 (cf.n.
771 3289 963 3374 2312)
996 3295 1061 3352 et
1090 3294 1327 3369 patreS,
1361 3296 1553 3373 atque
1583 3291 1732 3357 inde
1762 3311 2019 3376 quoque
2051 3292 2382 3375 colligitur,
2416 3293 2591 3377 quod
2610 3292 2905 3377 quamvis
2938 3293 3002 3358 id
3034 3312 3213 3376 pen-

573 3396 726 3460 deat
768 3413 809 3459 a
850 3394 1184 3459 voluntate
1216 3393 1332 3460 Dei
1363 3398 1646 3479 supremi
1668 3398 1922 3481 judiciS‚
1954 3399 2018 3463 id
2051 3399 2728 3465 convenientissimum
2777 3401 2875 3478 sit,
2911 3400 3228 3484 alioquin,

573 3520 766 3567 omne
796 3502 967 3566 vitae
998 3502 1355 3583 praesentis
1387 3512 1802 3583 momentum,
1833 3505 2154 3572 Ecclesiae
2197 3511 2269 3573 'et
2317 3514 2880 3573 sacramentorum
2910 3506 3213 3574 necessi·-

576 3618 694 3685 taS,
727 3608 979 3673 virtutis
1010 3608 1294 3673 studium
1325 3617 1442 3674 etc.
1477 3618 1763 3676 cessaret
1808 3613 1908 3699 (cf.
1943 3612 2101 3679 thes.
2134 3615 2310 3701 271).
2374 3613 2593 3694 Quare
2648 3621 2940 3695 ,tempus
2971 3614 3214 3696 acqui--

575 3717 758 3782 rendi
787 3717 988 3781 vitam
1020 3721 1371 3794 aeternam,
1402 3718 1607 3799 inquit
1636 3718 2123 3800 Fulgentius
2165 3721 2250 3785 de
2281 3720 2404 3787 fide
2435 3740 2493 3785 n.
2530 3725 2636 3798 36,
2686 3720 2754 3784 in
2783 3720 2912 3785 ista
2943 3725 3200 3785 tantum

573 3825 710 3888 vita
730 3822 902 3887 Deus
921 3821 1290 3886 hominibus
1306 3822 1496 3900 dedit,
1514 3823 1623 3888 ubi
1636 3825 1836 3890 voluit
1852 3845 1995 3892 esse
2027 3828 2222 3893 etiam
2241 3827 2702 3909 poenitentiam
2736 3827 3151 3892 fructuosam.
3161 3839 3205 3870 ‘-

758 3954 905 4019 640.
938 3946 1038 4010 De
1052 3944 1299 4030 judicio
1317 3949 1728 4033 particulari.
1765 3990 1841 4001 —
1880 3952 2152 4017 Mortem
2197 3971 2350 4017 mox
2381 3953 2619 4034 excipit
2641 3955 2644 3958 ’
2662 3952 2990 4035 judicium,
3023 3952 3215 4033 quod,

579 4053 1109 4144 particulare
1141 4052 1265 4116 dici
1296 4054 1476 4132 solet,
1509 4062 1581 4119 ut
1609 4063 1791 4138 patet

797 4215 838 4285 ¹)
864 4210 1063 4268 Versio
1090 4227 1127 4264 v
1142 4228 1181 4264 u
1197 4210 1218 4264 l
1233 4230 1272 4282 g
1286 4227 1321 4264 a.
1336 4213 1361 4264 t
1374 4228 1409 4265 a.
1434 4212 1637 4268 habet:
1666 4217 1854 4271 Omnae
1880 4219 2087 4286 quidem
2111 4233 2464 4285 resurgemus,
2479 4220 2570 4270 sed
2582 4234 2690 4271 non
2705 4232 2883 4271 omnes
2896 4217 3203 4270 immutabi-

578 4313 719 4358 mur,
745 4308 894 4361 quae
919 4289 982 4344 in
1006 4290 1299 4346 codicibus
1325 4293 1542 4362 graecis
1568 4311 1683 4350 non
1709 4296 2106 4367 reperiuntur:
2145 4295 2448 4352 lectionem
2476 4312 2609 4351 vero
2634 4311 2899 4367 graecam
2925 4294 3221 4349 exhibent·-

579 4374 866 4429 versiones
893 4389 917 4424 s
931 4388 969 4439 y
984 4389 1013 4424 r
1027 4371 1049 4423 i
1063 4387 1096 4423 a
1113 4387 1143 4425 c
1157 4387 1192 4424 a.
1231 4374 1289 4426 et
1321 4389 1355 4426 a
1368 4389 1398 4425 r
1413 4390 1447 4427 a
1464 4373 1499 4427 b
1515 4374 1536 4427 i
1552 4392 1582 4429 c
1595 4391 1648 4440 a,
1676 4379 1865 4446 patres
1884 4377 2091 4448 graeci,
2118 4375 2339 4430 codices
2365 4376 2481 4430 fere
2509 4390 2702 4430 omnes
2729 4373 3023 4445 (nonnulli
3048 4373 3213 4428 codi-

577 4471 670 4518 ces
696 4453 942 4507 habent:
981 4453 1173 4518 Πάντας
1207 4456 1295 4526 μὶν
1328 4452 1415 4509 οὖν
1448 4458 1910 4534 κοιμηθησὸμιθα,
1944 4458 2124 4514 ἀλλὀὐ
2161 4459 2339 4522 πάντες
2370 4456 2811 4531 ἀλλαγησόμεθα,
2835 4453 2933 4510 cui
2958 4453 3199 4510 lectioni

580 4536 738 4590 favet
761 4532 944 4587 versio
984 4532 1444 4603 aethiopica,
1486 4553 1665 4607 eaque
1692 4541 1835 4594 teste
1876 4541 1924 4607 A
1946 4557 1980 4594 u
2001 4538 2316 4610 gustino
2360 4537 2431 4593 de
2457 4537 2618 4592 civit.
2653 4535 2758 4590 Dei
2784 4536 2902 4602 XX,
2931 4541 3000 4592 20
3026 4536 3087 4589 et
3110 4550 3217 4603 ep..

586 4626 686 4679 193
711 4642 767 4677 n·
798 4619 862 4671 10
890 4611 1119 4666 transiit
1142 4612 1205 4667 in
1230 4619 1537 4674 nonnullos
1563 4618 1783 4676 codices
1809 4620 2059 4691 latinos),
2087 4618 2255 4688 eique
2283 4617 2588 4689 suffragari
2613 4616 2878 4673 videntur
2897 4616 3216 4690 contextus·

576 4705 639 4758 et
664 4701 893 4760 collatio
920 4717 1050 4753 cum
1073 4707 1116 4756 1.
1133 4698 1323 4752 Thess.
1351 4708 1400 4764 4,
1433 4707 1496 4756 14
1521 4716 1591 4754 ss.
1618 4699 1702 4755 Cf.
1729 4700 1863 4756 Hie
1881 4717 1954 4756 ro
1971 4719 2060 4771 ny
2076 4719 2129 4754 m
2150 4718 2183 4752 u
2201 4717 2226 4752 s
2252 4715 2340 4769 ep.
2373 4705 2473 4756 119
2497 4698 2569 4752 ad
2588 4696 2933 4752 Minervium
2962 4697 3021 4750 et
3040 4694 3218 4753 Alex..
