3538 5364
1190 246 1466 315 probatur
1495 244 1683 298 verbis
1709 243 2111 298 institutionis.
2342 324 2349 333 .
2825 252 2954 318 339

334 440 608 490 necesse
656 431 774 500 est,
824 433 894 490 ut
938 427 1286 494 cessaverit
1314 427 1501 508 panis
1534 425 1899 490 substantia
1930 426 2194 509 ejusque
2225 427 2291 489 in
2320 427 2533 492 locum
2563 427 2684 492 sub
2717 429 2959 494 eisdem

332 530 680 612 speciebus
713 533 1096 597 successerit
1130 530 1361 596 Christi
1394 550 1627 614 corpus
1659 550 1775 596 seu
1807 538 1881 596 ut
1911 531 2084 596 facta
2114 532 2198 596 sit
2228 534 2844 600 transubstantiatio.
2889 532 2959 599 Si

331 655 495 702 vero
517 636 748 702 Christi
772 640 971 703 verba
1001 638 1256 704 fuerunt
1285 639 1587 720 practica,
1608 655 1776 720 quae
1796 638 2117 704 sententia
2137 639 2399 703 omnino
2421 646 2519 704 est
2536 639 2959 722 praeferenda

337 744 449 831 (cf.
484 766 542 810 n.
577 750 706 816 369
740 746 837 833 s.),
870 763 949 810 ea
999 745 1351 811 effecerunt
1394 745 1476 822 id,
1523 745 1696 828 quod
1727 744 2103 826 significant.
2151 744 2345 828 Atqui
2376 747 2575 812 verba
2606 746 2857 825 Christi,
2887 755 2960 813 ut

339 853 545 937 modo
581 854 877 931 diximus,
909 853 1268 935 significant
1298 854 1697 919 identitatem
1728 852 2219 918 substantialem
2251 854 2417 920 inter
2434 855 2875 937 praedicatum
2895 862 2960 920 et

333 959 722 1040 subjectum.
786 960 952 1040 Ergo
984 977 1130 1024 eam
1162 960 1526 1025 effecerunt.
1573 960 1769 1042 Atqui
1801 978 1948 1024 eam
1978 959 2230 1026 efficere
2260 979 2395 1025 non
2425 967 2789 1043 potuerunt,
2837 962 2959 1026 nisi

323 1067 689 1131 cessaverit
719 1067 903 1150 panis
936 1067 1303 1132 substantia
1333 1066 1599 1150 ejusque
1629 1067 1696 1130 in
1725 1067 1939 1131 locum
1971 1067 2353 1133 successerit
2367 1085 2599 1150 corpus
2618 1069 2819 1151 ipsius
2843 1088 2958 1134 seu

330 1174 466 1237 nisi
511 1172 682 1239 facta
727 1175 809 1238 sit
862 1174 1478 1239 transubstantiatio.
1544 1171 1716 1239 Sane
1766 1194 1835 1244 a.
1868 1174 1922 1238 si
1952 1192 2083 1238 non
2116 1181 2327 1239 cessat
2358 1173 2724 1239 substantia
2753 1176 2957 1258 paniS,

336 1281 511 1346 salsa
541 1288 693 1346 sunt
724 1280 924 1346 verba
943 1279 1206 1346 Christi:
1240 1281 1391 1363 quia
1422 1299 1780 1364 pronomen
1811 1281 1921 1345 hoc
1939 1279 2210 1346 refertur
2228 1280 2309 1345 ad
2330 1281 2776 1359 substantiam,
2797 1300 2957 1364 qua-

334 1394 532 1453 tenus
579 1406 659 1454 ea
702 1408 817 1470 per
863 1388 1220 1453 accidentia
1265 1388 1438 1453 cadit
1467 1388 1587 1452 sub
1620 1388 2132 1471 apprehensione
2162 1407 2408 1453 sensus
2456 1388 2671 1469 Quare
2702 1406 2957 1471 perma-

334 1501 540 1560 nente
571 1494 934 1559 substantia
963 1494 1227 1576 propria
1256 1494 1377 1559 sub
1397 1495 1670 1577 propriis
1692 1494 2151 1570 accidentibus,
2170 1495 2359 1576 hujus
2378 1513 2537 1560 suae
2557 1494 2958 1562 substantiae

328 1601 639 1682 propriae
672 1607 738 1665 et
767 1620 898 1665 non
930 1602 1193 1667 alterius
1226 1601 1582 1667 accidentia
1614 1607 1765 1665 sunt
1793 1600 2283 1667 manifestativa.
2316 1601 2477 1666 Hinc
2496 1601 2662 1666 sicut
2681 1601 2841 1667 falsa
2860 1609 2959 1668 est

340 1708 706 1790 propositio
739 1707 818 1772 de
850 1727 1018 1790 pane
1049 1709 1334 1791 prolata:
1366 1709 1490 1773 hoc
1523 1714 1618 1775 est
1652 1708 1840 1785 Deua,
1874 1708 1994 1773 etsi
2012 1708 2184 1774 Deus
2215 1709 2465 1773 ratione
2497 1727 2654 1774 suae
2683 1709 2957 1775 immen-

326 1814 550 1879 sitatis
594 1814 682 1878 ibi
729 1821 827 1880 est
872 1834 1210 1896 praesens:
1257 1816 1347 1880 ita
1391 1814 1553 1879 falsa
1593 1814 1801 1881 forent
1833 1816 2032 1882 verba
2064 1814 2316 1892 Christi,
2346 1816 2400 1880 si
2434 1824 2735 1882 manente
2767 1834 2954 1897 pane,

343 1928 602 1985 tantum
634 1921 722 1985 illi
752 1921 991 1990 inesset
1018 1923 1291 1988 latenter
1322 1930 1388 1988 et
1417 1922 1813 1987 invisibiliter
1844 1922 1983 2004 ejus
2016 1941 2265 2005 corpus.
2299 1920 2536 1986 Nostra
2568 1922 2767 1987 illatio
2800 1941 2956 1988 con-

334 2027 634 2093 firmatur
681 2031 755 2097 b.
803 2029 1174 2095 authentico
1205 2037 1461 2112 patrum
1493 2029 1814 2111 suffragio,
1862 2030 1987 2111 qui,
2033 2035 2106 2094 ut
2135 2048 2289 2093 mox
2321 2029 2695 2107 videbimuS,
2741 2047 2821 2094 ex
2854 2028 2957 2094 his

337 2135 558 2201 verbis
606 2136 883 2200 inferunt
925 2154 1160 2218 panem
1205 2137 1440 2200 mutari
1482 2137 1545 2199 in
1576 2153 1811 2218 corpus
1843 2134 2093 2201 Christi.
2140 2135 2301 2199 Hinc
2333 2153 2509 2199 conc.
2544 2136 2708 2203 trid
2728 2136 2955 2201 enti-

336 2262 382 2306 n
401 2262 444 2305 u
463 2262 527 2306 m
561 2243 751 2307 docet
782 2262 935 2308 sess.
975 2249 1057 2312 13
1089 2262 1226 2327 cap.
1261 2250 1334 2311 4:
1375 2243 1734 2324 ,Quoniam
1765 2251 1981 2309 autem
2007 2241 2295 2308 Christus
2314 2242 2707 2325 Redemptor
2736 2250 2958 2310 noster

350 2368 588 2432 corpus
639 2369 827 2414 suum
877 2352 957 2428 id,
1007 2351 1179 2434 quod
1229 2351 1348 2414 sub
1393 2351 1607 2433 specie
1637 2350 1825 2433 panis
1856 2350 2183 2425 offerebat,
2215 2368 2366 2414 vere
2398 2369 2541 2416 esse
2572 2351 2758 2414 dixit:
2808 2350 2954 2415 ideo

339 2474 730 2542 persuasum
775 2477 1028 2540 semper
1071 2459 1137 2522 in
1167 2457 1453 2523 Ecclesia
1483 2458 1602 2523 Dei
1631 2458 1780 2523 fuit.
1802 2508 1851 2521 ..
1885 2458 2372 2524 conversionem
2405 2458 2540 2525 fieri
2575 2460 2768 2523 totius
2800 2460 2955 2524 sub-

339 2563 625 2629 stantiae
656 2565 840 2645 panis
874 2565 938 2628 in
970 2564 1402 2630 substantiam
1435 2565 1724 2647 corporis
1757 2563 1991 2629 Christi
2021 2562 2091 2627 D.
2124 2563 2235 2627 N.‹
2288 2564 2421 2630 Imo
2454 2585 2519 2634 c.
2554 2565 2655 2630 vel
2686 2585 2767 2632 ex
2797 2584 2954 2630 con-

340 2670 616 2736 fessione
650 2670 1166 2737 adversariorum
1185 2673 1248 2759 ¹),
1282 2672 1389 2756 qui
1420 2672 1692 2739 candide
1725 2670 2023 2748 fatentur,
2057 2672 2306 2738 admitti
2337 2692 2471 2738 non
2499 2692 2695 2756 posse
2713 2673 2956 2738 realem

350 2779 634 2860 corporis
668 2787 735 2844 et
779 2780 1106 2860 sanguinis
1137 2779 1372 2843 Christi
1404 2780 1467 2843 in
1501 2780 1890 2844 eucharistia
1919 2781 2358 2861 praesentiam
2388 2780 2450 2844 vi
2480 2779 2822 2845 verborum
2857 2781 2955 2844 in-

352 2883 708 2962 stitutionis,
742 2887 895 2968 quin
927 2887 1301 2951 admittatur
1332 2887 1985 2952 transsubstantiatio.

526 3009 588 3076 2.
620 3008 870 3090 Dogma
898 3012 1282 3076 catholicum
1314 3011 1627 3095 probatur
1659 3013 2152 3090 traditione,
2186 3032 2267 3078 ex
2298 3013 2567 3095 liturgiis
2604 3014 2733 3078 scil.
2754 3022 2821 3079 et
2838 3032 2955 3096 pa-

347 3121 519 3179 trum
550 3115 768 3184 effatis.
814 3117 1202 3202 Saepissime
1234 3120 1405 3184 enim
1436 3120 1502 3183 in
1533 3119 1655 3183 illis
1688 3127 2004 3185 occurunt
2036 3120 2379 3186 formulae:
2426 3127 2576 3186 ante
2608 3138 2955 3185 consecra-

347 3222 590 3288 tionem
623 3245 768 3293 aese
801 3246 1035 3310 panem
1053 3234 1116 3293 et
1136 3228 1372 3304 vinum,
1390 3233 1539 3309 post
1557 3226 1758 3292 verba
1775 3227 2051 3309 mystica
2066 3246 2200 3291 non
2219 3246 2360 3293 esse
2380 3245 2614 3310 panem
2634 3233 2701 3292 et
2721 3226 2956 3302 vinum,

339 3330 456 3394 sed
489 3350 718 3416 corpus
735 3334 1194 3416 etsanguinem
1213 3334 1478 3411 Christi;
1510 3352 1746 3417 panem
1782 3333 1809 3397 s
1817 3335 1837 3397 i
1853 3335 2000 3412 eri,
2022 3335 2273 3411 mutari,
2295 3334 2726 3411 transmutari,
2746 3340 2955 3398 trans-

337 3436 731 3518 elementari,
763 3442 1035 3506 transire
1068 3448 1184 3507 etc.
1217 3442 1283 3505 in
1315 3459 1546 3522 corpus
1579 3440 1829 3505 Christi.

338 3614 520 3621 —.-

559 3665 595 3733 ¹)
626 3663 713 3716 Ita
740 3662 789 3716 H
807 3679 836 3716 e
855 3681 882 3715 r
898 3682 926 3715 z
943 3679 975 3716 o
992 3682 1032 3733 g
1057 3662 1118 3716 in
1146 3679 1236 3731 op.
1265 3659 1892 3731 Rem-Encyklopaedie
1914 3661 2004 3713 fiir
2024 3663 2257 3731 protest.
2278 3659 2586 3730 Theologie
2608 3659 2725 3713 und
2748 3659 2953 3713 Kirche

345 3739 386 3804 1,
410 3747 478 3796 39
503 3743 590 3798 ed.
617 3749 651 3797 2
674 3764 685 3796 :
724 3741 819 3796 Dr.
847 3743 1062 3796 Luther
1088 3743 1209 3796 und
1243 3742 1336 3796 die
1362 3741 1484 3796 ihm
1510 3740 1930 3811 anhstngenden
1956 3740 2279 3810 Theologcn
2309 3741 2482 3793 sahen
2510 3739 2662 3793 wohl
2687 3739 2798 3802 ein,
2826 3739 2955 3791 dass

342 3818 434 3874 die
461 3820 839 3893 Festhaltung
865 3823 963 3876 des
988 3823 1111 3876 rein
1154 3821 1627 3878 buchstabliohen
1651 3820 1855 3876 Sinnes
1881 3821 2311 3874 schnurstracks
2337 3839 2404 3874 zu
2433 3820 2532 3874 der
2556 3819 2954 3873 katholischen

339 3898 519 3954 Lehre
545 3902 729 3956 ffihre.
777 3903 842 3955 In
869 3903 968 3956 der
989 3903 1139 3956 'rhat
1165 3903 1348 3956 steckt
1375 3902 1435 3957 in
1462 3903 1562 3956 der
1589 3899 2063 3956 buchstablichen
2089 3899 2412 3971 Erklarung
2438 3900 2531 3954 die
2551 3916 2729 3971 ganze
2758 3900 2955 3953 katho-

336 3978 515 4033 lische
542 3981 785 4036 Theorie
813 3983 930 4036 und
959 3981 1157 4036 Praxis
1180 3983 1243 4035 in
1271 3982 1598 4052 Beziehung
1637 3982 1745 4035 auf
1778 3980 1880 4034 das
1903 3981 2233 4035 sacrament
2270 3980 2369 4034 des
2394 3981 2602 4044 Altars,
2641 3980 2805 4032 nicht
2828 3979 2954 4035 blos

329 4058 430 4112 die
445 4058 786 4132 Wandlung
811 4063 912 4116 der
928 4062 1235 4127 Elemente,
1252 4062 1344 4117 die
1361 4064 1674 4132 Anbetung
1688 4062 1790 4115 der
1808 4061 2020 4125 Hostic,
2038 4059 2131 4114 die
2148 4059 2691 4130 Kelchentziehung,
2708 4059 2953 4114 sondern

331 4140 485 4193 auch
513 4141 614 4194 das
642 4143 1031 4198 versohnende
1057 4144 1231 4216 Opfer
1263 4144 1364 4197 der
1401 4143 1596 4205 Messe,
1637 4141 1879 4196 welches
1913 4145 2133 4209 gemass
2178 4140 2307 4193 dem
2334 4143 2598 4210 strengen
2625 4138 2952 4194 Wortsinne

336 4220 437 4275 des
461 4221 662 4277 Textes
687 4224 958 4278 wahrend
985 4224 1083 4277 des
1108 4222 1532 4278 Abendmahles
1571 4221 1951 4291 dai-gebracht
1990 4220 2201 4277 wurde.
2252 4220 2438 4274 Daher
2465 4220 2559 4277 Dr.
2586 4220 2803 4274 Luther
2826 4218 2953 4274 eine

334 4299 464 4354 Zeit
487 4301 625 4372 lang
649 4320 752 4357 zur
778 4302 1106 4373 tropischen
1132 4301 1405 4373 Deutung
1433 4301 1592 4354 stat-k
1616 4300 1933 4371 hinneigte,
1964 4299 2127 4362 „weil
2151 4301 2246 4354 ich
2274 4301 2427 4354 wohl
2452 4301 2573 4364 sah,
2598 4300 2849 4354 schreibt
2875 4317 2952 4364 er,

335 4381 466 4434 dass
491 4381 584 4434 ich
613 4381 797 4435 damit
821 4381 949 4435 dem
978 4382 1319 4453 Papstthum
1345 4382 1503 4435 hatte
1531 4381 1642 4435 den
1668 4385 1926 4451 grossten
1954 4379 2087 4433 Puff
2107 4383 2291 4450 geben
2312 4379 2544 4434 konnen
2566 4420 2577 4433 .
2600 4420 2612 4432 .
2635 4394 2679 4432 .“
2712 4380 2783 4435 So
2806 4380 2955 4433 sieht

345 4475 479 4512 man
506 4460 629 4514 sich
656 4461 952 4532 folgender
973 4462 1329 4516 Alternative
1355 4464 1680 4533 gegenitber
1705 4461 1965 4530 gestent:
2010 4461 2298 4514 entweder
2337 4461 2436 4514 der
2463 4460 2586 4513 rein
2614 4461 2731 4513 und
2760 4464 2952 4530 streng

339 4541 775 4597 buchstahliche
803 4542 942 4599 Sinn
971 4544 1106 4598 oder
1146 4543 1246 4598 der
1286 4544 1409 4597 rein
1450 4543 1759 4611 tropische‚
1800 4542 2087 4595 entweder
2125 4541 2228 4595 das
2252 4542 2619 4598 Katholisehe
2645 4543 2954 4614 gesoeigert

339 4619 426 4674 bis
452 4638 581 4675 zum
610 4621 804 4677 Deua
789 4642 850 4678 111
875 4624 1088 4693 pyxide
1116 4625 1234 4678 und
1262 4642 1390 4677 zum
1418 4623 1728 4693 Messopfer
1749 4622 1885 4676 oder
1904 4622 2004 4674 das
2025 4620 2363 4676 Reformirte
2385 4625 2489 4675 etc.
2512 4621 2593 4679 Cf
2622 4622 2952 4693 Perpetuite

331 4701 995 4764 delafo1t21⁰cl

2559 4795 2650 4830 oo·
