3538 5364
1111 274 1184 327 ad
1212 273 1511 329 solvendas
1536 273 2109 329 sacramentariorum
2136 273 2518 345 exceptiones.
2987 284 3121 349 333

494 475 651 522 vero
682 455 1195 520 manducationis
1226 456 1485 521 nomine
1534 457 1904 536 intelligitur
1950 456 2246 537 trajectio
2295 455 2379 519 ab
2427 473 2539 520 ore
2586 456 2672 519 ad
2704 458 3111 521 stomachum

497 563 765 645 aliquus
796 562 921 626 cibi
952 561 1054 627 vel
1085 564 1196 641 rei,
1229 582 1396 646 quae
1428 563 1658 628 saltem
1689 563 1809 626 sub
1843 564 2056 644 specie
2090 569 2154 628 et
2187 564 2269 626 ad
2302 562 2666 643 analogiam
2688 564 2812 627 cibi
2844 564 3116 646 praebe-

494 678 617 747 tur,
651 668 882 734 Christi
913 686 1147 751 corpus
1179 670 1244 734 in
1277 671 1663 735 eucharistia
1696 671 2181 734 manducamus.
2243 668 2310 734 Si
2343 689 2421 736 ea
2451 677 2789 753 praeterea
2819 687 3118 753 compre-

494 777 794 842 henditur
822 777 988 842 illius
1021 778 1283 843 effectus
1316 785 1380 843 et
1411 776 1570 855 finis,
1602 778 1710 860 qui
1742 784 1840 843 est
1871 777 2151 853 refectio,
2185 796 2335 841 vere
2383 777 2632 853 dicitur,
2681 778 2854 841 solos
2881 777 3109 857 ,iustos

494 903 629 949 non
658 903 812 949 vero
844 893 1235 965 peccatores
1255 884 1648 949 manducare
1670 883 1903 948 Christi
1934 901 2187 967 corpus,
2221 883 2365 964 Quo
2387 903 2580 950 sensu
2601 884 2656 948 A
2676 903 2718 947 u
2736 904 2773 964 g
2790 903 2831 947 u
2846 884 3011 947 stin
3029 903 3070 947 u
3087 904 3123 947 5

495 990 738 1072 passim
768 990 1062 1073 loquitur.
1125 991 1221 1055 Ita
1252 1010 1439 1056 serm.
1479 996 1598 1062 131
1636 1012 1695 1055 n.
1734 996 1803 1059 1:
1845 992 2035 1066 ,Illud
2069 992 2469 1056 manducare
2512 990 2685 1056 refici
2717 998 2833 1069 est,
2867 999 2933 1056 et
2963 989 3117 1055 illud

495 1096 735 1172 bibere,
769 1097 921 1179 quid
952 1104 1049 1161 est
1082 1098 1202 1161 nisi
1233 1098 1451 1163 vivere
1471 1100 1501 1161 Ρ
1535 1147 1547 1160 .
1583 1148 1595 1161 .
1630 1148 1643 1160 .
1677 1104 1829 1161 tunc
1862 1105 2081 1162 autem
2113 1099 2239 1161 hoc
2273 1098 2416 1173 erit,
2450 1097 2512 1161 id
2546 1105 2661 1173 est,
2694 1099 2827 1163 vita
2859 1098 3117 1162 unicui-

498 1221 622 1284 que
654 1203 775 1268 erit
804 1221 1037 1285 corpus
1070 1211 1134 1268 et
1165 1206 1423 1285 sanguis
1456 1203 1706 1280 Christi,
1741 1205 1797 1269 si
1829 1206 2001 1288 quod
2032 1206 2097 1269 in
2130 1211 2535 1269 sacramento
2569 1205 2896 1271 visibiliter
2914 1207 3118 1270 sumi-

497 1315 624 1386 tur,
654 1310 720 1372 in
751 1310 892 1392 ipsa
924 1312 1194 1376 veritate
1226 1311 1638 1394 spiritualiter
1669 1312 2115 1388 manducetur,
2149 1311 2560 1393 spiritualiter
2592 1311 2902 1376 bibatur.‘
2942 1312 3019 1376 Et
3051 1312 3115 1375 in

496 1416 592 1481 Jo.
626 1424 702 1481 tr.
736 1424 819 1487 27
853 1438 913 1481 n.
955 1424 1019 1485 1:
1073 1416 1378 1500 ,Signum
1423 1419 1574 1502 quia
1622 1419 2036 1483 manducavit
2086 1426 2150 1484 et
2181 1419 2358 1495 bibit,
2396 1420 2523 1483 hoc
2560 1426 2675 1495 est,
2709 1419 2762 1482 si
2796 1427 3017 1484 manet
3050 1428 3116 1485 et

497 1531 824 1591 manetur:
855 1526 911 1588 si
942 1525 1192 1589 habitat
1224 1531 1288 1589 et
1319 1526 1744 1590 inhabitatur:
1777 1526 1831 1589 si
1864 1526 2110 1602 haeret,
2144 1531 2216 1589 ut
2249 1544 2380 1590 non
2411 1527 2808 1592 deseratur«

675 1635 740 1699 6.
773 1630 933 1695 Cum
966 1631 1130 1696 alius
1163 1634 1241 1696 sit
1273 1638 1477 1696 status
1499 1634 1787 1714 corporis
1809 1631 2037 1697 Christi
2070 1633 2137 1696 in
2169 1632 2580 1709 eucharistia,
2616 1632 2782 1697 alius
2815 1635 2880 1696 in
2913 1632 3117 1709 ecclc,

499 1743 564 1802 et
609 1738 770 1801 alius
817 1738 1103 1821 ejusdem
1134 1739 1319 1804 fuerit
1351 1746 1501 1805 ante
1531 1741 2082 1817 resurrectionem,
2130 1739 2316 1804 facile
2350 1740 2734 1821 intelligitur,
2786 1740 3119 1823 quomodo

499 1842 950 1910 Paschasiu
971 1866 1002 1909 s
1033 1846 1401 1912 Radbertus
1449 1864 1573 1911 sec.
1607 1846 1706 1910 IX.
1739 1846 1979 1912 docens
2012 1849 2075 1910 in
2108 1847 2501 1913 eucharistia
2532 1865 2680 1912 esse
2721 1848 2929 1928 ipsum
2966 1846 3117 1910 illud

497 1968 751 2033 corpuS,
798 1952 969 2035 quod
1013 1960 1236 2018 natum
1268 1962 1366 2018 est
1398 1953 1478 2019 de
1509 1954 1712 2017 Maria
1742 1954 1816 2017 V.
1836 1956 1902 2039 1),
1934 1955 2216 2036 reperire
2253 1954 2533 2037 potuerit
2580 1954 2986 2023 adversarios
3019 1953 3119 2017 vel

497 2059 667 2124 inter
695 2060 1065 2125 catholicos,
1116 2059 1225 2125 Est
1255 2061 1386 2124 scil.
1419 2060 1572 2125 illud
1603 2061 1813 2143 ipsum
1845 2061 2274 2125 substanti
2296 2079 2416 2125 am
2449 2062 2504 2125 si
2536 2068 2823 2142 spectes:
2856 2078 2987 2123 non
3020 2066 3121 2124 est

495 2164 653 2229 illud
683 2166 891 2249 ipsum
922 2170 1139 2250 quoad
1170 2170 1530 2249 speciem
1563 2176 1896 2234 externam
1929 2175 1993 2234 et
2026 2170 2336 2234 existendi
2369 2169 2838 2233 conditionem.

677 2278 936 2354 Ajebaut
966 2281 1207 2356 quidam
1227 2281 1301 2339 ab
1331 2282 1387 2339 H
1403 2281 1423 2339 i
1439 2301 1470 2340 e
1486 2300 1516 2338 r
1530 2298 1563 2337 o
1579 2300 1621 2339 n
1635 2302 1675 2358 y
1692 2301 1751 2339 m
1768 2300 1802 2339 o
1835 2281 2171 2358 dupliciter,
2207 2283 2279 2339 ab
2312 2283 2363 2339 A
2378 2301 2420 2339 ιι
2436 2301 2477 2357 g
2491 2300 2531 2339 u
2546 2300 2572 2339 s
2587 2285 2614 2338 t
2631 2281 2652 2338 i
2669 2300 2710 2338 ιι
2724 2300 2758 2339 o
2790 2279 3110 2356 tripliciter

497 2385 713 2443 corpus
745 2367 961 2426 Christi
995 2369 1128 2427 dici.
1179 2370 1271 2428 Ita
1302 2370 1694 2429 Honorius
1739 2371 2055 2447 augustod.
2090 2365 2173 2452 (fl.
2206 2370 2452 2429 ineunte
2486 2388 2598 2429 sec.
2632 2366 2785 2449 XII.)
2819 2369 2884 2427 in
2915 2369 2953 2426 1.
2986 2368 3107 2427 Eu·

498 2455 858 2516 charisticon
890 2476 936 2516 c.
975 2470 1040 2521 1:
1105 2459 1391 2527 ,Trifarie
1437 2460 1641 2535 itaque
1673 2476 1886 2535 corpus
1917 2459 2158 2517 Domini
2193 2459 2432 2518 dicitur.
2496 2458 2697 2517 Primo
2730 2458 2808 2527 id,
2842 2458 3003 2533 quod
3036 2456 3110 2515 de

499 2545 747 2621 Virgine
778 2546 1172 2618 incarnatum,
1215 2548 1281 2606 iu
1312 2568 1413 2607 ara
1442 2549 1635 2607 crucis
1667 2567 1774 2623 pro
1807 2548 1981 2607 nobis
2014 2552 2108 2607 est
2136 2548 2405 2607 oblatum
2439 2595 2453 2608 .
2486 2595 2500 2610 .
2535 2596 2549 2610 .
2581 2547 2865 2616 Secundo,
2901 2563 3119 2621 corpus

500 2635 741 2694 Domini
771 2634 1010 2707 dicitur,
1058 2637 1217 2713 quod
1266 2638 1343 2697 ob
1387 2638 1606 2715 pignus
1639 2637 1931 2697 Ecclesiae
1975 2636 2267 2698 traditum
2300 2636 2530 2714 Spiritu
2561 2656 2606 2697 s.
2638 2639 3018 2696 consecrante
3049 2653 3116 2694 ex

502 2723 846 2784 substantia
875 2726 1046 2801 panis
1078 2729 1140 2786 ct
1169 2727 1294 2786 vini
1326 2727 1661 2787 ministerio
1712 2727 2084 2787 sacerdotum
2129 2728 2398 2803 quotidie
2443 2726 2768 2795 conficitur,
2802 2745 2869 2784 ac
2898 2724 3121 2784 divini·

501 2815 624 2871 tate
653 2818 936 2890 operantc
965 2815 1028 2874 in
1076 2816 1565 2892 praedictum
1612 2835 1829 2892 corpus
1879 2817 2260 2887 transfertur,
2311 2819 2373 2876 et
2417 2817 2553 2875 licet
2597 2815 2670 2874 ab
2702 2815 2863 2874 omni
2898 2814 3117 2891 populo

506 2907 844 2973 comestum,
891 2905 1194 2982 integrum
1242 2909 1443 2965 tamen
1492 2905 1779 2964 catholica
1827 2905 1943 2965 fide
1990 2925 2335 2982 permanere
2385 2906 2595 2965 fertur.
2658 2905 2870 2975 Terti0,
2905 2921 3123 2977 corpus

510 2988 738 3050 Domini
768 2996 898 3051 tota
927 2993 1183 3052 Ecclesia
1212 2995 1608 3070 praedicatur,
1642 3013 1794 3069 quae
1826 2996 1899 3054 de
1931 2996 2206 3054 omnibus
2239 2995 2465 3066 electis,
2499 2998 2571 3054 ut
2601 2993 2672 3054 de
2704 2993 2914 3052 multis
2936 3010 3119 3050 mem-

727 3159 760 3226 1)
785 3156 941 3209 [dem
969 3156 1164 3224 plures
1188 3156 1551 3211 affirmarunt
1574 3173 1639 3211 eo
1667 3160 1937 3226 tempore,
1998 3158 2037 3210 f.
2062 3157 2143 3214 th.
2175 3164 2277 3213 222
2305 3177 2359 3228 p.
2389 3165 2435 3213 2.
2486 3157 2573 3210 Ita
2601 3157 2645 3210 B
2662 3174 2742 3209 ru
2761 3173 2798 3208 n
2815 3174 2847 3210 o
2874 3152 3116 3209 astensis

508 3239 799 3291 comment.
825 3236 887 3290 in
913 3236 1077 3290 Joan.
1105 3243 1153 3300 6,
1184 3244 1281 3293 52:
1312 3236 1470 3299 „Jam
1498 3255 1652 3291 nunc
1678 3236 1803 3307 ipso
1830 3235 2076 3292 Domino
2104 3241 2423 3308 exponente
2452 3236 2851 3308 intelligimus,
2880 3235 3019 3303 quid
3043 3235 3125 3287 sit

503 3314 611 3369 iste
637 3316 814 3386 panis.
844 3319 951 3371 lste
978 3317 1130 3370 enim
1158 3317 1323 3388 panis
1349 3335 1478 3372 caro
1507 3319 1714 3373 Christi
1759 3322 1861 3382 cst,
1903 3335 2050 3386 quae
2078 3334 2183 3388 pro
2210 3318 2412 3372 mundi
2438 3319 2560 3371 vita.
2585 3317 2647 3370 in
2674 3334 2772 3370 ara
2799 3315 2982 3370 crucis
3020 3314 3122 3368 im-

501 3394 718 3449 molata
743 3399 844 3450 est.
871 3397 1031 3450 Hanc
1056 3401 1250 3451 autem
1276 3397 1585 3452 manducat
1604 3397 1873 3462 Ecclesia,
1894 3397 2139 3467 ideoque
2161 3414 2276 3452 non
2298 3397 2555 3462 moritur,
2577 3398 2674 3451 sed
2699 3397 2844 3451 vivit
2863 3397 2923 3449 in
2944 3399 3127 3448 aeter-

502 3493 659 3529 num.
709 3475 880 3530 Panis
905 3478 1058 3530 enim
1085 3480 1143 3530 et
1169 3478 1384 3542 vinum,
1413 3494 1560 3545 quae
1587 3477 1648 3531 in
1681 3477 1854 3532 altari
1879 3482 2193 3546 ponuntur,
2220 3478 2293 3531 ad
2328 3478 2636 3532 sacerdotis
2672 3494 2863 3532 vocem
2886 3475 3118 3530 coelesti

501 3555 900 3612 benedictione
927 3558 1372 3622 sanctificantur,
1412 3560 1471 3611 et
1494 3558 1556 3611 in
1585 3557 1798 3612 Christi
1837 3574 2062 3611 carnem
2103 3563 2161 3612 et
2187 3557 2525 3628 sanguinem
2566 3556 2947 3611 essentialiter
2974 3572 3119 3609 com-

501 3640 818 3700 mutantur,
846 3642 913 3692 ut
937 3655 1054 3692 uua
1080 3638 1388 3707 eademque
1416 3639 1659 3692 essentia
1686 3638 1762 3692 sit
1787 3643 1845 3693 et
1869 3640 1993 3709 ejus
2019 3639 2207 3693 carnis
2234 3655 2382 3707 quae
2409 3638 2477 3691 de
2505 3637 2745 3708 Virgine
2771 3639 2909 3690 nata
2936 3640 3037 3697 est,
3066 3639 3127 3689 et

503 3717 626 3786 ejus
652 3734 799 3786 quae
825 3719 894 3772 de
921 3736 1068 3788 pane
1094 3720 1246 3772 facta.
1273 3721 1405 3775 est.“
1439 3753 1501 3761 -
1532 3720 1578 3772 G
1596 3737 1628 3774 o
1645 3718 1837 3772 ffrid
1855 3737 1892 3772 u
1910 3738 1935 3772 s
1959 3720 2053 3775 ab.
2078 3719 2301 3777 vindoc.
2332 3736 2524 3790 opusc.
2558 3728 2582 3775 1
2612 3718 2689 3790 (M
2708 3717 2797 3789 ig.
2832 3723 2946 3780 157,
2974 3720 3125 3787 213),

505 3795 695 3852 citatis
722 3798 908 3853 verbis
935 3798 1319 3853 institutionis
1344 3799 1610 3869 subjicit:
1649 3799 1737 3860 „Si
1766 3798 1868 3866 qui
1894 3803 2088 3853 autem
2115 3798 2287 3854 aliam
2314 3814 2542 3852 carnem
2570 3800 2797 3868 praeter
2824 3796 2993 3850 istam
3022 3796 3117 3849 ha-

507 3878 691 3932 buisse
733 3877 1042 3932 Dominum
1086 3877 1279 3934 Jesum
1319 3879 1518 3944 credit,
1557 3879 1785 3949 desipit,
1826 3896 1941 3933 non
1981 3882 2067 3933 est
2103 3878 2436 3942 catholicus,
2478 3877 2573 3931 sed
2614 3875 2950 3931 haereticus.
3002 3874 3122 3928 Hac

502 3973 668 4012 carne
696 3959 928 4013 redimit
951 3959 1236 4014 homiuem
1282 3959 1570 4020 Christus:
1616 3961 1724 4013 hac
1767 3959 1831 4012 in
1875 3976 2043 4013 carne
2071 3959 2359 4013 Christum
2405 3959 2575 4012 homo
2603 3956 2859 4028 peremit.
2914 3955 3120 4010 Anima

502 4038 694 4092 tamen
721 4041 779 4092 et
804 4055 932 4092 caro
959 4039 1207 4093 hominis
1235 4043 1372 4094 sunt
1396 4041 1716 4111 redempta;
1763 4040 1861 4093 sed
1891 4040 2030 4093 haec
2057 4056 2185 4093 caro
2210 4038 2465 4092 hominis
2492 4037 2607 4092 fuit
2631 4037 2881 4108 pretium
2908 4036 3121 4090 redem-

503 4116 736 4186 ptionis.
786 4118 939 4173 Haec
978 4122 1065 4173 est
1101 4119 1200 4174 illa
1242 4136 1357 4173 una
1395 4120 1707 4188 eademque
1748 4136 1880 4173 vere
1920 4136 2054 4173 vera
2091 4136 2238 4183 caro,
2280 4136 2395 4172 nou
2441 4118 2573 4183 alia,
2601 4134 2748 4186 quae
2776 4119 3117 4186 cooperante

503 4197 720 4267 Spiritu
748 4202 943 4253 sancto
971 4202 1246 4270 concepta
1271 4202 1408 4254 nata
1451 4203 1539 4254 est
1580 4201 1650 4254 de
1695 4199 1877 4253 Maria
1920 4200 2144 4271 virgine
2191 4204 2249 4254 et
2290 4217 2458 4269 passa
2484 4199 2546 4252 in
2572 4216 2753 4258 cruce,
2799 4214 2972 4266 quam
3000 4198 3120 4268 ipse

505 4275 655 4331 Deus
681 4278 1097 4350 omnipotentia
1124 4279 1446 4334 divinitatis
1489 4281 1794 4335 suscitavit
1835 4297 1868 4333 a
1912 4282 2154 4335 mortuis
2192 4281 2365 4333 tertia
2403 4279 2513 4334 die.
2564 4279 2922 4350 Quapropter
2956 4293 3125 4332 nemo

505 4356 775 4414 formidet
811 4361 961 4414 hanc
999 4377 1225 4415 carnem
1253 4360 1464 4416 Christi
1488 4361 1611 4426 Dei,
1639 4361 1742 4417 Dei
1769 4362 1956 4416 Patris
1997 4361 2285 4432 unigeniti
2332 4360 2486 4425 Filii,
2532 4359 2854 4413 naturalem
2901 4362 2960 4412 et
2995 4372 3122 4428 pro-

506 4437 703 4507 priam,
727 4437 1224 4510 incorruptibilem
1264 4445 1323 4496 et
1359 4442 1739 4497 immortalem
1772 4444 1894 4512 jam
1935 4443 2146 4496 factam
2186 4442 2390 4505 dicere,
2432 4444 2490 4495 et
2529 4440 2770 4493 diceudo
2798 4439 3041 4500 credere,
3068 4438 3129 4488 et

505 4520 783 4574 credendo
810 4521 1083 4590 accipere,
1110 4540 1227 4577 non
1254 4526 1481 4577 tantum
1507 4523 1568 4576 in
1595 4526 1966 4588 sacramento,
2008 4523 2162 4591 quod
2191 4525 2248 4576 et
2273 4522 2445 4576 multi
2471 4520 2606 4576 mali
2634 4520 2874 4584 faciunt,
2901 4518 2998 4572 sed
3027 4534 3115 4571 us·

505 4616 616 4667 que
659 4601 734 4654 ad
777 4600 1014 4671 spiritus
1053 4602 1605 4672 participationem.“
1661 4603 1744 4657 Cf.
1789 4605 1892 4657 An
1910 4621 1943 4657 a
1961 4603 2207 4657 stasiu
2226 4621 2250 4655 s
2294 4601 2608 4657 monachus
2654 4618 2826 4672 supra
2870 4619 2926 4656 n.
2956 4606 3121 4656 351¹:

506 4679 1018 4736 Guitmundus
1046 4684 1113 4748 ΙΙ,
1140 4690 1206 4739 41
1235 4699 1428 4751 opusc.
1456 4683 1771 4745 XXXVIH;
1815 4684 2324 4754 Algerus1,17.
2359 4690 2437 4739 18.
2466 4688 2548 4739 20.
2578 4698 2770 4751 opusc.
2799 4681 3011 4741 xx111;
3053 4677 3115 4730 in

507 4759 705 4831 primis
731 4763 882 4818 card.
911 4762 952 4814 F
970 4778 1044 4816 ra
1061 4781 1098 4816 n
1116 4782 1143 4816 z
1160 4763 1315 4818 elin
1342 4764 1484 4817 thes.
1517 4770 1599 4819 10.
