3538 5364
499 277 631 342 574
777 269 962 323 Tract.
991 268 1081 321 IX.
1110 269 1179 321 de
1207 266 1596 322 matrimoniO.
1626 265 1827 320 Thesis
1854 264 2058 320 CCLV.
2085 265 2274 320 Etiam
2302 266 2363 319 in
2389 283 2523 321 casu
2549 266 2820 322 adulterii

503 449 790 515 Ecclesia
808 449 1247 529 benigniorem
1269 447 1560 528 eligendo
1582 446 1968 511 definitionis
1983 446 2276 524 formam,
2296 465 2425 530 qua
2437 447 2855 514 damnaretur
2867 448 3128 531 quidem

499 562 1044 639 praesumptuosa
1087 560 1482 619 novatorum
1529 554 1879 632 temeritaS,
1938 553 2395 631 declararetur,
2447 562 2758 636 quantum
2801 555 2959 619 satis
3011 561 3128 631 est,

499 664 760 741 veritaS,
808 669 872 727 et
916 663 1080 726 ratio
1130 662 1360 727 saltem
1391 661 1743 727 haberetur
1775 659 1992 743 aliqua
2023 660 2472 725 imbecillitatis
2504 661 2827 726 humanae
2859 679 3129 743 graeco-

502 790 666 847 rum,
700 771 808 853 qui
838 771 963 834 hac
995 769 1203 835 forma
1234 787 1367 834 non
1402 768 1644 833 audent
1674 765 2028 850 reprobare
2059 785 2393 832 canonem.

678 901 829 965 615.
862 896 1442 965 Demonstratio.
1476 892 1698 958 Posita
1729 893 2123 974 genuinitate
2155 900 2221 958 et
2248 893 2582 958 authentia
2602 899 2894 958 textuum
2912 891 3130 956 Evan-

499 1001 664 1082 gelii,
711 1019 907 1084 quam
952 1000 1256 1078 nonnulli,
1303 1002 1497 1066 etiam
1542 1001 1858 1078 catholici,
1903 998 2017 1064 sed
2064 1000 2202 1066 sine
2244 1001 2512 1066 ratione
2527 999 2879 1077 sufficienti,
2908 1001 2976 1063 in
3007 999 3131 1063 du-

503 1108 679 1172 bium
710 1100 946 1173 vocare
982 1108 1200 1172 conati
1218 1115 1388 1185 sunt,
1420 1107 1891 1189 praetermissis
1913 1107 2108 1172 etiam
2126 1106 2761 1188 interpretationibus
2779 1107 2882 1173 vel
2901 1112 3132 1188 aperte

499 1199 673 1279 salsis
724 1215 825 1279 vel
866 1215 1076 1279 minus
1108 1214 1549 1298 probabilibus
1562 1215 1632 1301 1),
1677 1212 2073 1278 celebriores
2103 1214 2335 1279 horum
2367 1220 2661 1279 textuum
2690 1231 3132 1298 proponemus

499 1321 964 1403 explicationes
997 1323 1081 1386 ad
1112 1321 1508 1387 difficultatis
1540 1321 1689 1387 inde
1718 1321 1961 1404 petitae
1991 1320 2396 1385 solutionem.

677 1427 946 1492 Prima
992 1429 1314 1494 sententia
1343 1446 1594 1493 vocem
1637 1436 1881 1515 πορνεία
1928 1426 2221 1509 intelligit
2250 1446 2383 1492 non
2413 1426 2494 1493 de
2525 1427 2863 1503 adulteriO,
2897 1426 3012 1492 sed
3045 1426 3131 1491 de

499 1533 924 1600 fornicatione
956 1542 1022 1600 et
1052 1533 1491 1599 concubinatu
1523 1535 1692 1598 inter
1725 1552 1859 1610 eOS,
1883 1534 1989 1616 qui
2009 1533 2295 1598 nondum
2313 1540 2464 1598 sunt
2480 1535 2890 1599 matrimonio
2904 1534 3129 1616 juncti,

496 1639 663 1704 adeo
697 1646 770 1704 ut
801 1641 883 1704 sit
913 1659 1174 1706 sensus:
1205 1641 1691 1705 matrimonium
1723 1640 2072 1706 dissolvere
2104 1659 2236 1705 non
2266 1638 2430 1716 licet,
2475 1648 2743 1723 excepto
2776 1659 2952 1719 casu,
2997 1659 3128 1724 quo

494 1746 862 1828 conjunctio
910 1765 1057 1812 cum
1091 1748 1218 1812 alia
1247 1766 1381 1812 non
1412 1747 1497 1811 sit
1525 1764 1676 1811 vere
1713 1746 2223 1824 matrimonialia
2264 1745 2379 1809 sed
2410 1745 2760 1810 fornicaria
2790 1752 2857 1812 et
2886 1764 3129 1811 concu-

496 1854 756 1918 binatus
803 1873 918 1919 seu
966 1854 1453 1919 matrimonium
1498 1854 1878 1936 putativum.
1942 1852 2084 1933 Quo
2128 1853 2194 1916 in
2226 1871 2421 1917 sensu
2451 1851 2628 1916 nulla
2658 1853 2930 1936 amplius
2961 1852 3130 1918 diffi-

497 1961 705 2025 cultas
751 1968 982 2026 contra
1029 1961 1422 2026 matrimonii
1452 1960 2082 2026 indissolubilitatem
2111 1961 2179 2024 in
2209 1978 2366 2024 casu
2399 1960 2709 2037 adulterii,
2755 1979 2904 2024 cum
2932 1960 3014 2024 de
3046 1978 3128 2025 eo

498 2085 661 2131 casu
694 2067 981 2132 Christus
1013 2068 1118 2131 hic
1148 2086 1281 2132 non
1310 2068 1695 2155 loquatur2).
1758 2066 2061 2131 Nituntur
2090 2066 2157 2131 hi
2187 2073 2491 2132 auctores
2520 2067 2899 2148 praesertim
2929 2066 3129 2148 signi-

496 2173 799 2239 ficatione
831 2175 1008 2239 vocis
1041 2184 1300 2263 πορνεία,
1348 2192 1546 2257 quam
1578 2175 1802 2239 dicunt
1834 2192 1967 2238 non
1997 2173 2354 2255 significare
2386 2172 2789 2252 adulterium,
2836 2173 2921 2237 ad
2951 2172 3127 2255 quod

501 2281 677 2345 hisce
727 2282 794 2345 in
838 2282 995 2346 locis
1032 2280 1502 2362 designandum
1536 2278 1826 2345 Christus
1857 2280 2081 2346 sedulo
2113 2281 2312 2344 utitur
2342 2296 2502 2346 voce
2535 2289 2794 2370 μοιχεία,
2827 2280 2942 2345 sed
2972 2298 3127 2361 pro-

501 2388 635 2470 prie
669 2388 1157 2455 fornicationem
1192 2395 1376 2455 extra
1407 2389 1905 2465 matrimonium,
1940 2394 2006 2453 et
2037 2389 2477 2470 explicationis
2506 2387 2930 2470 simplicitate,
2976 2404 3129 2450 cum

496 2494 665 2558 adeo
697 2494 783 2561 sit
813 2495 1008 2559 obvia
1040 2503 1103 2560 et
1133 2495 1464 2564 naturalis

677 2625 898 2684 Verum
947 2644 1068 2685 non
1118 2644 1305 2702 pauca
1346 2625 1486 2685 huic
1531 2626 2019 2702 interpretationi
2068 2628 2140 2686 ab
2191 2626 2322 2686 aliis
2372 2628 2784 2704 opponuntur:
2835 2619 2897 2688 1.
2942 2624 3127 2684 nimis

496 2714 866 2774 confidenter
898 2714 1197 2787 affirmari,
1232 2719 1476 2798 πορνεία
1506 2733 1625 2774 non
1656 2734 1833 2793 posse
1865 2716 2200 2794 significare
2233 2716 2623 2788 adulterium;
2668 2733 2795 2773 eam
2827 2712 2986 2772 enim
3018 2733 3126 2773 vo-

498 2822 643 2873 cem,
678 2805 867 2879 ajunt,
902 2821 1032 2862 esse
1054 2804 1508 2882 significationis
1527 2804 1857 2882 genericae,
1890 2824 2043 2881 quae
2074 2824 2183 2882 pro
2216 2805 2563 2865 diversitate
2596 2803 2854 2880 subjecti
2884 2802 3125 2862 diversa

500 2891 796 2968 significet
840 2893 1106 2952 crimina.
1173 2893 1494 2970 Excipiunt
1541 2890 1609 2956 2.
1658 2894 1962 2954 Christum
2009 2895 2176 2971 loqui
2222 2896 2294 2953 de
2342 2893 2686 2954 dimissione
2731 2892 2951 2964 uxoris,
2989 2911 3125 2956 ,non

499 2982 886 3041 concubin
906 3001 1016 3053 ae,
1066 2986 1247 3058 atque
1280 2982 1590 3054 affirmare,
1625 3001 1780 3055 eum,
1830 2983 1936 3059 qui
1967 2984 2273 3043 dimissam
2305 2983 2558 3053 duxerit,
2593 2982 2818 3042 crimen
2848 2980 3122 3040 commit-

496 3074 624 3128 tere
655 3069 967 3132 adulterii:
1016 3071 1177 3147 quod
1209 3091 1417 3132 verum
1449 3091 1571 3131 non
1610 3071 1784 3143 foret,
1831 3073 1882 3131 si
1929 3073 2061 3148 quis
2105 3074 2408 3131 dimissam
2439 3072 2683 3131 duceret
2713 3070 3122 3130 concubinam.

495 3159 826 3234 Opponunt
856 3158 918 3225 3.
952 3179 1189 3220 sensum
1224 3161 1634 3237 antiquitatis:
1686 3181 1824 3220 nam
1857 3165 1920 3220 et
1948 3165 2148 3238 patres
2181 3162 2322 3221 haec
2352 3163 2694 3220 constanter
2725 3160 2797 3219 de
2827 3159 3122 3219 adulterio

497 3247 954 3320 intellexerunt3
988 3252 1049 3308 et
1079 3250 1143 3307 in
1164 3251 1303 3325 jure
1335 3250 1615 3309 canonico
1647 3269 1716 3309 ex
1748 3251 1859 3309 hoc
1892 3252 2020 3310 loco
2053 3252 2116 3310 in
2147 3251 2356 3327 primis
2388 3250 2850 3320 demonstratur,
2883 3247 3121 3306 licitum

493 3354 626 3395 esse
659 3342 1015 3413 perpetuum
1046 3338 1374 3398 divortium
1406 3339 1602 3414 quoad
1634 3357 1899 3398 mensam
1944 3343 2006 3399 et
2049 3346 2251 3399 torum
2296 3339 2360 3397 in
2404 3357 2545 3398 casu
2589 3337 2899 3408 adulterii;
2947 3340 3009 3396 et
3055 3337 3121 3396 in

495 3427 901 3486 controversia
944 3446 1081 3486 cum
1125 3429 1362 3505 graecis,
1413 3447 1561 3487 num
1609 3427 1908 3487 adulterio
1954 3428 2314 3489 dissolvatur
2344 3427 2809 3499 matrimonium,
2858 3430 3120 3501 utraque

496 3533 631 3590 pars
663 3518 966 3592 tamquam
997 3519 1226 3576 certum
1259 3517 1594 3593 supposuit,
1644 3535 1977 3577 sermonem
2008 3536 2135 3577 esse
2166 3518 2261 3577 hic
2292 3518 2365 3575 de
2396 3517 2711 3576 adulterio,
2774 3516 2982 3591 Neque
3014 3515 3118 3574 de-

498 3607 643 3662 sunt
673 3599 737 3669 4.
771 3608 969 3682 patres
999 3608 1062 3665 et
1090 3606 1410 3677 versiones,
1444 3610 1517 3666 ut.
1547 3607 1858 3683 syriaca
1889 3610 1950 3667 et
1980 3606 2459 3683 aethiopica,
2506 3624 2658 3682 quae
2705 3607 2832 3665 loco
2862 3604 3117 3664 fornica-

492 3693 679 3752 tionis
709 3694 965 3753 habeant
998 3695 1377 3754 adulterium.

674 3820 990 3895 Reponunt
1021 3839 1159 3880 vero
1193 3821 1427 3897 patroni
1458 3821 1640 3896 hujus
1671 3820 2082 3896 explicationis
2134 3817 2193 3884 l.
2232 3839 2350 3879 non
2381 3839 2616 3879 omnem
2649 3819 2990 3896 Scripturas
3022 3819 3116 3877 in-

492 3909 983 3984 terpretationem
1017 3928 1229 3968 novam
1260 3927 1386 3968 esse
1417 3910 1690 3986 patribus
1711 3909 2083 3980 contrariam,
2115 3914 2189 3968 ut
2218 3909 2342 3986 ipse
2374 3909 2545 3968 docet
2573 3910 2914 3969 Peri-one
2944 3928 3115 3984 prae-

494 3996 626 4054 lect.
658 3997 916 4074 theolog.
947 4001 991 4056 t.
1029 4008 1063 4061 9
1099 3998 1171 4057 de
1202 3997 1581 4058 matrimonio
1613 4019 1659 4059 c.
1695 4007 1731 4060 2
1766 4017 1934 4075 prop.
1972 4008 2040 4061 5:
2075 3998 2178 4057 sed
2209 4016 2338 4057 eam
2368 4001 2626 4070 tantum,
2658 4017 2809 4074 qnae
2840 3997 2977 4057 fidei
3009 3997 3115 4056 ad-

494 4089 769 4144 versetur
799 4092 905 4146 aut
933 4088 1201 4163 receptae
1232 4086 1297 4144 in
1326 4087 1587 4147 Ecclesia
1605 4087 1940 4159 doctrina03
1974 4087 2027 4145 si
2059 4106 2177 4163 qua
2194 4087 2609 4164 interpretatio
2627 4086 2802 4147 fidem
2834 4089 2897 4146 et
2914 4086 3114 4146 Eccle-

494 4174 616 4232 siae
648 4175 977 4234 doctrinam
1003 4177 1179 4251 juvet
1207 4180 1269 4235 et
1314 4175 1510 4236 firmet
1540 4177 1762 4252 potius,
1811 4194 1935 4237 non
1975 4177 2108 4236 ideo
2139 4176 2531 4252 spernendam
2562 4195 2710 4248 esse,
2757 4175 2918 4252 quod
2959 4193 3115 4235 nova

496 4262 595 4333 sit,
643 4281 779 4322 cum
822 4267 967 4323 tunc
1000 4265 1202 4340 potius
1250 4265 1330 4323 sit
1365 4268 1600 4343 praeter
1630 4286 1810 4342 quam
1844 4269 2047 4325 contra
2077 4268 2315 4343 patrum
2347 4266 2694 4329 doctrinam.
2755 4266 2880 4324 Hac
2910 4268 3112 4324 autem

717 4501 752 4568 ¹)
781 4497 863 4552 Cf.
892 4498 1338 4567 Roskovany
1366 4500 1469 4565 [15
1496 4501 1566 4556 77
1593 4517 1662 4553 ss.
1690 4502 1749 4553 et
1775 4498 2099 4553 Perrone
2125 4499 2162 4552 l.
2191 4515 2236 4552 c.
2262 4515 2308 4554 c.
2337 4503 2385 4555 2.

710 4587 749 4648 ²)
780 4580 866 4632 Ita
893 4579 928 4632 S
946 4579 1074 4632 che
1092 4598 1200 4649 gg,
1242 4579 1339 4633 Ev.
1381 4579 1529 4634 nach
1571 4580 1775 4636 Matth.
1804 4581 1844 4644 Ι,
1873 4585 1977 4637 459
2005 4597 2106 4639 ss.;
2148 4578 2355 4633 Patri
2374 4579 2439 4632 zi
2484 4580 2552 4633 de
2579 4579 2875 4649 interpret.
2902 4578 3108 4649 Script.

499 4662 535 4722 1,
563 4662 595 4715 7
623 4676 676 4712 n.
706 4665 838 4718 281;
880 4658 1249 4713 Katholik
1284 4660 1506 4724 187911,
1536 4667 1668 4718 530:
1711 4667 1780 4714 etr
1814 4659 2022 4714 iterum
2062 4675 2296 4713 nervose
2341 4665 2477 4716 1889
2522 4659 2590 4712 IL
2635 4663 2740 4716 636
2766 4676 2866 4718 ss.;
2909 4662 3106 4713 contra

490 4757 613 4793 eam
641 4738 703 4792 in
730 4737 930 4810 primis
957 4738 1282 4793 Petrone
1309 4755 1359 4795 a.
1388 4747 1437 4796 3.
1780 4728 1786 4734 ’
