3538 5364
563 242 690 306 546
1193 232 1377 286 Tract.
1406 233 1496 285 IX.
1525 232 1594 285 de
1621 231 1840 287 ordine.
1867 230 2197 287 Coelibatus
2223 231 2286 285 in
2313 230 2560 287 Oriente.

562 415 745 495 cipue
779 413 863 489 fit,
898 413 1007 478 ubi
1027 413 1448 477 ecclesiastici
1468 431 1754 478 canones
1777 420 2078 478 accurate
2097 420 2438 477 servantur
2466 415 2530 499 1).
2563 412 2650 476 At
2669 413 2840 478 enim
2858 413 3184 476 nonnullis

563 520 773 584 adhuc
803 521 870 584 in
901 520 1058 584 locis
1090 520 1480 603 presbyteri,
1530 521 1790 585 diaconi
1822 528 1887 585 et
1918 520 2349 603 hypodiaconi
2379 518 2616 585 liberos
2647 519 3032 601 suscipiunt:
3078 538 3185 583 re-

563 628 866 710 spondeO,
899 646 1031 692 non
1062 628 1216 691 illud
1250 648 1329 694 ex
1362 629 1629 692 canonis
1663 629 2049 692 auctoritate
2080 628 2234 704 fieri,
2280 626 2396 692 sed
2426 634 2690 710 propter
2717 627 3054 690 hominum
3087 627 3187 707 ig-

561 736 836 810 naviam,
886 753 1053 816 quae
1086 736 1277 799 certis
1310 734 1708 816 temporibus
1741 735 2135 816 negligenter
2166 753 2358 815 agere
2389 752 2468 798 ac
2498 736 2843 799 connivere
2875 734 3044 798 solet
3076 784 3088 796 .
3124 784 3137 795 .
3175 784 3187 795 .

564 843 751 923 Quod
797 843 880 906 ad
925 843 1134 923 ipsam
1165 842 1517 906 Ecclesiam
1550 842 1808 919 attinet,
1857 861 1936 907 ea
1979 849 2204 924 utpote
2236 860 2278 905 a
2309 862 2356 905 s,
2390 840 2630 923 Spiritu
2673 842 2838 906 bene
2885 840 3193 906 ordinata

563 958 757 1032 atque
789 950 1158 1023 constituta,
1192 949 1366 1030 quod
1399 950 1734 1014 decentius
1768 956 1867 1014 est
1898 949 2199 1013 omnibus
2231 949 2297 1012 in
2328 949 2521 1014 rebus
2543 949 2978 1023 considerans
3011 949 3073 1012 ei
3091 948 3191 1011 rei

559 1058 967 1139 potissimum
997 1055 1256 1120 studere
1289 1056 1582 1133 instituit,
1631 1063 1706 1121 ut
1736 1074 1903 1138 quae
1936 1057 2150 1120 divino
2183 1056 2430 1120 numini
2460 1055 2814 1120 ministeria
2842 1061 3191 1136 praestan-

560 1170 679 1241 tur,
713 1164 888 1227 nulla
918 1182 1007 1239 re,
1042 1162 1260 1244 quoad
1290 1162 1428 1228 fieri
1458 1168 1690 1244 potest,
1724 1163 2184 1239 distrahantur,
2215 1169 2410 1245 atque
2444 1162 2798 1244 spiritualia
2836 1164 3056 1226 omnia
3088 1161 3193 1225 ot-

559 1270 703 1334 ficia
734 1289 929 1353 quam
963 1270 1208 1351 optima
1237 1270 1717 1352 laetissimaque
1749 1270 2149 1335 conscientia
2179 1277 2518 1351 gerantur‘
2559 1277 2677 1335 etc.

742 1400 1125 1476 ,Singulares
1158 1401 1416 1476 nuptias,
1464 1400 1665 1474 inquit
1708 1402 1867 1462 haer.
1916 1410 1996 1465 48
2044 1420 2102 1458 n.
2154 1412 2212 1473 9,
2263 1401 2632 1459 commendat
2664 1395 2991 1482 (Ecclesia),
3046 1416 3190 1456 cum

559 1490 943 1548 sacerdotalia
986 1508 1234 1548 munera
1276 1494 1336 1548 et
1381 1492 1726 1548 ornamenta
1771 1508 1913 1566 prae
1957 1490 2164 1566 primis
2201 1485 2520 1575 (μάλιστα)
2566 1508 2702 1549 cum
2749 1490 2840 1559 iia,
2893 1488 3000 1564 qui
3051 1493 3194 1564 post

557 1597 706 1637 unas
727 1579 969 1654 nuptias
989 1578 1421 1638 continentiam
1441 1580 1813 1637 servaverint
1835 1582 1941 1636 aut
1970 1579 2033 1637 in
2059 1579 2410 1656 virginitate
2429 1578 2822 1656 perstiterint,
2855 1578 3190 1637 communi-

557 1668 740 1727 canda
769 1686 899 1726 esse
929 1667 1099 1726 velut
1129 1668 1194 1726 in
1225 1667 1483 1743 quodam
1513 1668 1836 1742 exemplari
1866 1670 2321 1727 monstraverit:
2367 1669 2427 1727 id
2474 1668 2634 1744 quod
2681 1666 2932 1744 apostoli
2971 1666 3191 1725 deinde

556 1757 954 1816 ecclesiastica
983 1756 1293 1815 sacerdotii
1324 1757 1534 1834 regula
1566 1757 1812 1816 honeste
1842 1776 1911 1815 ac
1939 1757 2212 1834 religiose
2245 1758 2696 1817 decreverunt.‘
2754 1756 2836 1816 cf.
2868 1756 3046 1815 etiam
3081 1775 3186 1813 ex-

555 1864 677 1922 pos
707 1846 806 1904 fid.
839 1865 897 1909 n.
921 1855 1037 1916 213
1068 1846 1426 1904 Isidorus
1458 1846 1576 1908 Pel.
1611 1865 1701 1922 ep.
1734 1847 1841 1917 111,
1881 1857 1980 1909 75.
2013 1880 2100 1890 —-
2131 1847 2655 1923 Hieronymus
2689 1845 2973 1905 adversus
3006 1844 3181 1922 Vigi-

556 1936 805 1993 lantium
837 1955 896 1993 n.
933 1945 1002 1997 2:
1051 1934 1249 2004 ,Quid
1292 1935 1514 1994 facient
1545 1935 1803 1994 Orientis
1849 1935 2169 1994 ecclesiae?
2235 1935 2391 2005 Quid
2423 1936 2680 2014 Aegypti
2723 1938 2785 1994 et
2833 1934 2989 1993 sedis
3037 1952 3185 2009 apo-

557 2024 812 2093 stolicae,
861 2043 1012 2100 quae
1052 2027 1160 2082 aut
1190 2024 1452 2101 virgines
1485 2024 1724 2084 clericos
1755 2024 2070 2098 accipiunt,
2121 2029 2230 2083 aut
2273 2025 2666 2095 continentes,
2715 2027 2821 2083 aut
2870 2024 2922 2082 si
2971 2041 3188 2081 uxores

557 2114 890 2183 habuerint,
938 2113 1138 2171 mariti
1180 2131 1303 2172 esse
1348 2113 1733 2172 desistunt?‘
1766 2112 2051 2171 —Idem
2083 2113 2279 2173 elucet
2322 2133 2392 2172 ex
2437 2114 2740 2190 Cyrillo
2790 2113 3021 2181 hieros,
3075 2111 3185 2186 qui

557 2207 666 2260 cat.
706 2212 782 2266 12
817 2221 874 2259 n.
912 2210 988 2265 25
1024 2202 1175 2261 bene
1209 2204 1407 2262 notat:
1457 2203 1757 2271 ,Decebat
1787 2222 1941 2273 eum,
1989 2202 2096 2277 qui
2127 2203 2486 2278 purissimus
2520 2205 2614 2261 est
2645 2205 2705 2261 et
2735 2201 3020 2279 puritatis
3053 2220 3185 2259 ma-

555 2292 757 2368 gister,
804 2311 874 2349 ex
917 2292 1085 2367 puris
1131 2292 1368 2368 prodire
1400 2292 1697 2350 thalamis
1763 2292 1825 2352 Si
1857 2292 2014 2349 enim
2047 2291 2115 2361 is,
2162 2292 2269 2367 qui
2300 2291 2460 2367 apud
2493 2292 2702 2350 Jesum
2733 2291 2883 2349 bene
2916 2285 3183 2372 (καλῶς)

554 2381 832 2458 fungitur
850 2380 1193 2447 sacerdotio,
1227 2380 1493 2440 abstinet
1521 2401 1556 2439 a
1588 2381 1867 2439 muliere:
1902 2381 2031 2456 ipse
2051 2379 2091 2437 J
2092 2399 2228 2439 esus
2248 2380 2546 2456 quomodo
2578 2399 2648 2439 ex
2678 2379 2805 2439 viro
2838 2384 2900 2438 et
2930 2379 3185 2438 muliere

550 2469 902 2546 proditurus
917 2470 1109 2529 foret‘
1126 2473 1153 2527 ’ἒ
1174 2512 1243 2521 -.
1259 2469 1546 2528 Provocat
1563 2471 1610 2527 B
1626 2470 1647 2528 i
1661 2488 1691 2528 c
1705 2470 1746 2527 k
1761 2489 1794 2528 e
1808 2470 1868 2527 ll
1888 2471 1959 2527 ad
1971 2487 2122 2545 opus
2142 2471 2437 2546 syriacum
2470 2469 2844 2545 inscriptum,
2878 2469 3184 2540 ,Doctrina

552 2558 795 2618 Addaei‘
829 2576 939 2620 sec.
970 2563 1044 2618 ut
1072 2562 1248 2634 putat
1278 2559 1429 2617 forte
1470 2570 1491 2621 1
1534 2559 1629 2617 vel
1666 2559 1774 2629 III,
1813 2558 1916 2617 sed
1939 2559 2115 2634 juxta
2145 2559 2293 2617 alios
2327 2559 2619 2634 sequioris
2652 2559 2884 2628 aetati8‚
2920 2576 3033 2618 sec.
3069 2559 3185 2616 sal-

551 2652 673 2707 tem
706 2648 973 2708 ineuntis
1006 2648 1074 2708 V.
1120 2648 1184 2706 in
1228 2667 1347 2724 quo
1394 2648 1648 2726 legimus
1693 2647 1766 2707 de
1814 2647 2071 2719 Addaeo,
2123 2667 2259 2707 eum
2295 2648 2705 2725 ,praecepisse
2739 2647 2996 2723 (clericis
3028 2642 3181 2730 suis)

554 2738 892 2815 diligenter,
945 2741 1016 2797 ut
1063 2757 1214 2814 pura
1263 2740 1326 2796 et
1377 2742 1582 2796 sancta
1614 2740 1810 2796 essent
1840 2757 2046 2796 eorum
2077 2756 2341 2813 corpora,
2392 2738 2548 2797 sicut
2579 2739 2812 2796 deceret
2843 2738 3022 2808 virosi,
3077 2741 3183 2812 qui

552 2845 748 2886 coram
778 2827 1065 2886 altaribus
1097 2827 1205 2884 Dei
1238 2829 1526 2886 starent.‘
1577 2827 1653 2885 Et
1685 2827 1747 2884 in
1784 2826 2025 2885 laudem
2056 2827 2359 2904 virginum
2390 2830 2452 2885 et
2482 2826 2829 2885 clericorum
2861 2826 3180 2886 edesseno-

553 2935 684 2974 rum
717 2917 973 2992 legimus
1006 2915 1260 2975 ibidem:
1309 2916 1570 2984 ,Omnes
1616 2916 1863 2974 servitio
1896 2915 2291 2975 ecclesiastico
2324 2916 2563 2985 addicti,
2610 2915 2726 2974 viri
2772 2919 2834 2973 et
2876 2916 3179 2987 muliereS,

553 3008 722 3063 erant
754 3006 917 3076 casti,
951 3005 1129 3076 cauti,
1165 3005 1351 3064 sancti
1385 3008 1447 3064 et
1476 3005 1629 3080 puri,
1681 3003 1974 3079 siquidem
2006 3005 2358 3064 habitabant
2389 3005 2637 3064 seorsim
2668 3006 2730 3063 et
2761 3007 2921 3063 caste
2952 3005 3179 3079 absque

554 3090 908 3176 macula2).‘
976 3093 1044 3151 Id
1095 3095 1303 3152 saltem
1353 3095 1415 3152 in
1465 3094 1729 3152 Ecclesia
1774 3093 2049 3152 orientali
2096 3113 2331 3170 semper
2361 3097 2663 3153 servatum
2712 3093 2830 3152 fuit
2873 3112 3069 3169 usque
3116 3094 3178 3152 in

553 3201 845 3257 praesens,
893 3186 964 3241 ut
1007 3183 1231 3241 nemini
1267 3187 1397 3258 post
1428 3187 1730 3259 susceptos
1764 3183 2004 3241 ordines
2036 3185 2286 3259 majores
2317 3183 2493 3242 liceat
2523 3183 2677 3240 inire
2710 3182 3174 3244 matrimonium.

554 3271 708 3329 Hinc
736 3289 854 3329 non
888 3272 1183 3330 immerito
1216 3271 1441 3329 dicitur
1472 3272 1781 3330 ecclesiam
1813 3289 2082 3348 graecam
2115 3272 2409 3349 gradatim
2445 3272 2725 3330 defecisse
2767 3290 2802 3329 a
2834 3272 3174 3341 coelibatus,

555 3360 662 3432 qui
705 3360 884 3418 etiam
930 3360 1072 3419 olim
1122 3361 1183 3418 in
1237 3360 1475 3419 Oriente
1521 3361 1734 3437 viguit,
1790 3360 2056 3435 puritate
2087 3380 2335 3436 eamque
2367 3360 2718 3436 disciplinae
2749 3361 3176 3419 relaxationem

554 3448 792 3506 demum
827 3449 888 3506 in
910 3449 1158 3508 concilio
1190 3450 1547 3508 trullano
1584 3469 1633 3508 a.
1660 3459 1776 3512 691
1806 3449 1995 3508 fuisse
2014 3450 2327 3526 probatam
2347 3452 2529 3524 atque
2563 3449 2648 3508 ita
2679 3449 2742 3507 in
2774 3450 3173 3508 universalem

554 3537 715 3613 apud
746 3538 907 3613 ipsos
939 3538 1155 3597 abiisse
1189 3538 1697 3601 consuetudinem.

731 3662 879 3726 580.
928 3658 993 3726 4.
1040 3657 1188 3737 Legi
1220 3657 1579 3722 coelibatus
1611 3656 1998 3738 suffragatur
2029 3666 2163 3721 tam
2213 3657 2438 3722 efficax
2469 3658 2959 3723 convenientiae
2989 3658 3173 3732 rati0,

554 3771 624 3828 ut
655 3765 888 3828 mirum
921 3782 1063 3829 esse
1094 3782 1226 3827 non
1260 3764 1513 3838 debeat,
1551 3765 1997 3844 apostolorum
2017 3764 2379 3845 exemplum
2409 3781 2815 3829 successores
2847 3764 2932 3828 ad
2962 3749 3173 3828 imita-

551 3870 794 3936 tionem
825 3889 1233 3952 provocasse,
1268 3870 1692 3936 imitationem
1710 3873 2039 3937 induxisse
2061 3872 2611 3949 consuetudinem,
2645 3874 3174 3939 consuetudinem

555 3977 815 4042 demum
846 3977 1166 4041 firmatam
1199 3995 1341 4042 esse
1375 3977 1528 4057 lege.
1598 3977 1814 4041 Prima
1846 3986 1944 4042 est
1975 3996 2089 4054 ea,
2135 3997 2329 4061 quam
2368 3979 2905 4044 Innocentius
2938 3980 2977 4043 I.
3024 3999 3172 4062 pro-

552 4085 734 4164 ponit
766 4102 861 4165 ep.
898 4091 937 4151 2
971 4084 1054 4147 ad
1088 4084 1341 4147 Victric.
1374 4103 1426 4147 c.
1461 4090 1532 4153 9:
1588 4083 1691 4158 ,Si
1725 4086 1951 4166 priscis
1987 4085 2382 4167 temporibus
2414 4085 2495 4150 de
2528 4086 2765 4167 templo
2799 4086 2912 4152 Dei
2958 4105 3172 4152 sacer-

552 4190 736 4254 dotes
770 4209 941 4253 anno
976 4191 1130 4253 vicis
1164 4193 1320 4254 suae
1368 4208 1498 4254 non
1545 4190 1997 4268 discedebant,
2045 4192 2209 4255 sicut
2254 4192 2334 4257 de
2365 4192 2679 4256 Zacharia
2723 4193 3009 4274 legimus,
3058 4213 3174 4258 nec

775 4389 809 4455 ¹)
839 4384 1047 4437 Graece
1086 4387 1305 4456 patena
1342 4386 1463 4438 ὅπου
1501 4386 1718 4456 ἀκριβεῖς
1753 4386 1953 4449 κανόνες
1990 4386 2036 4439 οἱ
2073 4388 2478 4459 ἐκκλησιαετικοί
2518 4386 2762 4440 maxime
2790 4386 2891 4440 ubi
2917 4388 3171 4442 accurati

552 4481 795 4518 canones
834 4463 1229 4519 ecclesiastici:
1270 4480 1515 4532 quorum
1542 4466 1846 4518 verborum
1873 4481 2068 4518 sensus
2096 4465 2210 4518 fere
2238 4465 2515 4519 coincidit
2538 4482 2668 4518 cum
2696 4464 2973 4530 versione,
3002 4484 3170 4535 quam

554 4543 615 4596 in
645 4547 804 4597 textu
833 4543 1113 4597 dedimus.

770 4629 808 4694 ²)
839 4623 921 4677 Cf.
951 4623 989 4676 C
1009 4642 1133 4676 ure
1153 4628 1277 4679 ton
1319 4626 1568 4679 Ancient
1607 4626 1941 4679 documenta
1983 4645 2038 4694 p.
2068 4633 2130 4679 15
2159 4629 2217 4677 et
2244 4633 2304 4681 21
2339 4626 2466 4681 coll.
2508 4625 2584 4678 Bi
2606 4625 2808 4680 ckell
2849 4626 3172 4681 zeitschrift

552 4705 643 4756 fiir
668 4704 829 4759 kath.
851 4703 1045 4758 Theoi,
1081 4704 1143 4766 ΙΙ,
1171 4712 1269 4763 43;
1302 4706 1339 4769 1,
1369 4711 1472 4762 299
1500 4724 1570 4762 ss,
