<?xml version="1.0" encoding="UTF-8"?>
<!DOCTYPE html PUBLIC "-//W3C//DTD XHTML 1.0 Transitional//EN"
    "http://www.w3.org/TR/xhtml1/DTD/xhtml1-transitional.dtd">
<html xmlns="http://www.w3.org/1999/xhtml" xml:lang="en" lang="en">
 <head>
  <title>
</title>
<meta http-equiv="Content-Type" content="text/html;charset=utf-8" />
  <meta name='ocr-system' content='tesseract 3.04.00' />
  <meta name='ocr-capabilities' content='ocr_page ocr_carea ocr_par ocr_line ocrx_word'/>
</head>
<body>
  <div class='ocr_page' id='page_1' title='image "./theologiaedogma00hurtgoog_0143.png"; bbox 0 0 3538 5364; ppageno 0'>
   <div class='ocr_carea' id='block_1_1' title="bbox 1052 281 2952 358">
    <p class='ocr_par' dir='ltr' id='par_1_1' title="bbox 1052 281 2952 358">
     <span class='ocr_line' id='line_1_1' title="bbox 1052 281 2952 358; baseline 0.007 -23"><span class='ocrx_word' id='word_1_1' title='bbox 1052 281 1213 354; x_wconf 77' lang='lat' dir='ltr'>Aliae</span> <span class='ocrx_word' id='word_1_2' title='bbox 1240 281 1642 353; x_wconf 79' lang='lat' dir='ltr'>dispositiones</span> <span class='ocrx_word' id='word_1_3' title='bbox 1669 282 1742 335; x_wconf 84' lang='lat' dir='ltr'>ad</span> <span class='ocrx_word' id='word_1_4' title='bbox 1760 282 2251 353; x_wconf 81' lang='lat' dir='ltr'>justificationem.</span> <span class='ocrx_word' id='word_1_5' title='bbox 2832 293 2952 358; x_wconf 83' lang='lat'>131</span> 
     </span>
    </p>
   </div>
   <div class='ocr_carea' id='block_1_2' title="bbox 326 461 2957 653">
    <p class='ocr_par' dir='ltr' id='par_1_2' title="bbox 326 461 2957 653">
     <span class='ocr_line' id='line_1_2' title="bbox 329 461 2957 550; baseline 0.003 -26"><span class='ocrx_word' id='word_1_6' title='bbox 329 461 617 525; x_wconf 85' lang='lat' dir='ltr'>vandam</span> <span class='ocrx_word' id='word_1_7' title='bbox 667 479 748 525; x_wconf 88' lang='lat' dir='ltr'>ex</span> <span class='ocrx_word' id='word_1_8' title='bbox 799 462 990 527; x_wconf 88' lang='lat' dir='ltr'>dictis</span> <span class='ocrx_word' id='word_1_9' title='bbox 1038 480 1170 526; x_wconf 89' lang='lat' dir='ltr'>non</span> <span class='ocrx_word' id='word_1_10' title='bbox 1217 461 1447 528; x_wconf 89' lang='lat' dir='ltr'>sufficit</span> <span class='ocrx_word' id='word_1_11' title='bbox 1495 462 1636 527; x_wconf 89' lang='lat' dir='ltr'>sola</span> <span class='ocrx_word' id='word_1_12' title='bbox 1678 462 1859 540; x_wconf 80' lang='grc'><strong>111103,</strong></span> <span class='ocrx_word' id='word_1_13' title='bbox 1890 481 2043 529; x_wconf 91' lang='lat' dir='ltr'>nam</span> <span class='ocrx_word' id='word_1_14' title='bbox 2073 466 2181 549; x_wconf 75' lang='lat' dir='ltr'>qui</span> <span class='ocrx_word' id='word_1_15' title='bbox 2210 465 2373 550; x_wconf 82' lang='lat' dir='ltr'>facit</span> <span class='ocrx_word' id='word_1_16' title='bbox 2405 467 2778 532; x_wconf 79' lang='lat' dir='ltr'>voluntatem</span> <span class='ocrx_word' id='word_1_17' title='bbox 2811 468 2957 544; x_wconf 79' lang='lat' dir='ltr'>Dei,</span> 
     </span>
     <span class='ocr_line' id='line_1_3' title="bbox 326 570 2600 653; baseline 0.003 -23"><span class='ocrx_word' id='word_1_18' title='bbox 326 575 544 630; x_wconf 82' lang='lat' dir='ltr'>manet</span> <span class='ocrx_word' id='word_1_19' title='bbox 576 570 643 630; x_wconf 83' lang='lat' dir='ltr'>in</span> <span class='ocrx_word' id='word_1_20' title='bbox 676 575 1003 632; x_wconf 79' lang='lat' dir='ltr'>aeternum</span> <span class='ocrx_word' id='word_1_21' title='bbox 1042 576 1091 638; x_wconf 94' lang='grc'>1.</span> <span class='ocrx_word' id='word_1_22' title='bbox 1124 570 1219 635; x_wconf 91' lang='lat' dir='ltr'>Jo.</span> <span class='ocrx_word' id='word_1_23' title='bbox 1255 573 1314 647; x_wconf 83' lang='lat'>2,</span> <span class='ocrx_word' id='word_1_24' title='bbox 1355 575 1451 638; x_wconf 83' lang='lat'>17.</span> <span class='ocrx_word' id='word_1_25' title='bbox 1485 570 1648 651; x_wconf 87' lang='lat' dir='ltr'>Ergo</span> <span class='ocrx_word' id='word_1_26' title='bbox 1683 588 1895 653; x_wconf 90' lang='lat' dir='ltr'>neque</span> <span class='ocrx_word' id='word_1_27' title='bbox 1925 570 2067 635; x_wconf 91' lang='lat' dir='ltr'>sola</span> <span class='ocrx_word' id='word_1_28' title='bbox 2096 571 2253 637; x_wconf 92' lang='lat' dir='ltr'>fides</span> <span class='ocrx_word' id='word_1_29' title='bbox 2279 572 2600 653; x_wconf 75' lang='lat' dir='ltr'>Justificat.</span> 
     </span>
    </p>
   </div>
   <div class='ocr_carea' id='block_1_3' title="bbox 327 693 2957 1740">
    <p class='ocr_par' dir='ltr' id='par_1_3' title="bbox 327 693 2957 1740">
     <span class='ocr_line' id='line_1_4' title="bbox 510 693 2956 779; baseline 0 -19"><span class='ocrx_word' id='word_1_30' title='bbox 510 695 576 763; x_wconf 81' lang='lat'>3.</span> <span class='ocrx_word' id='word_1_31' title='bbox 610 693 772 757; x_wconf 88' lang='lat' dir='ltr'>Hinc</span> <span class='ocrx_word' id='word_1_32' title='bbox 805 694 976 759; x_wconf 91' lang='lat' dir='ltr'>Deus</span> <span class='ocrx_word' id='word_1_33' title='bbox 1008 696 1091 759; x_wconf 87' lang='lat' dir='ltr'>ad</span> <span class='ocrx_word' id='word_1_34' title='bbox 1121 696 1394 760; x_wconf 86' lang='lat' dir='ltr'>salutern</span> <span class='ocrx_word' id='word_1_35' title='bbox 1426 695 1568 778; x_wconf 87' lang='lat' dir='ltr'>plus</span> <span class='ocrx_word' id='word_1_36' title='bbox 1600 697 1810 777; x_wconf 82' lang='lat' dir='ltr'><strong>exigit,</strong></span> <span class='ocrx_word' id='word_1_37' title='bbox 1843 715 2038 779; x_wconf 88' lang='lat' dir='ltr'>quam</span> <span class='ocrx_word' id='word_1_38' title='bbox 2071 697 2276 761; x_wconf 89' lang='lat' dir='ltr'>solam</span> <span class='ocrx_word' id='word_1_39' title='bbox 2313 697 2519 774; x_wconf 89' lang='lat' dir='ltr'>fidem,</span> <span class='ocrx_word' id='word_1_40' title='bbox 2541 697 2780 763; x_wconf 87' lang='lat' dir='ltr'>scilicet</span> <span class='ocrx_word' id='word_1_41' title='bbox 2799 715 2956 761; x_wconf 87' lang='lat' dir='ltr'>con-</span> 
     </span>
     <span class='ocr_line' id='line_1_5' title="bbox 328 788 2953 886; baseline 0.003 -26"><span class='ocrx_word' id='word_1_42' title='bbox 328 800 700 866; x_wconf 82' lang='lat' dir='ltr'>versionem</span> <span class='ocrx_word' id='word_1_43' title='bbox 733 819 816 866; x_wconf 84' lang='lat' dir='ltr'>ex</span> <span class='ocrx_word' id='word_1_44' title='bbox 846 808 986 866; x_wconf 88' lang='lat' dir='ltr'>toto</span> <span class='ocrx_word' id='word_1_45' title='bbox 1018 802 1229 879; x_wconf 86' lang='lat' dir='ltr'>corde,</span> <span class='ocrx_word' id='word_1_46' title='bbox 1261 788 1727 884; x_wconf 86' lang='lat' dir='ltr'>poenitentiam</span> <span class='ocrx_word' id='word_1_47' title='bbox 1759 802 1839 868; x_wconf 86' lang='lat' dir='ltr'>de</span> <span class='ocrx_word' id='word_1_48' title='bbox 1872 802 2170 867; x_wconf 89' lang='lat' dir='ltr'>omnibus</span> <span class='ocrx_word' id='word_1_49' title='bbox 2203 804 2659 886; x_wconf 60' lang='lat' dir='ltr'>iniquitatibus</span> <span class='ocrx_word' id='word_1_50' title='bbox 2692 820 2805 868; x_wconf 87' lang='grc'><strong>001·</strong></span> <span class='ocrx_word' id='word_1_51' title='bbox 2834 823 2953 868; x_wconf 90' lang='lat' dir='ltr'>no-</span> 
     </span>
     <span class='ocr_line' id='line_1_6' title="bbox 330 907 2955 994; baseline 0.002 -24"><span class='ocrx_word' id='word_1_52' title='bbox 330 927 485 970; x_wconf 78' lang='lat' dir='ltr'>vum</span> <span class='ocrx_word' id='word_1_53' title='bbox 516 907 708 971; x_wconf 83' lang='lat' dir='ltr'>Zach.</span> <span class='ocrx_word' id='word_1_54' title='bbox 745 913 801 986; x_wconf 92' lang='grc'>1,</span> <span class='ocrx_word' id='word_1_55' title='bbox 837 914 911 984; x_wconf 86' lang='grc'>3;</span> <span class='ocrx_word' id='word_1_56' title='bbox 941 908 1080 975; x_wconf 89' lang='lat' dir='ltr'>Joel</span> <span class='ocrx_word' id='word_1_57' title='bbox 1112 915 1171 987; x_wconf 83' lang='lat'>2,</span> <span class='ocrx_word' id='word_1_58' title='bbox 1211 912 1324 986; x_wconf 83' lang='lat'>12;</span> <span class='ocrx_word' id='word_1_59' title='bbox 1355 908 1457 973; x_wconf 76' lang='lat' dir='ltr'>Ez-</span> <span class='ocrx_word' id='word_1_60' title='bbox 1496 915 1594 987; x_wconf 82' lang='lat'>18,</span> <span class='ocrx_word' id='word_1_61' title='bbox 1629 914 1716 979; x_wconf 84' lang='lat'>30</span> <span class='ocrx_word' id='word_1_62' title='bbox 1748 914 1867 975; x_wconf 85' lang='lat' dir='ltr'>etc.</span> <span class='ocrx_word' id='word_1_63' title='bbox 1918 911 1987 973; x_wconf 71' lang='lat' dir='ltr'>Si</span> <span class='ocrx_word' id='word_1_64' title='bbox 2018 911 2111 973; x_wconf 80' lang='lat' dir='ltr'>vis</span> <span class='ocrx_word' id='word_1_65' title='bbox 2143 910 2229 974; x_wconf 79' lang='lat' dir='ltr'>ad</span> <span class='ocrx_word' id='word_1_66' title='bbox 2257 913 2448 974; x_wconf 85' lang='lat' dir='ltr'>vitam</span> <span class='ocrx_word' id='word_1_67' title='bbox 2481 911 2746 994; x_wconf 54' lang='lat' dir='ltr'>inqredt]</span> <span class='ocrx_word' id='word_1_68' title='bbox 2777 933 2955 976; x_wconf 79' lang='lat' dir='ltr'>serva</span> 
     </span>
     <span class='ocr_line' id='line_1_7' title="bbox 330 1014 2957 1105; baseline 0.002 -29"><span class='ocrx_word' id='word_1_69' title='bbox 330 1014 650 1079; x_wconf 79' lang='lat' dir='ltr'>mandata</span> <span class='ocrx_word' id='word_1_70' title='bbox 680 1015 902 1080; x_wconf 82' lang='lat' dir='ltr'>Matth.</span> <span class='ocrx_word' id='word_1_71' title='bbox 940 1020 1039 1091; x_wconf 84' lang='lat'>19.</span> <span class='ocrx_word' id='word_1_72' title='bbox 1080 1022 1154 1086; x_wconf 88' lang='grc'>17</span> <span class='ocrx_word' id='word_1_73' title='bbox 1191 1023 1256 1082; x_wconf 83' lang='lat' dir='ltr'>et</span> <span class='ocrx_word' id='word_1_74' title='bbox 1287 1023 1347 1094; x_wconf 85' lang='lat'>6,</span> <span class='ocrx_word' id='word_1_75' title='bbox 1388 1022 1500 1085; x_wconf 87' lang='lat'>12:</span> <span class='ocrx_word' id='word_1_76' title='bbox 1561 1016 1824 1081; x_wconf 72' lang='lat' dir='ltr'>Dimitte</span> <span class='ocrx_word' id='word_1_77' title='bbox 1857 1016 2030 1105; x_wconf 83' lang='lat' dir='ltr'>nobis</span> <span class='ocrx_word' id='word_1_78' title='bbox 2061 1016 2266 1082; x_wconf 79' lang='lat' dir='ltr'>debita</span> <span class='ocrx_word' id='word_1_79' title='bbox 2299 1027 2536 1099; x_wconf 84' lang='lat' dir='ltr'>nostra,</span> <span class='ocrx_word' id='word_1_80' title='bbox 2570 1019 2728 1081; x_wconf 80' lang='lat' dir='ltr'>sicut</span> <span class='ocrx_word' id='word_1_81' title='bbox 2759 1025 2815 1082; x_wconf 81' lang='lat' dir='ltr'>et</span> <span class='ocrx_word' id='word_1_82' title='bbox 2847 1037 2957 1082; x_wconf 78' lang='lat' dir='ltr'>nos</span> 
     </span>
     <span class='ocr_line' id='line_1_8' title="bbox 328 1121 2954 1209; baseline 0.003 -27"><span class='ocrx_word' id='word_1_83' title='bbox 328 1121 707 1185; x_wconf 73' lang='lat' dir='ltr'><strong><em>dimittimus</em></strong></span> <span class='ocrx_word' id='word_1_84' title='bbox 738 1122 1117 1186; x_wconf 76' lang='lat' dir='ltr'><strong><em>debitoribus</em></strong></span> <span class='ocrx_word' id='word_1_85' title='bbox 1148 1126 1376 1188; x_wconf 79' lang='lat' dir='ltr'>nostris</span> <span class='ocrx_word' id='word_1_86' title='bbox 1408 1179 1422 1193; x_wconf 89' lang='lat'>.</span> <span class='ocrx_word' id='word_1_87' title='bbox 1458 1173 1472 1188; x_wconf 92' lang='lat'>.</span> <span class='ocrx_word' id='word_1_88' title='bbox 1508 1174 1522 1187; x_wconf 95' lang='lat'>.</span> <span class='ocrx_word' id='word_1_89' title='bbox 1589 1124 1660 1188; x_wconf 63' lang='lat' dir='ltr'>Sa·</span> <span class='ocrx_word' id='word_1_90' title='bbox 1706 1126 1868 1186; x_wconf 83' lang='lat' dir='ltr'>enim</span> <span class='ocrx_word' id='word_1_91' title='bbox 1913 1124 2276 1188; x_wconf 76' lang='lat' dir='ltr'>dimiseritis</span> <span class='ocrx_word' id='word_1_92' title='bbox 2325 1124 2673 1188; x_wconf 79' lang='lat' dir='ltr'>hominibus</span> <span class='ocrx_word' id='word_1_93' title='bbox 2692 1136 2954 1209; x_wconf 79' lang='lat' dir='ltr'>peccata</span> 
     </span>
     <span class='ocr_line' id='line_1_9' title="bbox 329 1228 2955 1312; baseline 0.002 -22"><span class='ocrx_word' id='word_1_94' title='bbox 329 1248 571 1312; x_wconf 81' lang='lat' dir='ltr'>eorum,</span> <span class='ocrx_word' id='word_1_95' title='bbox 603 1231 868 1293; x_wconf 68' lang='lat' dir='ltr'>dimittet</span> <span class='ocrx_word' id='word_1_96' title='bbox 899 1236 954 1292; x_wconf 87' lang='lat' dir='ltr'>et</span> <span class='ocrx_word' id='word_1_97' title='bbox 987 1230 1150 1294; x_wconf 82' lang='lat' dir='ltr'>vobis</span> <span class='ocrx_word' id='word_1_98' title='bbox 1181 1234 1382 1296; x_wconf 79' lang='lat' dir='ltr'>Pater</span> <span class='ocrx_word' id='word_1_99' title='bbox 1413 1238 1607 1295; x_wconf 74' lang='lat' dir='ltr'>vester</span> <span class='ocrx_word' id='word_1_100' title='bbox 1636 1231 1908 1295; x_wconf 72' lang='lat' dir='ltr'>coelestis</span> <span class='ocrx_word' id='word_1_101' title='bbox 1941 1231 2160 1295; x_wconf 73' lang='lat' dir='ltr'>delicta</span> <span class='ocrx_word' id='word_1_102' title='bbox 2192 1238 2418 1295; x_wconf 84' lang='lat' dir='ltr'>vestra.</span> <span class='ocrx_word' id='word_1_103' title='bbox 2488 1228 2558 1293; x_wconf 68' lang='lat' dir='ltr'>Sa·</span> <span class='ocrx_word' id='word_1_104' title='bbox 2590 1237 2795 1294; x_wconf 79' lang='lat' dir='ltr'>autem</span> <span class='ocrx_word' id='word_1_105' title='bbox 2829 1252 2955 1295; x_wconf 78' lang='lat' dir='ltr'>non</span> 
     </span>
     <span class='ocr_line' id='line_1_10' title="bbox 327 1335 2951 1421; baseline 0.002 -25"><span class='ocrx_word' id='word_1_106' title='bbox 327 1335 703 1398; x_wconf 73' lang='lat' dir='ltr'>dimiseritis</span> <span class='ocrx_word' id='word_1_107' title='bbox 733 1335 1101 1419; x_wconf 74' lang='lat' dir='ltr'>hominibus,</span> <span class='ocrx_word' id='word_1_108' title='bbox 1134 1357 1242 1400; x_wconf 78' lang='lat' dir='ltr'>nec</span> <span class='ocrx_word' id='word_1_109' title='bbox 1274 1336 1467 1401; x_wconf 78' lang='lat' dir='ltr'>Pater</span> <span class='ocrx_word' id='word_1_110' title='bbox 1496 1343 1693 1400; x_wconf 81' lang='lat' dir='ltr'>vester</span> <span class='ocrx_word' id='word_1_111' title='bbox 1724 1338 1988 1402; x_wconf 72' lang='lat' dir='ltr'><strong><em>dimittet</em></strong></span> <span class='ocrx_word' id='word_1_112' title='bbox 2017 1337 2184 1400; x_wconf 81' lang='lat' dir='ltr'>vobis</span> <span class='ocrx_word' id='word_1_113' title='bbox 2201 1344 2463 1421; x_wconf 79' lang='lat' dir='ltr'>peccata</span> <span class='ocrx_word' id='word_1_114' title='bbox 2495 1343 2717 1405; x_wconf 81' lang='lat' dir='ltr'>vestra.</span> <span class='ocrx_word' id='word_1_115' title='bbox 2768 1336 2951 1419; x_wconf 86' lang='lat' dir='ltr'>Ejus-</span> 
     </span>
     <span class='ocr_line' id='line_1_11' title="bbox 330 1441 2951 1526; baseline 0.001 -22"><span class='ocrx_word' id='word_1_116' title='bbox 330 1441 512 1505; x_wconf 88' lang='lat' dir='ltr'>modi</span> <span class='ocrx_word' id='word_1_117' title='bbox 544 1460 697 1507; x_wconf 88' lang='lat' dir='ltr'>vero</span> <span class='ocrx_word' id='word_1_118' title='bbox 731 1442 1285 1507; x_wconf 83' lang='lat' dir='ltr'>exhortationibus</span> <span class='ocrx_word' id='word_1_119' title='bbox 1329 1462 1460 1509; x_wconf 91' lang='lat' dir='ltr'>non</span> <span class='ocrx_word' id='word_1_120' title='bbox 1505 1442 1733 1508; x_wconf 85' lang='lat' dir='ltr'>satisfit</span> <span class='ocrx_word' id='word_1_121' title='bbox 1779 1444 1921 1508; x_wconf 89' lang='lat' dir='ltr'>sola</span> <span class='ocrx_word' id='word_1_122' title='bbox 1963 1443 2088 1508; x_wconf 84' lang='lat' dir='ltr'>fide</span> <span class='ocrx_word' id='word_1_123' title='bbox 2132 1444 2232 1510; x_wconf 86' lang='lat' dir='ltr'>vel</span> <span class='ocrx_word' id='word_1_124' title='bbox 2264 1444 2525 1520; x_wconf 78' lang='lat' dir='ltr'>fiducia3</span> <span class='ocrx_word' id='word_1_125' title='bbox 2572 1462 2782 1526; x_wconf 90' lang='lat' dir='ltr'>neque</span> <span class='ocrx_word' id='word_1_126' title='bbox 2813 1444 2951 1508; x_wconf 91' lang='lat' dir='ltr'>sola</span> 
     </span>
     <span class='ocr_line' id='line_1_12' title="bbox 327 1548 2954 1633; baseline 0.001 -22"><span class='ocrx_word' id='word_1_127' title='bbox 327 1548 456 1613; x_wconf 90' lang='lat' dir='ltr'>fide</span> <span class='ocrx_word' id='word_1_128' title='bbox 489 1549 723 1613; x_wconf 88' lang='lat' dir='ltr'>satisfit</span> <span class='ocrx_word' id='word_1_129' title='bbox 752 1550 1034 1614; x_wconf 87' lang='lat' dir='ltr'>sermoni</span> <span class='ocrx_word' id='word_1_130' title='bbox 1065 1556 1375 1615; x_wconf 91' lang='lat' dir='ltr'>montano</span> <span class='ocrx_word' id='word_1_131' title='bbox 1407 1550 1628 1615; x_wconf 89' lang='lat' dir='ltr'>Matth.</span> <span class='ocrx_word' id='word_1_132' title='bbox 1662 1555 1719 1620; x_wconf 82' lang='lat'>5.</span> <span class='ocrx_word' id='word_1_133' title='bbox 1753 1557 1812 1620; x_wconf 87' lang='lat'>6.</span> <span class='ocrx_word' id='word_1_134' title='bbox 1850 1556 1906 1628; x_wconf 88' lang='grc'>7,</span> <span class='ocrx_word' id='word_1_135' title='bbox 1952 1551 2017 1614; x_wconf 89' lang='grc'>10</span> <span class='ocrx_word' id='word_1_136' title='bbox 2063 1569 2191 1633; x_wconf 89' lang='lat' dir='ltr'>quo</span> <span class='ocrx_word' id='word_1_137' title='bbox 2224 1549 2512 1615; x_wconf 90' lang='lat' dir='ltr'>Christus</span> <span class='ocrx_word' id='word_1_138' title='bbox 2543 1550 2730 1632; x_wconf 91' lang='lat' dir='ltr'>plura</span> <span class='ocrx_word' id='word_1_139' title='bbox 2761 1550 2954 1631; x_wconf 80' lang='lat' dir='ltr'>exigit</span> 
     </span>
     <span class='ocr_line' id='line_1_13' title="bbox 328 1655 2741 1740; baseline 0.001 -22"><span class='ocrx_word' id='word_1_140' title='bbox 328 1655 415 1719; x_wconf 91' lang='lat' dir='ltr'>ad</span> <span class='ocrx_word' id='word_1_141' title='bbox 448 1656 727 1721; x_wconf 89' lang='lat' dir='ltr'>salutem</span> <span class='ocrx_word' id='word_1_142' title='bbox 759 1657 1295 1739; x_wconf 89' lang='lat' dir='ltr'>consequendam.</span> <span class='ocrx_word' id='word_1_143' title='bbox 1358 1658 1521 1740; x_wconf 87' lang='lat' dir='ltr'>Ergo</span> <span class='ocrx_word' id='word_1_144' title='bbox 1553 1658 1693 1722; x_wconf 91' lang='lat' dir='ltr'>sola</span> <span class='ocrx_word' id='word_1_145' title='bbox 1724 1657 1882 1724; x_wconf 87' lang='lat' dir='ltr'>fides</span> <span class='ocrx_word' id='word_1_146' title='bbox 1914 1677 2046 1722; x_wconf 90' lang='lat' dir='ltr'>non</span> <span class='ocrx_word' id='word_1_147' title='bbox 2076 1656 2306 1723; x_wconf 87' lang='lat' dir='ltr'>sufficit</span> <span class='ocrx_word' id='word_1_148' title='bbox 2337 1657 2420 1723; x_wconf 91' lang='lat' dir='ltr'>ad</span> <span class='ocrx_word' id='word_1_149' title='bbox 2452 1658 2741 1724; x_wconf 88' lang='lat' dir='ltr'>salutem.</span> 
     </span>
    </p>
   </div>
   <div class='ocr_carea' id='block_1_4' title="bbox 317 1781 2952 3473">
    <p class='ocr_par' dir='ltr' id='par_1_4' title="bbox 320 1781 2951 2295">
     <span class='ocr_line' id='line_1_14' title="bbox 511 1781 2949 1866; baseline -0 -20"><span class='ocrx_word' id='word_1_150' title='bbox 511 1783 577 1850; x_wconf 85' lang='lat'>4.</span> <span class='ocrx_word' id='word_1_151' title='bbox 611 1781 977 1849; x_wconf 87' lang='lat' dir='ltr'>Secundum</span> <span class='ocrx_word' id='word_1_152' title='bbox 998 1783 1266 1849; x_wconf 91' lang='lat' dir='ltr'>Paulum</span> <span class='ocrx_word' id='word_1_153' title='bbox 1290 1790 1346 1854; x_wconf 90' lang='lat'>1.</span> <span class='ocrx_word' id='word_1_154' title='bbox 1370 1785 1511 1849; x_wconf 88' lang='lat' dir='ltr'>Cor.</span> <span class='ocrx_word' id='word_1_155' title='bbox 1538 1790 1637 1861; x_wconf 84' lang='lat'>13,</span> <span class='ocrx_word' id='word_1_156' title='bbox 1659 1790 1700 1853; x_wconf 82' lang='lat'><strong><em>2</em></strong></span> <span class='ocrx_word' id='word_1_157' title='bbox 1721 1784 1976 1849; x_wconf 86' lang='lat' dir='ltr'>etiamsi</span> <span class='ocrx_word' id='word_1_158' title='bbox 2007 1783 2149 1866; x_wconf 90' lang='lat' dir='ltr'>quis</span> <span class='ocrx_word' id='word_1_159' title='bbox 2186 1783 2483 1848; x_wconf 89' lang='lat' dir='ltr'>habuerit</span> <span class='ocrx_word' id='word_1_160' title='bbox 2501 1803 2741 1847; x_wconf 80' lang='lat' dir='ltr'>omnem</span> <span class='ocrx_word' id='word_1_161' title='bbox 2762 1782 2949 1847; x_wconf 89' lang='lat' dir='ltr'>fidem</span> 
     </span>
     <span class='ocr_line' id='line_1_15' title="bbox 327 1887 2950 1971; baseline 0.001 -20"><span class='ocrx_word' id='word_1_162' title='bbox 327 1888 519 1965; x_wconf 89' lang='lat' dir='ltr'>ade0,</span> <span class='ocrx_word' id='word_1_163' title='bbox 552 1896 624 1954; x_wconf 91' lang='lat' dir='ltr'>ut</span> <span class='ocrx_word' id='word_1_164' title='bbox 655 1898 910 1956; x_wconf 89' lang='lat' dir='ltr'>montes</span> <span class='ocrx_word' id='word_1_165' title='bbox 939 1890 1301 1968; x_wconf 84' lang='lat' dir='ltr'>transferat,</span> <span class='ocrx_word' id='word_1_166' title='bbox 1333 1892 1386 1955; x_wconf 91' lang='lat' dir='ltr'>si</span> <span class='ocrx_word' id='word_1_167' title='bbox 1419 1890 1691 1956; x_wconf 89' lang='lat' dir='ltr'>caritate</span> <span class='ocrx_word' id='word_1_168' title='bbox 1724 1890 2105 1966; x_wconf 80' lang='lat' dir='ltr'>destituitur,</span> <span class='ocrx_word' id='word_1_169' title='bbox 2137 1907 2218 1954; x_wconf 92' lang='lat' dir='ltr'>ea</span> <span class='ocrx_word' id='word_1_170' title='bbox 2248 1890 2404 1954; x_wconf 88' lang='lat' dir='ltr'>nihil</span> <span class='ocrx_word' id='word_1_171' title='bbox 2435 1890 2726 1971; x_wconf 80' lang='lat' dir='ltr'>prodest3</span> <span class='ocrx_word' id='word_1_172' title='bbox 2772 1887 2950 1964; x_wconf 76' lang='lat' dir='ltr'>fideS,</span> 
     </span>
     <span class='ocr_line' id='line_1_16' title="bbox 327 1995 2951 2082; baseline 0.002 -23"><span class='ocrx_word' id='word_1_173' title='bbox 327 1997 384 2059; x_wconf 88' lang='lat' dir='ltr'>si</span> <span class='ocrx_word' id='word_1_174' title='bbox 419 2014 624 2077; x_wconf 88' lang='lat' dir='ltr'>opera</span> <span class='ocrx_word' id='word_1_175' title='bbox 654 2017 787 2061; x_wconf 90' lang='lat' dir='ltr'>non</span> <span class='ocrx_word' id='word_1_176' title='bbox 818 1998 1032 2076; x_wconf 90' lang='lat' dir='ltr'>habet,</span> <span class='ocrx_word' id='word_1_177' title='bbox 1064 2006 1313 2063; x_wconf 81' lang='lat' dir='ltr'>mortua</span> <span class='ocrx_word' id='word_1_178' title='bbox 1346 2006 1454 2082; x_wconf 81' lang='lat' dir='ltr'>est,</span> <span class='ocrx_word' id='word_1_179' title='bbox 1487 2017 1620 2063; x_wconf 90' lang='lat' dir='ltr'>non</span> <span class='ocrx_word' id='word_1_180' title='bbox 1656 2002 1872 2081; x_wconf 90' lang='lat' dir='ltr'>potest</span> <span class='ocrx_word' id='word_1_181' title='bbox 1902 1998 2152 2061; x_wconf 87' lang='lat' dir='ltr'>salvare</span> <span class='ocrx_word' id='word_1_182' title='bbox 2185 1996 2534 2062; x_wconf 88' lang='lat' dir='ltr'>secundum</span> <span class='ocrx_word' id='word_1_183' title='bbox 2556 1995 2870 2061; x_wconf 90' lang='lat' dir='ltr'>Jacobum</span> <span class='ocrx_word' id='word_1_184' title='bbox 2891 2000 2951 2071; x_wconf 81' lang='lat'>2,</span> 
     </span>
     <span class='ocr_line' id='line_1_17' title="bbox 334 2100 2949 2188; baseline -0.002 -16"><span class='ocrx_word' id='word_1_185' title='bbox 334 2110 419 2172; x_wconf 88' lang='grc'>14</span> <span class='ocrx_word' id='word_1_186' title='bbox 450 2125 537 2169; x_wconf 84' lang='grc'>33.</span> <span class='ocrx_word' id='word_1_187' title='bbox 569 2105 769 2188; x_wconf 84' lang='lat' dir='ltr'>Atqui</span> <span class='ocrx_word' id='word_1_188' title='bbox 798 2106 961 2171; x_wconf 89' lang='lat' dir='ltr'>haec</span> <span class='ocrx_word' id='word_1_189' title='bbox 991 2107 1070 2172; x_wconf 91' lang='lat' dir='ltr'>de</span> <span class='ocrx_word' id='word_1_190' title='bbox 1102 2106 1225 2171; x_wconf 87' lang='lat' dir='ltr'>fide</span> <span class='ocrx_word' id='word_1_191' title='bbox 1257 2106 1381 2170; x_wconf 89' lang='lat' dir='ltr'>dici</span> <span class='ocrx_word' id='word_1_192' title='bbox 1415 2124 1545 2170; x_wconf 93' lang='lat' dir='ltr'>non</span> <span class='ocrx_word' id='word_1_193' title='bbox 1577 2113 1863 2188; x_wconf 88' lang='lat' dir='ltr'>possunt,</span> <span class='ocrx_word' id='word_1_194' title='bbox 1895 2105 1950 2168; x_wconf 91' lang='lat' dir='ltr'>si</span> <span class='ocrx_word' id='word_1_195' title='bbox 1982 2122 2061 2171; x_wconf 90' lang='lat' dir='ltr'>ea</span> <span class='ocrx_word' id='word_1_196' title='bbox 2091 2104 2246 2179; x_wconf 85' lang='lat' dir='ltr'>sola,</span> <span class='ocrx_word' id='word_1_197' title='bbox 2296 2102 2594 2167; x_wconf 90' lang='lat' dir='ltr'>omnibus</span> <span class='ocrx_word' id='word_1_198' title='bbox 2626 2100 2949 2177; x_wconf 87' lang='lat' dir='ltr'>destituta,</span> 
     </span>
     <span class='ocr_line' id='line_1_18' title="bbox 320 2210 2023 2295; baseline -0.001 -20"><span class='ocrx_word' id='word_1_199' title='bbox 320 2211 639 2292; x_wconf 85' lang='lat' dir='ltr'>justificat</span> <span class='ocrx_word' id='word_1_200' title='bbox 668 2219 1041 2294; x_wconf 83' lang='lat' dir='ltr'>peccatores</span> <span class='ocrx_word' id='word_1_201' title='bbox 1075 2213 1347 2295; x_wconf 92' lang='lat' dir='ltr'>ideoque</span> <span class='ocrx_word' id='word_1_202' title='bbox 1378 2211 1668 2276; x_wconf 76' lang='lat' dir='ltr'>vivificat„</span> <span class='ocrx_word' id='word_1_203' title='bbox 1730 2210 1830 2275; x_wconf 90' lang='lat' dir='ltr'>Ad</span> <span class='ocrx_word' id='word_1_204' title='bbox 1861 2212 2023 2276; x_wconf 89' lang='lat' dir='ltr'>haec</span> 
     </span>
    </p>

    <p class='ocr_par' dir='ltr' id='par_1_5' title="bbox 317 2316 2952 3473">
     <span class='ocr_line' id='line_1_19' title="bbox 511 2316 2949 2402; baseline -0.002 -18"><span class='ocrx_word' id='word_1_205' title='bbox 511 2320 579 2386; x_wconf 80' lang='lat'>5.</span> <span class='ocrx_word' id='word_1_206' title='bbox 616 2318 912 2383; x_wconf 88' lang='lat' dir='ltr'>doctrina</span> <span class='ocrx_word' id='word_1_207' title='bbox 939 2320 1447 2401; x_wconf 80' lang='lat' dir='ltr'>protestantium,</span> <span class='ocrx_word' id='word_1_208' title='bbox 1480 2318 2059 2402; x_wconf 83' lang='lat' dir='ltr'>quomodocunque</span> <span class='ocrx_word' id='word_1_209' title='bbox 2091 2317 2350 2381; x_wconf 89' lang='lat' dir='ltr'>demum</span> <span class='ocrx_word' id='word_1_210' title='bbox 2382 2316 2749 2398; x_wconf 85' lang='lat' dir='ltr'>explicetur,</span> <span class='ocrx_word' id='word_1_211' title='bbox 2781 2336 2859 2381; x_wconf 83' lang='lat' dir='ltr'>ex</span> <span class='ocrx_word' id='word_1_212' title='bbox 2879 2334 2949 2380; x_wconf 90' lang='lat' dir='ltr'>se</span> 
     </span>
     <span class='ocr_line' id='line_1_20' title="bbox 329 2421 2952 2507; baseline -0.002 -18"><span class='ocrx_word' id='word_1_213' title='bbox 329 2426 636 2490; x_wconf 87' lang='lat' dir='ltr'>omnibus</span> <span class='ocrx_word' id='word_1_214' title='bbox 668 2426 949 2507; x_wconf 86' lang='lat' dir='ltr'>peccatis</span> <span class='ocrx_word' id='word_1_215' title='bbox 979 2427 1206 2492; x_wconf 86' lang='lat' dir='ltr'>sternit</span> <span class='ocrx_word' id='word_1_216' title='bbox 1234 2427 1423 2490; x_wconf 84' lang='lat' dir='ltr'>viam.</span> <span class='ocrx_word' id='word_1_217' title='bbox 1456 2423 1525 2490; x_wconf 89' lang='lat' dir='ltr'>Si</span> <span class='ocrx_word' id='word_1_218' title='bbox 1556 2426 1727 2491; x_wconf 86' lang='lat' dir='ltr'>enim</span> <span class='ocrx_word' id='word_1_219' title='bbox 1757 2425 1899 2489; x_wconf 91' lang='lat' dir='ltr'>sola</span> <span class='ocrx_word' id='word_1_220' title='bbox 1929 2425 2086 2490; x_wconf 89' lang='lat' dir='ltr'>fides</span> <span class='ocrx_word' id='word_1_221' title='bbox 2124 2423 2446 2505; x_wconf 87' lang='lat' dir='ltr'>justificat,</span> <span class='ocrx_word' id='word_1_222' title='bbox 2490 2441 2637 2487; x_wconf 89' lang='lat' dir='ltr'>cum</span> <span class='ocrx_word' id='word_1_223' title='bbox 2686 2421 2952 2504; x_wconf 89' lang='lat' dir='ltr'>quilibet</span> 
     </span>
     <span class='ocr_line' id='line_1_21' title="bbox 327 2529 2948 2615; baseline -0.002 -18"><span class='ocrx_word' id='word_1_224' title='bbox 327 2541 640 2613; x_wconf 84' lang='lat' dir='ltr'>peccator</span> <span class='ocrx_word' id='word_1_225' title='bbox 670 2534 931 2599; x_wconf 87' lang='lat' dir='ltr'>credere</span> <span class='ocrx_word' id='word_1_226' title='bbox 962 2534 1180 2615; x_wconf 89' lang='lat' dir='ltr'>possit,</span> <span class='ocrx_word' id='word_1_227' title='bbox 1232 2534 1485 2599; x_wconf 89' lang='lat' dir='ltr'>etiamsi</span> <span class='ocrx_word' id='word_1_228' title='bbox 1534 2538 1683 2597; x_wconf 86' lang='lat' dir='ltr'>actu</span> <span class='ocrx_word' id='word_1_229' title='bbox 1733 2538 1959 2614; x_wconf 90' lang='lat' dir='ltr'>peccet</span> <span class='ocrx_word' id='word_1_230' title='bbox 2001 2532 2103 2595; x_wconf 85' lang='lat' dir='ltr'>vel</span> <span class='ocrx_word' id='word_1_231' title='bbox 2153 2531 2312 2594; x_wconf 92' lang='lat' dir='ltr'>nolit</span> <span class='ocrx_word' id='word_1_232' title='bbox 2356 2529 2700 2594; x_wconf 85' lang='lat' dir='ltr'>emendare</span> <span class='ocrx_word' id='word_1_233' title='bbox 2734 2529 2948 2604; x_wconf 84' lang='lat' dir='ltr'>vitam,</span> 
     </span>
     <span class='ocr_line' id='line_1_22' title="bbox 324 2637 2946 2724; baseline 0 -22"><span class='ocrx_word' id='word_1_234' title='bbox 324 2646 713 2723; x_wconf 88' lang='lat' dir='ltr'>sequeretur</span> <span class='ocrx_word' id='word_1_235' title='bbox 743 2639 955 2718; x_wconf 87' lang='lat' dir='ltr'>etiam,</span> <span class='ocrx_word' id='word_1_236' title='bbox 988 2640 1299 2723; x_wconf 88' lang='lat' dir='ltr'>ejusmodi</span> <span class='ocrx_word' id='word_1_237' title='bbox 1329 2641 1657 2707; x_wconf 90' lang='lat' dir='ltr'>hominem</span> <span class='ocrx_word' id='word_1_238' title='bbox 1688 2658 1881 2724; x_wconf 90' lang='lat' dir='ltr'>posse</span> <span class='ocrx_word' id='word_1_239' title='bbox 1906 2638 2381 2722; x_wconf 67' lang='lat' dir='ltr'>,iustificationis</span> <span class='ocrx_word' id='word_1_240' title='bbox 2415 2637 2685 2719; x_wconf 82' lang='lat' dir='ltr'>gratiam</span> <span class='ocrx_word' id='word_1_241' title='bbox 2717 2654 2946 2702; x_wconf 89' lang='lat' dir='ltr'>conse-</span> 
     </span>
     <span class='ocr_line' id='line_1_23' title="bbox 327 2745 2948 2830; baseline -0.001 -20"><span class='ocrx_word' id='word_1_242' title='bbox 327 2747 456 2828; x_wconf 92' lang='lat' dir='ltr'>qui.</span> <span class='ocrx_word' id='word_1_243' title='bbox 520 2746 617 2811; x_wconf 88' lang='lat' dir='ltr'>Ea</span> <span class='ocrx_word' id='word_1_244' title='bbox 648 2746 911 2830; x_wconf 90' lang='lat' dir='ltr'>insuper</span> <span class='ocrx_word' id='word_1_245' title='bbox 943 2755 1041 2812; x_wconf 91' lang='lat' dir='ltr'>est</span> <span class='ocrx_word' id='word_1_246' title='bbox 1082 2756 1423 2830; x_wconf 85' lang='lat' dir='ltr'>praeter</span> <span class='ocrx_word' id='word_1_247' title='bbox 1467 2747 1882 2830; x_wconf 86' lang='lat' dir='ltr'>Scripturam,</span> <span class='ocrx_word' id='word_1_248' title='bbox 1917 2765 2062 2811; x_wconf 85' lang='lat' dir='ltr'>cum</span> <span class='ocrx_word' id='word_1_249' title='bbox 2094 2745 2315 2810; x_wconf 90' lang='lat' dir='ltr'>nullibi</span> <span class='ocrx_word' id='word_1_250' title='bbox 2360 2746 2622 2826; x_wconf 89' lang='lat' dir='ltr'>legatur,</span> <span class='ocrx_word' id='word_1_251' title='bbox 2653 2745 2948 2808; x_wconf 90' lang='lat' dir='ltr'>homines</span> 
     </span>
     <span class='ocr_line' id='line_1_24' title="bbox 317 2851 2946 2935; baseline -0.001 -18"><span class='ocrx_word' id='word_1_252' title='bbox 317 2853 663 2934; x_wconf 85' lang='lat' dir='ltr'>justificari</span> <span class='ocrx_word' id='word_1_253' title='bbox 711 2852 893 2917; x_wconf 91' lang='lat' dir='ltr'>sola</span> <span class='ocrx_word' id='word_1_254' title='bbox 941 2853 1082 2930; x_wconf 90' lang='lat' dir='ltr'>fide,</span> <span class='ocrx_word' id='word_1_255' title='bbox 1132 2853 1253 2918; x_wconf 89' lang='lat' dir='ltr'>nisi</span> <span class='ocrx_word' id='word_1_256' title='bbox 1304 2862 1515 2920; x_wconf 84' lang='lat' dir='ltr'>textus</span> <span class='ocrx_word' id='word_1_257' title='bbox 1564 2862 2027 2935; x_wconf 87' lang='lat' dir='ltr'>corrumpatur.</span> <span class='ocrx_word' id='word_1_258' title='bbox 2091 2852 2256 2916; x_wconf 90' lang='lat' dir='ltr'>Nihil</span> <span class='ocrx_word' id='word_1_259' title='bbox 2318 2858 2535 2916; x_wconf 91' lang='lat' dir='ltr'>autem</span> <span class='ocrx_word' id='word_1_260' title='bbox 2594 2851 2946 2916; x_wconf 89' lang='lat' dir='ltr'>secundum</span> 
     </span>
     <span class='ocr_line' id='line_1_25' title="bbox 324 2957 2945 3043; baseline -0 -20"><span class='ocrx_word' id='word_1_261' title='bbox 324 2967 767 3041; x_wconf 85' lang='lat' dir='ltr'>protestantes</span> <span class='ocrx_word' id='word_1_262' title='bbox 798 2960 1264 3025; x_wconf 90' lang='lat' dir='ltr'>admittendum</span> <span class='ocrx_word' id='word_1_263' title='bbox 1298 2968 1414 3038; x_wconf 88' lang='grc'><strong>031,</strong></span> <span class='ocrx_word' id='word_1_264' title='bbox 1443 2961 1822 3043; x_wconf 87' lang='lat' dir='ltr'>praesertim</span> <span class='ocrx_word' id='word_1_265' title='bbox 1846 2967 2176 3042; x_wconf 84' lang='lat' dir='ltr'>tamquam</span> <span class='ocrx_word' id='word_1_266' title='bbox 2198 2959 2432 3039; x_wconf 88' lang='lat' dir='ltr'>dogma</span> <span class='ocrx_word' id='word_1_267' title='bbox 2452 2957 2945 3035; x_wconf 88' lang='lat' dir='ltr'>fundamentale,</span> 
     </span>
     <span class='ocr_line' id='line_1_26' title="bbox 321 3063 2946 3151; baseline -0 -21"><span class='ocrx_word' id='word_1_268' title='bbox 321 3067 500 3148; x_wconf 92' lang='lat' dir='ltr'>quod</span> <span class='ocrx_word' id='word_1_269' title='bbox 532 3086 668 3131; x_wconf 90' lang='lat' dir='ltr'>non</span> <span class='ocrx_word' id='word_1_270' title='bbox 701 3068 873 3133; x_wconf 87' lang='lat' dir='ltr'>clare</span> <span class='ocrx_word' id='word_1_271' title='bbox 905 3069 970 3132; x_wconf 91' lang='lat' dir='ltr'>in</span> <span class='ocrx_word' id='word_1_272' title='bbox 990 3065 1332 3151; x_wconf 87' lang='lat' dir='ltr'>Scripturis</span> <span class='ocrx_word' id='word_1_273' title='bbox 1364 3070 1744 3134; x_wconf 86' lang='lat' dir='ltr'>continetur.</span> <span class='ocrx_word' id='word_1_274' title='bbox 1807 3065 1935 3133; x_wconf 89' lang='lat' dir='ltr'>Sed</span> <span class='ocrx_word' id='word_1_275' title='bbox 1978 3073 2078 3132; x_wconf 90' lang='lat' dir='ltr'>est</span> <span class='ocrx_word' id='word_1_276' title='bbox 2109 3067 2303 3132; x_wconf 88' lang='lat' dir='ltr'>etiam</span> <span class='ocrx_word' id='word_1_277' title='bbox 2335 3073 2632 3131; x_wconf 89' lang='lat' dir='ltr'>contra</span> <span class='ocrx_word' id='word_1_278' title='bbox 2662 3063 2946 3147; x_wconf 87' lang='lat' dir='ltr'>Scriptu-</span> 
     </span>
     <span class='ocr_line' id='line_1_27' title="bbox 321 3171 2943 3259; baseline -0 -23"><span class='ocrx_word' id='word_1_279' title='bbox 321 3191 482 3246; x_wconf 84' lang='lat' dir='ltr'>ram,</span> <span class='ocrx_word' id='word_1_280' title='bbox 516 3191 669 3238; x_wconf 90' lang='lat' dir='ltr'>cum</span> <span class='ocrx_word' id='word_1_281' title='bbox 700 3174 942 3257; x_wconf 89' lang='lat' dir='ltr'>passim</span> <span class='ocrx_word' id='word_1_282' title='bbox 973 3175 1146 3240; x_wconf 83' lang='lat' dir='ltr'>salus</span> <span class='ocrx_word' id='word_1_283' title='bbox 1180 3176 1317 3239; x_wconf 88' lang='lat' dir='ltr'>aliis</span> <span class='ocrx_word' id='word_1_284' title='bbox 1339 3194 1594 3259; x_wconf 91' lang='lat' dir='ltr'>quoque</span> <span class='ocrx_word' id='word_1_285' title='bbox 1614 3174 2019 3239; x_wconf 88' lang='lat' dir='ltr'>adscribatur</span> <span class='ocrx_word' id='word_1_286' title='bbox 2035 3172 2575 3256; x_wconf 68' lang='lat' dir='ltr'>dispositionibus</span> <span class='ocrx_word' id='word_1_287' title='bbox 2609 3171 2741 3235; x_wconf 90' lang='lat' dir='ltr'>Imo</span> <span class='ocrx_word' id='word_1_288' title='bbox 2762 3191 2811 3234; x_wconf 93' lang='grc'>3.</span> <span class='ocrx_word' id='word_1_289' title='bbox 2832 3172 2943 3237; x_wconf 89' lang='lat' dir='ltr'>Ja-</span> 
     </span>
     <span class='ocr_line' id='line_1_28' title="bbox 318 3279 2942 3364; baseline -0.001 -20"><span class='ocrx_word' id='word_1_290' title='bbox 318 3280 526 3344; x_wconf 84' lang='lat' dir='ltr'>cobus</span> <span class='ocrx_word' id='word_1_291' title='bbox 559 3299 711 3345; x_wconf 88' lang='lat' dir='ltr'>eam</span> <span class='ocrx_word' id='word_1_292' title='bbox 741 3282 976 3347; x_wconf 89' lang='lat' dir='ltr'>diserte</span> <span class='ocrx_word' id='word_1_293' title='bbox 1009 3283 1258 3348; x_wconf 87' lang='lat' dir='ltr'>videtur</span> <span class='ocrx_word' id='word_1_294' title='bbox 1287 3282 1790 3364; x_wconf 87' lang='lat' dir='ltr'>praedamnasse</span> <span class='ocrx_word' id='word_1_295' title='bbox 1822 3280 2109 3345; x_wconf 85' lang='lat' dir='ltr'>scribens</span> <span class='ocrx_word' id='word_1_296' title='bbox 2130 3285 2189 3356; x_wconf 82' lang='lat'>2,</span> <span class='ocrx_word' id='word_1_297' title='bbox 2211 3285 2328 3348; x_wconf 80' lang='lat'>24:</span> <span class='ocrx_word' id='word_1_298' title='bbox 2373 3279 2626 3363; x_wconf 79' lang='lat' dir='ltr'>Videtis,</span> <span class='ocrx_word' id='word_1_299' title='bbox 2647 3281 2942 3362; x_wconf 81' lang='lat' dir='ltr'>quoniam</span> 
     </span>
     <span class='ocr_line' id='line_1_29' title="bbox 318 3384 2791 3473; baseline 0.001 -25"><span class='ocrx_word' id='word_1_300' title='bbox 318 3408 399 3448; x_wconf 72' lang='lat' dir='ltr'>ex</span> <span class='ocrx_word' id='word_1_301' title='bbox 426 3386 724 3469; x_wconf 78' lang='lat' dir='ltr'>operibus</span> <span class='ocrx_word' id='word_1_302' title='bbox 738 3389 1136 3471; x_wconf 76' lang='lat' dir='ltr'>justificatur</span> <span class='ocrx_word' id='word_1_303' title='bbox 1164 3389 1342 3452; x_wconf 81' lang='lat' dir='ltr'>homo</span> <span class='ocrx_word' id='word_1_304' title='bbox 1373 3396 1431 3452; x_wconf 78' lang='lat' dir='ltr'>et</span> <span class='ocrx_word' id='word_1_305' title='bbox 1463 3410 1588 3453; x_wconf 82' lang='lat' dir='ltr'>non</span> <span class='ocrx_word' id='word_1_306' title='bbox 1620 3410 1694 3453; x_wconf 71' lang='lat' dir='ltr'>ea:</span> <span class='ocrx_word' id='word_1_307' title='bbox 1718 3389 1843 3472; x_wconf 79' lang='lat' dir='ltr'>fide</span> <span class='ocrx_word' id='word_1_308' title='bbox 1873 3394 2119 3453; x_wconf 78' lang='lat' dir='ltr'>tantum</span> <span class='ocrx_word' id='word_1_309' title='bbox 2135 3389 2199 3473; x_wconf 83' lang='lat'>1).</span> <span class='ocrx_word' id='word_1_310' title='bbox 2262 3386 2422 3449; x_wconf 82' lang='lat' dir='ltr'>Hinc</span> <span class='ocrx_word' id='word_1_311' title='bbox 2449 3384 2595 3450; x_wconf 88' lang='lat' dir='ltr'>illae</span> <span class='ocrx_word' id='word_1_312' title='bbox 2626 3386 2791 3451; x_wconf 86' lang='lat' dir='ltr'>irae!</span> 
     </span>
    </p>
   </div>
   <div class='ocr_carea' id='block_1_5' title="bbox 316 3509 2945 3815">
    <p class='ocr_par' dir='ltr' id='par_1_6' title="bbox 316 3509 2945 3815">
     <span class='ocr_line' id='line_1_30' title="bbox 508 3509 2943 3597; baseline -0.001 -20"><span class='ocrx_word' id='word_1_313' title='bbox 508 3514 655 3579; x_wconf 81' lang='lat'>149.</span> <span class='ocrx_word' id='word_1_314' title='bbox 692 3511 1047 3580; x_wconf 78' lang='lat' dir='ltr'>Scholion</span> <span class='ocrx_word' id='word_1_315' title='bbox 1084 3514 1138 3580; x_wconf 86' lang='lat'>1.</span> <span class='ocrx_word' id='word_1_316' title='bbox 1200 3516 1296 3576; x_wconf 84' lang='lat' dir='ltr'>De</span> <span class='ocrx_word' id='word_1_317' title='bbox 1344 3513 1492 3577; x_wconf 83' lang='lat' dir='ltr'>aliis</span> <span class='ocrx_word' id='word_1_318' title='bbox 1541 3514 2063 3597; x_wconf 81' lang='lat' dir='ltr'>dispositionibus.</span> <span class='ocrx_word' id='word_1_319' title='bbox 2113 3551 2200 3560; x_wconf 93' lang='lat'>—-</span> <span class='ocrx_word' id='word_1_320' title='bbox 2252 3509 2319 3575; x_wconf 89' lang='lat' dir='ltr'>Si</span> <span class='ocrx_word' id='word_1_321' title='bbox 2382 3517 2600 3575; x_wconf 91' lang='lat' dir='ltr'>autem</span> <span class='ocrx_word' id='word_1_322' title='bbox 2649 3527 2943 3592; x_wconf 78' lang='lat' dir='ltr'>quaeraS,</span> 
     </span>
     <span class='ocr_line' id='line_1_31' title="bbox 318 3615 2945 3702; baseline 0 -23"><span class='ocrx_word' id='word_1_323' title='bbox 318 3615 594 3698; x_wconf 87' lang='lat' dir='ltr'>quinam</span> <span class='ocrx_word' id='word_1_324' title='bbox 629 3617 736 3680; x_wconf 89' lang='lat' dir='ltr'>alii</span> <span class='ocrx_word' id='word_1_325' title='bbox 768 3624 948 3682; x_wconf 91' lang='lat' dir='ltr'>actus</span> <span class='ocrx_word' id='word_1_326' title='bbox 981 3625 1238 3700; x_wconf 90' lang='lat' dir='ltr'>praeter</span> <span class='ocrx_word' id='word_1_327' title='bbox 1266 3619 1456 3685; x_wconf 84' lang='lat' dir='ltr'>fidem</span> <span class='ocrx_word' id='word_1_328' title='bbox 1503 3621 1585 3684; x_wconf 91' lang='lat' dir='ltr'>ad</span> <span class='ocrx_word' id='word_1_329' title='bbox 1624 3618 2150 3702; x_wconf 73' lang='lat' dir='ltr'>Justificationem</span> <span class='ocrx_word' id='word_1_330' title='bbox 2182 3617 2544 3700; x_wconf 84' lang='lat' dir='ltr'>disponant,</span> <span class='ocrx_word' id='word_1_331' title='bbox 2596 3617 2945 3698; x_wconf 88' lang='lat' dir='ltr'>respondet</span> 
     </span>
     <span class='ocr_line' id='line_1_32' title="bbox 316 3723 2941 3815; baseline 0 -31"><span class='ocrx_word' id='word_1_332' title='bbox 316 3738 500 3785; x_wconf 87' lang='lat' dir='ltr'>conc.</span> <span class='ocrx_word' id='word_1_333' title='bbox 551 3723 1103 3787; x_wconf 81' lang='lat' dir='ltr'>tridentinum</span> <span class='ocrx_word' id='word_1_334' title='bbox 1152 3743 1314 3790; x_wconf 86' lang='lat' dir='ltr'>sess.</span> <span class='ocrx_word' id='word_1_335' title='bbox 1345 3732 1387 3794; x_wconf 87' lang='lat'>6</span> <span class='ocrx_word' id='word_1_336' title='bbox 1420 3743 1472 3789; x_wconf 90' lang='lat' dir='ltr'>c.</span> <span class='ocrx_word' id='word_1_337' title='bbox 1505 3731 1546 3795; x_wconf 89' lang='lat'>6</span> <span class='ocrx_word' id='word_1_338' title='bbox 1580 3726 1663 3790; x_wconf 90' lang='lat' dir='ltr'>ad</span> <span class='ocrx_word' id='word_1_339' title='bbox 1688 3724 2210 3807; x_wconf 87' lang='lat' dir='ltr'>justificationem</span> <span class='ocrx_word' id='word_1_340' title='bbox 2256 3723 2596 3805; x_wconf 89' lang='lat' dir='ltr'>disponere</span> <span class='ocrx_word' id='word_1_341' title='bbox 2629 3723 2941 3815; x_wconf 87' lang='lat' dir='ltr'>timorem,</span> 
     </span>
    </p>
   </div>
   <div class='ocr_carea' id='block_1_6' title="bbox 309 3932 2942 4807">
    <p class='ocr_par' dir='ltr' id='par_1_7' title="bbox 309 3932 2942 4807">
     <span class='ocr_line' id='line_1_33' title="bbox 546 3932 2941 4008; baseline 0 -23"><span class='ocrx_word' id='word_1_342' title='bbox 546 3935 582 4003; x_wconf 88' lang='lat'>¹)</span> <span class='ocrx_word' id='word_1_343' title='bbox 619 3932 776 3987; x_wconf 87' lang='lat' dir='ltr'>Unde</span> <span class='ocrx_word' id='word_1_344' title='bbox 802 3932 1009 3988; x_wconf 89' lang='lat' dir='ltr'>mirum</span> <span class='ocrx_word' id='word_1_345' title='bbox 1035 3951 1153 3989; x_wconf 82' lang='lat' dir='ltr'>esse</span> <span class='ocrx_word' id='word_1_346' title='bbox 1180 3954 1295 3992; x_wconf 90' lang='lat' dir='ltr'>non</span> <span class='ocrx_word' id='word_1_347' title='bbox 1322 3937 1506 4001; x_wconf 85' lang='lat' dir='ltr'>debet,</span> <span class='ocrx_word' id='word_1_348' title='bbox 1528 3938 1828 4008; x_wconf 81' lang='lat' dir='ltr'>plerosque</span> <span class='ocrx_word' id='word_1_349' title='bbox 1857 3936 2235 4007; x_wconf 74' lang='lat' dir='ltr'>protestantes</span> <span class='ocrx_word' id='word_1_350' title='bbox 2271 3932 2389 3986; x_wconf 82' lang='lat' dir='ltr'>sive</span> <span class='ocrx_word' id='word_1_351' title='bbox 2413 3935 2627 4003; x_wconf 85' lang='lat' dir='ltr'>pudore</span> <span class='ocrx_word' id='word_1_352' title='bbox 2651 3933 2768 3987; x_wconf 84' lang='lat' dir='ltr'>sive</span> <span class='ocrx_word' id='word_1_353' title='bbox 2799 3932 2941 3986; x_wconf 84' lang='lat' dir='ltr'>veri-</span> 
     </span>
     <span class='ocr_line' id='line_1_34' title="bbox 315 4013 2942 4086; baseline 0 -20"><span class='ocrx_word' id='word_1_354' title='bbox 315 4013 456 4066; x_wconf 77' lang='lat' dir='ltr'>tatis</span> <span class='ocrx_word' id='word_1_355' title='bbox 484 4013 781 4068; x_wconf 80' lang='lat' dir='ltr'>evidentia</span> <span class='ocrx_word' id='word_1_356' title='bbox 807 4017 1031 4071; x_wconf 82' lang='lat' dir='ltr'>coactos</span> <span class='ocrx_word' id='word_1_357' title='bbox 1048 4016 1171 4086; x_wconf 87' lang='lat' dir='ltr'>jam</span> <span class='ocrx_word' id='word_1_358' title='bbox 1197 4017 1487 4072; x_wconf 81' lang='lat' dir='ltr'>recessisse</span> <span class='ocrx_word' id='word_1_359' title='bbox 1514 4017 1587 4070; x_wconf 89' lang='lat' dir='ltr'>ab</span> <span class='ocrx_word' id='word_1_360' title='bbox 1614 4017 1722 4071; x_wconf 86' lang='lat' dir='ltr'>hoc</span> <span class='ocrx_word' id='word_1_361' title='bbox 1749 4016 2016 4086; x_wconf 77' lang='lat' dir='ltr'>dogmate</span> <span class='ocrx_word' id='word_1_362' title='bbox 2037 4014 2298 4082; x_wconf 86' lang='lat' dir='ltr'>alioquin</span> <span class='ocrx_word' id='word_1_363' title='bbox 2321 4014 2742 4068; x_wconf 86' lang='lat' dir='ltr'>fundamentali</span> <span class='ocrx_word' id='word_1_364' title='bbox 2758 4015 2942 4085; x_wconf 82' lang='lat' dir='ltr'>prote·</span> 
     </span>
     <span class='ocr_line' id='line_1_35' title="bbox 315 4092 2939 4166; baseline -0 -19"><span class='ocrx_word' id='word_1_365' title='bbox 315 4092 634 4147; x_wconf 77' lang='grc'><strong>3130113011.</strong></span> <span class='ocrx_word' id='word_1_366' title='bbox 662 4094 748 4147; x_wconf 80' lang='lat' dir='ltr'>Ita</span> <span class='ocrx_word' id='word_1_367' title='bbox 775 4110 860 4148; x_wconf 86' lang='lat' dir='ltr'>ex.</span> <span class='ocrx_word' id='word_1_368' title='bbox 884 4113 969 4166; x_wconf 85' lang='lat' dir='ltr'>gr.</span> <span class='ocrx_word' id='word_1_369' title='bbox 997 4096 1197 4151; x_wconf 82' lang='lat' dir='ltr'>scribit</span> <span class='ocrx_word' id='word_1_370' title='bbox 1230 4098 1418 4152; x_wconf 84' lang='lat' dir='ltr'>Hase</span> <span class='ocrx_word' id='word_1_371' title='bbox 1447 4097 1766 4151; x_wconf 85' lang='lat' dir='ltr'>Handbuch</span> <span class='ocrx_word' id='word_1_372' title='bbox 1796 4096 1896 4149; x_wconf 88' lang='lat' dir='ltr'>der</span> <span class='ocrx_word' id='word_1_373' title='bbox 1924 4097 2154 4165; x_wconf 77' lang='lat' dir='ltr'>protest.</span> <span class='ocrx_word' id='word_1_374' title='bbox 2185 4094 2440 4149; x_wconf 87' lang='lat' dir='ltr'>Polemik</span> <span class='ocrx_word' id='word_1_375' title='bbox 2468 4093 2556 4147; x_wconf 90' lang='lat' dir='ltr'>ed.</span> <span class='ocrx_word' id='word_1_376' title='bbox 2584 4103 2617 4148; x_wconf 82' lang='lat'>4</span> <span class='ocrx_word' id='word_1_377' title='bbox 2651 4110 2780 4164; x_wconf 84' lang='lat' dir='ltr'>pag.</span> <span class='ocrx_word' id='word_1_378' title='bbox 2805 4100 2939 4150; x_wconf 78' lang='lat'>264:</span> 
     </span>
     <span class='ocr_line' id='line_1_36' title="bbox 318 4172 2940 4247; baseline -0 -20"><span class='ocrx_word' id='word_1_379' title='bbox 318 4172 492 4235; x_wconf 77' lang='lat' dir='ltr'>„Man</span> <span class='ocrx_word' id='word_1_380' title='bbox 518 4173 658 4227; x_wconf 81' lang='lat' dir='ltr'>darf</span> <span class='ocrx_word' id='word_1_381' title='bbox 677 4189 736 4226; x_wconf 87' lang='lat' dir='ltr'>es</span> <span class='ocrx_word' id='word_1_382' title='bbox 761 4175 912 4230; x_wconf 85' lang='lat' dir='ltr'>offen</span> <span class='ocrx_word' id='word_1_383' title='bbox 936 4178 1334 4247; x_wconf 83' lang='lat' dir='ltr'>aussprechen‚</span> <span class='ocrx_word' id='word_1_384' title='bbox 1378 4178 1507 4231; x_wconf 80' lang='lat' dir='ltr'>dass</span> <span class='ocrx_word' id='word_1_385' title='bbox 1533 4177 1662 4232; x_wconf 87' lang='lat' dir='ltr'>dem</span> <span class='ocrx_word' id='word_1_386' title='bbox 1686 4178 1827 4247; x_wconf 83' lang='lat' dir='ltr'>jetzt</span> <span class='ocrx_word' id='word_1_387' title='bbox 1851 4175 2270 4229; x_wconf 79' lang='lat' dir='ltr'>heri-schenden</span> <span class='ocrx_word' id='word_1_388' title='bbox 2295 4174 2813 4245; x_wconf 85' lang='lat' dir='ltr'>protestantischen</span> <span class='ocrx_word' id='word_1_389' title='bbox 2843 4173 2940 4227; x_wconf 83' lang='lat' dir='ltr'>Be·</span> 
     </span>
     <span class='ocr_line' id='line_1_37' title="bbox 312 4253 2939 4327; baseline 0 -21"><span class='ocrx_word' id='word_1_390' title='bbox 312 4253 627 4308; x_wconf 75' lang='lat' dir='ltr'>wusstsein</span> <span class='ocrx_word' id='word_1_391' title='bbox 652 4255 745 4309; x_wconf 89' lang='lat' dir='ltr'>die</span> <span class='ocrx_word' id='word_1_392' title='bbox 771 4255 1337 4327; x_wconf 81' lang='lat' dir='ltr'>semipelagianische</span> <span class='ocrx_word' id='word_1_393' title='bbox 1366 4257 1661 4327; x_wconf 83' lang='lat' dir='ltr'>Richtung</span> <span class='ocrx_word' id='word_1_394' title='bbox 1688 4257 1786 4310; x_wconf 87' lang='lat' dir='ltr'>des</span> <span class='ocrx_word' id='word_1_395' title='bbox 1813 4255 2208 4311; x_wconf 77' lang='lat' dir='ltr'>katholischen</span> <span class='ocrx_word' id='word_1_396' title='bbox 2236 4253 2455 4324; x_wconf 84' lang='lat' dir='ltr'>Dogma</span> <span class='ocrx_word' id='word_1_397' title='bbox 2483 4255 2660 4308; x_wconf 72' lang='lat' dir='ltr'>nahor</span> <span class='ocrx_word' id='word_1_398' title='bbox 2688 4254 2832 4323; x_wconf 84' lang='lat' dir='ltr'>licgt</span> <span class='ocrx_word' id='word_1_399' title='bbox 2855 4255 2939 4308; x_wconf 84' lang='lat' dir='ltr'>als</span> 
     </span>
     <span class='ocr_line' id='line_1_38' title="bbox 311 4335 2938 4406; baseline 0 -18"><span class='ocrx_word' id='word_1_400' title='bbox 311 4335 420 4389; x_wconf 80' lang='lat' dir='ltr'>das</span> <span class='ocrx_word' id='word_1_401' title='bbox 444 4336 944 4390; x_wconf 84' lang='lat' dir='ltr'>reformatorische</span> <span class='ocrx_word' id='word_1_402' title='bbox 982 4337 1046 4390; x_wconf 87' lang='lat' dir='ltr'>in</span> <span class='ocrx_word' id='word_1_403' title='bbox 1086 4337 1269 4392; x_wconf 87' lang='lat' dir='ltr'>seiner</span> <span class='ocrx_word' id='word_1_404' title='bbox 1308 4338 1541 4390; x_wconf 70' lang='lat' dir='ltr'>dilatem</span> <span class='ocrx_word' id='word_1_405' title='bbox 1570 4337 1849 4406; x_wconf 65' lang='lat' dir='ltr'>Majestat.</span> <span class='ocrx_word' id='word_1_406' title='bbox 1903 4335 2092 4389; x_wconf 86' lang='lat' dir='ltr'>Daher</span> <span class='ocrx_word' id='word_1_407' title='bbox 2117 4336 2436 4406; x_wconf 84' lang='lat' dir='ltr'>geschehen</span> <span class='ocrx_word' id='word_1_408' title='bbox 2463 4335 2557 4399; x_wconf 82' lang='lat' dir='ltr'>ist,</span> <span class='ocrx_word' id='word_1_409' title='bbox 2601 4335 2730 4388; x_wconf 85' lang='lat' dir='ltr'>dass</span> <span class='ocrx_word' id='word_1_410' title='bbox 2756 4337 2938 4405; x_wconf 79' lang='lat' dir='ltr'>prote·</span> 
     </span>
     <span class='ocr_line' id='line_1_39' title="bbox 314 4414 2937 4488; baseline -0.001 -19"><span class='ocrx_word' id='word_1_411' title='bbox 314 4414 634 4470; x_wconf 70' lang='grc' dir='ltr'><strong>313011301ιο</strong></span> <span class='ocrx_word' id='word_1_412' title='bbox 675 4416 999 4488; x_wconf 81' lang='lat' dir='ltr'>&#39;I&#39;heologen</span> <span class='ocrx_word' id='word_1_413' title='bbox 1044 4433 1271 4471; x_wconf 81' lang='lat' dir='ltr'>unserer</span> <span class='ocrx_word' id='word_1_414' title='bbox 1309 4417 1479 4487; x_wconf 81' lang='lat' dir='ltr'>Tage,</span> <span class='ocrx_word' id='word_1_415' title='bbox 1521 4417 1639 4470; x_wconf 88' lang='lat' dir='ltr'>und</span> <span class='ocrx_word' id='word_1_416' title='bbox 1684 4418 1874 4471; x_wconf 87' lang='lat' dir='ltr'>solche</span> <span class='ocrx_word' id='word_1_417' title='bbox 1918 4416 2010 4470; x_wconf 85' lang='lat' dir='ltr'>die</span> <span class='ocrx_word' id='word_1_418' title='bbox 2054 4416 2174 4469; x_wconf 81' lang='lat' dir='ltr'>sich</span> <span class='ocrx_word' id='word_1_419' title='bbox 2220 4416 2311 4468; x_wconf 74' lang='lat' dir='ltr'>fur</span> <span class='ocrx_word' id='word_1_420' title='bbox 2351 4415 2562 4485; x_wconf 66' lang='lat' dir='ltr'>Trager</span> <span class='ocrx_word' id='word_1_421' title='bbox 2600 4415 2698 4468; x_wconf 87' lang='lat' dir='ltr'>des</span> <span class='ocrx_word' id='word_1_422' title='bbox 2743 4414 2937 4467; x_wconf 86' lang='lat' dir='ltr'>reinen</span> 
     </span>
     <span class='ocr_line' id='line_1_40' title="bbox 314 4493 2938 4570; baseline -0.002 -20"><span class='ocrx_word' id='word_1_423' title='bbox 314 4496 736 4551; x_wconf 83' lang='lat' dir='ltr'>Lutherthums</span> <span class='ocrx_word' id='word_1_424' title='bbox 762 4496 1043 4563; x_wconf 83' lang='lat' dir='ltr'>achteten,</span> <span class='ocrx_word' id='word_1_425' title='bbox 1066 4496 1153 4551; x_wconf 84' lang='lat' dir='ltr'>als</span> <span class='ocrx_word' id='word_1_426' title='bbox 1178 4499 1290 4552; x_wconf 88' lang='lat' dir='ltr'>den</span> <span class='ocrx_word' id='word_1_427' title='bbox 1314 4498 1817 4570; x_wconf 81' lang='lat' dir='ltr'>seligmachenden</span> <span class='ocrx_word' id='word_1_428' title='bbox 1843 4497 2100 4552; x_wconf 84' lang='lat' dir='ltr'>Glauben</span> <span class='ocrx_word' id='word_1_429' title='bbox 2143 4496 2350 4568; x_wconf 82' lang='lat' dir='ltr'>gerade</span> <span class='ocrx_word' id='word_1_430' title='bbox 2390 4496 2499 4550; x_wconf 90' lang='lat' dir='ltr'>den</span> <span class='ocrx_word' id='word_1_431' title='bbox 2542 4497 2601 4549; x_wconf 89' lang='lat' dir='ltr'>in</span> <span class='ocrx_word' id='word_1_432' title='bbox 2642 4496 2742 4548; x_wconf 88' lang='lat' dir='ltr'>der</span> <span class='ocrx_word' id='word_1_433' title='bbox 2768 4493 2938 4547; x_wconf 87' lang='lat' dir='ltr'>Liebe</span> 
     </span>
     <span class='ocr_line' id='line_1_41' title="bbox 314 4574 2932 4649; baseline -0.001 -21"><span class='ocrx_word' id='word_1_434' title='bbox 314 4575 586 4646; x_wconf 71' lang='lat' dir='ltr'>thatigen</span> <span class='ocrx_word' id='word_1_435' title='bbox 617 4576 1000 4642; x_wconf 86' lang='lat' dir='ltr'>beschrieben,</span> <span class='ocrx_word' id='word_1_436' title='bbox 1027 4595 1213 4649; x_wconf 84' lang='lat' dir='ltr'>genau</span> <span class='ocrx_word' id='word_1_437' title='bbox 1244 4580 1389 4633; x_wconf 78' lang='lat' dir='ltr'>nach</span> <span class='ocrx_word' id='word_1_438' title='bbox 1416 4579 1544 4633; x_wconf 87' lang='lat' dir='ltr'>dem</span> <span class='ocrx_word' id='word_1_439' title='bbox 1565 4577 2015 4633; x_wconf 80' lang='lat' dir='ltr'>scholastischen</span> <span class='ocrx_word' id='word_1_440' title='bbox 2034 4575 2251 4647; x_wconf 84' lang='lat' dir='ltr'>Begriff</span> <span class='ocrx_word' id='word_1_441' title='bbox 2271 4576 2371 4630; x_wconf 89' lang='lat' dir='ltr'>der</span> <span class='ocrx_word' id='word_1_442' title='bbox 2398 4576 2534 4629; x_wconf 89' lang='lat' dir='ltr'>fides</span> <span class='ocrx_word' id='word_1_443' title='bbox 2554 4576 2797 4630; x_wconf 83' lang='lat' dir='ltr'>formata</span> <span class='ocrx_word' id='word_1_444' title='bbox 2818 4574 2932 4627; x_wconf 85' lang='lat' dir='ltr'>und</span> 
     </span>
     <span class='ocr_line' id='line_1_42' title="bbox 310 4654 2937 4727; baseline -0.001 -18"><span class='ocrx_word' id='word_1_445' title='bbox 310 4656 423 4709; x_wconf 83' lang='lat' dir='ltr'>ihu</span> <span class='ocrx_word' id='word_1_446' title='bbox 450 4657 638 4710; x_wconf 81' lang='lat' dir='ltr'>ciuem</span> <span class='ocrx_word' id='word_1_447' title='bbox 668 4655 1021 4712; x_wconf 81' lang='lat' dir='ltr'>vermeinten</span> <span class='ocrx_word' id='word_1_448' title='bbox 1047 4656 1446 4714; x_wconf 83' lang='lat' dir='ltr'>katholischen</span> <span class='ocrx_word' id='word_1_449' title='bbox 1472 4657 1709 4727; x_wconf 81' lang='lat' dir='ltr'>Dogma‚</span> <span class='ocrx_word' id='word_1_450' title='bbox 1736 4659 1837 4712; x_wconf 89' lang='lat' dir='ltr'>der</span> <span class='ocrx_word' id='word_1_451' title='bbox 1856 4656 2333 4726; x_wconf 84' lang='lat' dir='ltr'>Rechtfertigung</span> <span class='ocrx_word' id='word_1_452' title='bbox 2360 4657 2538 4710; x_wconf 84' lang='lat' dir='ltr'>durch</span> <span class='ocrx_word' id='word_1_453' title='bbox 2568 4657 2706 4726; x_wconf 86' lang='lat' dir='ltr'>gute</span> <span class='ocrx_word' id='word_1_454' title='bbox 2726 4654 2937 4708; x_wconf 86' lang='lat' dir='ltr'>Werke</span> 
     </span>
     <span class='ocr_line' id='line_1_43' title="bbox 309 4736 895 4807; baseline 0 -17"><span class='ocrx_word' id='word_1_455' title='bbox 309 4736 895 4807; x_wconf 76' lang='lat' dir='ltr'>entgegenstellten.“</span> 
     </span>
    </p>
   </div>
   <div class='ocr_carea' id='block_1_7' title="bbox 2546 4831 2603 4883">
    <p class='ocr_par' dir='ltr' id='par_1_8' title="bbox 2546 4831 2603 4883">
     <span class='ocr_line' id='line_1_44' title="bbox 2546 4831 2603 4883; baseline 0 -32"><span class='ocrx_word' id='word_1_456' title='bbox 2546 4831 2603 4883; x_wconf 78' lang='lat'>9.</span> 
     </span>
    </p>
   </div>
  </div>
 </body>
</html>
