3538 5364
564 265 685 328 138
905 254 1090 309 Tract.
1116 253 1266 308 Vm.
1293 253 1363 307 de
1382 252 1809 321 justificaiione.
1840 252 2039 307 'rhesis
2065 251 2297 307 CXCIX.
2330 253 2392 306 [n
2411 252 2826 322 justificatione

556 460 755 501 veram
786 444 849 500 et
879 440 1176 516 propriam
1208 439 1499 497 rationem
1520 439 1746 514 peccati
1765 438 1960 508 habet,
1995 438 2101 498 sed
2132 438 2285 497 illud
2317 438 2466 497 dicit
2494 441 2734 497 tantum
2762 439 2892 497 radi
2923 445 3030 499 aut
3058 459 3180 500 non

556 531 862 606 imputari,
896 531 964 593 A.
998 532 1097 591 S.‘
1145 528 1440 603 Loquitur
1470 527 1711 603 quidem
1745 528 2067 587 concilium
2097 530 2335 586 tantum
2366 527 2440 586 de
2470 532 2710 603 peccato
2741 528 3040 606 originali,
3075 529 3179 588 sed

558 619 715 693 quod
748 619 820 678 de
854 620 964 676 hoc
995 618 1341 686 affirmatur,
1390 616 1461 676 de
1508 616 1641 675 aliis
1689 636 1929 693 quoque
1960 617 2213 693 peccatis
2243 620 2337 676 est
2366 617 2711 689 tenendum,
2759 620 2831 675 ut
2875 618 3065 693 liquet
3109 636 3178 676 ex

555 709 871 768 collatione
903 725 1045 766 sess.
1082 718 1116 770 6
1152 726 1275 782 cap.
1314 716 1367 769 7.
1430 705 1565 765 Non
1614 709 1811 765 tamen
1845 701 1910 769 1.
1944 706 2358 766 contendimus
2391 710 2627 782 peccata
2658 706 2841 766 deleri
2875 706 2940 765 in
2972 706 3179 774 ordine

555 797 838 856 historico
872 814 979 856 seu
1010 796 1135 855 fieri
1155 795 1404 866 infecta3
1438 797 1537 853 sed
1572 795 1824 855 dicimus
1855 793 1924 859 2.
1960 814 2095 854 vere
2125 795 2368 866 remitti,
2403 795 2490 853 ita
2521 797 2591 854 ut
2619 795 2684 853 in
2716 795 2944 854 ratione
2969 796 3179 872 culpae

555 886 934 962 provocantis
965 885 1115 943 iram
1146 903 1213 942 ea
1244 884 1419 960 plane
1450 887 1702 955 cessent,
1736 903 1802 943 ac
1834 885 1888 943 si
1918 886 2192 960 peccator
2220 902 2529 958 nunquam
2561 887 2874 961 peccasset.
2921 884 3182 960 Ideoque

556 971 618 1041 3,
652 974 931 1034 delentur
961 975 1026 1033 in
1058 973 1266 1032 ordine
1296 972 1528 1043 morali,
1574 976 1648 1032 ut
1692 974 1955 1048 amplius
1998 990 2121 1032 non
2167 973 2305 1034 sint.
2371 974 2633 1031 Possunt
2665 992 2903 1048 quoque
2946 969 3011 1036 4.
3057 973 3180 1032 dici

556 1064 741 1123 deleri
779 1064 844 1123 in
888 1063 1095 1123 ordine
1128 1062 1372 1139 physico
1405 1062 1634 1121 ratione
1666 1063 1982 1139 cujusdam
2011 1063 2293 1133 maculae,
2341 1082 2519 1138 quam
2563 1062 2761 1121 anima
2804 1066 3040 1139 peccato
3085 1062 3181 1120 in-

555 1153 744 1212 currit
773 1151 1100 1211 amittendo
1145 1152 1400 1229 gratiam
1447 1151 1936 1223 sanctificantem,
1985 1153 2159 1227 cujus
2205 1151 2467 1210 defectus
2513 1151 2769 1210 animam
2814 1151 2936 1210 Deo
2981 1151 3183 1229 reddit

552 1242 829 1311 invisam,
876 1244 937 1301 et
980 1260 1132 1316 quae
1179 1241 1242 1299 in
1272 1240 1700 1316 justificatione
1730 1241 2092 1304 restituitur.
2161 1240 2368 1300 Thesis
2399 1243 2493 1299 est
2524 1243 2730 1298 contra
2760 1243 3181 1316 protestantes,

554 1331 883 1390 secundum
927 1348 1078 1407 quos
1128 1332 1365 1405 peccata
1411 1330 1476 1388 in
1518 1328 1944 1404 justificatione
1989 1333 2281 1407 teguntur
2322 1332 2578 1400 tantum,
2629 1347 2751 1388 non
2799 1329 3183 1405 imputantur

553 1420 722 1478 nulla
752 1420 904 1479 sacta
933 1438 1072 1483 vera
1103 1419 1554 1478 emundatione:
1591 1437 1740 1492 quae
1764 1438 1968 1478 eorum
1990 1418 2192 1494 opinio
2213 1421 2509 1494 quatenus
2529 1419 2784 1477 affirmat
2803 1422 3180 1494 peccatorum

553 1527 671 1568 non
716 1507 1191 1586 imputationem,
1240 1527 1380 1567 vera
1423 1509 1546 1566 est:
1595 1513 1892 1582 quatenus
1938 1511 2117 1585 negat
2147 1527 2346 1566 veram
2378 1507 2881 1582 emundationem,
2926 1526 3179 1583 prorsus

551 1604 644 1656 est
675 1596 1057 1673 reprobanda.

735 1723 876 1788 161.
910 1717 1485 1785 Demonstratlo.
1557 1719 1615 1784 l.
1653 1715 1973 1782 Probatur
2026 1717 2223 1782 thesis
2274 1735 2353 1781 ex
2400 1715 2629 1782 divinis
2673 1716 2886 1780 literis.
2949 1715 3081 1779 Etsi
3112 1716 3180 1778 in

552 1823 882 1906 Scriptura
912 1823 1183 1888 subinde
1216 1823 1444 1887 dicitur
1476 1823 1648 1887 Deus
1695 1830 1981 1903 tegere
2027 1830 2300 1905 peccata
2346 1831 2412 1888 et
2460 1842 2594 1887 non
2624 1822 2942 1904 imputare
2974 1828 3046 1885 ut
3075 1820 3174 1885 Ps.

552 1935 657 2007 31,
699 1939 764 2007 13
826 1930 930 1994 Ez.
965 1934 1068 2007 33,
1111 1935 1220 2005 163
1270 1934 1327 1997 2.
1361 1929 1503 1994 Cor.
1538 1935 1598 2008 5,
1643 1935 1751 1999 19:
1800 1930 2177 2013 saepissime
2210 1936 2448 2008 tamen,
2495 1947 2641 1993 cum
2688 1929 2769 1994 de
2801 1929 3177 1994 remissione

550 2043 967 2119 peccatorum
999 2044 1097 2101 est
1127 2056 1357 2113 serm0,
1394 2056 1473 2102 ea
1506 2037 1805 2102 dicuntur
1836 2058 1903 2105 a.
1938 2037 2144 2110 tolli,
2181 2036 2416 2102 auferri
2447 2036 2629 2101 Joan.
2668 2041 2723 2113 1,
2757 2042 2874 2111 293
2910 2042 3176 2099 trans-

552 2142 756 2208 ferri
786 2148 843 2211 2.
878 2144 1028 2225 Reg.
1065 2148 1167 2222 12,
1210 2151 1322 2219 13;
1370 2144 1614 2225 longe
1644 2144 1784 2208 fieri
1813 2143 1915 2207 Ps.
1956 2149 2099 2219 102,
2137 2149 2252 2219 12;
2305 2145 2566 2209 deleri
2601 2144 2737 2206 Act.
2774 2148 2831 2218 3,
2871 2149 2984 2218 19;
3035 2142 3173 2207 lsai.

552 2255 658 2326 44,
692 2254 813 2326 22;
867 2251 1244 2316 mundari
1274 2251 1499 2333 Ephes.
1535 2258 1596 2327 5,
1631 2256 1714 2321 26
1748 2272 1830 2326 s.;
1882 2251 1981 2315 Ez.
2022 2256 2126 2327 36,
2166 2257 2283 2327 25;
2336 2249 2562 2315 ablui
2615 2259 2665 2318 1.
2700 2247 2842 2313 Cor.
2875 2255 2935 2325 6,
2971 2254 3072 2323 11,
3106 2256 3178 2312 ut

552 2358 777 2421 sordes
823 2363 888 2423 et
932 2358 1225 2422 maculae
1273 2359 1567 2423 delentur
1597 2357 1695 2421 Ps.
1731 2363 1835 2436 50,
1869 2363 1941 2433 9;
2004 2365 2061 2428 2.
2095 2356 2236 2422 Cor.
2275 2364 2331 2434 7,
2367 2363 2437 2434 1;
2501 2356 2688 2421 Hebr.
2723 2361 2781 2434 9,
2823 2362 2934 2433 133
2994 2375 3174 2437 pur·

552 2463 730 2543 gari
762 2463 841 2527 ib.
886 2471 935 2541 1,
970 2469 1043 2541 ὃς
1091 2471 1228 2542 etc.,
1279 2466 1443 2530 adeo
1476 2471 1547 2529 ut
1581 2467 1648 2533 b.
1675 2465 2059 2547 justificatus
2092 2466 2174 2529 sit
2206 2465 2283 2529 lo
2304 2471 2432 2529 tus
2479 2471 2544 2529 et
2575 2463 2911 2528 dealbatus
2943 2461 3081 2525 lsai.
3122 2469 3173 2539 1,

558 2576 670 2646 18;
718 2589 816 2634 no
836 2591 873 2634 v
894 2591 983 2635 us
1015 2572 1228 2648 homo,
1262 2573 1491 2636 iterum
1526 2578 1801 2649 creatuS,
1836 2572 2021 2653 quasi
2053 2572 2225 2653 quod
2259 2577 2452 2637 antea
2485 2570 2712 2644 fuerat,
2743 2570 2827 2634 sit
2857 2569 3174 2633 annihila-

553 2688 689 2744 tum
722 2678 822 2743 Ps.
857 2682 961 2756 50,
1001 2687 1112 2753 12ς
1148 2685 1205 2746 2.
1241 2678 1381 2744 Cor.
1417 2682 1475 2755 5,
1513 2685 1630 2754 17;
1675 2686 1948 2762 peccata
1993 2698 2054 2748 c.
2103 2677 2484 2744 exhibentur
2532 2684 2604 2742 ut
2646 2676 2897 2754 livoreS,
2928 2675 3174 2759 plagae,

544 2787 904 2867 languoreS,
955 2785 1181 2861 morbi,
1231 2784 1516 2861 vulnera,
1548 2803 1715 2867 quae
1749 2785 2049 2850 dicuntur
2098 2803 2242 2849 san
2263 2785 2420 2860 ari;
2470 2785 2571 2849 vel
2603 2790 2673 2847 ut
2704 2783 2976 2858 vincula,
3009 2799 3176 2865 quae

545 2894 880 2957 solvuntur
910 2892 1092 2956 Rom.
1128 2897 1186 2968 6,
1222 2897 1337 2966 22;
1384 2893 1484 2956 vel
1529 2899 1601 2956 ut
1631 2911 1827 2968 morS,
1861 2911 2029 2975 quae
2062 2891 2406 2957 collatione
2438 2908 2648 2955 novae
2680 2891 2923 2967 vitae,
2956 2907 3177 2954 resus-

546 3001 850 3065 citatione
901 2998 1256 3063 excluditur
1287 2998 1440 3081 Eph.
1482 3005 1540 3077 2,
1582 3004 1654 3069 5:
1708 3000 1864 3064 Cum
1911 3021 2177 3064 essemus
2207 3001 2438 3062 mortui
2463 2999 2757 3083 peccatis,
2789 2996 3176 3079 convivifica-

545 3113 627 3172 vit
660 3127 774 3170 nos
805 3106 1026 3193 (Deus)
1059 3107 1126 3169 in
1162 3104 1407 3169 Christo
1438 3104 1503 3168 J.
1534 3128 1562 3186 ,·
1597 3114 1654 3182 1.Δ
1683 3106 1868 3171 Joan.
1904 3111 1962 3184 3,
2002 3112 2116 3182 14;
2150 3107 2332 3169 Rom.
2370 3112 2429 3181 6,
2462 3111 2506 3174 4
2536 3125 2652 3182 ss.;
2685 3112 2893 3170 status
2924 3103 3174 3187 peccati

545 3215 611 3282 d.
646 3211 982 3277 exhibetur
1013 3218 1084 3276 ut
1115 3216 1322 3275 status
1354 3212 1792 3289 tenebrarum,
1839 3218 2046 3277 status
2087 3211 2375 3294 justitiae
2422 3219 2494 3277 ut
2538 3218 2746 3277 status
2776 3212 2986 3276 lucis
3017 3209 3172 3292 Eph.

547 3323 606 3395 5,
640 3324 712 3388 8:
749 3317 964 3382 Eratis
994 3320 1158 3381 enim
1191 3318 1532 3402 aliquando
1568 3321 1874 3402 tenebrae,
1919 3340 2087 3382 nunc
2117 3325 2324 3382 autem
2358 3322 2468 3383 lux
2497 3320 2566 3382 in
2598 3318 2870 3383 Domino
2889 3343 2911 3386 .·
2957 3324 3027 3380 αἱ
3055 3317 3178 3398 filii

544 3427 700 3488 lum’s
731 3424 1081 3504 ambulate‚·
1123 3432 1171 3492 1.
1205 3424 1373 3488 Petr.
1408 3431 1466 3502 2,
1502 3429 1575 3501 9;
1628 3426 1861 3508 quibus
1897 3425 2196 3490 omnibus
2230 3425 2286 3489 si
2316 3443 2448 3489 non
2484 3424 2855 3506 designatur
2885 3441 3041 3488 vera
3069 3443 3174 3488 re-

548 3529 765 3595 missio
798 3530 1157 3613 deletioque
1191 3538 1625 3612 peccatorum,
1661 3533 1864 3597 verba
1896 3534 2144 3610 desunt,
2178 3531 2410 3616 quibus
2457 3551 2537 3597 ea
2581 3531 2922 3614 significari
2954 3529 3173 3612 possit.

723 3637 787 3707 2.
819 3635 1100 3703 Dedecet
1131 3637 1335 3702 Deum
1367 3637 1416 3701 P
1436 3645 1562 3702 atr
1581 3657 1716 3717 ern,
1764 3640 1947 3722 cujus
1979 3640 2143 3705 adeo
2177 3639 2397 3703 mundi
2428 3646 2578 3704 sunt
2610 3639 2796 3715 oculi,
2828 3643 2899 3702 ut
2931 3637 3174 3700 malum

545 3743 762 3808 videre
813 3751 878 3809 et
925 3744 1009 3808 ad
1057 3745 1459 3827 iniquitatem
1512 3747 1839 3829 respicere
1888 3766 2021 3812 non
2069 3749 2321 3830 possint
2355 3748 2538 3835 (Hab.
2580 3753 2633 3824 1,
2674 3749 2798 3833 13),
2831 3746 3077 3812 amicos
3109 3750 3176 3810 et

545 3849 706 3915 filios
737 3857 1007 3932 peccato
1041 3851 1254 3916 adhuc
1284 3853 1646 3917 maculatos
1667 3854 1930 3920 babere.
1965 3853 2247 3919 Dedecet
2277 3853 2480 3919 Deum
2515 3852 2831 3929 Filium,
2863 3853 2972 3934 qui
3000 3852 3176 3917 venit

544 3956 726 4023 Adae
756 3959 1009 4022 ruinam
1041 3977 1362 4041 reparare,
1413 3961 1469 4024 si
1515 3960 1578 4024 id
1631 3979 1762 4025 non
1808 3961 2017 4043 potuit
2046 3968 2379 4044 praestare
2412 3969 2477 4028 et
2507 3964 2562 4027 si
2592 3967 2847 4027 tantum
2892 3960 3174 4025 exterius

546 4062 868 4129 dealbavit
887 4065 1244 4129 humanum
1265 4084 1464 4146 genus
1484 4066 1752 4131 interius
1774 4068 1954 4133 Adae
1973 4076 2241 4149 peccato
2274 4068 2597 4147 infectum,
2628 4065 3173 4151 quemadmodum

544 4171 840 4252 sepulcra
871 4170 1160 4236 dealbari
1191 4173 1419 4251 solent,
1450 4180 1524 4237 ut
1555 4192 1680 4256 app
1692 4181 1922 4240 areant
1952 4175 2249 4256 speciosa
2282 4175 2530 4260 (Matth.
2566 4182 2670 4254 23,
2706 4176 2835 4263 27).
2899 4172 3178 4238 Dedecet

545 4276 749 4342 Deum
782 4274 1099 4359 Spiritu
1116 4299 1180 4343 m
1212 4299 1279 4356 s,
1313 4281 1573 4362 quinon
1594 4282 1846 4347 habitat
1863 4282 1928 4346 in
1949 4299 2220 4363 corpore
2240 4281 2497 4347 subdito
2519 4288 2788 4365 peccato
2811 4279 2984 4369 (Sap.
3010 4287 3063 4358 1,
3078 4281 3166 4368 4),

544 4382 786 4465 templa
815 4384 1095 4452 incolere
1143 4393 1413 4468 peccato
1466 4387 1821 4470 inquinata.
1885 4388 2080 4470 Atqui
2128 4388 2292 4453 haec
2340 4396 2491 4453 sunt
2540 4387 2939 4464 affirmanda,
2985 4387 3057 4463 si,
3100 4393 3171 4450 ut

545 4495 977 4571 protestantes
1008 4493 1424 4571 contendunt,
1466 4500 1735 4575 peccata
1780 4495 1845 4557 in
1882 4493 2338 4575 justificatione
2384 4502 2683 4577 teguntur
2733 4500 3004 4570 tantum,
3037 4510 3166 4556 non

545 4614 699 4662 vero
733 4597 1039 4677 delentur,
1072 4599 1237 4665 adeo
1271 4607 1342 4663 ut
1374 4606 1699 4677 maneant,
1731 4601 2032 4683 quamvis
2064 4619 2197 4663 non
2228 4602 2639 4682 imputentur.
