3538 5364
626 276 757 340 402
1162 265 1345 319 Tract.
1376 265 1468 318 IX.
1496 265 1565 317 de
1594 264 1870 318 sacrificio
1900 264 2122 321 missae.
2149 263 2358 317 Variae
2386 263 2701 319 sententiae

622 452 927 532 frangibili
956 450 1149 528 paniS,
1196 468 1267 510 ex
1297 450 1482 508 altera
1511 469 1670 521 ver0,
1717 451 1881 509 solus
1912 450 2154 527 sanguis
2187 449 2251 510 in
2283 449 2494 509 habitu
2526 450 2833 509 effusionis
2867 449 2981 509 sub
3017 448 3242 524 liquida

625 543 820 622 specie
848 541 997 607 vini.

802 662 866 732 3.
913 667 1190 725 Suarez
1232 667 1419 735 notat,
1465 664 1527 722 in
1574 663 1857 723 sacrificio
1902 663 2129 739 requiri
2176 662 2415 739 quidem
2447 663 2923 722 immutationem
2959 661 3238 737 aliquam,

625 776 746 815 non
775 762 977 815 tamen
1005 754 1334 813 necessario
1379 753 1782 812 destructione
1825 753 1911 811 rei
1956 753 2296 829 principalis
2341 753 2592 823 oblatae,
2640 771 2791 828 quae
2837 751 2957 810 fuit
2998 751 3242 827 propria

626 845 1045 904 sacrificiorum
1064 843 1131 903 V.
1148 843 1240 906 T.:
1276 846 1381 911 ,at
1409 861 1550 902 vero
1581 843 1645 900 in
1676 845 1883 901 nostro
1915 841 2215 913 sacrificio,
2249 842 2393 918 quia
2425 860 2529 917 per
2560 841 2849 900 actionem
2883 844 3240 917 supernatu-

624 935 805 993 ralem
838 938 899 992 et
935 932 1199 990 divinam
1231 931 1552 1007 perficitur,
1599 931 1740 990 licet
1769 931 2103 990 substantia
2133 930 2304 1007 panis
2352 934 2414 990 et
2458 930 2585 990 vini
2631 930 2996 1000 destruatur,
3042 933 3241 988 tamen

627 1023 787 1098 quod
807 1021 1184 1099 potissimum
1203 1020 1558 1091 intenditur,
1591 1023 1681 1079 est
1710 1020 1938 1079 effectio
1971 1022 2034 1079 et
2061 1020 2458 1096 praesentatio
2491 1016 2588 1102 (ut
2617 1019 2704 1078 ita
2734 1016 2951 1100 dicam)
2985 1019 3241 1095 corporis

625 1119 687 1171 et
717 1111 1031 1188 sanguinis
1052 1109 1272 1169 Christi
1293 1128 1474 1185 super
1503 1110 1687 1168 altare
1706 1108 1813 1167 Dei
1845 1109 1908 1169 in
1938 1109 2221 1168 honorem
2242 1110 2294 1185 ej
2305 1129 2371 1167 us
2387 1117 2413 1147 ‘
2440 1105 2619 1191 (disp.
2645 1118 2721 1172 75
2747 1126 2792 1167 S.
2819 1119 2851 1172 5
2875 1126 2933 1168 n.
2960 1103 3044 1191 6).
3079 1107 3240 1166 Sicut

626 1200 977 1260 sacrificium
1010 1199 1238 1259 incensi
1269 1216 1392 1257 non
1421 1200 1542 1257 tam
1577 1198 1641 1257 in
1675 1198 2086 1258 combustione
2117 1198 2333 1269 thuris,
2382 1215 2561 1274 quam
2592 1198 2654 1256 in
2687 1196 3077 1274 productione
3107 1216 3240 1255 sua·

624 1290 855 1349 vissimi
889 1288 1088 1349 odoris
1120 1288 1225 1346 illa
1255 1287 1479 1357 effecta,
1528 1290 1589 1345 et
1633 1287 1987 1346 sacrificium
2019 1287 2134 1347 olei
2163 1287 2229 1346 in
2260 1288 2649 1363 productione
2679 1286 2927 1345 luminis
2960 1285 3238 1345 consiste·

624 1380 744 1438 bat.
807 1377 1147 1454 Respondet
1191 1380 1391 1435 autem
1437 1376 1652 1451 duplex
1698 1376 1841 1435 haec
1885 1376 2222 1436 immutatio
2270 1377 2592 1436 characteri
2635 1376 2876 1452 proprio
2924 1375 3241 1452 utriusque

625 1468 1006 1527 Testamenti.
1072 1467 1123 1524 A
1155 1466 1367 1535 Suarez
1399 1483 1519 1524 non
1566 1465 1826 1524 multum
1872 1465 2191 1525 dissent-ire
2236 1466 2477 1525 videtur
2508 1466 2546 1523 S
2565 1466 2903 1524 cheeben
2936 1465 3110 1540 Myst.
3142 1464 3241 1522 des

625 1557 983 1616 Christenth.
1018 1553 1050 1623 ὃ
1088 1564 1199 1625 72;
1234 1554 1463 1613 Handb.
1497 1554 1602 1612 der
1634 1556 1840 1632 Dogm.
1874 1554 1910 1612 l.
1945 1555 1994 1613 V
2027 1552 2059 1622 ὃ
2097 1563 2219 1619 270
2254 1575 2312 1619 11.
2352 1564 2536 1619 1425.

804 1677 873 1744 4.
906 1681 1099 1739 Aliam
1120 1680 1238 1738 init
1255 1672 1588 1761 viamscard.
1621 1678 2090 1757 Cienfuegos
2124 1679 2197 1739 de
2230 1680 2356 1739 vita
2386 1680 2662 1738 abscond.
2685 1680 2741 1743 d.
2777 1691 2810 1742 5
2848 1698 2894 1739 8.
2931 1689 2988 1751 2,
3031 1698 3239 1739 secun-

627 1772 768 1830 dum
801 1788 980 1847 quem
1010 1770 1301 1839 Christus,
1348 1768 1489 1826 dum
1535 1786 1815 1844 praesens
1858 1769 1926 1827 fit
1972 1770 2427 1841 consecratione,
2461 1770 2722 1844 primum
2752 1773 2983 1828 exercet
3013 1770 3240 1845 aliquos

624 1864 794 1919 actus
815 1859 970 1919 vitae
991 1858 1309 1918 sensitivae
1328 1857 1502 1916 modo
1533 1876 1652 1915 non
1684 1857 1926 1933 quidem
1960 1877 2066 1934 per
2095 1876 2157 1916 se
2190 1858 2560 1917 connaturali
2591 1858 2776 1917 statui
2808 1858 3239 1928 sacramentali,

627 1949 729 2008 sed
762 1948 904 2025 quia
923 1947 1259 2006 humanitas
1278 1945 1548 2004 elevatur
1568 1946 1792 2005 virtute
1811 1946 2013 2005 divina
2044 1946 2117 2005 ad
2148 1948 2300 2005 tales
2322 1950 2490 2006 actus
2510 1948 2878 2007 exercendos.
2923 1948 3073 2005 Tum
3104 1967 3240 2006 vero

626 2037 894 2096 Christus
925 2038 1051 2112 ipse
1084 2036 1232 2094 hanc
1264 2035 1449 2093 vitam
1483 2035 1814 2111 suspendit,
1855 2035 2039 2095 donec
2070 2036 2133 2094 in
2166 2035 2582 2095 commixtione
2614 2036 2943 2113 specierum
2975 2037 3146 2113 panis
3177 2055 3242 2095 ac

624 2126 751 2185 vini
782 2132 1086 2202 tamquam
1119 2126 1375 2201 imagine
1407 2124 1858 2183 resurrectionis
1890 2142 1989 2183 eos
2023 2128 2192 2184 actus
2222 2125 2444 2184 iterum
2476 2126 2743 2184 resumit.
2810 2126 2882 2184 In
2923 2127 3030 2184 hac
3061 2126 3239 2184 sacri-

625 2216 895 2275 ficatione
927 2216 1085 2274 vitae
1119 2214 1437 2274 sensitivae
1467 2213 1708 2289 reponit
1753 2213 1883 2289 ipse
1915 2213 2202 2272 rationem
2235 2215 2540 2273 formalem
2574 2215 2765 2273 nostri
2797 2215 3087 2277 sacrificii.
3150 2214 3240 2273 Ad

625 2306 775 2363 hanc
806 2304 1140 2380 opinionem
1173 2302 1443 2362 accedere
1476 2302 1717 2361 videtur
1748 2302 2084 2380 Rohling
2115 2304 2397 2362 Katholik
2439 2314 2600 2367 1868
2637 2304 2711 2373 11,
2750 2314 2897 2368 279.

801 2431 884 2489 Ex
916 2431 1010 2488 his
1041 2429 1223 2487 variis
1256 2427 1639 2504 opinionibus
1672 2427 1972 2485 sententia
2002 2426 2052 2485 V
2067 2447 2101 2485 a
2118 2445 2145 2485 s
2161 2446 2198 2502 q
2217 2447 2304 2487 ue
2322 2449 2350 2486 z
2367 2428 2419 2486 ii
2463 2432 2553 2487 est
2590 2429 2817 2505 jejun
2833 2448 2897 2497 a;
2945 2428 3242 2487 sententia

621 2522 666 2579 L
682 2540 713 2579 e
729 2539 755 2579 s
770 2520 869 2579 sii
902 2538 935 2579 o
952 2519 990 2577 b
1005 2519 1126 2577 via
1143 2562 1156 2588 ,
1191 2535 1660 2594 magnorumque
1680 2517 2087 2593 theologorum
2110 2534 2406 2576 consensu
2426 2517 2788 2576 communita
2815 2521 2878 2576 et
2905 2517 3047 2593 quia
3065 2519 3241 2594 plana

621 2609 1013 2669 communiter
1042 2608 1137 2666 vel
1169 2608 1233 2665 in
1266 2606 1647 2664 catechismos
1680 2608 1945 2681 recepta;
1993 2606 2291 2665 sententia
2323 2606 2360 2664 S
2378 2606 2584 2665 uarii
2618 2606 2918 2665 nobilis
2949 2610 3240 2682 tantoque

620 2699 859 2776 ingenio
892 2699 1072 2775 digna
1088 2721 1100 2766 3
1135 2696 1433 2755 sententia
1464 2695 1619 2753 card.
1656 2695 1695 2753 C
1710 2695 1730 2752 i
1744 2714 1777 2754 e
1792 2714 1831 2753 n
1851 2695 1927 2754 fu
1942 2714 1973 2754 e
1988 2715 2028 2772 g
2043 2714 2077 2753 o
2094 2715 2121 2754 s
2153 2696 2270 2754 sin
2287 2716 2327 2773 g
2341 2697 2469 2755 ula
2483 2717 2515 2754 r
2530 2696 2550 2753 i
2567 2715 2610 2760 s.
2661 2696 2742 2759 cf.
2764 2697 2975 2755 harum
3006 2697 3236 2774 opinio-

620 2808 765 2847 num
786 2807 1088 2846 censuram
1112 2786 1267 2861 apud
1289 2785 1495 2860 Lugo
1528 2783 1680 2859 disp.
1710 2794 1784 2845 19
1809 2789 1949 2845 sect.
1972 2794 2028 2850 4,
2063 2785 2474 2843 Franzelin
2506 2786 2590 2848 th.
2620 2795 2694 2847 16
2718 2788 2780 2844 et
2812 2786 2911 2843 Th
2931 2785 3239 2844 alhofer

620 2877 723 2936 das
758 2876 935 2953 Opfer
964 2875 1068 2934 des
1101 2877 1168 2937 A.
1201 2894 1259 2932 u.
1292 2874 1363 2932 N.
1396 2874 1461 2930 B.
1494 2876 1525 2945 ἓ
1561 2881 1662 2944 32,
1695 2873 1801 2948 qui
1833 2873 2099 2932 sacrificii
2129 2875 2320 2933 nostri
2351 2874 2642 2933 rationem

800 2996 865 3063 5.
897 3001 986 3058 ita
1014 3000 1294 3076 explicat:
1327 3000 1533 3056 censet
1562 2997 1848 3056 nimirum
1870 2997 2135 3056 sacrificii
2156 2999 2387 3058 cruenti
2424 2999 2612 3059 veluti
2645 2999 2893 3059 formam
2927 3000 3114 3058 fuisse
3146 2999 3235 3056 in-

618 3094 857 3148 ternum
878 3088 1099 3148 Christi
1128 3092 1342 3157 actum,
1377 3105 1496 3162 quo
1528 3105 1591 3145 se
1622 3088 1819 3145 totum
1851 3104 1919 3145 ex
1952 3087 2292 3146 obedientia
2311 3088 2430 3146 Deo
2460 3088 2753 3164 impendit
2783 3093 2845 3148 et
2875 3088 3236 3157 immolavit;

622 3179 802 3253 hujus
835 3178 1082 3237 formam
1113 3181 1431 3248 externam,
1477 3195 1595 3251 qua
1633 3175 1777 3234 haec
1808 3176 2040 3234 interna
2071 3176 2291 3235 oblatio
2322 3180 2558 3236 actuata
2601 3177 2721 3236 fuit
2764 3182 2826 3236 et
2870 3178 3127 3236 exterius
3175 3196 3236 3235 se

620 3266 900 3342 prodidit,
934 3265 1122 3324 fuisse
1153 3269 1403 3325 mortem
1435 3265 1499 3322 in
1530 3283 1718 3336 cruce,
1766 3283 1886 3340 qua
1918 3265 2187 3323 Christus
2223 3265 2403 3324 vitam
2438 3285 2604 3324 suam
2637 3267 2756 3324 Deo
2789 3266 3082 3343 impendit
3111 3283 3234 3324 om-

618 3372 874 3430 nemque
905 3354 1257 3432 sanguinem
1290 3355 1350 3413 in
1383 3355 1513 3430 ejus
1543 3354 1822 3412 honorem
1857 3353 2028 3411 fudit.
2092 3352 2226 3411 Jam
2261 3373 2395 3413 vero
2428 3355 2576 3413 hanc
2607 3355 2950 3414 interiorem
2983 3354 3232 3414 oblatio·

618 3462 752 3502 nem
785 3447 846 3503 et
877 3443 1340 3503 immolationem
1373 3462 1480 3501 seu
1512 3443 1670 3501 hunc
1703 3443 2007 3500 internum
2044 3443 2370 3502 voluntatis
2395 3446 2591 3502 actum
2614 3443 2881 3503 Christus
2903 3450 3231 3512 conservat,

618 3532 959 3592 continuat:
994 3534 1239 3608 ejusque
1260 3532 1517 3592 exterior
1537 3531 1726 3589 forma
1756 3531 1872 3589 alia
1904 3533 1965 3589 et
1996 3531 2293 3606 expressio
2326 3536 2420 3590 est
2452 3533 2609 3591 sicut
2640 3534 2940 3609 quondam
2973 3534 3036 3592 in
3068 3551 3234 3593 cruce

616 3622 863 3680 actualis
908 3621 1117 3681 effusio
1164 3621 1490 3698 sanguinis,
1537 3621 1620 3678 ita
1665 3620 1838 3678 modo
1878 3619 2161 3678 distincta
2193 3620 2509 3696 utriusque
2543 3622 2760 3697 speciei
2793 3617 3234 3704 concecrati01).

826 3859 862 3924 ¹)
884 3893 908 3915 ,‚
921 3854 980 3907 In
996 3852 1096 3906 der
1113 3850 1532 3915 Consecration,
1550 3851 1633 3904 ita
1651 3851 1796 3906 illel.
1816 3869 1862 3904 e.
1879 3871 1934 3906 n.
1956 3857 2036 3914 12,
2054 3850 2185 3904 tritt
2199 3869 2321 3904 nun
2336 3852 2436 3905 der
2452 3853 2811 3907 himmlische
2832 3853 3236 3923 Hohepriester

617 3933 736 3987 und
754 3933 864 3986 mit
876 3933 995 3986 ihm
1013 3932 1133 3985 sein
1149 3930 1538 3984 himmlisches
1555 3930 1728 3999 Opfer
1752 3931 1816 3984 in
1832 3931 1923 3984 die
1941 3931 2188 3984 irdische
2206 3931 2738 3987 Zeitraumlichkeit
2764 3933 2882 3987 und
2898 3933 3156 3988 dadurch
3174 3932 3235 3986 in

614 4013 716 4066 das
755 4013 1002 4066 irdische
1044 4012 1206 4064 Nach
1247 4010 1365 4065 und
1407 4010 1460 4063 N
1464 4011 2038 4070 ebeneinandersein;
2085 4011 2353 4066 wahrend
2394 4029 2453 4065 er
2501 4011 2649 4066 beim
2695 4013 3094 4083 Aussprechen
3137 4012 3237 4066 der

616 4093 1158 4162 Wandlungsworte
1185 4091 1242 4143 in
1273 4090 1440 4145 Form
1468 4091 1567 4144 der
1593 4091 1923 4161 Trennung,
1966 4091 2026 4144 in
2067 4093 2249 4145 forma
2289 4092 2550 4146 sacrificii
2593 4094 2716 4146 sich
2756 4094 2864 4147 auf
2884 4093 3014 4147 dem
3041 4093 3234 4146 Altare

615 4172 1006 4243 gegenwartig
1034 4175 1191 4236 setzt,
1220 4169 1494 4225 vollzieht
1518 4188 1577 4224 er
1602 4171 1710 4224 auf
1729 4172 1856 4225 dem
1886 4173 2098 4236 Altare,
2124 4172 2244 4227 also
2271 4173 2687 4238 zeitraumlich‚
2714 4174 2842 4227 dem
2865 4173 3071 4228 Wesen
3089 4174 3235 4227 nach

613 4269 758 4321 ganz
786 4253 1090 4306 denselben
1117 4252 1400 4321 Opferact,
1446 4250 1698 4304 welchen
1725 4267 1786 4304 er
1812 4252 1963 4306 einst
1987 4268 2078 4305 am
2105 4251 2324 4306 Kreuze
2355 4253 2576 4323 vollzog
2603 4254 2722 4307 und
2752 4254 3008 4308 welchen
3035 4269 3095 4307 er
3114 4253 3235 4322 jen-

613 4331 749 4385 scits
774 4332 853 4385 im
879 4330 1280 4385 himmlischen
1307 4331 1481 4402 Opfer
1509 4329 1799 4388 vollzieht.
1841 4331 1913 4384 Es
1940 4332 2017 4385 ist
2041 4332 2293 4387 derselbe
2320 4331 2735 4403 Opt‘erpriester
2761 4333 2868 4386 wie
2888 4349 2981 4387 am
3003 4331 3234 4394 Kreuze,

613 4411 868 4464 dasselbe
896 4410 1274 4480 Opferobject,
1304 4410 1551 4463 nttmlich
1582 4410 1734 4464 scine
1762 4410 1841 4465 hl.
1868 4410 2227 4465 Menschheit
2265 4412 2411 4466 nach
2441 4411 2596 4465 Seele
2639 4413 2757 4467 und
2787 4411 2942 4476 Leib‚
2987 4411 3233 4467 dieselbe

614 4489 880 4558 Opfertat
920 4490 1132 4542 actuell
1173 4489 1553 4558 festgehalten
1595 4490 1713 4545 und
1757 4491 2276 4561 beziehungsweise
2318 4492 2694 4562 reproduzirt.
2749 4493 2830 4545 Im
2861 4491 3115 4547 Moment
3138 4492 3236 4545 der

614 4569 1017 4622 Consecration
1045 4569 1122 4621 ist
1145 4569 1281 4622 Jesu
1308 4569 1463 4622 Seele
1492 4587 1604 4622 von
1629 4570 1758 4623 dem
1787 4569 2119 4624 wesentlich
2146 4570 2410 4639 gleichen
2439 4573 2912 4642 Opfergehorsam
2955 4573 3073 4626 und
3103 4571 3233 4626 Ent-

612 4648 1045 4720 sagungsgeiste
1073 4651 1299 4718 bewegt
1325 4649 1429 4702 wie
1457 4649 1688 4712 damah,
1715 4651 1799 4704 als
1826 4651 1926 4704 der
1953 4650 2196 4704 Heiland
2242 4669 2335 4705 am
2362 4652 2581 4707 Kreuze
2626 4653 2769 4722 hing
2815 4653 2935 4707 und
2977 4652 3056 4706 im
3084 4653 3232 4707 sinn-

613 4729 850 4800 f‘alligen
877 4729 1334 4799 Blutvergiessen
1393 4729 1588 4782 seinen
1642 4730 2113 4800 Opfergehorsam
2163 4732 2440 4802 betatigte
2483 4733 2601 4786 und
2636 4732 3044 4794 manifestum:
3090 4732 3233 4787 dess-
