3538 5364
587 286 722 351 610
885 278 1069 334 Tract.
1097 278 1162 333 X.
1188 279 1258 332 de
1284 278 1400 333 Deo
1430 281 1904 334 consummatore.
1930 278 2129 333 'rhesis
2156 278 2389 334 CCLXX
2415 280 2484 334 de
2511 279 2645 350 igne
2673 279 2901 335 inferni.

765 457 1120 525 Conferant
1147 478 1207 531 c.
1238 459 1466 526 inferni
1495 460 1707 541 ignem
1737 476 1888 525 cum
1918 459 2082 542 igne,
2113 479 2241 543 quo
2272 468 2698 543 consumptae
2716 461 2894 528 suere
2914 460 3206 530 Sodoma

586 573 652 631 et
683 562 1063 641 Gomorrha,
1095 570 1167 628 ut
1197 562 1843 648 chrysostomus
1893 565 2064 629 hom.
2095 569 2157 633 4.
2190 565 2255 629 in
2286 583 2383 648 ep.
2416 584 2458 632 a
2487 566 2674 634 Rom.
2705 588 2767 633 n.
2798 573 2873 646 33
2922 570 3027 637 vel
3055 588 3206 636 cum

583 673 729 752 igne
760 671 1185 737 subterraneo
1207 672 1539 749 montium,
1560 672 1668 754 qui
1687 672 1991 738 dicuntur
2007 672 2331 755 ignivomi.
2364 673 2458 738 Ita
2490 674 2541 737 P
2556 692 2598 740 a
2613 693 2650 739 c
2665 676 2687 739 i
2702 693 2858 740 anu
2874 696 2908 740 s
2936 695 3205 759 paraen.

584 779 670 845 ad
699 780 933 861 poenit.
965 798 1026 842 n.
1065 782 1179 854 11;
1249 778 1433 854 ,Vim
1463 778 1798 860 gehennae
1831 787 1895 845 et
1926 779 2006 844 de
2037 779 2486 861 praesentibus
2532 782 2892 860 aestimate,
2921 801 3071 849 cum
3101 784 3202 849 fu·

585 883 858 951 mariola
886 885 1208 967 quaedam
1239 885 1555 950 maximos
1585 892 1841 952 montes
1871 885 2308 952 subterraneis
2339 886 2593 968 ignibus
2624 888 3046 973 decoquunt‘

763 1009 1168 1090 Distinguunt
1198 1009 1272 1078 d.
1303 1009 1471 1074 inter
1512 1027 1759 1091 poenas
1804 1012 2092 1092 corporis
2138 1016 2203 1076 et
2235 1010 2523 1088 animae;
2570 1013 2741 1077 inter
2766 1031 3014 1095 poenas
3043 1033 3202 1081 vero

581 1119 872 1200 corporis
903 1118 1119 1199 ignem
1149 1124 1502 1182 recensent
1571 1116 1856 1199 ,Duplex
1901 1118 2356 1184 damnatorum
2400 1137 2614 1200 poena
2659 1120 2852 1185 estin
2886 1118 3205 1203 gehenna,

582 1227 674 1291 ait
704 1226 1078 1290 Isidorus
1109 1225 1268 1308 hisp.
1301 1224 1382 1290 de
1412 1243 1667 1289 summo
1698 1223 1875 1289 bono
1907 1224 1950 1301 Ι,
1983 1229 2057 1294 3:
2089 1243 2364 1308 quorum
2396 1233 2462 1290 et
2488 1233 2773 1291 mentem
2801 1227 2928 1292 urit
2946 1228 3203 1293 tristitia

580 1341 649 1398 et
678 1350 915 1415 corpus
946 1331 1207 1397 flamma
1230 1331 1408 1413 justa
1437 1330 1891 1409 vicissitudine,
1924 1337 1994 1396 ut
2026 1330 2136 1414 qui
2165 1339 2382 1397 mente
2404 1338 2841 1397 tractaverant
2860 1334 3037 1416 quod
3055 1351 3211 1399 cor-

580 1458 739 1521 pore
769 1438 1165 1521 perficerent,
1199 1437 1389 1503 simul
1422 1445 1486 1504 et
1518 1438 1735 1502 animo
1766 1438 2120 1521 puniantur
2151 1443 2216 1504 et
2246 1451 2572 1521 corpore.‘

757 1584 818 1632 e.
851 1562 1182 1643 Quaerunt
1212 1570 1565 1646 praeterea,
1598 1580 1727 1645 quo
1757 1567 1952 1644 pacto
1983 1563 2145 1644 ignis
2175 1569 2478 1645 torquere
2507 1564 2713 1646 possit
2741 1564 3018 1645 spiritus,

756 1693 942 1763 Quam
991 1692 1453 1769 possibilitatem
1502 1693 1721 1769 Augu
1737 1692 2003 1751 stinus
2053 1691 2139 1751 ita
2186 1691 2409 1751 nititur
2456 1692 2764 1751 illustrare
2812 1692 2886 1751 de
2931 1692 3042 1754 civ.
3089 1694 3214 1753 Dei

578 1781 729 1853 XXI,
770 1794 795 1845 1
811 1793 880 1845 οε
940 1782 1088 1851 ,Cur
1116 1800 1234 1841 non
1266 1781 1550 1851 dicamus,
1586 1781 1858 1857 quamvis
1887 1780 2055 1840 miris
2085 1784 2288 1840 tamen
2317 1781 2476 1841 veris
2506 1782 2699 1841 modis
2732 1781 2914 1840 etiam
2945 1782 3213 1858 spiritus-

576 1873 950 1947 incorporeos
994 1889 1166 1948 pomo
1209 1888 1399 1946 poena
1428 1869 1746 1946 corporalis
1789 1869 1951 1946 ignis
1996 1869 2200 1947 affligi,
2254 1870 2308 1929 si
2358 1870 2609 1946 spiritus
2656 1870 2968 1930 hominum
3018 1871 3202 1930 etiam

574 1961 692 2036 ipsi
719 1961 983 2037 profecto
1014 1959 1344 2035 incorporei
1375 1962 1438 2019 et
1466 1977 1628 2019 nunc
1657 1962 1986 2035 potuerunt
2016 1958 2244 2018 includi
2282 1959 2345 2018 in
2378 1958 2789 2036 corporalibus
2823 1958 3106 2019 membris
3137 1966 3218 2021 et·

574 2054 722 2109 tunc
752 2051 1038 2125 poterunt
1067 2066 1382 2124 corporum
1414 2065 1658 2107 suorum
1690 2048 1948 2107 vinculis
1986 2047 2392 2107 insolubiliter
2422 2047 2658 2125 alligari
2672 2050 2700 2106 ⁴?
2765 2048 3197 2109 Adhaerebunt

574 2158 730 2217 ergo,
782 2138 834 2197 si
883 2138 971 2197 eis
1015 2138 1184 2196 nulls.
1228 2140 1373 2196 sunt
1402 2154 1662 2212 corpora,
1711 2136 1964 2213 spiritus
1995 2136 2364 2207 daemonum,
2412 2137 2530 2196 imo
2578 2136 2830 2213 spiritus
2863 2137 3197 2211 daemones,

575 2227 716 2287 licet
749 2226 1097 2302 incorporei,
1143 2225 1441 2302 corporeis
1473 2225 1717 2303 ignibus
1747 2225 2113 2285 cruciandi.⁴ss
2163 2260 2253 2269 —
2305 2227 2398 2285 Ita
2445 2244 2589 2284 vero
2636 2227 3076 2303 Gregorius
3121 2229 3214 2287 M„

574 2317 748 2376 Petro
778 2315 1195 2392 interroganti,
1228 2334 1349 2392 qua
1378 2315 1607 2374 ratione
1638 2333 1763 2373 rem
1796 2314 2199 2391 incorpoream
2229 2315 2390 2392 ignis
2411 2317 2612 2375 tenere
2633 2315 2841 2390 possit,
2876 2315 3224 2392 respondet..

571 2405 708 2468 dial.
738 2405 836 2475 IV,
888 2414 1001 2468 28:
1055 2443 1084 2474 ,
1100 2404 1162 2463 Si
1210 2403 1465 2463 viventis
1511 2404 1769 2463 hominis
1801 2403 2184 2480 incorporeus
2232 2403 2483 2481 spiritus
2529 2406 2774 2464 tenetur
2818 2404 2886 2463 iu
2929 2423 3198 2481 corpore,

570 2512 678 2554 cur
707 2512 829 2553 non
858 2496 994 2570 post
1025 2496 1295 2560 mortem,
1332 2511 1468 2553 cum
1497 2493 1879 2568 incorporeus
1911 2493 1990 2551 sit
2019 2492 2286 2567 spiritus,
2334 2492 2517 2552 etism
2549 2511 2824 2568 corporeo
2856 2493 2997 2571 igne
3026 2497 3200 2554 tene·

568 2586 757 2642 tmm
803 2588 984 2659 atque
1016 2582 1318 2643 concludit
1362 2600 1409 2640 c.
1458 2591 1572 2646 29:
1625 2582 1871 2658 ,Ignem
1901 2582 2205 2658 gehennae
2236 2599 2587 2657 corporeum
2618 2600 2749 2641 esse
2781 2600 2901 2642 non
2932 2582 3210 2660 ambigo,.

572 2673 637 2732 in
670 2693 789 2750 quo
820 2675 1049 2733 certum
1080 2675 1173 2732 est
1203 2690 1449 2748 corpora
1478 2671 1746 2734 cruciari.
1761 2679 1792 2711 ‘

752 2790 970 2871 Quare
1002 2790 1059 2858 s.
1096 2791 1464 2872 oppositum
1486 2786 1777 2869 Origenis
1799 2789 2063 2872 ejusque
2085 2789 2481 2881 asseclarum
2499 2790 2870 2871 opinionem
2891 2799 3210 2874 carpunt:-

566 2899 659 2963 ita
690 2897 1300 2982 Hieronymus¹)
1350 2901 1414 2961 et
1459 2893 1888 2984 Orosius²)‚
1933 2914 2103 2973 narn,
2150 2903 2221 2960 ut
2250 2897 2341 2961 ait
2386 2895 2895 2962 Prudentius
2942 2905 3197 2964 trecen-

566 3006 653 3069 sis
666 3007 737 3091 ³)‚
797 3022 1218 3086 ,corporeum
1281 3021 1443 3079 esse,
1506 3002 1879 3068 flammeum
1923 3011 2119 3087 atque
2180 3003 2494 3068 visibilem
2542 3004 2744 3068 mixta
2792 3005 3188 3069 obscuritate

566 3114 778 3194 ignem
810 3112 1141 3192 gehennae
1174 3128 1401 3174 omnes
1432 3110 1778 3175 orthodoxi
1808 3112 2295 3187 consentiunt‘3
2328 3116 2395 3175 et
2425 3110 2641 3192 Hugo
2676 3129 2716 3175 a
2746 3131 2795 3174 s.
2828 3111 3092 3177 Victore
3111 3111 3214 3177 de-

568 3235 729 3285 sacr.
763 3215 829 3294 11,
869 3222 946 3285 16
983 3234 1034 3280 c.
1070 3221 1141 3286 3:
1212 3217 1598 3290 ,verissime
1643 3218 2027 3282 auctoritate
2071 3217 2238 3281 sacri
2271 3217 2506 3299 eloquii
2538 3223 2601 3282 et
2632 3218 2992 3283 catholicae
3022 3218 3219 3283 veri·-

571 3325 717 3388 tatis
749 3322 1065 3405 probatur
1096 3323 1486 3399 testimoniO,
1529 3324 1854 3404 corporali
1886 3330 1953 3389 et
1983 3321 2300 3387 materiali
2331 3323 2474 3404 igne
2507 3323 2757 3386 animas
2790 3323 2988 3388 etiam
3021 3341 3218 3388 nunc·

571 3437 723 3496 ante
755 3431 1228 3512 susceptionem
1261 3448 1606 3512 corporum
1640 3431 1966 3495 cruciari‘
2037 3429 2209 3495 Sane
2252 3431 2358 3494 vix
2403 3430 2569 3495 inter
2617 3436 2834 3512 patres
2886 3430 3210 3511 reperies*

571 3537 682 3621 qui
726 3536 1016 3620 opinioni
1063 3537 1143 3602 de
1194 3538 1336 3618 igne
1389 3535 1618 3601 inferni
1667 3537 2110 3619 metaphorico
2161 3536 2451 3601 faverint.
2513 3535 2891 3617 Allegantur
2933 3536 3191 3619 quidem

576 3643 1060 3709 Ambrosius
1091 3645 1157 3708 in
1187 3644 1333 3708 Luc.
1366 3643 1492 3721 vll,
1524 3648 1674 3721 205,
1725 3642 2179 3724 Gregorius
2228 3663 2398 3726 nyss.
2450 3644 2516 3708 in
2565 3643 2710 3708 dial.
2756 3642 2836 3708 de
2881 3643 3102 3706 anima
3132 3648 3222 3708 et„

575 3750 671 3815 Jo.
703 3750 1262 3815 Damascenus
1295 3751 1360 3813 in
1391 3750 1537 3814 dial.
1566 3767 1621 3814 c.
1653 3750 1928 3814 manich.
1961 3768 2014 3814 c.
2047 3755 2165 3827 363
2197 3768 2426 3815 verum
2458 3757 2522 3816 et
2551 3749 2620 3814 hi
2651 3749 2803 3814 alibi
2833 3767 2969 3814 non
2998 3749 3200 3814 semel

575 3857 902 3922 communi
932 3857 1364 3937 suffragantur
1386 3856 1769 3932 sententiae,
1803 3874 2014 3938 neque
2033 3857 2288 3939 objecta
2309 3856 2681 3922 testimonia
2712 3855 2952 3922 diserte
2982 3855 3198 3936 ignem

575 3980 801 4027 verum
838 3962 920 4027 ab
954 3961 1201 4028 inferno
1234 3961 1658 4048 excludunt-²).

759 4088 823 4156 3.
854 4086 1120 4152 Accedit
1169 4105 1524 4152 consensus
1574 4107 1606 4151 s
1623 4087 1718 4151 ch
1735 4087 1869 4152 ola
1887 4107 1942 4163 e,
1991 4107 2152 4169 quae
2202 4088 2494 4171 quamvis
2544 4105 2771 4168 graves
2801 4087 3047 4152 videret
3078 4087 3208 4152 dif-

577 4193 894 4260 ficultatae
925 4195 990 4259 in
1021 4194 1421 4261 admittendo
1454 4213 1609 4259 vero
1641 4194 1805 4274 igne,
1852 4193 1936 4258 ad
1982 4194 2442 4277 explicationes
2473 4195 2686 4276 potius
2717 4193 3208 4276 improbabiles.

578 4306 649 4365 ut
683 4319 833 4366 mox
863 4300 1244 4377 videbimus,
1275 4300 1575 4382 confugit,
1608 4318 1805 4384 quam
1835 4306 1907 4365 ut
1936 4307 2201 4383 negaret
2231 4301 2572 4366 veritatem
2604 4301 2783 4382 ignis.

806 4507 841 4572 ¹)
871 4502 974 4572 Ep.
1005 4510 1102 4563 59:
1129 4506 1166 4559 1.
1194 4509 1225 4557 2
1252 4504 1421 4576 Apol.
1448 4521 1493 4557 c.
1523 4504 1685 4564 Rufi.
1711 4504 1749 4557 1.
1778 4510 1812 4561 3
1837 4502 1900 4557 in
1930 4502 2071 4574 Eph.
2098 4511 2148 4567 5,
2177 4509 2225 4560 6.

797 4589 839 4652 ²)
869 4581 1211 4639 Commonit.
1237 4584 1310 4637 ad
1339 4586 1486 4654 Aug.
1515 4601 1570 4640 n.
1597 4591 1649 4640 3.
1869 4587 1909 4653 ⁸)
1939 4581 2150 4637 Contra
2176 4582 2409 4639 Scotum
2438 4582 2594 4654 Erig.
2621 4601 2668 4637 c.
2699 4591 2780 4639 19.

797 4670 841 4734 ⁴)
868 4662 965 4716 Cf.
991 4663 1268 4719 Katholik
1313 4668 1464 4722 1878.
1506 4664 1573 4729 ΙΙ,
1612 4669 1747 4724 225ς
1789 4683 1844 4735 p.
1883 4668 1982 4720 581
2012 4681 2081 4717 ss.
2121 4664 2185 4717 hi
2224 4667 2415 4734 patres
2453 4665 2529 4718 ab
2569 4680 2755 4718 errore
2799 4662 3206 4724 vindicantur.

583 4742 729 4796 Bau
749 4745 814 4795 tz
841 4741 933 4796 die
966 4742 1133 4797 Helle
1160 4761 1291 4814 pag.
1319 4750 1388 4801 99
1414 4763 1513 4803 sS.;
1544 4744 1634 4797 Pa
1651 4743 1945 4814 ssaglia
1969 4743 2039 4798 de
2065 4745 2202 4814 igne
2227 4742 2469 4809 inferno,
2497 4743 2709 4798 Romae
2742 4748 2894 4800 1855.
