3538 5364
1082 241 1168 292 est
1192 236 1524 292 immediata
1550 236 1880 291 intellectus
1904 235 2234 290 illustratio.
2893 243 2972 307 15

349 424 511 482 vocis
541 424 884 483 ministerio
915 423 1253 500 corporalis,
1287 428 1700 482 verumtamen
1730 442 1909 500 neque
1939 425 2037 500 qui
2058 424 2294 497 plantat
2325 429 2405 481 est
2435 423 2660 499 aliquid
2690 424 2800 480 etc.
2849 423 2972 480 Au-

348 513 438 571 dit
468 513 695 589 quippe
727 514 906 572 homo
937 513 1228 572 dicentem
1259 512 1356 570 vel
1386 512 1684 571 hominem
1715 513 1813 572 vel
1842 513 2151 589 angelum:
2202 512 2306 570 sed
2351 515 2421 570 ut
2466 511 2687 570 sentiat
2730 515 2790 569 et
2835 528 2972 587 cog-

346 606 556 660 noscat
583 621 801 661 verum
830 621 956 661 esse
987 602 1145 677 quod
1178 602 1417 672 dicitur,
1458 601 1563 661 illo
1597 601 1823 660 lumine
1854 601 2018 659 intus
2049 619 2214 659 mens
2247 602 2375 676 ejus
2408 600 2767 677 aspergitur,
2812 600 2973 676 quod

347 693 655 749 aeternum
689 696 905 762 manet,
938 691 1097 767 quod
1128 692 1306 749 etiam
1339 690 1404 748 in
1435 690 1701 749 tenebris
1732 689 1892 748 lucet
1924 685 2041 771 (J0.
2082 702 2134 760 1,
2174 685 2298 772 5).‘
2347 690 2515 749 Unde
2545 689 2727 748 infert
2757 689 2831 748 de
2862 689 2973 749 civ.

348 780 454 838 Dei
486 779 610 850 XV,
648 790 717 841 6:
755 780 1055 856 ,Spiritus
1088 798 1134 839 s.
1166 783 1447 856 operatur
1476 779 1858 847 intrinsecae,
1891 783 1964 839 ut
1994 779 2222 856 aliquid
2256 780 2449 838 valeat
2477 778 2787 848 medicina,
2822 798 2974 855 quae

349 868 669 927 adhibetur
699 869 1083 928 extrinsecus.
1145 868 1428 945 Alioquin
1460 867 1694 927 etiamsi
1730 869 1888 927 Deus
1919 869 2047 944 ipse
2081 873 2258 927 utens
2291 873 2559 927 creatura
2590 867 2702 927 sibi
2736 867 2974 926 subdita

347 957 408 1014 in
455 957 662 1032 aliqua
693 959 888 1033 specie
920 959 1177 1018 humana
1208 976 1418 1017 sensus
1451 958 1796 1033 alloquatur
1827 958 2134 1028 humanos,
2181 959 2305 1016 sive
2337 957 2484 1016 istos
2519 956 2797 1033 corporiS,
2848 956 2974 1015 sive

348 1045 499 1118 illos,
547 1065 703 1121 quos
746 1047 881 1106 istis
926 1047 1257 1106 simillimos
1290 1047 1575 1106 habemus
1620 1048 1685 1105 in
1729 1047 1972 1118 somnis,
2019 1066 2128 1107 nec
2173 1047 2454 1105 interiore
2487 1046 2680 1123 gratia
2709 1050 2971 1104 mentem

348 1139 519 1211 regat
549 1139 734 1211 atque
763 1139 919 1212 agat,
953 1137 1105 1195 nihil
1138 1136 1363 1195 homini
1383 1136 1625 1212 prodest
1644 1136 2094 1212 praedicationis
2118 1136 2394 1197 veritas.‘
2444 1135 2516 1194 In
2548 1134 2802 1194 eundem
2834 1153 2970 1193 sen·

349 1242 481 1283 sum
527 1224 742 1283 scribit
785 1244 831 1288 s.
876 1225 1192 1283 Thomas
1238 1225 1300 1282 in
1331 1225 1502 1284 Joan.
1544 1234 1620 1288 14
1654 1225 1787 1283 lect.
1823 1236 1892 1285 6:
1948 1225 2094 1291 ‚Ille
2139 1243 2243 1284 vos
2289 1224 2524 1283 docebit
2568 1224 2784 1297 omnia,
2832 1224 2974 1298 quia

349 1332 743 1389 quaecunque
773 1314 948 1372 homo
995 1313 1202 1372 doceat
1245 1318 1427 1386 extra,
1475 1314 1593 1372 nisi
1640 1313 1901 1389 Spiritus
1949 1332 1994 1371 s.
2042 1313 2297 1372 interius
2344 1314 2445 1372 det
2489 1313 2970 1389 intelligentiam,

348 1401 575 1460 frustra
622 1403 877 1472 laborat:
925 1403 1068 1478 quia
1111 1402 1229 1462 nisi
1261 1403 1521 1479 Spiritus
1568 1402 1729 1462 cordi
1777 1402 1937 1460 adsit
1980 1402 2297 1473 audientis,
2345 1403 2573 1461 otiosus
2619 1403 2736 1460 erit
2781 1419 2972 1460 sermo

351 1491 632 1562 doctoris,
666 1494 975 1567 inspiratio
1006 1494 1412 1567 omnipotentis
1442 1493 1544 1551 dat
1574 1492 2007 1567 intelliyentiam
2040 1485 2201 1573 (Job.
2239 1500 2338 1562 32,
2376 1486 2462 1572 8),
2510 1495 2571 1550 et
2616 1490 2678 1548 in
2716 1493 2971 1561 tantum,

350 1581 506 1655 quod
553 1580 735 1640 etiam
781 1581 911 1656 ipse
956 1581 1143 1639 Filius
1187 1600 1406 1659 organo
1446 1581 1836 1641 humanitatis
1868 1581 2118 1656 loquens
2163 1599 2282 1639 non
2329 1580 2505 1649 valet,
2557 1579 2673 1638 nisi
2722 1579 2974 1653 ipsemet

351 1674 632 1745 operetur
661 1670 915 1729 interius
947 1689 1053 1746 per
1086 1670 1378 1746 Spiritum
1408 1678 1496 1731 s.‘
1547 1672 1639 1729 Ita
1669 1670 1707 1728 J
1723 1690 1765 1728 u
1783 1670 2045 1728 stinus
2076 1670 2218 1730 dial.
2239 1688 2373 1728 cum
2393 1668 2706 1745 Tryphone
2737 1687 2796 1730 n.
2821 1678 2852 1731 7
2878 1667 2970 1726 in-

350 1759 515 1817 ducit
533 1777 741 1818 senem
761 1777 959 1818 secum
979 1760 1440 1834 colloquentem:
1478 1760 1608 1828 ,Tu
1638 1777 1779 1818 vero
1811 1763 1946 1818 ante
1968 1759 2165 1817 omnia
2185 1776 2422 1833 precare
2442 1757 2594 1816 lucis
2625 1757 2739 1815 tibi
2770 1761 2971 1833 portas

354 1848 605 1923 aperiri:
652 1867 759 1907 nec
796 1849 956 1907 enim
987 1849 1128 1907 haec
1161 1847 1609 1928 (prophetarum
1643 1845 1906 1930 oracula)
1938 1848 2255 1923 quisquam
2288 1846 2620 1923 perspicere
2651 1849 2712 1904 et
2743 1845 2970 1905 intelli-

352 1955 484 2013 gere
515 1937 727 2012 possit,
760 1937 880 1996 nisi
912 1937 1010 1996 cui
1026 1938 1185 1996 Deus
1219 1937 1555 2014 intelligere
1588 1937 1818 1996 dederit
1849 1940 1908 1995 et
1930 1937 2199 1995 Christus
2231 1937 2420 2011 ejus<
2471 1935 2925 2011 Augustinu
2944 1953 2971 1993 s

352 2025 421 2082 de
451 2025 650 2102 gratia
680 2025 899 2085 Christi
931 2046 977 2084 c.
1013 2035 1093 2089 24
1140 2027 1432 2085 disserens
1465 2026 1537 2084 de
1568 2026 1831 2085 mirabili
1864 2026 2196 2085 mutatione
2226 2026 2349 2085 irae
2381 2024 2626 2083 Assueri
2657 2024 2721 2081 in
2756 2023 2969 2082 lenita-

351 2118 466 2172 tem
499 2110 656 2194 (Est.
699 2124 793 2185 15,
837 2127 857 2178 l
883 2115 938 2194 1)
973 2114 1212 2174 scribit:
1263 2115 1531 2192 ,Legant
1563 2133 1702 2192 ergo
1735 2120 1797 2172 et
1826 2115 2185 2191 intelligant,
2226 2115 2579 2172 intueantur
2608 2116 2789 2187 atque
2821 2112 2967 2170 fate-

351 2206 541 2272 antur,
593 2221 715 2263 non
760 2204 891 2280 lege
935 2210 1115 2280 atque
1145 2204 1414 2263 doctrina
1445 2204 1767 2263 forinsecus
1800 2204 2132 2273 insonante,
2181 2203 2283 2262 sed
2329 2202 2566 2260 interna
2611 2205 2671 2260 et
2715 2202 2968 2269 occulta,
3081 2224 3084 2227 ’

352 2292 615 2351 mirabili
646 2311 712 2351 ac
742 2293 1028 2353 ineffabili
1062 2297 1359 2368 potestate
1391 2294 1621 2370 operari
1651 2295 1844 2352 Deum
1881 2294 1944 2350 in
1975 2292 2252 2353 cordibus
2284 2292 2589 2350 hominum
2622 2310 2743 2350 non
2775 2291 2968 2349 solum

351 2399 514 2440 veras
546 2381 961 2453 revelationes,
1010 2383 1113 2441 sed
1145 2382 1328 2441 etiam
1358 2382 1544 2441 bonas
1577 2383 1978 2442 voluntates.‘
2045 2381 2347 2440 Praeclare
2380 2382 2565 2438 Pros
2584 2400 2620 2456 p
2639 2400 2718 2439 er
2748 2380 2811 2438 in
2846 2398 2970 2438 car-

351 2470 501 2529 mine
535 2470 615 2529 de
645 2471 898 2548 ingratis
929 2491 982 2530 v.
1018 2480 1140 2534 336
1178 2466 1403 2554 (opusc.
1435 2471 1635 2543 XXIV,
1674 2481 1753 2534 94
1790 2466 1893 2551 s.):

780 2596 957 2665 ,Non
990 2597 1100 2655 hoc
1131 2597 1379 2656 consilio
1411 2600 1648 2655 tantum
1682 2597 2044 2671 hortatuque
2076 2593 2336 2671 benigno

780 2685 1044 2745 Suadens
1077 2690 1256 2763 atque
1289 2686 1521 2754 docens,
1555 2687 1723 2762 quasi
1755 2704 2021 2744 normam
2057 2684 2204 2761 legis
2237 2682 2481 2743 haberet

779 2775 996 2845 Gratia,
1033 2778 1131 2834 sed
1164 2779 1404 2834 mutans
1436 2776 1602 2834 intus
1636 2778 1890 2834 mentem
1924 2778 2103 2849 atque
2134 2773 2453 2832 reformans

777 2863 1014 2939 Vasque
1046 2883 1271 2924 novum
1301 2885 1372 2923 ex
1403 2866 1585 2924 fracto
1617 2864 1848 2941 fingens
1882 2863 2105 2921 virtute
2137 2862 2387 2925 creandi.

778 2953 833 3011 N
837 2972 913 3011 on
945 2953 1105 3012 istud
1138 2954 1405 3012 monitus
1439 2953 1607 3030 legis,
1638 2972 1758 3012 non
1790 2952 1973 3012 verba
2003 2951 2344 3027 prophetae,

778 3043 911 3101 Non
942 3046 1239 3119 praestata
1271 3043 1387 3102 sibi
1417 3046 1681 3119 praestat
1713 3045 1942 3112 natura,
1979 3040 2081 3098 sed
2115 3059 2287 3110 unus,

779 3131 945 3200 Quod
978 3132 1136 3202 fecit,
1172 3133 1373 3192 reficit.
1441 3133 1753 3190 Percurrat
1786 3130 2107 3206 Apostolus
2139 3129 2356 3198 orbem,

777 3220 1097 3292 Praedicet,
1131 3221 1419 3291 hortetur,
1454 3222 1703 3296 plantet,
1736 3220 1908 3296 riget,
1940 3218 2222 3294 increpet,
2255 3218 2459 3288 instet,

777 3310 1021 3385 Quaque
1054 3311 1209 3368 viam
1241 3310 1421 3368 verbo
1453 3312 1772 3368 reseratam
1806 3308 2122 3378 invenerit,
2157 3307 2370 3365 intret:

776 3398 853 3455 Ut
882 3401 1081 3457 tamen
1113 3399 1204 3457 his
1239 3398 1454 3457 studiis
1486 3398 1723 3457 auditor
1751 3400 2184 3472 promoveatur,

780 3487 913 3545 Non
946 3487 1165 3557 doctor,
1199 3506 1392 3563 neque
1425 3487 1775 3562 discipuluS‚
1811 3486 1913 3543 scd
1947 3485 2139 3562 gratia
2172 3483 2294 3542 sola

778 3575 974 3634 Efficit
1005 3577 1186 3652 inque
1217 3595 1423 3653 graves
1456 3576 1651 3636 adolet
1683 3575 1975 3651 plantaria
2007 3574 2300 3631 fructus.‘

522 3718 772 3775 Patrum
818 3716 1140 3776 doctrinam
1189 3719 1587 3793 pulcherrime
1638 3719 1975 3793 complexus
2024 3720 2119 3775 est
2166 3717 2416 3776 Thomas
2462 3737 2497 3775 a
2541 3716 2849 3791 Kempis
2894 3715 2967 3773 de

346 3803 493 3862 imit.
526 3805 749 3864 Christi
781 3805 817 3867 l.
853 3815 888 3868 3
925 3823 972 3864 c.
1008 3815 1042 3869 2
1078 3826 1135 3864 n.
1161 3816 1230 3868 2:
1265 3809 1571 3875 ,Possunt
1593 3808 1836 3883 quidem
1856 3805 2177 3886 (homines)
2198 3806 2378 3865 verba
2398 3825 2623 3875 sonare,
2657 3806 2757 3863 sed
2790 3805 2965 3881 spiri-

345 3895 475 3951 tum
507 3913 633 3953 non
665 3894 1008 3965 conferunt:
1042 3896 1436 3971 pulcherrime
1469 3897 1695 3967 dicunt,
1729 3897 1833 3955 sed
1863 3905 1923 3955 te
1954 3899 2187 3955 tacente
2220 3915 2318 3954 cor
2349 3914 2468 3954 non
2498 3893 2858 3963 accendunt3
2893 3894 2965 3951 li-

344 3985 501 4041 teras
531 3983 800 4053 tradunt,
846 3984 947 4042 sed
993 3991 1061 4043 tu
1109 4003 1348 4044 sensum
1393 3987 1616 4063 aperis:
1662 3987 1949 4063 mysteria
1979 3985 2309 4062 proferunt,
2357 3984 2458 4041 sed
2505 3986 2575 4041 tu
2612 4001 2838 4041 reseras
2872 3983 2964 4040 in-

345 4072 660 4131 tellectum
692 4072 1091 4149 signatorum:
1137 4074 1415 4133 mandata
1445 4076 1704 4144 edicunt,
1753 4076 1854 4134 sed
1897 4078 1968 4133 tu
1992 4077 2169 4149 juvas
2201 4073 2277 4131 ad
2306 4072 2759 4149 perficiendum:
2808 4072 2965 4130 viam

348 4161 692 4232 ostendunt,
741 4162 844 4220 sed
874 4165 946 4221 tu
976 4163 1270 4222 confortas
1304 4165 1375 4222 ad
1408 4165 1854 4223 ambulandum.
1918 4164 2015 4223 Illi
2047 4163 2189 4221 foris
2221 4165 2459 4220 tantum
2491 4164 2696 4238 agunt,
2743 4161 2848 4219 sed
2895 4164 2964 4218 tu

348 4249 524 4307 corda
552 4249 809 4309 instruis
842 4255 904 4309 et
946 4252 1285 4323 illuminas3
1334 4254 1426 4311 illi
1470 4256 1729 4312 exterius
1759 4255 1976 4329 rigant,
2025 4252 2123 4311 sed
2172 4255 2244 4309 tu
2290 4251 2712 4309 fecunditatem
2744 4250 2962 4320 donas:

349 4336 441 4395 illi
473 4340 731 4398 clamant
762 4341 976 4411 verbiS,
1008 4342 1110 4400 sed
1142 4346 1209 4400 tu
1245 4341 1480 4401 auditui
1511 4342 1971 4418 intelligentiam
2002 4340 2286 4402 tribuiS.‘
2349 4340 2503 4398 Hinc
2549 4339 2963 4398 corollarii

347 4425 539 4485 instar
586 4428 737 4486 ratio
785 4429 1057 4489 redditur
1106 4431 1244 4489 facti
1292 4431 1629 4508 singularis,
1682 4435 1942 4488 oratores
1989 4448 2183 4488 sacros
2229 4429 2639 4488 celeberrimos
2685 4428 2964 4504 plausum

349 4517 591 4588 quidem
620 4516 838 4577 referre
871 4520 997 4577 suis
1042 4520 1440 4589 concionibus,
1489 4520 1590 4578 sed
1636 4519 1866 4577 fructus
1908 4536 2265 4594 perpaucos;
2313 4521 2517 4576 contra
2560 4520 2715 4574 viros
2761 4517 2962 4593 potius

350 4606 528 4663 rudes
558 4609 620 4665 et
649 4606 982 4677 illiteratos,
1015 4608 1120 4666 sed
1151 4612 1403 4678 sanctOS,
1439 4609 1717 4667 concione
1748 4607 2065 4666 admodum
2100 4607 2355 4682 simplici
2389 4605 2650 4664 fructum
2682 4604 2962 4680 consequi

353 4693 717 4754 uberrimum
749 4697 1192 4774 multorumque
1238 4697 1362 4761 scil.
1399 4696 1731 4756 infidelium
1777 4698 1873 4756 vel
1918 4700 2291 4771 peccatorum
2325 4694 2779 4753 conversionem.
2842 4695 2960 4752 Im-
