3538 5364
1423 273 1634 326 Arcani
1662 272 1990 343 disciplina.
2884 284 3009 349 287

391 478 538 534 quae
571 459 737 517 illam
771 458 1178 530 circumstant,
1211 459 1523 530 redundat,
1557 462 1628 517 ut
1658 477 1725 518 eo
1757 463 2025 534 tempore
2045 460 2298 537 alicujus
2330 461 2456 521 fieri
2490 479 2641 520 com
2661 481 3013 522 memora·

391 549 680 606 tionem
699 592 713 617 ,
757 548 819 606 in
854 567 1151 607 summum
1183 549 1363 624 hujus
1394 548 1563 606 cedat
1592 548 1903 607 honorem:
1944 549 2082 609 inde
2112 550 2271 609 enim
2303 551 2592 610 rationem
2626 552 2795 627 petit,
2831 570 3012 626 quare

392 643 726 713 martyrum
758 638 981 696 mentio
1013 638 1114 696 fiat
1145 638 1465 697 oblationis
1498 640 1781 714 tempore.
1831 637 1945 707 ,In
1977 638 2254 698 manibus
2286 644 2381 698 est
2412 640 2606 699 hostia
2638 636 2895 720 (θυσία),
2928 642 3015 700 ita

394 726 493 785 ille
523 726 680 786 hom.
716 735 788 788 21
831 726 896 784 in
927 730 1039 789 act.
1071 731 1280 803 apost„
1323 730 1385 785 et
1415 726 1616 785 omnia
1647 731 1855 802 parata
1885 729 2191 802 prostant:
2238 729 2457 788 adsunt
2503 729 2719 805 angeli,
2766 730 3012 790 archan·

393 817 511 892 geli
525 812 593 897 ¹),
642 815 813 874 adest
843 815 1032 874 Filius
1064 816 1202 874 Dei:
1255 836 1390 874 cum
1435 817 1602 874 tanto
1647 817 1890 874 horrore
1930 817 2174 876 adstant
2204 837 2426 889 omnes,
2474 818 2715 878 adstant
2759 819 2849 877 illi
2896 820 3011 878 cla—

389 908 620 965 mantes
652 904 932 963 omnibus
964 906 1284 964 silentibus
1317 950 1330 964 .
1366 950 1378 962 .
1413 949 1425 962 .
1479 904 1634 974 Quid
1684 910 1881 981 putaS‚
1928 924 2034 982 pro
2079 909 2443 983 martyribus
2474 909 2671 967 offerri
2703 908 2863 984 quod
2908 928 3011 967 no-

389 994 696 1053 minentur
742 994 806 1052 in
851 994 960 1053 illa
1003 994 1189 1053 hora?
1254 994 1420 1053 Licet
1463 997 1754 1069 martyres
1801 994 1940 1066 sint,
1988 995 2168 1054 etiam
2214 1016 2322 1073 pro
2369 997 2729 1074 martyribus
2762 1017 3013 1075 magnus

390 1084 576 1142 honor
604 1083 903 1142 nominari
937 1083 1186 1142 Domino
1217 1086 1544 1159 praesente,
1577 1084 1719 1142 dum
1751 1103 1912 1143 mors
1943 1085 2251 1160 perficitur
2282 1086 2401 1157 illa,
2436 1085 2799 1146 horrendum
2833 1088 3013 1145 sacri-

389 1173 589 1231 ficium
623 1168 870 1257 (φρικτὴ
903 1167 1133 1254 dosia),
1183 1171 1503 1231 ineffabilia
1534 1173 1834 1249 mysteria.
1897 1173 2402 1242 Quemadmodum
2435 1177 2593 1234 enim
2627 1176 2868 1235 sedente
2900 1176 3011 1235 im-

390 1266 679 1336 peratore,
714 1280 1102 1338 quaecunque
1134 1262 1409 1332 voluerit,
1444 1261 1743 1338 quispiam
1775 1262 2035 1338 perficit:
2086 1264 2192 1323 ubi
2226 1267 2427 1323 autem
2458 1265 2795 1335 surrexerit,
2833 1285 3011 1340 quae—

389 1368 625 1426 cunque
659 1350 893 1420 dixerit,
927 1351 1153 1410 frustra
1183 1349 1359 1409 dicit:
1392 1352 1478 1409 ita
1508 1354 1570 1409 et
1600 1354 1762 1422 tunc,
1798 1353 2086 1427 quamdiu
2105 1356 2379 1429 prostant
2398 1354 2695 1431 mysteria,
2732 1354 3011 1413 omnibus

389 1440 576 1498 honor
607 1440 898 1499 maximus
929 1444 1023 1499 est
1054 1440 1114 1498 in
1147 1440 1432 1499 memoria
1465 1439 1668 1498 haberi
1702 1445 1853 1499 etc.‘

567 1560 631 1627 3.
665 1559 807 1638 Quo
839 1559 1187 1641 pretiosior
1221 1565 1321 1625 est
1352 1560 1712 1629 thesaurus,
1747 1579 1878 1643 quo
1912 1562 2122 1626 carior
2142 1564 2506 1643 margarita,
2529 1583 2607 1627 eo
2630 1564 3008 1644 diligentiori

390 1684 548 1730 cura
580 1672 644 1731 et
675 1665 1097 1731 sollicitudine
1141 1667 1516 1745 custoditur,
1567 1667 2012 1750 improborum
2057 1670 2325 1734 notitiae
2372 1671 2767 1736 subtrahitur
2816 1678 3011 1755 atque

389 1774 767 1838 occultatur.
829 1772 1237 1856 Quapropter
1281 1773 1567 1840 Ecclesia
1613 1794 1861 1839 memor
1907 1776 2251 1841 verborum
2284 1777 2545 1841 Christi:
2608 1777 2812 1842 Nolite
2856 1780 3012 1844 dare

388 1888 672 1944 sanctum
691 1882 968 1955 canibus
990 1902 1181 1967 neque
1193 1884 1484 1966 projicite
1504 1885 1894 1966 marqaritas
1911 1889 2150 1948 vestras
2171 1890 2314 1948 ante
2322 1904 2548 1967 porcos
2582 1884 2828 1970 (Matth.
2850 1892 2906 1959 7,
2923 1888 3009 1969 6),

395 1987 700 2068 mysteria
729 2005 850 2051 sua
879 1988 1296 2068 profanorum
1329 1995 1392 2053 et
1426 1989 1710 2052 nondum
1746 1989 2146 2053 initiatorum
2181 1990 2379 2054 oculis
2415 1991 2637 2055 sedulo
2674 1991 3009 2065 subtraxit,

393 2102 585 2177 atque
618 2095 968 2176 disciplina,
1003 2104 1073 2160 ut
1105 2095 1342 2171 dicunt,
1375 2097 1719 2182 arcani2)
1755 2103 1945 2161 caute
1978 2098 2240 2161 velavit:
2273 2116 2428 2178 prae
2462 2099 2693 2163 ceteris
2713 2117 2866 2165 vero
2888 2100 3010 2163 hoc

611 2346 644 2412 ¹)
674 2343 1026 2413 Angelorum
1054 2344 1438 2413 praesentiam
1464 2347 1718 2413 tempore
1747 2343 2011 2397 sacrificii
2029 2345 2396 2399 eucharistici
2415 2362 2580 2416 saepe
2596 2346 2747 2399 idem
2765 2348 3011 2399 testatur

394 2438 434 2472 s.
460 2420 673 2485 doctor,
702 2425 762 2477 et
786 2439 914 2475 cum
942 2423 1139 2478 eodem
1166 2424 1359 2495 Greg
1378 2441 1454 2478 or
1472 2424 1489 2477 i
1508 2444 1544 2478 u
1562 2443 1587 2478 s
1628 2424 1702 2481 M.
1737 2423 1876 2477 dial.
1910 2425 2001 2488 lV,
2038 2430 2104 2480 58
2139 2424 2241 2479 ubi
2273 2425 2506 2480 scribit:
2549 2424 2720 2490 „Quis
2756 2425 3009 2480 fidelium

392 2502 597 2555 habere
617 2502 861 2557 dubium
882 2504 1080 2571 possit,
1103 2503 1162 2557 in
1185 2504 1312 2573 ipsa
1332 2504 1747 2560 immolationis
1765 2505 1909 2558 bora
1928 2505 2001 2558 ad
2024 2505 2333 2560 sacerdotis
2356 2523 2549 2560 vocem
2571 2506 2757 2560 coelos
2777 2505 3008 2576 aperiri,

391 2582 450 2634 in
477 2582 578 2637 illo
607 2582 821 2638 Christi
850 2584 1119 2653 mysterio
1143 2585 1480 2655 augelorum
1508 2586 1707 2639 choros
1746 2585 1958 2649 adesse,
2000 2590 2221 2640 terrena
2250 2586 2589 2640 coelestibus
2608 2586 2783 2655 jungi
2811 2604 3009 2640 unum-

391 2680 501 2732 que
527 2680 597 2718 ex
626 2664 955 2720 visibilibus
980 2668 1156 2735 atque
1184 2665 1576 2721 invisibilibus
1603 2666 1726 2720 fieri
1743 2674 1795 2720 :³⁶⁶
1838 2682 1984 2735 quae
2013 2666 2187 2721 etiam
2213 2666 2552 2722 Paschasius
2578 2667 2626 2721 R
2644 2686 2679 2721 a
2694 2667 2731 2722 d
2750 2668 2786 2721 b
2801 2685 2829 2720 e
2847 2686 2875 2720 r
2890 2671 2913 2720 t
2930 2686 2967 2720 u
2984 2687 3008 2720 s

389 2744 625 2798 adducit
675 2762 763 2816 ep.
814 2746 886 2799 ad
932 2746 1364 2816 Prudegardum
1416 2750 1475 2802 et
1523 2747 1569 2800 G
1587 2765 1617 2801 e
1634 2765 1662 2800 r
1678 2763 1710 2802 o
1762 2748 1833 2801 de
1878 2765 2110 2818 corpore
2157 2753 2213 2802 et
2260 2749 2541 2817 sanguine
2586 2748 2799 2802 Christi
2850 2766 2894 2802 c.
2942 2755 3009 2803 53

388 2824 554 2894 (Mig
571 2845 608 2877 n
627 2843 655 2877 e
690 2831 805 2890 137,
832 2831 974 2898 400).
1028 2827 1152 2881 Huc
1180 2827 1380 2882 referri
1407 2833 1663 2899 possunt,
1693 2845 1842 2897 quae
1870 2831 2157 2884 habentur
2196 2831 2258 2884 in
2301 2830 2541 2899 liturgia
2587 2830 2791 2898 syria
2810 2846 2904 2892 ca,
2950 2831 3008 2884 in

391 2921 503 2972 qua
518 2905 794 2960 diaconus
809 2908 1075 2961 hortatur
1096 2907 1318 2963 fideles:
1349 2909 1606 2970 „Stemus
1626 2912 1779 2962 reete
1800 2911 2043 2972 orantes,
2064 2913 2279 2964 stemus
2301 2928 2430 2964 cum
2452 2910 2655 2964 timore
2672 2912 2731 2963 et
2750 2913 3008 2974 tremore,

391 2989 600 3040 stemus
627 2991 795 3050 caste,
823 2987 963 3056 quia.
989 3004 1115 3040 ecce
1143 2987 1363 3041 oblatio
1392 2989 1645 3052 offertur,
1674 2991 1732 3042 et
1756 2989 2022 3058 majestas
2049 2990 2323 3054 exoritur,
2350 2995 2549 3060 portae
2577 2990 2721 3044 coeli
2745 2989 3009 3059 aperiun-

390 3068 482 3118 tur
506 3069 565 3119 et
589 3066 841 3137 Spiritus
868 3085 909 3122 s.
937 3067 1232 3120 descendit
1257 3071 1316 3121 et
1340 3083 1511 3139 super
1537 3069 1675 3122 haec
1702 3071 1900 3122 sancta
1928 3070 2198 3138 mysteria
2223 3072 2495 3125 accubat:
2524 3071 2584 3124 in
2610 3071 2735 3125 loco
2764 3069 3005 3124 terribili

388 3162 450 3198 ae
475 3145 770 3200 tremendo
798 3148 1032 3214 stamus,
1061 3147 1358 3202 cherubim
1400 3151 1458 3202 et
1492 3149 1785 3217 seraphim
1825 3149 2125 3220 conjugati
2164 3153 2222 3204 et
2263 3151 2463 3204 fratres
2502 3168 2567 3204 ac
2595 3151 2735 3204 socii
2762 3150 3008 3220 vigilum

387 3227 839 3295 angelorumque
865 3227 1070 3292 effecti,
1100 3228 1339 3298 igneum
1365 3245 1431 3282 ac
1459 3228 1762 3297 spirituale
1782 3229 2162 3284 ministerium
2190 3248 2317 3287 cum
2346 3230 2486 3301 ipsis
2514 3231 2841 3301 peragimus
2868 3235 3003 3284 etc.⁶·

389 3307 468 3358 lta
495 3305 554 3361 in
580 3309 994 3377 supplement-0,
1026 3308 1083 3360 in
1118 3325 1233 3377 quo
1261 3308 1487 3380 integra
1514 3325 1581 3363 ea
1608 3309 2028 3375 describuntur,
2054 3329 2301 3379 quorum
2327 3311 2501 3366 initia
2528 3312 2589 3364 in
2617 3311 2852 3379 syriacis
2878 3327 3010 3366 ana·

385 3385 579 3453 phoris
618 3385 875 3440 indicata
915 3389 1152 3441 suntin
1195 3389 1587 3443 Assemani
1632 3391 1755 3444 cod.
1798 3390 1881 3444 lit.
1909 3391 1947 3444 1.
1975 3399 2010 3447 4
2035 3409 2092 3461 p.
2119 3400 2151 3447 2
2176 3407 2307 3461 pag.
2348 3399 2434 3448 82.
2484 3393 2568 3447 Cf.
2614 3391 3008 3444 Renaudot

391 3466 607 3520 collect.
633 3467 834 3538 liturg.
864 3469 929 3533 11,
959 3475 1046 3525 33.

598 3550 640 3618 ²)
667 3547 808 3602 Cum
834 3552 1149 3618 disciplinae
1167 3557 1359 3620 arcun-i
1383 3552 1443 3605 in
1471 3569 1530 3606 re
1557 3554 1893 3622 praesertim
1920 3552 2359 3608 sacramentaria
2387 3570 2552 3624 saepe
2576 3555 2837 3608 occurrat
2857 3570 3007 3606 inen-

386 3626 485 3691 tio,
512 3627 794 3695 quaedam
821 3627 890 3681 de
917 3628 1020 3682 illa
1047 3630 1294 3684 breviter
1332 3635 1637 3687 annotasse
1678 3633 1835 3687 haud
1877 3633 2115 3704 pigebit.
2168 3633 2307 3688 Eam
2336 3636 2389 3692 1.
2418 3633 2670 3704 viguisse
2712 3650 2877 3687 nemo
2924 3633 3006 3686 iu-

385 3707 689 3771 ficiabitur‚
718 3709 822 3777 qui
850 3710 940 3764 vel
967 3710 1154 3764 obiter
1177 3714 1409 3781 patrum
1437 3713 1752 3784 inspexerit
1777 3732 1965 3784 opera.
1994 3714 2135 3768 Eam
2155 3717 2345 3785 patres
2366 3718 2668 3780 testantur,
2690 3715 2917 3783 quoties
2937 3714 3006 3769 de

382 3788 748 3844 sacramentis
774 3788 1114 3845 disserentes
1139 3791 1334 3860 aliqua
1361 3793 1593 3848 silentio
1620 3796 2004 3863 praetereunt,
2031 3795 2121 3848 vel
2145 3795 2219 3848 ad
2246 3794 2345 3849 illa
2371 3797 2598 3849 tantum
2619 3793 2936 3863 respiciunt
2950 3799 3007 3846 et

382 3867 669 3932 alludunt,
686 3868 775 3922 vel
792 3870 989 3925 eadem
1005 3874 1240 3927 obscure
1256 3874 1576 3945 attingunt,
1591 3875 1872 3929 adhibitis
1885 3875 2097 3929 verbis:
2117 3878 2349 3941 ‚norunt
2363 3874 2617 3939 initiati,‘
2629 3888 2776 3943 quae
2788 3874 3005 3927 fatente

381 3946 506 4018 ipso
533 3947 575 4001 C
589 3964 624 4001 a
641 3965 715 4001 sa
732 3967 768 4001 u
787 3949 825 4002 b
841 3967 872 4002 o
891 3968 928 4002 n
945 3968 977 4005 o
1004 3952 1205 4006 saltem
1233 3953 1619 4025 quinquagies
1645 3955 1801 4024 apud
1833 3972 1875 4008 s.
1890 3955 1922 4008 J
1928 3972 2055 4012 oan.
2073 3955 2555 4025 chrysostomum,
2584 3972 2688 4009 nec
2717 3954 2901 4009 multo
2920 3970 3006 4007 ra·

385 4028 506 4080 rins
531 4029 687 4098 apud
715 4047 755 4083 s.
779 4031 1175 4101 Augustinum
1203 4037 1528 4089 occurrunt.
1555 4038 1747 4106 Agens
1775 4036 1844 4090 de
1870 4036 1996 4107 ipso
2020 4035 2323 4106 baptismO,
2348 4038 2489 4091 haec
2516 4034 2768 4090 advertit
2794 4034 2834 4089 C
2850 4036 2889 4088 h
2906 4053 2932 4086 r
2947 4054 3005 4103 y-

383 4127 408 4158 s
421 4111 636 4163 ostom
651 4126 687 4162 u
699 4127 724 4162 s
741 4132 751 4164 :
782 4110 959 4171 „Volo
977 4113 1211 4180 quidem
1228 4117 1424 4184 aperte
1440 4115 1548 4169 hoc
1569 4114 1774 4181 dicere,
1790 4133 1989 4170 verum
2013 4134 2129 4172 non
2143 4117 2328 4172 audeo
2344 4120 2579 4188 propter
2594 4133 2709 4171 non
2725 4114 3005 4170 initiatos.

384 4187 459 4240 Hi
483 4187 635 4242 enim
662 4190 1079 4260 expositionem
1106 4193 1271 4248 nobis
1296 4194 1548 4248 reddunt
1573 4195 1975 4260 difficiliorem,
2003 4199 2071 4251 ut
2096 4197 2199 4266 qui
2216 4215 2318 4252 nos
2334 4200 2548 4267 cogunt
2569 4199 2659 4252 vel
2675 4214 2791 4251 non
2808 4199 3004 4265 aperte

381 4266 586 4332 dicere,
602 4268 693 4322 vel
709 4268 790 4323 eis
804 4286 1012 4324 arcana
1029 4273 1353 4328 enunciare.
1371 4273 1478 4328 Sed
1496 4277 1689 4328 tamen
1707 4278 1991 4344 quantum
2003 4279 2218 4347 potero,
2236 4276 2423 4330 dicam
2439 4293 2473 4329 a
2486 4276 2522 4329 d
2536 4295 2573 4330 u
2585 4278 2770 4331 mbra
2782 4278 2844 4329 te
2864 4279 3001 4331 etos·

384 4345 466 4417 (in
494 4355 540 4402 1.
568 4346 690 4402 Cor.
734 4350 886 4404 hom.
915 4359 985 4407 40
1013 4370 1068 4410 n.
1101 4358 1168 4426 l).
1220 4354 1299 4406 Ex
1341 4356 1389 4407 A
1408 4371 1444 4408 u
1463 4373 1554 4424 gu
1573 4354 1778 4408 stino
1818 4372 1953 4409 vero
1993 4357 2355 4411 luculentum
2395 4356 2789 4412 testimonium
2830 4358 3004 4411 habes

383 4429 541 4480 tract.
573 4435 637 4485 11
665 4427 728 4482 in
752 4428 917 4483 Joan.
947 4451 1001 4485 n.
1030 4440 1064 4490 3
1089 4450 1280 4504 opusc.
1310 4437 1349 4498 I,
1383 4443 1478 4491 181
1508 4451 1611 4490 ser.
1642 4437 1709 4489 11.
1760 4435 1923 4500 Qnod
1951 4437 1997 4490 si
2020 4438 2079 4493 2.
2106 4453 2363 4506 quaeras,
2395 4453 2568 4505 quam
2608 4438 2723 4491 late
2750 4437 3005 4507 patuerit

384 4509 518 4562 haec
545 4509 871 4579 disciplina,
898 4516 1324 4584 respondemus,
1350 4531 1472 4570 eam
1500 4516 1675 4570 fuisse
1701 4518 1825 4571 loco
1852 4517 2023 4587 plane
2041 4516 2440 4582 universalem,
2468 4535 2596 4572 cum
2625 4517 2782 4572 illius
2809 4521 3002 4588 aperte

384 4589 729 4644 mentionem
756 4589 976 4646 faciant
1001 4596 1504 4666 Augustinus,
1530 4598 1722 4650 Atha
1745 4597 2022 4660 nasius,
2050 4597 2394 4666 Cyrillus
2423 4598 2646 4660 hieros„
2676 4598 3002 4658 Basilius,

386 4668 933 4739 Chrysostomus,
959 4676 1137 4729 Amb
1164 4677 1438 4741 rosius,
1466 4676 1966 4742 Gaudentius,
1993 4678 2254 4734 Julius
2281 4679 2323 4732 Ι.
2349 4682 2408 4732 et
2434 4679 3001 4737 Innocentiusl.

384 4755 515 4811 etc.;
543 4769 611 4805 ex
634 4770 749 4821 qua
770 4752 1202 4811 universalitate
1224 4757 1427 4812 merito
1450 4757 1755 4828 conjicitur
1774 4761 1831 4815 3.
1853 4775 1977 4812 eam
2002 4774 2120 4813 esse
2145 4758 2474 4813 traditionis
2501 4776 2535 4812 a
2552 4776 2589 4827 p
2607 4776 2639 4813 ο
2656 4778 2681 4813 s
2699 4763 2723 4812 t
2738 4777 2769 4812 o
2788 4759 2933 4812 lica
2954 4777 3001 4813 e.
