<?xml version="1.0" encoding="UTF-8"?>
<!DOCTYPE html PUBLIC "-//W3C//DTD XHTML 1.0 Transitional//EN"
    "http://www.w3.org/TR/xhtml1/DTD/xhtml1-transitional.dtd">
<html xmlns="http://www.w3.org/1999/xhtml" xml:lang="en" lang="en">
 <head>
  <title>
</title>
<meta http-equiv="Content-Type" content="text/html;charset=utf-8" />
  <meta name='ocr-system' content='tesseract 3.04.00' />
  <meta name='ocr-capabilities' content='ocr_page ocr_carea ocr_par ocr_line ocrx_word'/>
</head>
<body>
  <div class='ocr_page' id='page_1' title='image "./theologiaedogma00hurtgoog_0113.png"; bbox 0 0 3538 5364; ppageno 0'>
   <div class='ocr_carea' id='block_1_1' title="bbox 1350 308 2960 385">
    <p class='ocr_par' dir='ltr' id='par_1_1' title="bbox 1350 308 2960 385">
     <span class='ocr_line' id='line_1_1' title="bbox 1350 308 2960 385; baseline 0.008 -24"><span class='ocrx_word' id='word_1_1' title='bbox 1350 308 1420 362; x_wconf 88' lang='lat' dir='ltr'>de</span> <span class='ocrx_word' id='word_1_2' title='bbox 1447 309 1667 377; x_wconf 81' lang='lat' dir='ltr'>gratiae</span> <span class='ocrx_word' id='word_1_3' title='bbox 1694 308 1966 364; x_wconf 83' lang='lat' dir='ltr'>efficacia.</span> <span class='ocrx_word' id='word_1_4' title='bbox 2840 319 2960 385; x_wconf 88' lang='lat'>101</span> 
     </span>
    </p>
   </div>
   <div class='ocr_carea' id='block_1_2' title="bbox 334 494 2968 1462">
    <p class='ocr_par' dir='ltr' id='par_1_2' title="bbox 334 494 2968 1462">
     <span class='ocr_line' id='line_1_2' title="bbox 527 494 2968 572; baseline -0 -15"><span class='ocrx_word' id='word_1_5' title='bbox 527 504 666 558; x_wconf 85' lang='lat'>114.</span> <span class='ocrx_word' id='word_1_6' title='bbox 698 495 835 553; x_wconf 86' lang='lat' dir='ltr'>Alia</span> <span class='ocrx_word' id='word_1_7' title='bbox 867 498 1193 571; x_wconf 74' lang='lat' dir='ltr'><strong>systemata</strong></span> <span class='ocrx_word' id='word_1_8' title='bbox 1236 494 1311 553; x_wconf 91' lang='lat' dir='ltr'>ad</span> <span class='ocrx_word' id='word_1_9' title='bbox 1353 495 1713 555; x_wconf 85' lang='lat' dir='ltr'>alterutrum</span> <span class='ocrx_word' id='word_1_10' title='bbox 1758 513 1828 555; x_wconf 81' lang='lat' dir='ltr'>ex</span> <span class='ocrx_word' id='word_1_11' title='bbox 1875 496 1965 555; x_wconf 88' lang='lat' dir='ltr'>his</span> <span class='ocrx_word' id='word_1_12' title='bbox 2008 497 2145 572; x_wconf 89' lang='lat' dir='ltr'>plus</span> <span class='ocrx_word' id='word_1_13' title='bbox 2189 496 2462 555; x_wconf 86' lang='lat' dir='ltr'>minusve</span> <span class='ocrx_word' id='word_1_14' title='bbox 2505 497 2807 558; x_wconf 88' lang='lat' dir='ltr'>accedunt.</span> <span class='ocrx_word' id='word_1_15' title='bbox 2873 499 2968 556; x_wconf 87' lang='lat' dir='ltr'>Ita</span> 
     </span>
     <span class='ocr_line' id='line_1_3' title="bbox 335 584 2963 663; baseline 0 -19"><span class='ocrx_word' id='word_1_16' title='bbox 335 584 909 644; x_wconf 69' lang='lat' dir='ltr'>&#39;thomassinus</span> <span class='ocrx_word' id='word_1_17' title='bbox 955 588 1031 646; x_wconf 86' lang='lat' dir='ltr'>tr.</span> <span class='ocrx_word' id='word_1_18' title='bbox 1065 593 1099 646; x_wconf 92' lang='lat'><strong>3</strong></span> <span class='ocrx_word' id='word_1_19' title='bbox 1150 584 1220 643; x_wconf 89' lang='lat' dir='ltr'>de</span> <span class='ocrx_word' id='word_1_20' title='bbox 1267 601 1560 643; x_wconf 88' lang='lat' dir='ltr'>consensu</span> <span class='ocrx_word' id='word_1_21' title='bbox 1605 585 1837 644; x_wconf 88' lang='lat' dir='ltr'>scholae</span> <span class='ocrx_word' id='word_1_22' title='bbox 1870 585 1944 645; x_wconf 91' lang='lat' dir='ltr'>de</span> <span class='ocrx_word' id='word_1_23' title='bbox 1976 605 2061 663; x_wconf 91' lang='lat' dir='ltr'>gr.</span> <span class='ocrx_word' id='word_1_24' title='bbox 2094 604 2142 644; x_wconf 91' lang='lat' dir='ltr'>c.</span> <span class='ocrx_word' id='word_1_25' title='bbox 2183 595 2258 648; x_wconf 85' lang='grc'>18</span> <span class='ocrx_word' id='word_1_26' title='bbox 2306 585 2464 660; x_wconf 91' lang='lat' dir='ltr'>quod</span> <span class='ocrx_word' id='word_1_27' title='bbox 2508 587 2963 663; x_wconf 87' lang='lat' dir='ltr'>augustini-</span> 
     </span>
     <span class='ocr_line' id='line_1_4' title="bbox 334 673 2966 750; baseline 0.001 -18"><span class='ocrx_word' id='word_1_28' title='bbox 334 692 673 734; x_wconf 84' lang='lat' dir='ltr'>anenses</span> <span class='ocrx_word' id='word_1_29' title='bbox 719 674 828 732; x_wconf 88' lang='lat' dir='ltr'>uni</span> <span class='ocrx_word' id='word_1_30' title='bbox 859 673 1210 731; x_wconf 84' lang='lat' dir='ltr'>adscribunt</span> <span class='ocrx_word' id='word_1_31' title='bbox 1239 673 1486 750; x_wconf 76' lang='lat' dir='ltr'>gratiae,</span> <span class='ocrx_word' id='word_1_32' title='bbox 1535 674 1893 733; x_wconf 85' lang='lat' dir='ltr'>auxiliorum</span> <span class='ocrx_word' id='word_1_33' title='bbox 1927 674 2145 734; x_wconf 89' lang='lat' dir='ltr'>tribuit</span> <span class='ocrx_word' id='word_1_34' title='bbox 2175 675 2506 745; x_wconf 84' lang='lat' dir='ltr'>cumulo,</span> <span class='ocrx_word' id='word_1_35' title='bbox 2555 676 2775 750; x_wconf 88' lang='lat' dir='ltr'>quibus</span> <span class='ocrx_word' id='word_1_36' title='bbox 2811 677 2966 735; x_wconf 84' lang='lat' dir='ltr'>Deus</span> 
     </span>
     <span class='ocr_line' id='line_1_5' title="bbox 336 762 2962 841; baseline 0 -19"><span class='ocrx_word' id='word_1_37' title='bbox 336 765 638 841; x_wconf 73' lang='lat' dir='ltr'>gradatim</span> <span class='ocrx_word' id='word_1_38' title='bbox 662 762 923 821; x_wconf 90' lang='lat' dir='ltr'>hominis</span> <span class='ocrx_word' id='word_1_39' title='bbox 944 767 1245 839; x_wconf 79' lang='lat' dir='ltr'>expugnat</span> <span class='ocrx_word' id='word_1_40' title='bbox 1263 763 1654 834; x_wconf 85' lang='lat' dir='ltr'>voluntatem,</span> <span class='ocrx_word' id='word_1_41' title='bbox 1686 782 1989 838; x_wconf 85' lang='lat' dir='ltr'>,quorum</span> <span class='ocrx_word' id='word_1_42' title='bbox 2020 764 2259 840; x_wconf 90' lang='lat' dir='ltr'>quidem</span> <span class='ocrx_word' id='word_1_43' title='bbox 2295 764 2535 840; x_wconf 85' lang='lat' dir='ltr'>singula</span> <span class='ocrx_word' id='word_1_44' title='bbox 2566 765 2806 824; x_wconf 81' lang='lat' dir='ltr'>seorsim</span> <span class='ocrx_word' id='word_1_45' title='bbox 2841 764 2962 823; x_wconf 86' lang='lat' dir='ltr'>fru-</span> 
     </span>
     <span class='ocr_line' id='line_1_6' title="bbox 340 851 2966 930; baseline 0 -19"><span class='ocrx_word' id='word_1_46' title='bbox 340 852 520 911; x_wconf 86' lang='lat' dir='ltr'>strari</span> <span class='ocrx_word' id='word_1_47' title='bbox 551 857 828 928; x_wconf 81' lang='lat' dir='ltr'><strong>possunt,</strong></span> <span class='ocrx_word' id='word_1_48' title='bbox 869 854 933 908; x_wconf 91' lang='lat' dir='ltr'>at</span> <span class='ocrx_word' id='word_1_49' title='bbox 963 852 1242 910; x_wconf 87' lang='lat' dir='ltr'>universa</span> <span class='ocrx_word' id='word_1_50' title='bbox 1274 851 1776 912; x_wconf 82' lang='lat' dir='ltr'>obstinatissimos</span> <span class='ocrx_word' id='word_1_51' title='bbox 1808 871 2078 929; x_wconf 86' lang='lat' dir='ltr'>quosque</span> <span class='ocrx_word' id='word_1_52' title='bbox 2112 853 2365 930; x_wconf 81' lang='lat' dir='ltr'>fatigant</span> <span class='ocrx_word' id='word_1_53' title='bbox 2395 853 2635 912; x_wconf 86' lang='lat' dir='ltr'>tandem</span> <span class='ocrx_word' id='word_1_54' title='bbox 2668 857 2729 912; x_wconf 90' lang='lat' dir='ltr'>et</span> <span class='ocrx_word' id='word_1_55' title='bbox 2760 854 2966 912; x_wconf 88' lang='lat' dir='ltr'>multi-</span> 
     </span>
     <span class='ocr_line' id='line_1_7' title="bbox 338 939 2964 1018; baseline 0 -18"><span class='ocrx_word' id='word_1_56' title='bbox 338 942 572 1007; x_wconf 83' lang='lat' dir='ltr'>tudine,</span> <span class='ocrx_word' id='word_1_57' title='bbox 605 940 1061 1017; x_wconf 88' lang='lat' dir='ltr'>conspiratione,</span> <span class='ocrx_word' id='word_1_58' title='bbox 1110 939 1403 999; x_wconf 82' lang='lat' dir='ltr'>indefessa</span> <span class='ocrx_word' id='word_1_59' title='bbox 1436 943 1887 1017; x_wconf 79' lang='lat' dir='ltr'>oppugnatione</span> <span class='ocrx_word' id='word_1_60' title='bbox 1934 960 2042 1000; x_wconf 90' lang='lat' dir='ltr'>sua</span> <span class='ocrx_word' id='word_1_61' title='bbox 2088 941 2161 999; x_wconf 89' lang='lat' dir='ltr'>ad</span> <span class='ocrx_word' id='word_1_62' title='bbox 2206 960 2517 1001; x_wconf 81' lang='lat' dir='ltr'>assensum</span> <span class='ocrx_word' id='word_1_63' title='bbox 2549 943 2964 1018; x_wconf 80' lang='lat' dir='ltr'>pertrahunt.‘</span> 
     </span>
     <span class='ocr_line' id='line_1_8' title="bbox 340 1029 2965 1108; baseline 0 -19"><span class='ocrx_word' id='word_1_64' title='bbox 340 1064 430 1075; x_wconf 89' lang='lat'>—-</span> <span class='ocrx_word' id='word_1_65' title='bbox 462 1031 585 1089; x_wconf 86' lang='lat' dir='ltr'>Alii</span> <span class='ocrx_word' id='word_1_66' title='bbox 618 1049 755 1088; x_wconf 91' lang='lat' dir='ltr'>cum</span> <span class='ocrx_word' id='word_1_67' title='bbox 785 1029 961 1105; x_wconf 86' lang='lat' dir='ltr'>Alph.</span> <span class='ocrx_word' id='word_1_68' title='bbox 993 1030 1287 1105; x_wconf 84' lang='lat' dir='ltr'>Moyne,</span> <span class='ocrx_word' id='word_1_69' title='bbox 1338 1030 1778 1096; x_wconf 85' lang='lat' dir='ltr'>Ysambert,</span> <span class='ocrx_word' id='word_1_70' title='bbox 1827 1030 2274 1108; x_wconf 82' lang='lat' dir='ltr'>Montagne,</span> <span class='ocrx_word' id='word_1_71' title='bbox 2322 1050 2368 1089; x_wconf 91' lang='lat' dir='ltr'>s.</span> <span class='ocrx_word' id='word_1_72' title='bbox 2408 1031 2581 1107; x_wconf 88' lang='lat' dir='ltr'>Alph.</span> <span class='ocrx_word' id='word_1_73' title='bbox 2612 1032 2965 1108; x_wconf 89' lang='lat' dir='ltr'>Liguori,</span> 
     </span>
     <span class='ocr_line' id='line_1_9' title="bbox 338 1118 2968 1198; baseline 0.001 -20"><span class='ocrx_word' id='word_1_74' title='bbox 338 1121 580 1178; x_wconf 86' lang='lat' dir='ltr'>Knoll</span> <span class='ocrx_word' id='word_1_75' title='bbox 611 1125 741 1189; x_wconf 68' lang='lat' dir='ltr'>etc„</span> <span class='ocrx_word' id='word_1_76' title='bbox 774 1138 894 1195; x_wconf 93' lang='lat' dir='ltr'>quo</span> <span class='ocrx_word' id='word_1_77' title='bbox 916 1118 1145 1177; x_wconf 89' lang='lat' dir='ltr'>facilius</span> <span class='ocrx_word' id='word_1_78' title='bbox 1166 1137 1368 1177; x_wconf 74' lang='lat' dir='ltr'>omnes</span> <span class='ocrx_word' id='word_1_79' title='bbox 1390 1119 1711 1194; x_wconf 73' lang='lat' dir='ltr'>expediant</span> <span class='ocrx_word' id='word_1_80' title='bbox 1730 1119 2114 1179; x_wconf 85' lang='lat' dir='ltr'>difficultates</span> <span class='ocrx_word' id='word_1_81' title='bbox 2148 1124 2326 1197; x_wconf 87' lang='lat' dir='ltr'>atque</span> <span class='ocrx_word' id='word_1_82' title='bbox 2358 1120 2600 1180; x_wconf 88' lang='lat' dir='ltr'>dissidia</span> <span class='ocrx_word' id='word_1_83' title='bbox 2637 1121 2709 1179; x_wconf 89' lang='lat' dir='ltr'>de</span> <span class='ocrx_word' id='word_1_84' title='bbox 2739 1121 2968 1198; x_wconf 83' lang='lat' dir='ltr'>gratiae</span> 
     </span>
     <span class='ocr_line' id='line_1_10' title="bbox 338 1207 2962 1285; baseline 0.001 -19"><span class='ocrx_word' id='word_1_85' title='bbox 338 1209 600 1268; x_wconf 76' lang='lat' dir='ltr'>efficacia</span> <span class='ocrx_word' id='word_1_86' title='bbox 629 1210 1000 1283; x_wconf 80' lang='lat' dir='ltr'>componant,</span> <span class='ocrx_word' id='word_1_87' title='bbox 1049 1208 1435 1285; x_wconf 83' lang='lat' dir='ltr'>duplicem</span> <span class='ocrx_word' id='word_1_88' title='bbox 1479 1207 1809 1267; x_wconf 89' lang='lat' dir='ltr'>admittunt</span> <span class='ocrx_word' id='word_1_89' title='bbox 1839 1209 2111 1285; x_wconf 78' lang='lat' dir='ltr'>gratiam,</span> <span class='ocrx_word' id='word_1_90' title='bbox 2158 1210 2330 1267; x_wconf 90' lang='lat' dir='ltr'>aliam</span> <span class='ocrx_word' id='word_1_91' title='bbox 2365 1228 2432 1268; x_wconf 81' lang='lat' dir='ltr'>ex</span> <span class='ocrx_word' id='word_1_92' title='bbox 2466 1210 2792 1269; x_wconf 83' lang='lat' dir='ltr'>voluntatis</span> <span class='ocrx_word' id='word_1_93' title='bbox 2825 1228 2962 1269; x_wconf 89' lang='lat' dir='ltr'>con-</span> 
     </span>
     <span class='ocr_line' id='line_1_11' title="bbox 339 1297 2964 1373; baseline 0 -16"><span class='ocrx_word' id='word_1_94' title='bbox 339 1318 541 1365; x_wconf 86' lang='lat' dir='ltr'>sensu,</span> <span class='ocrx_word' id='word_1_95' title='bbox 587 1298 765 1356; x_wconf 88' lang='lat' dir='ltr'>aliam</span> <span class='ocrx_word' id='word_1_96' title='bbox 811 1316 879 1355; x_wconf 81' lang='lat' dir='ltr'>ex</span> <span class='ocrx_word' id='word_1_97' title='bbox 926 1315 1053 1355; x_wconf 85' lang='lat' dir='ltr'>sese</span> <span class='ocrx_word' id='word_1_98' title='bbox 1085 1301 1265 1373; x_wconf 89' lang='lat' dir='ltr'>atque</span> <span class='ocrx_word' id='word_1_99' title='bbox 1297 1297 1658 1356; x_wconf 86' lang='lat' dir='ltr'>intrinsecus</span> <span class='ocrx_word' id='word_1_100' title='bbox 1689 1298 2014 1369; x_wconf 80' lang='lat' dir='ltr'>efficacem3</span> <span class='ocrx_word' id='word_1_101' title='bbox 2064 1298 2225 1356; x_wconf 89' lang='lat' dir='ltr'>illam</span> <span class='ocrx_word' id='word_1_102' title='bbox 2258 1298 2638 1373; x_wconf 84' lang='lat' dir='ltr'>potissimum</span> <span class='ocrx_word' id='word_1_103' title='bbox 2671 1299 2798 1357; x_wconf 89' lang='lat' dir='ltr'>dari</span> <span class='ocrx_word' id='word_1_104' title='bbox 2830 1318 2964 1357; x_wconf 90' lang='lat' dir='ltr'>cen-</span> 
     </span>
     <span class='ocr_line' id='line_1_12' title="bbox 338 1386 2962 1462; baseline 0 -16"><span class='ocrx_word' id='word_1_105' title='bbox 338 1391 479 1446; x_wconf 89' lang='lat' dir='ltr'>sent</span> <span class='ocrx_word' id='word_1_106' title='bbox 508 1387 582 1444; x_wconf 85' lang='lat' dir='ltr'>ad</span> <span class='ocrx_word' id='word_1_107' title='bbox 616 1405 795 1462; x_wconf 87' lang='lat' dir='ltr'>opera</span> <span class='ocrx_word' id='word_1_108' title='bbox 814 1386 1089 1455; x_wconf 86' lang='lat' dir='ltr'>faciliora,</span> <span class='ocrx_word' id='word_1_109' title='bbox 1125 1386 1469 1461; x_wconf 88' lang='lat' dir='ltr'>praesertim</span> <span class='ocrx_word' id='word_1_110' title='bbox 1504 1386 1575 1444; x_wconf 88' lang='lat' dir='ltr'>ad</span> <span class='ocrx_word' id='word_1_111' title='bbox 1609 1387 1969 1446; x_wconf 87' lang='lat' dir='ltr'>orationem:</span> <span class='ocrx_word' id='word_1_112' title='bbox 2004 1407 2122 1461; x_wconf 89' lang='lat' dir='ltr'>qua</span> <span class='ocrx_word' id='word_1_113' title='bbox 2154 1387 2205 1446; x_wconf 90' lang='lat' dir='ltr'>si</span> <span class='ocrx_word' id='word_1_114' title='bbox 2238 1386 2411 1447; x_wconf 89' lang='lat' dir='ltr'>homo</span> <span class='ocrx_word' id='word_1_115' title='bbox 2432 1389 2581 1446; x_wconf 86' lang='lat' dir='ltr'>bene</span> <span class='ocrx_word' id='word_1_116' title='bbox 2601 1389 2816 1459; x_wconf 88' lang='lat' dir='ltr'>utitur,</span> <span class='ocrx_word' id='word_1_117' title='bbox 2852 1389 2962 1446; x_wconf 91' lang='lat' dir='ltr'>im-</span> 
     </span>
    </p>
   </div>
   <div class='ocr_carea' id='block_1_3' title="bbox 341 1475 2966 1643">
    <p class='ocr_par' dir='ltr' id='par_1_3' title="bbox 341 1475 2966 1643">
     <span class='ocr_line' id='line_1_13' title="bbox 341 1475 2963 1553; baseline 0 -19"><span class='ocrx_word' id='word_1_118' title='bbox 341 1476 611 1553; x_wconf 86' lang='lat' dir='ltr'>petrabit</span> <span class='ocrx_word' id='word_1_119' title='bbox 638 1476 892 1553; x_wconf 81' lang='lat' dir='ltr'>gratiam</span> <span class='ocrx_word' id='word_1_120' title='bbox 924 1495 994 1533; x_wconf 84' lang='lat' dir='ltr'>ex</span> <span class='ocrx_word' id='word_1_121' title='bbox 1027 1494 1156 1534; x_wconf 79' lang='lat' dir='ltr'>sese</span> <span class='ocrx_word' id='word_1_122' title='bbox 1186 1475 1479 1533; x_wconf 81' lang='lat' dir='ltr'>efficacem</span> <span class='ocrx_word' id='word_1_123' title='bbox 1522 1476 1597 1534; x_wconf 90' lang='lat' dir='ltr'>ad</span> <span class='ocrx_word' id='word_1_124' title='bbox 1643 1494 1819 1551; x_wconf 88' lang='lat' dir='ltr'>opera</span> <span class='ocrx_word' id='word_1_125' title='bbox 1848 1476 2200 1545; x_wconf 88' lang='lat' dir='ltr'>difficiliora,</span> <span class='ocrx_word' id='word_1_126' title='bbox 2247 1476 2321 1534; x_wconf 91' lang='lat' dir='ltr'>ad</span> <span class='ocrx_word' id='word_1_127' title='bbox 2352 1477 2671 1552; x_wconf 84' lang='lat' dir='ltr'>perfectam</span> <span class='ocrx_word' id='word_1_128' title='bbox 2704 1477 2963 1536; x_wconf 90' lang='lat' dir='ltr'>hominis</span> 
     </span>
     <span class='ocr_line' id='line_1_14' title="bbox 341 1564 2966 1643; baseline 0 -19"><span class='ocrx_word' id='word_1_129' title='bbox 341 1566 811 1624; x_wconf 86' lang='lat' dir='ltr'>conversionem.</span> <span class='ocrx_word' id='word_1_130' title='bbox 876 1564 956 1622; x_wconf 80' lang='lat' dir='ltr'>Of.</span> <span class='ocrx_word' id='word_1_131' title='bbox 990 1564 1279 1622; x_wconf 84' lang='lat' dir='ltr'>Habert</span> <span class='ocrx_word' id='word_1_132' title='bbox 1310 1564 1349 1626; x_wconf 94' lang='lat' dir='ltr'>l.</span> <span class='ocrx_word' id='word_1_133' title='bbox 1384 1573 1418 1626; x_wconf 83' lang='lat'>2</span> <span class='ocrx_word' id='word_1_134' title='bbox 1455 1582 1501 1622; x_wconf 91' lang='lat' dir='ltr'>c.</span> <span class='ocrx_word' id='word_1_135' title='bbox 1540 1575 1651 1634; x_wconf 78' lang='lat'>153</span> <span class='ocrx_word' id='word_1_136' title='bbox 1684 1565 1767 1623; x_wconf 91' lang='lat' dir='ltr'>du</span> <span class='ocrx_word' id='word_1_137' title='bbox 1802 1566 2098 1624; x_wconf 90' lang='lat' dir='ltr'>Plessis</span> <span class='ocrx_word' id='word_1_138' title='bbox 2131 1564 2592 1643; x_wconf 82' lang='lat' dir='ltr'>d&#39;Argentre</span> <span class='ocrx_word' id='word_1_139' title='bbox 2624 1567 2688 1624; x_wconf 92' lang='lat' dir='ltr'>in</span> <span class='ocrx_word' id='word_1_140' title='bbox 2721 1567 2859 1629; x_wconf 79' lang='lat' dir='ltr'>diss,</span> <span class='ocrx_word' id='word_1_141' title='bbox 2894 1566 2966 1625; x_wconf 89' lang='lat' dir='ltr'>de</span> 
     </span>
    </p>
   </div>
   <div class='ocr_carea' id='block_1_4' title="bbox 342 1653 2971 2694">
    <p class='ocr_par' dir='ltr' id='par_1_4' title="bbox 342 1653 2966 1821">
     <span class='ocr_line' id='line_1_15' title="bbox 342 1653 2966 1733; baseline 0 -20"><span class='ocrx_word' id='word_1_142' title='bbox 342 1654 670 1730; x_wconf 86' lang='lat' dir='ltr'>multiplici</span> <span class='ocrx_word' id='word_1_143' title='bbox 699 1672 915 1730; x_wconf 88' lang='lat' dir='ltr'>genere</span> <span class='ocrx_word' id='word_1_144' title='bbox 946 1653 1063 1716; x_wconf 84' lang='lat' dir='ltr'>div.</span> <span class='ocrx_word' id='word_1_145' title='bbox 1096 1654 1322 1728; x_wconf 84' lang='lat' dir='ltr'>gratiae</span> <span class='ocrx_word' id='word_1_146' title='bbox 1353 1655 1599 1729; x_wconf 86' lang='lat' dir='ltr'>ejusque</span> <span class='ocrx_word' id='word_1_147' title='bbox 1634 1654 2056 1729; x_wconf 83' lang='lat' dir='ltr'>partitionibus</span> <span class='ocrx_word' id='word_1_148' title='bbox 2103 1654 2263 1731; x_wconf 87' lang='lat' dir='ltr'>apud</span> <span class='ocrx_word' id='word_1_149' title='bbox 2307 1655 2586 1731; x_wconf 89' lang='lat' dir='ltr'>antiquos</span> <span class='ocrx_word' id='word_1_150' title='bbox 2628 1656 2966 1733; x_wconf 89' lang='lat' dir='ltr'>theologos;</span> 
     </span>
     <span class='ocr_line' id='line_1_16' title="bbox 343 1742 2966 1821; baseline 0 -19"><span class='ocrx_word' id='word_1_151' title='bbox 343 1744 631 1803; x_wconf 76' lang='lat' dir='ltr'>zeitschr.</span> <span class='ocrx_word' id='word_1_152' title='bbox 678 1742 776 1801; x_wconf 77' lang='lat' dir='ltr'>fiir</span> <span class='ocrx_word' id='word_1_153' title='bbox 812 1742 868 1805; x_wconf 83' lang='lat' dir='ltr'>k.</span> <span class='ocrx_word' id='word_1_154' title='bbox 900 1742 1097 1799; x_wconf 79' lang='lat' dir='ltr'>Theol.</span> <span class='ocrx_word' id='word_1_155' title='bbox 1132 1742 1449 1818; x_wconf 89' lang='lat' dir='ltr'>Oeniponti</span> <span class='ocrx_word' id='word_1_156' title='bbox 1489 1754 1651 1805; x_wconf 69' lang='grc'><strong>1879</strong></span> <span class='ocrx_word' id='word_1_157' title='bbox 1686 1743 1791 1812; x_wconf 92' lang='lat'>111,</span> <span class='ocrx_word' id='word_1_158' title='bbox 1830 1754 1987 1815; x_wconf 78' lang='lat'>5853</span> <span class='ocrx_word' id='word_1_159' title='bbox 2035 1744 2466 1821; x_wconf 88' lang='lat' dir='ltr'>Atzberger</span> <span class='ocrx_word' id='word_1_160' title='bbox 2497 1742 2529 1813; x_wconf 69' lang='grc' dir='ltr'><strong>ἓ</strong></span> <span class='ocrx_word' id='word_1_161' title='bbox 2566 1755 2689 1809; x_wconf 87' lang='grc'>319</span> <span class='ocrx_word' id='word_1_162' title='bbox 2724 1764 2781 1803; x_wconf 91' lang='lat' dir='ltr'>n.</span> <span class='ocrx_word' id='word_1_163' title='bbox 2823 1755 2966 1809; x_wconf 78' lang='grc'><strong>846.</strong></span> 
     </span>
    </p>

    <p class='ocr_par' dir='ltr' id='par_1_5' title="bbox 344 1860 2971 2694">
     <span class='ocr_line' id='line_1_17' title="bbox 533 1860 2968 1947; baseline -0.001 -17"><span class='ocrx_word' id='word_1_164' title='bbox 533 1866 678 1931; x_wconf 83' lang='lat'>115.</span> <span class='ocrx_word' id='word_1_165' title='bbox 710 1862 953 1927; x_wconf 90' lang='lat' dir='ltr'>Verum</span> <span class='ocrx_word' id='word_1_166' title='bbox 985 1860 1407 1944; x_wconf 88' lang='lat' dir='ltr'>praeferenda</span> <span class='ocrx_word' id='word_1_167' title='bbox 1451 1863 1701 1927; x_wconf 88' lang='lat' dir='ltr'>videtur</span> <span class='ocrx_word' id='word_1_168' title='bbox 1733 1881 1814 1927; x_wconf 90' lang='lat' dir='ltr'>ea</span> <span class='ocrx_word' id='word_1_169' title='bbox 1844 1864 2180 1941; x_wconf 85' lang='lat' dir='ltr'>sententia,</span> <span class='ocrx_word' id='word_1_170' title='bbox 2214 1883 2382 1947; x_wconf 91' lang='lat' dir='ltr'>quae</span> <span class='ocrx_word' id='word_1_171' title='bbox 2412 1865 2652 1943; x_wconf 86' lang='lat' dir='ltr'>statuit,</span> <span class='ocrx_word' id='word_1_172' title='bbox 2699 1865 2968 1945; x_wconf 79' lang='lat' dir='ltr'>gratiam</span> 
     </span>
     <span class='ocr_line' id='line_1_18' title="bbox 344 1968 2970 2057; baseline 0.001 -25"><span class='ocrx_word' id='word_1_173' title='bbox 344 1968 503 2032; x_wconf 90' lang='lat' dir='ltr'>boni</span> <span class='ocrx_word' id='word_1_174' title='bbox 538 1968 752 2050; x_wconf 88' lang='lat' dir='ltr'>operis</span> <span class='ocrx_word' id='word_1_175' title='bbox 786 1969 1039 2054; x_wconf 89' lang='lat' dir='ltr'>(saltem</span> <span class='ocrx_word' id='word_1_176' title='bbox 1070 1969 1136 2032; x_wconf 92' lang='lat' dir='ltr'>in</span> <span class='ocrx_word' id='word_1_177' title='bbox 1167 1971 1424 2057; x_wconf 84' lang='lat' dir='ltr'>genere)</span> <span class='ocrx_word' id='word_1_178' title='bbox 1459 1989 1537 2036; x_wconf 85' lang='lat' dir='ltr'>ex</span> <span class='ocrx_word' id='word_1_179' title='bbox 1569 1988 1714 2036; x_wconf 90' lang='lat' dir='ltr'>sese</span> <span class='ocrx_word' id='word_1_180' title='bbox 1746 1989 1881 2035; x_wconf 92' lang='lat' dir='ltr'>non</span> <span class='ocrx_word' id='word_1_181' title='bbox 1912 1989 2056 2036; x_wconf 88' lang='lat' dir='ltr'>esse</span> <span class='ocrx_word' id='word_1_182' title='bbox 2086 1972 2176 2035; x_wconf 79' lang='lat' dir='ltr'>ita</span> <span class='ocrx_word' id='word_1_183' title='bbox 2208 1970 2550 2049; x_wconf 87' lang='lat' dir='ltr'>efficacem,</span> <span class='ocrx_word' id='word_1_184' title='bbox 2570 1980 2642 2038; x_wconf 89' lang='lat' dir='ltr'>ut</span> <span class='ocrx_word' id='word_1_185' title='bbox 2661 1991 2741 2038; x_wconf 90' lang='lat' dir='ltr'>ea</span> <span class='ocrx_word' id='word_1_186' title='bbox 2759 1972 2970 2057; x_wconf 87' lang='lat' dir='ltr'>posita</span> 
     </span>
     <span class='ocr_line' id='line_1_19' title="bbox 345 2076 2966 2166; baseline 0.001 -26"><span class='ocrx_word' id='word_1_187' title='bbox 345 2077 762 2141; x_wconf 80' lang='lat' dir='ltr'>infallibiliter</span> <span class='ocrx_word' id='word_1_188' title='bbox 794 2077 1222 2161; x_wconf 89' lang='lat' dir='ltr'>(praecisione</span> <span class='ocrx_word' id='word_1_189' title='bbox 1272 2076 1442 2141; x_wconf 78' lang='lat' dir='ltr'>facta</span> <span class='ocrx_word' id='word_1_190' title='bbox 1474 2095 1514 2140; x_wconf 91' lang='lat' dir='ltr'>a</span> <span class='ocrx_word' id='word_1_191' title='bbox 1546 2078 1762 2142; x_wconf 89' lang='lat' dir='ltr'>divina</span> <span class='ocrx_word' id='word_1_192' title='bbox 1806 2079 2278 2166; x_wconf 80' lang='lat' dir='ltr'>praescientia),</span> <span class='ocrx_word' id='word_1_193' title='bbox 2311 2080 2838 2161; x_wconf 84' lang='lat' dir='ltr'>insuperabiliter,</span> <span class='ocrx_word' id='word_1_194' title='bbox 2871 2079 2966 2142; x_wconf 91' lang='lat' dir='ltr'>in-</span> 
     </span>
     <span class='ocr_line' id='line_1_20' title="bbox 346 2182 2969 2267; baseline 0.001 -20"><span class='ocrx_word' id='word_1_195' title='bbox 346 2182 817 2249; x_wconf 87' lang='lat' dir='ltr'>declinabiliter</span> <span class='ocrx_word' id='word_1_196' title='bbox 848 2191 1153 2264; x_wconf 88' lang='lat' dir='ltr'>sequatur</span> <span class='ocrx_word' id='word_1_197' title='bbox 1185 2190 1365 2247; x_wconf 91' lang='lat' dir='ltr'>actus</span> <span class='ocrx_word' id='word_1_198' title='bbox 1397 2185 1727 2247; x_wconf 87' lang='lat' dir='ltr'>salutaris:</span> <span class='ocrx_word' id='word_1_199' title='bbox 1776 2184 1909 2248; x_wconf 84' lang='lat' dir='ltr'>fieri</span> <span class='ocrx_word' id='word_1_200' title='bbox 1943 2186 2112 2249; x_wconf 92' lang='lat' dir='ltr'>enim</span> <span class='ocrx_word' id='word_1_201' title='bbox 2143 2205 2353 2267; x_wconf 87' lang='lat' dir='ltr'>posse,</span> <span class='ocrx_word' id='word_1_202' title='bbox 2394 2193 2466 2250; x_wconf 91' lang='lat' dir='ltr'>ut</span> <span class='ocrx_word' id='word_1_203' title='bbox 2496 2187 2549 2249; x_wconf 90' lang='lat' dir='ltr'>si</span> <span class='ocrx_word' id='word_1_204' title='bbox 2582 2186 2709 2250; x_wconf 91' lang='lat' dir='ltr'>duo</span> <span class='ocrx_word' id='word_1_205' title='bbox 2742 2186 2969 2251; x_wconf 92' lang='lat' dir='ltr'>eadem</span> 
     </span>
     <span class='ocr_line' id='line_1_21' title="bbox 346 2290 2967 2375; baseline 0.001 -19"><span class='ocrx_word' id='word_1_206' title='bbox 346 2292 541 2373; x_wconf 88' lang='lat' dir='ltr'>plane</span> <span class='ocrx_word' id='word_1_207' title='bbox 560 2290 783 2372; x_wconf 11' lang='lat' dir='ltr'>,gratia</span> <span class='ocrx_word' id='word_1_208' title='bbox 813 2290 1328 2371; x_wconf 85' lang='lat' dir='ltr'>praeveniantur,</span> <span class='ocrx_word' id='word_1_209' title='bbox 1362 2308 1441 2356; x_wconf 90' lang='lat' dir='ltr'>ea</span> <span class='ocrx_word' id='word_1_210' title='bbox 1474 2290 1540 2353; x_wconf 91' lang='lat' dir='ltr'>in</span> <span class='ocrx_word' id='word_1_211' title='bbox 1571 2309 1701 2354; x_wconf 91' lang='lat' dir='ltr'>uno</span> <span class='ocrx_word' id='word_1_212' title='bbox 1735 2291 1819 2355; x_wconf 90' lang='lat' dir='ltr'>sit</span> <span class='ocrx_word' id='word_1_213' title='bbox 1852 2291 2095 2368; x_wconf 71' lang='lat' dir='ltr'>efficaX,</span> <span class='ocrx_word' id='word_1_214' title='bbox 2128 2292 2193 2355; x_wconf 91' lang='lat' dir='ltr'>in</span> <span class='ocrx_word' id='word_1_215' title='bbox 2227 2292 2430 2357; x_wconf 89' lang='lat' dir='ltr'>altero</span> <span class='ocrx_word' id='word_1_216' title='bbox 2451 2301 2711 2375; x_wconf 88' lang='lat' dir='ltr'>propter</span> <span class='ocrx_word' id='word_1_217' title='bbox 2730 2311 2967 2375; x_wconf 89' lang='lat' dir='ltr'>coope-</span> 
     </span>
     <span class='ocr_line' id='line_1_22' title="bbox 348 2396 2971 2479; baseline 0 -17"><span class='ocrx_word' id='word_1_218' title='bbox 348 2398 623 2463; x_wconf 85' lang='lat' dir='ltr'>rationis</span> <span class='ocrx_word' id='word_1_219' title='bbox 654 2396 973 2462; x_wconf 82' lang='lat' dir='ltr'>desectum</span> <span class='ocrx_word' id='word_1_220' title='bbox 1005 2402 1229 2460; x_wconf 88' lang='lat' dir='ltr'>careat</span> <span class='ocrx_word' id='word_1_221' title='bbox 1259 2396 1524 2460; x_wconf 78' lang='lat' dir='ltr'>effectu:</span> <span class='ocrx_word' id='word_1_222' title='bbox 1558 2397 1833 2479; x_wconf 90' lang='lat' dir='ltr'>ideoque</span> <span class='ocrx_word' id='word_1_223' title='bbox 1866 2416 1945 2461; x_wconf 86' lang='lat' dir='ltr'>ex</span> <span class='ocrx_word' id='word_1_224' title='bbox 1979 2399 2184 2478; x_wconf 88' lang='lat' dir='ltr'>gratia</span> <span class='ocrx_word' id='word_1_225' title='bbox 2205 2398 2434 2465; x_wconf 82' lang='lat' dir='ltr'>inferre</span> <span class='ocrx_word' id='word_1_226' title='bbox 2455 2419 2585 2464; x_wconf 91' lang='lat' dir='ltr'>non</span> <span class='ocrx_word' id='word_1_227' title='bbox 2605 2400 2794 2465; x_wconf 88' lang='lat' dir='ltr'>licere</span> <span class='ocrx_word' id='word_1_228' title='bbox 2813 2417 2971 2463; x_wconf 92' lang='lat' dir='ltr'>con-</span> 
     </span>
     <span class='ocr_line' id='line_1_23' title="bbox 350 2503 2971 2589; baseline 0.001 -21"><span class='ocrx_word' id='word_1_229' title='bbox 350 2523 636 2580; x_wconf 83' lang='lat' dir='ltr'>sensum,</span> <span class='ocrx_word' id='word_1_230' title='bbox 668 2503 783 2568; x_wconf 87' lang='lat' dir='ltr'>sed</span> <span class='ocrx_word' id='word_1_231' title='bbox 815 2522 960 2569; x_wconf 88' lang='lat' dir='ltr'>eam</span> <span class='ocrx_word' id='word_1_232' title='bbox 994 2504 1391 2569; x_wconf 89' lang='lat' dir='ltr'>denominari</span> <span class='ocrx_word' id='word_1_233' title='bbox 1425 2504 1752 2569; x_wconf 89' lang='lat' dir='ltr'>efficacem</span> <span class='ocrx_word' id='word_1_234' title='bbox 1788 2524 1866 2570; x_wconf 86' lang='lat' dir='ltr'>ex</span> <span class='ocrx_word' id='word_1_235' title='bbox 1898 2524 2235 2582; x_wconf 84' lang='lat' dir='ltr'>consensu,</span> <span class='ocrx_word' id='word_1_236' title='bbox 2270 2508 2376 2589; x_wconf 92' lang='lat' dir='ltr'>qui</span> <span class='ocrx_word' id='word_1_237' title='bbox 2409 2514 2710 2571; x_wconf 87' lang='lat' dir='ltr'>manente</span> <span class='ocrx_word' id='word_1_238' title='bbox 2743 2508 2971 2571; x_wconf 88' lang='lat' dir='ltr'>eadem</span> 
     </span>
     <span class='ocr_line' id='line_1_24' title="bbox 349 2610 1302 2694; baseline 0 -19"><span class='ocrx_word' id='word_1_239' title='bbox 349 2612 559 2694; x_wconf 89' lang='lat' dir='ltr'>gratia</span> <span class='ocrx_word' id='word_1_240' title='bbox 591 2610 824 2676; x_wconf 88' lang='lat' dir='ltr'>abesse</span> <span class='ocrx_word' id='word_1_241' title='bbox 857 2612 1052 2676; x_wconf 89' lang='lat' dir='ltr'>etiam</span> <span class='ocrx_word' id='word_1_242' title='bbox 1085 2613 1302 2694; x_wconf 85' lang='lat' dir='ltr'>possit</span> 
     </span>
    </p>
   </div>
   <div class='ocr_carea' id='block_1_5' title="bbox 344 2735 2976 4210">
    <p class='ocr_par' dir='ltr' id='par_1_6' title="bbox 344 2735 2976 4210">
     <span class='ocr_line' id='line_1_25' title="bbox 537 2735 2973 2822; baseline -0 -18"><span class='ocrx_word' id='word_1_243' title='bbox 537 2743 683 2806; x_wconf 88' lang='grc'><strong>116.</strong></span> <span class='ocrx_word' id='word_1_244' title='bbox 714 2738 1290 2806; x_wconf 80' lang='lat' dir='ltr'>Demonstratio.</span> <span class='ocrx_word' id='word_1_245' title='bbox 1357 2735 1692 2804; x_wconf 89' lang='lat' dir='ltr'>Sententia</span> <span class='ocrx_word' id='word_1_246' title='bbox 1739 2747 1962 2804; x_wconf 86' lang='lat' dir='ltr'>nostra</span> <span class='ocrx_word' id='word_1_247' title='bbox 2006 2740 2316 2822; x_wconf 88' lang='lat' dir='ltr'>probatur</span> <span class='ocrx_word' id='word_1_248' title='bbox 2360 2740 2434 2803; x_wconf 87' lang='lat' dir='ltr'>iis</span> <span class='ocrx_word' id='word_1_249' title='bbox 2481 2739 2610 2805; x_wconf 90' lang='lat' dir='ltr'>fere</span> <span class='ocrx_word' id='word_1_250' title='bbox 2657 2739 2973 2815; x_wconf 88' lang='lat' dir='ltr'>omnibus,</span> 
     </span>
     <span class='ocr_line' id='line_1_26' title="bbox 349 2844 2975 2931; baseline 0.001 -23"><span class='ocrx_word' id='word_1_251' title='bbox 349 2844 586 2926; x_wconf 89' lang='lat' dir='ltr'>quibus</span> <span class='ocrx_word' id='word_1_252' title='bbox 619 2845 705 2909; x_wconf 89' lang='lat' dir='ltr'>th.</span> <span class='ocrx_word' id='word_1_253' title='bbox 737 2849 1232 2926; x_wconf 88' lang='lat' dir='ltr'>praecedentem</span> <span class='ocrx_word' id='word_1_254' title='bbox 1262 2848 1741 2912; x_wconf 82' lang='lat' dir='ltr'>vindicavimus.</span> <span class='ocrx_word' id='word_1_255' title='bbox 1807 2848 2070 2931; x_wconf 87' lang='lat' dir='ltr'>Insuper</span> <span class='ocrx_word' id='word_1_256' title='bbox 2105 2848 2164 2918; x_wconf 93' lang='lat' dir='ltr'>l.</span> <span class='ocrx_word' id='word_1_257' title='bbox 2198 2868 2277 2914; x_wconf 83' lang='lat' dir='ltr'>ex</span> <span class='ocrx_word' id='word_1_258' title='bbox 2327 2868 2373 2912; x_wconf 90' lang='lat' dir='ltr'>s.</span> <span class='ocrx_word' id='word_1_259' title='bbox 2422 2845 2466 2912; x_wconf 91' lang='lat' dir='ltr'>S</span> <span class='ocrx_word' id='word_1_260' title='bbox 2487 2849 2866 2931; x_wconf 86' lang='lat' dir='ltr'>criptura</span> <span class='ocrx_word' id='word_1_261' title='bbox 2912 2854 2975 2911; x_wconf 89' lang='lat' dir='ltr'>et</span> 
     </span>
     <span class='ocr_line' id='line_1_27' title="bbox 347 2951 2976 3040; baseline 0 -25"><span class='ocrx_word' id='word_1_262' title='bbox 347 2951 613 3033; x_wconf 90' lang='lat' dir='ltr'>quidem</span> <span class='ocrx_word' id='word_1_263' title='bbox 644 2974 708 3023; x_wconf 80' lang='lat' dir='ltr'>a.</span> <span class='ocrx_word' id='word_1_264' title='bbox 745 2974 822 3019; x_wconf 81' lang='lat' dir='ltr'>ex</span> <span class='ocrx_word' id='word_1_265' title='bbox 854 2955 1074 3019; x_wconf 82' lang='lat' dir='ltr'>Matth.</span> <span class='ocrx_word' id='word_1_266' title='bbox 1116 2960 1216 3032; x_wconf 84' lang='lat'>11,</span> <span class='ocrx_word' id='word_1_267' title='bbox 1253 2961 1370 3022; x_wconf 77' lang='lat'>20:</span> <span class='ocrx_word' id='word_1_268' title='bbox 1414 2955 1590 3018; x_wconf 82' lang='lat' dir='ltr'>Tune</span> <span class='ocrx_word' id='word_1_269' title='bbox 1622 2957 1817 3039; x_wconf 81' lang='lat' dir='ltr'>coepit</span> <span class='ocrx_word' id='word_1_270' title='bbox 1850 2955 2230 3040; x_wconf 68' lang='lat' dir='ltr'>exprobrare</span> <span class='ocrx_word' id='word_1_271' title='bbox 2259 2955 2636 3039; x_wconf 70' lang='lat' dir='ltr'>civitatibuS,</span> <span class='ocrx_word' id='word_1_272' title='bbox 2666 2957 2735 3017; x_wconf 84' lang='lat' dir='ltr'>in</span> <span class='ocrx_word' id='word_1_273' title='bbox 2755 2954 2976 3038; x_wconf 77' lang='lat' dir='ltr'>quibus</span> 
     </span>
     <span class='ocr_line' id='line_1_28' title="bbox 344 3059 2975 3150; baseline 0 -27"><span class='ocrx_word' id='word_1_274' title='bbox 344 3059 560 3139; x_wconf 83' lang='lat' dir='ltr'>factae</span> <span class='ocrx_word' id='word_1_275' title='bbox 590 3067 736 3124; x_wconf 79' lang='lat' dir='ltr'>sun-t</span> <span class='ocrx_word' id='word_1_276' title='bbox 759 3060 1083 3144; x_wconf 80' lang='lat' dir='ltr'>plurimae</span> <span class='ocrx_word' id='word_1_277' title='bbox 1113 3063 1371 3124; x_wconf 78' lang='lat' dir='ltr'>virtutes</span> <span class='ocrx_word' id='word_1_278' title='bbox 1403 3063 1556 3150; x_wconf 68' lang='lat' dir='ltr'>ejus,</span> <span class='ocrx_word' id='word_1_279' title='bbox 1589 3064 1739 3147; x_wconf 77' lang='lat' dir='ltr'>quia</span> <span class='ocrx_word' id='word_1_280' title='bbox 1774 3083 1896 3126; x_wconf 79' lang='lat' dir='ltr'>non</span> <span class='ocrx_word' id='word_1_281' title='bbox 1920 3065 2176 3145; x_wconf 59' lang='lat' dir='ltr'>epissent</span> <span class='ocrx_word' id='word_1_282' title='bbox 2193 3064 2672 3148; x_wconf 79' lang='lat' dir='ltr'>poenitentiam:</span> <span class='ocrx_word' id='word_1_283' title='bbox 2717 3062 2844 3126; x_wconf 86' lang='lat' dir='ltr'>Vae</span> <span class='ocrx_word' id='word_1_284' title='bbox 2863 3061 2975 3125; x_wconf 74' lang='lat' dir='ltr'>tibi</span> 
     </span>
     <span class='ocr_line' id='line_1_29' title="bbox 363 3167 2972 3254; baseline 0.001 -24"><span class='ocrx_word' id='word_1_285' title='bbox 363 3167 716 3250; x_wconf 67' lang='lat' dir='ltr'>carozaim,</span> <span class='ocrx_word' id='word_1_286' title='bbox 748 3189 860 3231; x_wconf 73' lang='lat' dir='ltr'>vae</span> <span class='ocrx_word' id='word_1_287' title='bbox 892 3167 1002 3231; x_wconf 79' lang='lat' dir='ltr'>tibi</span> <span class='ocrx_word' id='word_1_288' title='bbox 1034 3167 1403 3252; x_wconf 77' lang='lat' dir='ltr'>Bethsaida,</span> <span class='ocrx_word' id='word_1_289' title='bbox 1449 3171 1599 3254; x_wconf 81' lang='lat' dir='ltr'>quia</span> <span class='ocrx_word' id='word_1_290' title='bbox 1633 3170 1689 3231; x_wconf 83' lang='lat' dir='ltr'>si</span> <span class='ocrx_word' id='word_1_291' title='bbox 1719 3169 1789 3231; x_wconf 79' lang='lat' dir='ltr'>in</span> <span class='ocrx_word' id='word_1_292' title='bbox 1831 3168 1993 3254; x_wconf 80' lang='lat' dir='ltr'>Tyro</span> <span class='ocrx_word' id='word_1_293' title='bbox 2026 3176 2081 3231; x_wconf 82' lang='lat' dir='ltr'>et</span> <span class='ocrx_word' id='word_1_294' title='bbox 2117 3169 2346 3233; x_wconf 77' lang='lat' dir='ltr'>Sidone</span> <span class='ocrx_word' id='word_1_295' title='bbox 2384 3171 2597 3252; x_wconf 79' lang='lat' dir='ltr'>factae</span> <span class='ocrx_word' id='word_1_296' title='bbox 2628 3176 2821 3233; x_wconf 74' lang='lat' dir='ltr'>essent</span> <span class='ocrx_word' id='word_1_297' title='bbox 2851 3171 2972 3232; x_wconf 76' lang='lat' dir='ltr'>vir-</span> 
     </span>
     <span class='ocr_line' id='line_1_30' title="bbox 350 3275 2973 3364; baseline 0.002 -29"><span class='ocrx_word' id='word_1_298' title='bbox 350 3279 530 3355; x_wconf 75' lang='lat' dir='ltr'>tuteS,</span> <span class='ocrx_word' id='word_1_299' title='bbox 562 3294 723 3361; x_wconf 79' lang='lat' dir='ltr'>quae</span> <span class='ocrx_word' id='word_1_300' title='bbox 750 3276 963 3356; x_wconf 80' lang='lat' dir='ltr'>factae</span> <span class='ocrx_word' id='word_1_301' title='bbox 992 3282 1138 3339; x_wconf 81' lang='lat' dir='ltr'>sunt</span> <span class='ocrx_word' id='word_1_302' title='bbox 1171 3277 1240 3338; x_wconf 83' lang='lat' dir='ltr'>in</span> <span class='ocrx_word' id='word_1_303' title='bbox 1273 3275 1460 3352; x_wconf 75' lang='lat' dir='ltr'>vobiS,</span> <span class='ocrx_word' id='word_1_304' title='bbox 1500 3277 1646 3340; x_wconf 77' lang='lat' dir='ltr'>olim</span> <span class='ocrx_word' id='word_1_305' title='bbox 1680 3277 1747 3338; x_wconf 80' lang='lat' dir='ltr'>in</span> <span class='ocrx_word' id='word_1_306' title='bbox 1781 3277 1982 3340; x_wconf 72' lang='lat' dir='ltr'>cilict‘o</span> <span class='ocrx_word' id='word_1_307' title='bbox 2028 3283 2084 3340; x_wconf 77' lang='lat' dir='ltr'>et</span> <span class='ocrx_word' id='word_1_308' title='bbox 2115 3279 2317 3340; x_wconf 76' lang='lat' dir='ltr'>ciuere</span> <span class='ocrx_word' id='word_1_309' title='bbox 2337 3278 2789 3364; x_wconf 76' lang='lat' dir='ltr'>poenitentiam</span> <span class='ocrx_word' id='word_1_310' title='bbox 2823 3278 2973 3360; x_wconf 68' lang='lat' dir='ltr'>eyls-</span> 
     </span>
     <span class='ocr_line' id='line_1_31' title="bbox 349 3379 2974 3464; baseline 0.002 -23"><span class='ocrx_word' id='word_1_311' title='bbox 349 3387 503 3443; x_wconf 81' lang='lat' dir='ltr'>sent.</span> <span class='ocrx_word' id='word_1_312' title='bbox 569 3379 818 3459; x_wconf 87' lang='lat' dir='ltr'>Quibus</span> <span class='ocrx_word' id='word_1_313' title='bbox 850 3379 1138 3445; x_wconf 89' lang='lat' dir='ltr'>Christus</span> <span class='ocrx_word' id='word_1_314' title='bbox 1171 3399 1370 3445; x_wconf 88' lang='lat' dir='ltr'>unam</span> <span class='ocrx_word' id='word_1_315' title='bbox 1405 3381 1805 3464; x_wconf 87' lang='lat' dir='ltr'>eandemque</span> <span class='ocrx_word' id='word_1_316' title='bbox 1837 3382 2123 3462; x_wconf 77' lang='lat' dir='ltr'>gratiam,</span> <span class='ocrx_word' id='word_1_317' title='bbox 2158 3399 2324 3464; x_wconf 88' lang='lat' dir='ltr'>quae</span> <span class='ocrx_word' id='word_1_318' title='bbox 2370 3383 2434 3445; x_wconf 91' lang='lat' dir='ltr'>in</span> <span class='ocrx_word' id='word_1_319' title='bbox 2466 3382 2847 3462; x_wconf 84' lang='lat' dir='ltr'>Bethsaidae</span> <span class='ocrx_word' id='word_1_320' title='bbox 2879 3384 2974 3447; x_wconf 90' lang='lat' dir='ltr'>in-</span> 
     </span>
     <span class='ocr_line' id='line_1_32' title="bbox 349 3486 2975 3571; baseline 0.001 -21"><span class='ocrx_word' id='word_1_321' title='bbox 349 3487 508 3551; x_wconf 88' lang='lat' dir='ltr'>colis</span> <span class='ocrx_word' id='word_1_322' title='bbox 540 3487 658 3551; x_wconf 84' lang='lat' dir='ltr'>fuit</span> <span class='ocrx_word' id='word_1_323' title='bbox 687 3486 997 3564; x_wconf 72' lang='lat' dir='ltr'>inefficaX,</span> <span class='ocrx_word' id='word_1_324' title='bbox 1031 3489 1288 3553; x_wconf 83' lang='lat' dir='ltr'>exhibet</span> <span class='ocrx_word' id='word_1_325' title='bbox 1340 3487 1665 3554; x_wconf 87' lang='lat' dir='ltr'>efficacem</span> <span class='ocrx_word' id='word_1_326' title='bbox 1714 3506 1870 3571; x_wconf 90' lang='lat' dir='ltr'>prae</span> <span class='ocrx_word' id='word_1_327' title='bbox 1901 3488 2049 3570; x_wconf 87' lang='lat' dir='ltr'>Tyri</span> <span class='ocrx_word' id='word_1_328' title='bbox 2102 3496 2167 3554; x_wconf 87' lang='lat' dir='ltr'>et</span> <span class='ocrx_word' id='word_1_329' title='bbox 2211 3487 2465 3552; x_wconf 89' lang='lat' dir='ltr'>Sidonis</span> <span class='ocrx_word' id='word_1_330' title='bbox 2514 3490 2756 3567; x_wconf 80' lang='lat' dir='ltr'>incoliS,</span> <span class='ocrx_word' id='word_1_331' title='bbox 2793 3492 2846 3553; x_wconf 92' lang='lat' dir='ltr'>si</span> <span class='ocrx_word' id='word_1_332' title='bbox 2878 3491 2975 3554; x_wconf 90' lang='lat' dir='ltr'>his</span> 
     </span>
     <span class='ocr_line' id='line_1_33' title="bbox 353 3594 2975 3679; baseline 0.001 -21"><span class='ocrx_word' id='word_1_333' title='bbox 353 3594 576 3658; x_wconf 81' lang='lat' dir='ltr'>fuisset</span> <span class='ocrx_word' id='word_1_334' title='bbox 607 3594 775 3658; x_wconf 77' lang='lat' dir='ltr'>data</span> <span class='ocrx_word' id='word_1_335' title='bbox 810 3594 1107 3671; x_wconf 83' lang='lat' dir='ltr'>DicimuS,</span> <span class='ocrx_word' id='word_1_336' title='bbox 1141 3596 1401 3660; x_wconf 89' lang='lat' dir='ltr'>eande</span> <span class='ocrx_word' id='word_1_337' title='bbox 1422 3614 1487 3658; x_wconf 92' lang='lat' dir='ltr'>m</span> <span class='ocrx_word' id='word_1_338' title='bbox 1518 3598 1822 3676; x_wconf 84' lang='lat' dir='ltr'>gratiam:</span> <span class='ocrx_word' id='word_1_339' title='bbox 1855 3613 2053 3678; x_wconf 88' lang='lat' dir='ltr'>quam</span> <span class='ocrx_word' id='word_1_340' title='bbox 2083 3596 2354 3677; x_wconf 88' lang='lat' dir='ltr'>primum</span> <span class='ocrx_word' id='word_1_341' title='bbox 2378 3597 2546 3661; x_wconf 86' lang='lat' dir='ltr'>enirn</span> <span class='ocrx_word' id='word_1_342' title='bbox 2579 3598 2975 3679; x_wconf 83' lang='lat' dir='ltr'>supponitur,</span> 
     </span>
     <span class='ocr_line' id='line_1_34' title="bbox 351 3699 2976 3785; baseline 0.002 -21"><span class='ocrx_word' id='word_1_343' title='bbox 351 3699 677 3765; x_wconf 88' lang='lat' dir='ltr'>Christum</span> <span class='ocrx_word' id='word_1_344' title='bbox 709 3720 840 3765; x_wconf 92' lang='lat' dir='ltr'>non</span> <span class='ocrx_word' id='word_1_345' title='bbox 871 3702 1045 3784; x_wconf 90' lang='lat' dir='ltr'>loqui</span> <span class='ocrx_word' id='word_1_346' title='bbox 1077 3702 1156 3766; x_wconf 94' lang='lat' dir='ltr'>de</span> <span class='ocrx_word' id='word_1_347' title='bbox 1188 3702 1418 3766; x_wconf 89' lang='lat' dir='ltr'>eadem</span> <span class='ocrx_word' id='word_1_348' title='bbox 1450 3702 1642 3784; x_wconf 89' lang='lat' dir='ltr'>plane</span> <span class='ocrx_word' id='word_1_349' title='bbox 1675 3703 1897 3783; x_wconf 88' lang='lat' dir='ltr'>gratia,</span> <span class='ocrx_word' id='word_1_350' title='bbox 1931 3703 2129 3768; x_wconf 90' lang='lat' dir='ltr'>sedin</span> <span class='ocrx_word' id='word_1_351' title='bbox 2149 3704 2332 3785; x_wconf 79' lang='lat' dir='ltr'>tyriis</span> <span class='ocrx_word' id='word_1_352' title='bbox 2365 3704 2430 3767; x_wconf 91' lang='lat' dir='ltr'>in</span> <span class='ocrx_word' id='word_1_353' title='bbox 2459 3704 2799 3785; x_wconf 83' lang='lat' dir='ltr'>hypothesi</span> <span class='ocrx_word' id='word_1_354' title='bbox 2819 3722 2976 3768; x_wconf 90' lang='lat' dir='ltr'>suae</span> 
     </span>
     <span class='ocr_line' id='line_1_35' title="bbox 349 3808 2974 3892; baseline 0 -20"><span class='ocrx_word' id='word_1_355' title='bbox 349 3808 848 3889; x_wconf 89' lang='lat' dir='ltr'>praedicationis</span> <span class='ocrx_word' id='word_1_356' title='bbox 879 3827 1240 3891; x_wconf 89' lang='lat' dir='ltr'>supponere</span> <span class='ocrx_word' id='word_1_357' title='bbox 1274 3810 1788 3891; x_wconf 89' lang='lat' dir='ltr'>praemotionem</span> <span class='ocrx_word' id='word_1_358' title='bbox 1820 3810 2152 3892; x_wconf 84' lang='lat' dir='ltr'>physicam</span> <span class='ocrx_word' id='word_1_359' title='bbox 2183 3811 2284 3874; x_wconf 90' lang='lat' dir='ltr'>vel</span> <span class='ocrx_word' id='word_1_360' title='bbox 2316 3810 2810 3876; x_wconf 86' lang='lat' dir='ltr'>delectationem</span> <span class='ocrx_word' id='word_1_361' title='bbox 2841 3812 2974 3874; x_wconf 88' lang='lat' dir='ltr'>vic-</span> 
     </span>
     <span class='ocr_line' id='line_1_36' title="bbox 352 3915 2975 3998; baseline 0.002 -20"><span class='ocrx_word' id='word_1_362' title='bbox 352 3915 594 3991; x_wconf 86' lang='lat' dir='ltr'>tricem,</span> <span class='ocrx_word' id='word_1_363' title='bbox 629 3933 759 3998; x_wconf 88' lang='lat' dir='ltr'>qua</span> <span class='ocrx_word' id='word_1_364' title='bbox 789 3915 1114 3992; x_wconf 89' lang='lat' dir='ltr'>carebant,</span> <span class='ocrx_word' id='word_1_365' title='bbox 1149 3921 1219 3980; x_wconf 89' lang='lat' dir='ltr'>ut</span> <span class='ocrx_word' id='word_1_366' title='bbox 1250 3922 1520 3982; x_wconf 88' lang='lat' dir='ltr'>eventus</span> <span class='ocrx_word' id='word_1_367' title='bbox 1555 3916 1854 3992; x_wconf 82' lang='lat' dir='ltr'>ostendit,</span> <span class='ocrx_word' id='word_1_368' title='bbox 1896 3917 2145 3981; x_wconf 91' lang='lat' dir='ltr'>incolae</span> <span class='ocrx_word' id='word_1_369' title='bbox 2177 3917 2577 3993; x_wconf 88' lang='lat' dir='ltr'>Bethsaidae,</span> <span class='ocrx_word' id='word_1_370' title='bbox 2610 3917 2842 3982; x_wconf 86' lang='lat' dir='ltr'>Christi</span> <span class='ocrx_word' id='word_1_371' title='bbox 2874 3937 2975 3982; x_wconf 91' lang='lat' dir='ltr'>re-</span> 
     </span>
     <span class='ocr_line' id='line_1_37' title="bbox 350 4019 2974 4107; baseline 0.002 -22"><span class='ocrx_word' id='word_1_372' title='bbox 350 4019 696 4104; x_wconf 90' lang='lat' dir='ltr'>prehensio</span> <span class='ocrx_word' id='word_1_373' title='bbox 730 4042 860 4086; x_wconf 91' lang='lat' dir='ltr'>non</span> <span class='ocrx_word' id='word_1_374' title='bbox 892 4022 1112 4087; x_wconf 87' lang='lat' dir='ltr'>suisset</span> <span class='ocrx_word' id='word_1_375' title='bbox 1144 4042 1371 4106; x_wconf 90' lang='lat' dir='ltr'>aequa.</span> <span class='ocrx_word' id='word_1_376' title='bbox 1435 4022 1652 4089; x_wconf 84' lang='lat' dir='ltr'>Nexus</span> <span class='ocrx_word' id='word_1_377' title='bbox 1707 4042 1859 4104; x_wconf 90' lang='lat' dir='ltr'>ergo</span> <span class='ocrx_word' id='word_1_378' title='bbox 1910 4024 2076 4087; x_wconf 90' lang='lat' dir='ltr'>inter</span> <span class='ocrx_word' id='word_1_379' title='bbox 2124 4025 2398 4104; x_wconf 85' lang='lat' dir='ltr'>gratiam</span> <span class='ocrx_word' id='word_1_380' title='bbox 2443 4032 2507 4089; x_wconf 90' lang='lat' dir='ltr'>et</span> <span class='ocrx_word' id='word_1_381' title='bbox 2539 4024 2780 4089; x_wconf 90' lang='lat' dir='ltr'>bonum</span> <span class='ocrx_word' id='word_1_382' title='bbox 2813 4044 2974 4107; x_wconf 85' lang='lat' dir='ltr'>opus</span> 
     </span>
     <span class='ocr_line' id='line_1_38' title="bbox 353 4129 2075 4210; baseline 0.001 -18"><span class='ocrx_word' id='word_1_383' title='bbox 353 4147 485 4193; x_wconf 91' lang='lat' dir='ltr'>non</span> <span class='ocrx_word' id='word_1_384' title='bbox 519 4135 620 4194; x_wconf 89' lang='lat' dir='ltr'>est</span> <span class='ocrx_word' id='word_1_385' title='bbox 650 4146 731 4193; x_wconf 84' lang='lat' dir='ltr'>ex</span> <span class='ocrx_word' id='word_1_386' title='bbox 762 4129 995 4194; x_wconf 88' lang='lat' dir='ltr'>virtute</span> <span class='ocrx_word' id='word_1_387' title='bbox 1027 4130 1271 4210; x_wconf 88' lang='lat' dir='ltr'>gratiae</span> <span class='ocrx_word' id='word_1_388' title='bbox 1303 4130 1661 4207; x_wconf 83' lang='lat' dir='ltr'>infallibilis,</span> <span class='ocrx_word' id='word_1_389' title='bbox 1698 4129 2075 4194; x_wconf 83' lang='lat' dir='ltr'>individuus.</span> 
     </span>
    </p>
   </div>
   <div class='ocr_carea' id='block_1_6' title="bbox 348 4238 2979 4853">
    <p class='ocr_par' dir='ltr' id='par_1_7' title="bbox 348 4238 2979 4853">
     <span class='ocr_line' id='line_1_39' title="bbox 534 4238 2979 4319; baseline -0.001 -15"><span class='ocrx_word' id='word_1_390' title='bbox 534 4238 603 4306; x_wconf 86' lang='lat' dir='ltr'>b.</span> <span class='ocrx_word' id='word_1_391' title='bbox 634 4241 697 4300; x_wconf 90' lang='lat' dir='ltr'>in</span> <span class='ocrx_word' id='word_1_392' title='bbox 735 4250 789 4303; x_wconf 92' lang='lat'>2.</span> <span class='ocrx_word' id='word_1_393' title='bbox 822 4241 947 4300; x_wconf 87' lang='lat' dir='ltr'>Cor.</span> <span class='ocrx_word' id='word_1_394' title='bbox 984 4250 1040 4312; x_wconf 88' lang='lat'>6,</span> <span class='ocrx_word' id='word_1_395' title='bbox 1086 4252 1106 4303; x_wconf 92' lang='grc'><strong>1</strong></span> <span class='ocrx_word' id='word_1_396' title='bbox 1149 4241 1423 4300; x_wconf 84' lang='lat' dir='ltr'>hortatur</span> <span class='ocrx_word' id='word_1_397' title='bbox 1454 4243 1676 4301; x_wconf 90' lang='lat' dir='ltr'>Paulus</span> <span class='ocrx_word' id='word_1_398' title='bbox 1709 4242 2050 4312; x_wconf 76' lang='lat' dir='ltr'>corinthi08‚</span> <span class='ocrx_word' id='word_1_399' title='bbox 2100 4261 2170 4301; x_wconf 84' lang='lat' dir='ltr'>ne</span> <span class='ocrx_word' id='word_1_400' title='bbox 2215 4245 2276 4300; x_wconf 83' lang='lat' dir='ltr'>in</span> <span class='ocrx_word' id='word_1_401' title='bbox 2308 4261 2554 4301; x_wconf 82' lang='lat' dir='ltr'>vacuum</span> <span class='ocrx_word' id='word_1_402' title='bbox 2582 4245 2836 4319; x_wconf 74' lang='lat' dir='ltr'>qratiam</span> <span class='ocrx_word' id='word_1_403' title='bbox 2869 4244 2979 4302; x_wconf 83' lang='lat' dir='ltr'>Dei</span> 
     </span>
     <span class='ocr_line' id='line_1_40' title="bbox 348 4327 2976 4414; baseline 0.002 -28"><span class='ocrx_word' id='word_1_404' title='bbox 348 4333 656 4406; x_wconf 74' lang='lat' dir='ltr'>recipiant.</span> <span class='ocrx_word' id='word_1_405' title='bbox 704 4331 788 4388; x_wconf 85' lang='lat' dir='ltr'>Ex</span> <span class='ocrx_word' id='word_1_406' title='bbox 821 4330 1041 4404; x_wconf 88' lang='lat' dir='ltr'>quibus</span> <span class='ocrx_word' id='word_1_407' title='bbox 1069 4330 1268 4389; x_wconf 87' lang='lat' dir='ltr'>verbis</span> <span class='ocrx_word' id='word_1_408' title='bbox 1300 4331 1385 4389; x_wconf 85' lang='lat' dir='ltr'>ita</span> <span class='ocrx_word' id='word_1_409' title='bbox 1415 4331 1685 4390; x_wconf 88' lang='lat' dir='ltr'>instituit</span> <span class='ocrx_word' id='word_1_410' title='bbox 1715 4331 1987 4390; x_wconf 88' lang='lat' dir='ltr'>Bastid</span> <span class='ocrx_word' id='word_1_411' title='bbox 2005 4350 2039 4388; x_wconf 89' lang='lat' dir='ltr'>a</span> <span class='ocrx_word' id='word_1_412' title='bbox 2068 4337 2485 4408; x_wconf 89' lang='lat' dir='ltr'>argumentum</span> <span class='ocrx_word' id='word_1_413' title='bbox 2509 4327 2634 4414; x_wconf 91' lang='lat' dir='ltr'>(VI,</span> <span class='ocrx_word' id='word_1_414' title='bbox 2661 4329 2756 4414; x_wconf 85' lang='lat'>8):</span> <span class='ocrx_word' id='word_1_415' title='bbox 2794 4373 2818 4401; x_wconf 81' lang='lat'>,</span> <span class='ocrx_word' id='word_1_416' title='bbox 2836 4333 2976 4391; x_wconf 87' lang='lat' dir='ltr'>Gra-</span> 
     </span>
     <span class='ocr_line' id='line_1_41' title="bbox 352 4419 2972 4498; baseline 0.001 -22"><span class='ocrx_word' id='word_1_417' title='bbox 352 4419 453 4488; x_wconf 87' lang='lat' dir='ltr'>tia,</span> <span class='ocrx_word' id='word_1_418' title='bbox 489 4419 563 4478; x_wconf 87' lang='lat' dir='ltr'>de</span> <span class='ocrx_word' id='word_1_419' title='bbox 598 4438 717 4495; x_wconf 88' lang='lat' dir='ltr'>qua</span> <span class='ocrx_word' id='word_1_420' title='bbox 748 4420 970 4478; x_wconf 90' lang='lat' dir='ltr'>Paulus</span> <span class='ocrx_word' id='word_1_421' title='bbox 1002 4420 1290 4493; x_wconf 87' lang='lat' dir='ltr'>loquitur,</span> <span class='ocrx_word' id='word_1_422' title='bbox 1338 4420 1478 4478; x_wconf 88' lang='lat' dir='ltr'>talis</span> <span class='ocrx_word' id='word_1_423' title='bbox 1508 4424 1603 4477; x_wconf 88' lang='lat' dir='ltr'>est</span> <span class='ocrx_word' id='word_1_424' title='bbox 1633 4420 1918 4489; x_wconf 86' lang='lat' dir='ltr'>entitatis,</span> <span class='ocrx_word' id='word_1_425' title='bbox 1968 4419 2063 4477; x_wconf 91' lang='lat' dir='ltr'>cui</span> <span class='ocrx_word' id='word_1_426' title='bbox 2111 4440 2229 4479; x_wconf 92' lang='lat' dir='ltr'>non</span> <span class='ocrx_word' id='word_1_427' title='bbox 2276 4426 2571 4498; x_wconf 82' lang='lat' dir='ltr'>repugnet</span> <span class='ocrx_word' id='word_1_428' title='bbox 2616 4422 2676 4479; x_wconf 89' lang='lat' dir='ltr'>in</span> <span class='ocrx_word' id='word_1_429' title='bbox 2724 4441 2972 4480; x_wconf 88' lang='lat' dir='ltr'>vacuum</span> 
     </span>
     <span class='ocr_line' id='line_1_42' title="bbox 354 4508 2976 4587; baseline 0.001 -22"><span class='ocrx_word' id='word_1_430' title='bbox 354 4510 536 4585; x_wconf 89' lang='lat' dir='ltr'>recipi</span> <span class='ocrx_word' id='word_1_431' title='bbox 568 4527 674 4567; x_wconf 90' lang='lat' dir='ltr'>seu</span> <span class='ocrx_word' id='word_1_432' title='bbox 708 4508 923 4567; x_wconf 88' lang='lat' dir='ltr'>effectu</span> <span class='ocrx_word' id='word_1_433' title='bbox 954 4528 1164 4575; x_wconf 88' lang='lat' dir='ltr'>carere,</span> <span class='ocrx_word' id='word_1_434' title='bbox 1199 4515 1514 4584; x_wconf 85' lang='lat' dir='ltr'>postquam</span> <span class='ocrx_word' id='word_1_435' title='bbox 1546 4509 1610 4567; x_wconf 88' lang='lat' dir='ltr'>in</span> <span class='ocrx_word' id='word_1_436' title='bbox 1642 4509 1950 4568; x_wconf 87' lang='lat' dir='ltr'>voluntate</span> <span class='ocrx_word' id='word_1_437' title='bbox 1982 4510 2174 4583; x_wconf 89' lang='lat' dir='ltr'>posita</span> <span class='ocrx_word' id='word_1_438' title='bbox 2203 4515 2312 4569; x_wconf 88' lang='lat' dir='ltr'>est.</span> <span class='ocrx_word' id='word_1_439' title='bbox 2365 4510 2478 4569; x_wconf 92' lang='lat' dir='ltr'>Sed</span> <span class='ocrx_word' id='word_1_440' title='bbox 2510 4512 2719 4587; x_wconf 85' lang='lat' dir='ltr'>gratia,</span> <span class='ocrx_word' id='word_1_441' title='bbox 2755 4511 2826 4568; x_wconf 93' lang='lat' dir='ltr'>de</span> <span class='ocrx_word' id='word_1_442' title='bbox 2860 4529 2976 4585; x_wconf 83' lang='lat' dir='ltr'>qua</span> 
     </span>
     <span class='ocr_line' id='line_1_43' title="bbox 354 4597 2976 4676; baseline 0 -21"><span class='ocrx_word' id='word_1_443' title='bbox 354 4597 576 4656; x_wconf 88' lang='lat' dir='ltr'>Paulus</span> <span class='ocrx_word' id='word_1_444' title='bbox 612 4598 673 4655; x_wconf 86' lang='lat' dir='ltr'>in</span> <span class='ocrx_word' id='word_1_445' title='bbox 708 4597 818 4655; x_wconf 89' lang='lat' dir='ltr'>hoc</span> <span class='ocrx_word' id='word_1_446' title='bbox 848 4597 1190 4657; x_wconf 87' lang='lat' dir='ltr'>testimonio</span> <span class='ocrx_word' id='word_1_447' title='bbox 1222 4598 1506 4673; x_wconf 89' lang='lat' dir='ltr'>loquitur,</span> <span class='ocrx_word' id='word_1_448' title='bbox 1556 4601 1648 4655; x_wconf 89' lang='lat' dir='ltr'>est</span> <span class='ocrx_word' id='word_1_449' title='bbox 1679 4598 1873 4674; x_wconf 87' lang='lat' dir='ltr'>gratia</span> <span class='ocrx_word' id='word_1_450' title='bbox 1904 4598 2125 4656; x_wconf 81' lang='lat' dir='ltr'>efficax.</span> <span class='ocrx_word' id='word_1_451' title='bbox 2191 4600 2346 4676; x_wconf 83' lang='lat' dir='ltr'>Ergo</span> <span class='ocrx_word' id='word_1_452' title='bbox 2378 4601 2573 4676; x_wconf 86' lang='lat' dir='ltr'>gratia</span> <span class='ocrx_word' id='word_1_453' title='bbox 2604 4599 2816 4658; x_wconf 84' lang='lat' dir='ltr'>efficax.</span> <span class='ocrx_word' id='word_1_454' title='bbox 2840 4599 2976 4656; x_wconf 82' lang='lat' dir='ltr'>talis</span> 
     </span>
     <span class='ocr_line' id='line_1_44' title="bbox 351 4686 2976 4763; baseline 0 -20"><span class='ocrx_word' id='word_1_455' title='bbox 351 4691 446 4744; x_wconf 85' lang='lat' dir='ltr'>est</span> <span class='ocrx_word' id='word_1_456' title='bbox 477 4687 767 4756; x_wconf 75' lang='lat' dir='ltr'>entitatiS,</span> <span class='ocrx_word' id='word_1_457' title='bbox 800 4686 898 4744; x_wconf 91' lang='lat' dir='ltr'>cui</span> <span class='ocrx_word' id='word_1_458' title='bbox 926 4706 1046 4745; x_wconf 92' lang='lat' dir='ltr'>non</span> <span class='ocrx_word' id='word_1_459' title='bbox 1076 4690 1371 4762; x_wconf 85' lang='lat' dir='ltr'>repugnet</span> <span class='ocrx_word' id='word_1_460' title='bbox 1402 4687 1463 4745; x_wconf 91' lang='lat' dir='ltr'>in</span> <span class='ocrx_word' id='word_1_461' title='bbox 1500 4705 1751 4744; x_wconf 88' lang='lat' dir='ltr'>vacuum</span> <span class='ocrx_word' id='word_1_462' title='bbox 1784 4687 1963 4762; x_wconf 89' lang='lat' dir='ltr'>recipi</span> <span class='ocrx_word' id='word_1_463' title='bbox 2005 4695 2065 4745; x_wconf 91' lang='lat' dir='ltr'>et</span> <span class='ocrx_word' id='word_1_464' title='bbox 2097 4689 2307 4746; x_wconf 86' lang='lat' dir='ltr'>effectu</span> <span class='ocrx_word' id='word_1_465' title='bbox 2339 4707 2536 4747; x_wconf 81' lang='lat' dir='ltr'>carere</span> <span class='ocrx_word' id='word_1_466' title='bbox 2570 4692 2885 4763; x_wconf 88' lang='lat' dir='ltr'>postquam</span> <span class='ocrx_word' id='word_1_467' title='bbox 2916 4687 2976 4744; x_wconf 90' lang='lat' dir='ltr'>in</span> 
     </span>
     <span class='ocr_line' id='line_1_45' title="bbox 354 4775 2975 4853; baseline 0 -21"><span class='ocrx_word' id='word_1_468' title='bbox 354 4775 668 4834; x_wconf 85' lang='lat' dir='ltr'>voluntate</span> <span class='ocrx_word' id='word_1_469' title='bbox 701 4775 896 4851; x_wconf 88' lang='lat' dir='ltr'>posita</span> <span class='ocrx_word' id='word_1_470' title='bbox 925 4780 1075 4838; x_wconf 74' lang='lat' dir='ltr'>est-,⁴¹</span> <span class='ocrx_word' id='word_1_471' title='bbox 1142 4777 1393 4853; x_wconf 90' lang='lat' dir='ltr'>Singula</span> <span class='ocrx_word' id='word_1_472' title='bbox 1425 4776 1561 4835; x_wconf 88' lang='lat' dir='ltr'>dein</span> <span class='ocrx_word' id='word_1_473' title='bbox 1592 4793 1842 4834; x_wconf 83' lang='lat' dir='ltr'>nervose</span> <span class='ocrx_word' id='word_1_474' title='bbox 1872 4775 2099 4851; x_wconf 86' lang='lat' dir='ltr'>probat.</span> <span class='ocrx_word' id='word_1_475' title='bbox 2169 4779 2241 4835; x_wconf 84' lang='lat' dir='ltr'>Et</span> <span class='ocrx_word' id='word_1_476' title='bbox 2284 4796 2489 4836; x_wconf 84' lang='lat' dir='ltr'>revera</span> <span class='ocrx_word' id='word_1_477' title='bbox 2526 4796 2568 4835; x_wconf 80' lang='lat' dir='ltr'>S.</span> <span class='ocrx_word' id='word_1_478' title='bbox 2603 4777 2824 4834; x_wconf 88' lang='lat' dir='ltr'>Paulus</span> <span class='ocrx_word' id='word_1_479' title='bbox 2859 4776 2896 4838; x_wconf 90' lang='lat'>1.</span> <span class='ocrx_word' id='word_1_480' title='bbox 2929 4794 2975 4833; x_wconf 90' lang='lat' dir='ltr'>c.</span> 
     </span>
    </p>
   </div>
  </div>
 </body>
</html>
