3538 5364
1256 350 1405 405 circa·
1434 351 1867 404 matrimonium
1894 355 2163 422 potestas
2878 362 3007 427 535

390 534 659 599 cidendo
708 550 975 596 causam
1021 531 1104 594 ad
1151 531 1544 595 matrimonii
1589 532 1914 595 vinculum
1962 538 2360 614 spectantem
2394 552 2448 594 v.
2490 538 2569 601 12
2600 554 2680 596 ss.
2717 534 2800 619 (n.
2834 540 2963 604 619
2969 550 3008 621 j.

391 639 553 722 Ergo
603 647 667 706 et
711 638 1008 703 corinthii
1053 639 1117 701 in
1165 637 1363 702 Paulo
1411 645 1803 719 potestatem
1848 637 2182 703 decidendi
2227 655 2457 702 causas
2505 642 3009 706 matrimoniales

390 753 789 829 agnoverunt
820 763 1090 826 eamque
1123 745 1469 826 Apostolus
1500 744 1622 808 sibi
1655 745 2014 809 vindicavit.

567 870 634 938 4.
669 875 960 933 Probatur
989 892 1058 932 ex
1099 874 1395 932 constanti
1427 874 1720 933 Ecclesiae
1753 874 1936 949 praxi.
2004 874 2154 934 Sane
2199 891 2260 940 a.
2308 876 2573 935 solemne
2619 896 2850 952 semper
2894 877 3008 937 fuit

391 967 454 1023 in
488 964 745 1024 Ecclesia
776 982 821 1022 s.
854 964 879 1021 1
897 962 1154 1039 gnatii
1186 963 1263 1026 M.
1294 964 1589 1022 monitum
1622 982 1711 1039 ep.
1744 964 1817 1021 ad
1850 964 2046 1040 Polyc.
2074 983 2131 1022 n.
2157 975 2188 1027 5
2215 984 2229 1023 t
2264 966 2485 1032 ,Decet
2515 985 2670 1035 vei-0,
2704 970 2776 1024 ut
2807 968 3009 1042 sponsi

392 1063 453 1114 et
485 1072 733 1129 sponsae
764 1053 835 1111 de
868 1052 1161 1111 sententia
1192 1051 1454 1127 episcopi
1488 1053 1835 1129 conjugium
1855 1052 2090 1124 faciant,
2123 1073 2243 1129 quo
2274 1055 2521 1129 nuptiae
2542 1056 2664 1113 sint
2684 1055 3010 1114 secundum

393 1144 708 1203 Dominum
741 1147 800 1200 et
845 1159 964 1199 non
996 1140 1324 1199 secundum
1357 1141 1806 1216 cupiditatem.‘
1876 1142 2266 1217 Spectabatur
2295 1162 2433 1219 ergo
2457 1145 2582 1218 jam
2615 1164 2649 1202 a
2679 1144 2871 1219 prima
2903 1145 3010 1203 Ec-

394 1233 601 1292 clesiae
633 1234 824 1290 aetate
870 1230 1215 1307 conjugium
1265 1234 1336 1287 ut
1384 1230 1693 1307 negotium
1742 1249 1991 1299 sacrum,
2044 1232 2214 1307 cujus
2252 1232 2550 1305 judicium
2596 1235 2889 1308 pertineat
2938 1234 3009 1292 ad

394 1322 725 1384 Ecclesiam.
790 1317 862 1383 b.
895 1318 1031 1377 Jam
1062 1337 1132 1377 ex
1163 1319 1359 1377 seculo
1393 1319 1488 1377 IV.
1521 1319 1820 1378 habentur
1851 1319 2030 1395 facta,
2064 1320 2221 1395 quod
2253 1321 2548 1396 ejusmodi
2581 1340 2787 1380 causae
2819 1323 3008 1381 defer·

393 1415 603 1469 rentur
633 1409 706 1468 ad
738 1427 1050 1468 romanum
1082 1406 1440 1484 pontificem,
1475 1408 1647 1484 isque
1679 1409 1751 1466 de
1785 1409 1909 1467 illis
1933 1408 2249 1484 judicaret.
2314 1411 2407 1469 Ita
2453 1411 2786 1470 Siricius
2817 1431 2906 1487 ep.
2939 1412 3014 1470 ad

395 1501 610 1558 Himer.
656 1519 717 1561 n.
764 1507 832 1561 5:
883 1498 1009 1568 ,De
1056 1496 1359 1572 conjugali
1404 1501 1604 1555 autem
1653 1498 1947 1556 velatione
1978 1498 2305 1572 requisisti,
2352 1499 2403 1557 si
2451 1500 2863 1575 desponsatam
2911 1502 3012 1559 alii

394 1589 652 1664 puellam
688 1588 839 1646 alter
888 1588 949 1645 in
1000 1586 1445 1644 matrimonium
1477 1586 1670 1661 possit
1702 1587 1981 1662 accipere.
2044 1587 2166 1645 Hoc
2217 1606 2289 1645 ne
2339 1587 2443 1645 fiat
2491 1589 2683 1647 modis
2734 1589 3012 1648 omnibus

394 1678 763 1735 inhibemus:
796 1678 939 1751 quia
969 1675 1075 1733 illa
1104 1674 1455 1742 benedictio,
1490 1694 1667 1750 quam
1700 1679 1998 1751 nupturae
2020 1676 2286 1734 sacerdos
2311 1677 2584 1752 imponit,
2618 1678 2776 1753 apud
2811 1678 3012 1737 fideles

394 1766 699 1842 cujusdam
736 1764 1031 1841 sacrilegii
1062 1764 1253 1822 instar
1282 1768 1392 1834 est,
1428 1765 1478 1822 si
1513 1765 1636 1822 ulla
1666 1764 2136 1840 transgressione
2169 1766 2425 1824 violetur
2441 1764 2548 1846 ¹)ss
2618 1781 2680 1830 c.
2720 1768 2787 1825 In
2821 1768 3010 1843 pluri-

394 1857 505 1914 bus
537 1854 798 1914 conciliis
828 1854 1115 1928 ejusmodi
1148 1853 1505 1912 deciduntur
1537 1872 1778 1913 causae:
1826 1853 1985 1929 quod
2029 1872 2103 1912 ne
2142 1853 2468 1913 adversarii
2500 1855 2741 1931 quidem
2773 1864 3012 1933 negant,

395 1963 527 2003 cum
560 1944 776 2014 dicant,
811 1942 1131 2001 Ecclesiam
1163 1942 1279 2000 sibi
1308 1942 1455 2001 hanc
1487 1948 1843 2018 potestatem
1875 1961 2215 2018 usurpasse.
2276 1944 2465 2019 Atqui
2507 1947 2788 2019 potestas,
2835 1965 3014 2022 quam

397 2034 657 2092 Ecclesia
687 2032 947 2091 exercuit
980 2032 1191 2089 saltem
1225 2050 1330 2106 per
1361 2031 1470 2089 XII
1501 2032 1714 2104 secula,
1750 2031 1979 2090 censeri
2013 2032 2287 2108 legitima
2317 2032 2511 2096 debet.

570 2158 717 2222 628.
751 2151 975 2215 Merito
1009 2168 1162 2229 ergo
1197 2150 1426 2215 statuit
1461 2150 1801 2214 concilium
1855 2151 2033 2213 trid.
2068 2169 2223 2215 sess.
2258 2156 2344 2220 24
2375 2169 2514 2214 can.
2555 2158 2665 2220 152:
2737 2150 2839 2227 ,Si
2873 2154 3014 2234 quis

398 2260 639 2335 dixerit,
661 2277 893 2322 causas
914 2256 1423 2321 matrimoniales
1452 2275 1581 2320 non
1602 2262 1896 2337 spectare
1924 2257 2264 2338 adjudices
2291 2258 2776 2333 ecclesiasticos
2800 2261 2869 2322 A.
2889 2258 3013 2323 S.«:

395 2368 573 2447 cujus
606 2366 872 2429 canonis
905 2364 1216 2444 insignem
1251 2370 1315 2427 et
1347 2363 1798 2427 authenticam
1832 2363 2334 2428 declarationem
2367 2364 2661 2445 praebuit
2696 2365 2883 2428 Pius
2917 2366 3012 2430 Vl.

396 2474 459 2536 in
493 2472 669 2555 epist.
704 2473 787 2537 ad
819 2471 1009 2552 episc.
1042 2470 1469 2533 motulensem
1506 2475 1586 2539 16
1621 2466 1764 2551 Sep.
1804 2474 1991 2547 1788,
2038 2470 2103 2533 in
2149 2488 2277 2552 qua
2321 2471 2517 2534 citato
2568 2490 2817 2537 canone
2851 2473 3016 2536 inter

397 2580 523 2643 alia
554 2580 772 2643 docet:
815 2578 1141 2658 ³,Ignotum
1162 2576 1349 2640 nobis
1386 2594 1516 2640 non
1549 2583 1662 2651 est,
1686 2577 2003 2658 quosdam
2025 2577 2269 2653 adesse,
2305 2577 2415 2659 qui
2435 2579 2818 2643 secularium
2838 2581 3014 2661 prin-

397 2691 605 2771 cipum
639 2688 1014 2754 auctoritati
1059 2687 1199 2769 plus
1232 2686 1429 2751 nimio
1461 2686 1839 2762 tribuentes
1883 2694 1946 2751 et
1976 2687 2176 2752 verba
2206 2689 2396 2769 hujus
2428 2686 2696 2752 canonis
2728 2688 3012 2768 captiose

396 2796 906 2877 interpretantes,
941 2794 1093 2857 illud
1125 2792 1596 2858 defendendum
1628 2793 2042 2873 susceperint,
2078 2799 2162 2866 ut,
2197 2793 2503 2874 quoniam
2536 2792 2860 2858 tridentini
2893 2812 3010 2875 pa-

399 2911 526 2968 tres
558 2904 681 2966 hac
713 2901 962 2966 dicendi
997 2899 1270 2964 formula
1300 2899 1399 2963 usi
1431 2917 1562 2962 non
1596 2897 1848 2975 fuerint,
1879 2899 1961 2962 ad
1994 2899 2219 2963 solos
2245 2899 2494 2981 judices
2524 2900 3014 2965 ecclesiasticos

400 3016 510 3073 aut
540 3027 715 3073 omn
735 3028 816 3073 es
848 3026 1080 3072 causas
1113 3004 1647 3083 matrimoniales
1681 3011 2073 3087 potestatem
2093 3005 2465 3089 reliquerint
2486 3007 2805 3089 Judicibus
2838 3007 3015 3070 laicis

398 3116 825 3197 cognoscendi
857 3115 1083 3180 saltem
1116 3132 1350 3177 causas
1384 3112 1916 3189 matrimoniales
1955 3131 2122 3194 quae
2155 3122 2306 3178 sunt
2339 3114 2496 3179 meri
2528 3113 2696 3178 facti.
2731 3113 2858 3180 Sed
2891 3115 3014 3178 sci-

400 3244 538 3288 mus
572 3226 767 3288 etiam
797 3224 966 3286 hanc
996 3222 1471 3304 captiunculam
1506 3229 1571 3286 et
1603 3221 1797 3285 fallax
1829 3222 1953 3285 hoc
1987 3221 2326 3285 cavillandi
2360 3241 2559 3302 genus
2592 3223 2767 3286 omni
2789 3221 3015 3286 funda-

401 3339 614 3396 mento
648 3330 921 3396 destitui.
954 3329 1170 3394 Verba
1204 3329 1376 3392 enim
1402 3329 1674 3392 canonis
1696 3328 2019 3409 generalia
2041 3335 2204 3401 sunt,
2239 3347 2464 3393 omnes
2498 3335 2566 3392 ut
2586 3346 2817 3392 causas
2838 3347 3015 3392 com-

399 3437 799 3519 prehendant
832 3443 897 3502 et
928 3436 1455 3518 complectantur.
1491 3433 1765 3516 Spiritus
1791 3454 1943 3499 vero
1969 3435 2105 3500 sive
2124 3436 2289 3499 ratio
2310 3435 2466 3516 legis
2488 3435 2654 3501 adeo
2675 3438 2803 3500 late
2822 3444 3016 3519 patet.

398 3551 467 3608 ut
501 3543 741 3608 nullum
775 3544 1131 3624 exceptioni
1164 3549 1276 3605 aut
1305 3542 1667 3605 limitationi
1698 3542 1914 3605 locum
1945 3541 2279 3623 relinquat.
2314 3540 2382 3605 Si
2415 3541 2585 3605 enim
2619 3543 2742 3605 hae
2775 3561 3015 3606 causae

398 3669 531 3713 non
562 3650 688 3713 alia
717 3650 967 3714 ratione
1000 3650 1319 3730 pertinent
1351 3650 1434 3713 ad
1467 3668 1665 3712 unum
1686 3648 2011 3714 Ecclesiae
2035 3648 2362 3730 judicium,
2384 3650 2506 3712 nisi
2540 3649 2689 3731 quia
2719 3656 3017 3713 contrac-

401 3764 501 3820 tus
533 3756 1025 3821 matrimonialis
1057 3763 1157 3821 est
1188 3774 1338 3820 vere
1372 3763 1435 3819 et
1467 3755 1723 3837 proprie
1771 3774 1970 3819 unum
2018 3774 2099 3820 ex
2146 3762 2391 3836 septem
2424 3755 2578 3835 legis
2610 3755 3017 3835 evangelicae

399 3863 837 3939 sacramentis,
882 3861 1048 3926 sicut
1093 3863 1254 3927 haec
1299 3862 1687 3925 sacramenti
1736 3861 1904 3926 ratio
1939 3861 2295 3925 communis
2348 3867 2446 3926 est
2478 3860 2775 3924 omnibus
2808 3862 3017 3924 causis

400 3969 995 4047 matrimonialibus,
1031 3971 1120 4033 ita
1153 3988 1378 4034 omnes
1411 3969 1535 4033 hae
1569 3985 1805 4032 causae
1840 3975 2138 4050 spectant
2188 3969 2377 4033 unice
2422 3968 2506 4031 ad
2531 3968 2778 4048 judices
2812 3966 3017 4033 eccle-

400 4078 708 4153 siasticos,
742 4094 888 4141 cum
921 4076 1149 4142 eadem
1201 4075 1284 4140 sit
1336 4075 1503 4138 ratio
1553 4075 1619 4138 in
1652 4073 1953 4138 omnibus
1986 4081 2056 4137 ut
2088 4092 2362 4138 concors
2408 4080 2506 4137 est
2537 4076 3019 4138 canonistarum

400 4185 733 4260 sententia,
766 4202 847 4248 ne
880 4184 956 4247 iis
989 4184 1246 4267 quidem
1293 4182 1595 4264 exceptis,
1645 4201 1811 4264 quos
1856 4182 2116 4245 minime
2164 4179 2376 4245 favere
2408 4179 2731 4245 Ecclesiae
2772 4181 3018 4263 ¹juribus

402 4293 558 4355 satis
578 4309 895 4373 superque
916 4309 1143 4356 eorum
1162 4294 1401 4375 scripta
1423 4290 1889 4355 demonstrant.
1924 4288 2189 4362 Etenim,
2223 4296 2294 4353 ut
2325 4288 2537 4353 verbis
2558 4295 2816 4351 utamur
2854 4288 2905 4352 V
2923 4307 2961 4351 a
2978 4309 3020 4353 n
3095 4283 3446 4375 W

2865 4356 3088 4385 ‘v

403 4397 663 4479 Espen
695 4398 821 4484 (jus
854 4397 1003 4463 eccl.
1036 4417 1094 4480 p.
1128 4405 1168 4468 3
1202 4398 1294 4463 tit.
1330 4404 1370 4467 2
1404 4416 1455 4461 c.
1495 4404 1527 4466 1
1562 4417 1621 4460 n.
1655 4403 1697 4464 4
1731 4403 1796 4461 et
1827 4416 1885 4459 n.
1928 4401 2000 4463 11
2039 4401 2103 4460 et
2141 4396 2278 4480 12):
2332 4393 2667 4468 ,Unanimi
2698 4412 3018 4460 consensu

625 4667 659 4734 ¹)
685 4662 905 4717 Similia
931 4680 1196 4732 responsa
1227 4666 1285 4716 et
1303 4662 1526 4732 judicia
1556 4661 2052 4731 passimleguntur
2068 4660 2128 4713 in
2147 4660 2508 4728 sequentium
2525 4676 2664 4712 rom.
2684 4659 3018 4728 pontificum

403 4742 678 4812 epistolis,
706 4745 774 4796 ut
799 4747 958 4811 patet
984 4745 1072 4797 vel
1099 4759 1164 4796 ex
1191 4743 1307 4796 illis
1328 4742 1542 4813 pauciS,
1564 4759 1707 4810 quas
1728 4740 2015 4794 edidimus
2037 4759 2229 4809 opusc.
2251 4744 2293 4794 t.
2315 4741 2531 4802 XVIII„
2557 4738 2721 4792 XXV.
2744 4743 2802 4792 et
2821 4739 3019 4792 XXVI.

405 4822 486 4879 Cf.
516 4822 688 4875 etiam
718 4840 809 4891 ep.
833 4822 1229 4892 gravissimam
1256 4829 1358 4878 212
1389 4827 1428 4876 C
1446 4839 1478 4875 o
1496 4822 1607 4876 ele
1628 4840 1653 4874 s
1669 4821 1786 4874 tin
1807 4820 1826 4872 i
1855 4820 1946 4875 111.
1977 4819 2030 4872 M
2050 4819 2141 4888 ig.
2169 4826 2289 4884 206,
2321 4825 2474 4876 1095.
