3538 5364
1384 300 1599 355 poenae
1626 287 1764 341 sunt
1787 288 2070 341 aeternae.
2899 294 3031 361 615

404 462 700 546 profecto
732 463 1095 546 apostolica
1125 464 1451 532 sententia
1479 464 1641 531 falsa
1673 471 1792 544 est,
1836 466 1892 532 si
1937 467 2100 534 tales
2131 475 2281 550 post
2310 467 2712 549 quantalibet
2740 472 3035 549 tempora

406 569 663 635 liberati
691 588 962 652 regnum
992 570 1107 636 Dei
1136 571 1578 654 possidebunt.
1606 572 1686 636 Et
1717 573 1775 637 si
1805 572 1872 637 in
1902 575 2080 655 regni
2110 573 2225 640 Dei
2256 572 2666 655 possessione
2697 592 3030 657 nunquam

403 683 618 753 erunt,
651 683 921 743 aeterno
953 679 1265 761 supplicio
1286 678 1740 745 'stenebuntur

587 782 653 853 4.
686 781 755 848 Si
785 803 1040 866 poenae
1070 784 1302 851 inferni
1332 794 1636 852 aeternae
1667 805 1800 851 non
1845 786 2077 863 forent,
2121 785 2284 852 falsa
2317 739 2534 852 essent
2564 786 2801 853 Christi
2833 787 3033 852 verba

400 890 627 956 Matth.
662 895 767 968 26,
800 896 919 961 24:
950 891 1203 957 Bonum
1233 898 1379 959 erat
1410 892 1486 971 ei,
1517 893 1572 957 si
1604 899 1797 958 natus
1828 911 1961 960 non
1994 893 2214 959 fuisset
2231 894 2428 957 homo
2458 893 2593 959 ille:
2627 912 2795 976 quae
2827 894 3033 959 verba

402 998 765 1080 generatim
796 998 875 1063 de
904 998 1116 1081 impiis
1161 999 1452 1080 intelligit
1489 999 1627 1081 Jam
1677 998 1894 1066 Clem
1911 1019 2055 1066 ens
2103 1018 2411 1065 romanus
2460 998 2530 1065 in
2561 1000 2809 1083 Eclogis
2856 1001 3032 1085 apud
3111 1040 3116 1051 =

406 1105 901 1170 Damascenurn
965 1106 1253 1189 Denique

589 1214 655 1280 5.
689 1212 924 1294 dogma
954 1214 1080 1278 hoc
1109 1213 1422 1295 probatur
1450 1214 1776 1280 luculento
1807 1214 2169 1280 traditionis
2200 1215 2507 1296 suffragio
2539 1222 3026 1297 martyrumque

408 1315 793 1397 testimonie,
825 1320 951 1403 qui,
986 1327 1059 1385 ut
1091 1338 1171 1385 ex
1205 1337 1432 1385 eorum
1464 1320 1624 1385 actis
1668 1326 1947 1398 constat,
1988 1326 2332 1403 propterea
2376 1319 2571 1386 etiam
2617 1327 2752 1384 tam
2783 1320 3034 1386 fortiter

406 1431 733 1491 tormenta
762 1424 1123 1492 tolerarunt
1152 1424 1549 1510 temporalia,
1581 1445 1663 1492 ne
1695 1427 2050 1493 inciderent
2079 1426 2146 1491 in
2176 1432 2458 1494 aeterna.

586 1563 735 1619 658.
780 1550 1304 1620 corollarium.
1373 1552 1434 1620 l.
1477 1556 1634 1616 Hinc
1664 1559 1878 1633 sponte
1909 1574 2020 1616 sua
2049 1556 2342 1632 sequitur,
2388 1573 2456 1615 σω
2500 1557 2733 1630 infmo
2763 1574 2879 1615 non
2908 1574 3026 1615 esse

402 1644 871 1722 redemptionem,
906 1663 1102 1723 neque
1122 1664 1230 1722 per
1248 1645 1692 1722 poenitentiam,
1722 1664 1905 1722 quam
1921 1647 2104 1723 agant
2132 1644 2250 1722 ipsi
2280 1644 2548 1705 damnati
2578 1641 2677 1728 (cf.
2707 1664 2767 1704 n.
2801 1640 3024 1727 231⁸):

400 1733 578 1808 cujus
609 1732 913 1793 inutilitas
943 1735 1223 1812 graphice
1254 1734 1613 1795 describitur
1644 1734 1777 1811 Sap.
1812 1744 1869 1798 5.

582 1818 649 1886 2.
679 1823 888 1899 Neque
919 1823 994 1881 ob
1026 1823 1280 1883 aliorum
1299 1824 1597 1885 orationes
1617 1823 1911 1901 speranda
1939 1825 2034 1883 est
2063 1823 2480 1882 damnatorum
2509 1842 2582 1882 ex
2610 1822 2842 1882 inferno
2873 1822 3023 1882 libe-

402 1910 575 1970 ratio.
604 1911 879 1971 Eri-orem
911 1912 1254 1989 oppositum
1283 1912 1504 1973 refellit
1533 1912 2034 1990 Augustinus
2080 1913 2151 1972 de
2195 1912 2307 1972 civ.
2348 1911 2457 1972 Dei
2487 1911 2640 1986 XXI,
2690 1920 2807 1975 24:
2855 1912 3024 1982 ,Hoc

403 2018 576 2059 nemo
608 2018 783 2060 sanae
812 2001 951 2060 fidei
981 2001 1148 2073 dixit,
1177 2020 1352 2062 nemo
1383 2001 1654 2062 dicturus
1687 2004 1784 2062 est
1798 2001 1871 2080 ¹).
1858 2022 1871 2035 ·
1922 2001 2189 2077 alioquin
2217 2001 2388 2061 nulla
2418 2019 2596 2061 causa
2623 2003 2733 2072 est,
2765 2018 2873 2060 cur
2900 2019 3023 2061 non

400 2088 584 2147 etiam
614 2106 777 2149 nunc
806 2107 915 2166 pro
945 2090 1179 2151 diabolo
1209 2095 1271 2152 et
1307 2091 1542 2168 angelis
1572 2092 1704 2150 oret
1731 2090 2011 2161 Ecclesia,
2056 2110 2238 2167 quam
2266 2089 2552 2168 Magister
2581 2091 2740 2150 Deus
2770 2109 2878 2166 pro
2907 2090 3020 2149 ini-

402 2177 572 2237 micis
602 2178 728 2238 suis
753 2179 939 2255 jussit
968 2198 1153 2243 orare.
1215 2180 1375 2240 Haec
1403 2179 1596 2258 igitur
1624 2197 1821 2250 causa,
1865 2199 1986 2282 qua
2015 2178 2102 2251 fit,
2147 2182 2220 2239 ut
2260 2198 2422 2239 nunc
2450 2179 2711 2239 Ecclesia
2738 2197 2862 2238 non
2890 2181 3022 2239 oret

400 2285 511 2343 pro
542 2266 716 2326 malis
747 2267 995 2346 angelis,
1040 2288 1191 2346 quos
1224 2287 1366 2329 suos
1395 2269 1565 2329 novit
1605 2287 1734 2328 esse
1778 2269 2065 2339 inimicos,
2111 2269 2314 2328 eadem
2359 2268 2489 2345 ipsa
2533 2286 2709 2328 causa
2749 2270 2857 2339 est,
2903 2287 3022 2343 qua

404 2354 522 2427 fiet,
553 2357 673 2414 ut
656 2375 719 2416 ιιι
753 2356 855 2417 illo
885 2359 1034 2416 tunc
1055 2358 1282 2434 judicio
1303 2353 1678 2441 (universali)
1711 2357 1896 2417 etiam
1926 2375 2033 2434 pro
2065 2356 2406 2417 hominibus
2438 2360 2681 2417 aeterno
2712 2356 2852 2435 igne
2883 2375 3018 2416 cru-

402 2443 645 2517 ciandis,
690 2445 963 2522 quamvis
995 2446 1255 2523 perfecta
1298 2447 1381 2506 sit
1419 2446 1751 2519 sanctitate,
1795 2465 1919 2506 non
1962 2449 2108 2507 oret.
2168 2447 2344 2507 Nunc
2373 2446 2534 2506 euim
2563 2449 2878 2523 propterea
2907 2464 3019 2523 pro

397 2532 548 2609 ipsis
579 2535 725 2606 crat,
771 2552 919 2609 quos
948 2534 1014 2594 in
1051 2555 1266 2613 genere
1297 2536 1557 2596 humano
1588 2535 1771 2595 habet
1800 2535 2093 2607 inimicos,
2138 2536 2281 2613 quia
2310 2537 2552 2612 tempus
2583 2538 2677 2595 est
2706 2534 3018 2611 poeniten-

395 2621 518 2681 tiae
545 2622 903 2686 stuauosae.
918 2631 948 2662 ‘

578 2709 642 2779 3.
687 2713 896 2790 Neque
933 2714 1113 2774 finem
1143 2714 1436 2791 accipient
1464 2733 1688 2791 poenae
1720 2713 1973 2775 interitu
2016 2717 2078 2774 et
2121 2713 2521 2774 destructione
2563 2713 2901 2790 impiorum,
2948 2716 3020 2775 ut

398 2818 523 2860 non
550 2801 726 2877 pauci
770 2803 1351 2863 socinianorum
1397 2804 1737 2880 opinantur,
1784 2803 1907 2863 illis
1940 2802 2282 2881 Scripturas
2312 2803 2506 2863 effatis
2537 2802 2747 2874 innixi,
2794 2801 3018 2879 quibus

399 2888 814 2951 damnatorum
831 2892 1097 2952 conditio
1116 2892 1333 2969 psoeim
1352 2892 1575 2952 dicitur
1602 2911 1783 2968 sonore,
1810 2894 2082 2969 perditio,
2115 2894 2385 2953 intritus
2414 2894 2525 2955 etc.
2560 2891 2784 2951 Verum
2814 2907 2880 2959 a.
2907 2911 3019 2969 ps-

398 2979 524 3038 tres
557 2981 687 3056 jam
729 2980 795 3039 in
837 2983 1214 3042 antecessum
1258 2981 1409 3043 hanc
1437 2981 1724 3041 damnant
1752 2982 2095 3058 opinionem
2124 2981 2454 3058 docentque
2483 2981 2645 3041 hisce
2674 2980 3020 3041 nominibus

396 3066 1035 3145 significarimiseriam
1052 3073 1355 3130 aeternam
1373 3089 1498 3142 seu,
1530 3072 1602 3128 ut
1632 3070 1904 3147 loquitur
1925 3070 2482 3131 Tertullianus
2513 3070 2586 3130 de
2614 3087 2805 3129 resur.
2824 3069 3021 3130 carnis

398 3174 451 3214 c.
485 3166 587 3228 35,
617 3159 1033 3219 aeternitatem
1065 3159 1389 3225 occisionis.
1452 3159 1597 3218 Eam
1628 3159 1956 3218 excludunt
1984 3155 2055 3224 b.
2086 3159 2447 3237 Scripturas,
2490 3177 2630 3218 cum
2657 3158 2879 3219 diserte
2909 3157 3020 3218 dc·

400 3246 582 3304 cent
565 3265 766 3325 ignem
797 3266 926 3307 esse
969 3248 1541 3326 inexstinguibilem.
1608 3246 1802 3317 Quare
1852 3251 2052 3308 autem
2102 3263 2167 3313 c.
2218 3247 2484 3308 conditio
2523 3247 2632 3307 illa
2670 3246 3023 3307 tristissima

399 3337 647 3396 vocetur
677 3354 836 3396 mors
869 3338 1144 3409 secunda,
1178 3337 1266 3397 ita
1296 3338 1596 3413 explicant
1624 3339 1824 3413 patres
1856 3355 1993 3396 cum
2023 3337 2472 3415 Augustino
2502 3337 2576 3397 de
2607 3336 2717 3398 civ.
2737 3337 2847 3396 Dei
2864 3335 3019 3408 m,

401 3431 516 3487 28:
568 3424 835 3495 ,Eorum
865 3428 1081 3497 autem,
1133 3426 1240 3502 qui
1283 3445 1404 3486 non
1448 3426 1757 3503 pertinent
1801 3425 1875 3485 sd
1918 3426 2096 3485 istam
2126 3426 2426 3486 civitatem
2457 3426 2584 3496 Dei,
2633 3424 2751 3486 erit
2797 3444 2832 3486 e
2879 3444 3021 3485 con-

395 3512 583 3573 trario
613 3513 855 3574 miseria
884 3515 1260 3592 sempiterne,
1305 3534 1458 3593 quae
1497 3515 1678 3575 etiam
1709 3514 1969 3574 secunda
1998 3533 2158 3575 mors
2186 3515 2437 3574 dicitur:
2485 3514 2629 3591 quia
2670 3532 2780 3575 nec
2825 3515 3022 3574 anima

395 3600 485 3661 ibi
511 3601 716 3663 vivere
747 3603 1000 3665 dicenda
1028 3606 1136 3676 est,
1173 3623 1325 3681 quae
1354 3624 1390 3664 a
1419 3604 1547 3664 vita
1577 3603 1685 3664 Dei
1716 3602 1972 3663 alienata
2000 3604 2135 3676 erit,
2164 3622 2274 3663 nec
2307 3622 2537 3681 corpus,
2568 3603 2731 3680 quod
2760 3602 3020 3662 aeternis

394 3689 706 3753 doloribus
736 3692 1098 3769 subjacebit:
1128 3712 1197 3753 ac
1228 3713 1336 3770 per
1364 3693 1475 3753 hoc
1504 3693 1641 3753 ideo
1670 3691 1881 3751 durior
1908 3693 2028 3752 ista
2056 3693 2318 3752 secunda
2341 3712 2502 3753 mors
2522 3692 2655 3765 erit,
2687 3692 2830 3767 quia
2859 3690 3022 3751 finiri

394 3781 590 3839 morte
628 3797 750 3840 non
779 3783 1020 3858 poterit.
1031 3791 1061 3822 ‘
1131 3783 1286 3842 Hinc
1328 3779 1397 3849 d.
1439 3785 1514 3842 ut
1555 3781 1893 3844 doctrinm
1934 3798 2134 3844 veram
2166 3781 2382 3841 clarius
2412 3780 2765 3859 exprimant,
2808 3783 3023 3840 vocant

396 3868 550 3928 hanc
579 3870 830 3930 mortem
862 3875 1132 3943 ‚mortem
1164 3873 1296 3932 sine
1324 3875 1554 3932 morte‘.
1619 3870 1758 3941 ,Fit
1790 3888 1931 3948 erge
1960 3869 2212 3942 miseris,
2241 3870 2454 3930 scribit
2484 3868 2916 3947 Gregorius
2943 3869 3023 3931 Π.

398 3956 543 4021 Mer.
574 3957 673 4030 IX,
710 3968 813 4031 66,
858 3979 1017 4020 mors
1063 3960 1193 4020 sine
1237 3963 1445 4032 morte,
1489 3961 1627 4019 finis
1660 3959 1790 4019 sine
1819 3958 1955 4031 fine,
1999 3958 2265 4020 defectus
2295 3959 2425 4018 sine
2454 3958 2722 4034 defectu.
2771 3958 2915 4034 quia
2960 3962 3023 4017 et

396 4064 561 4105 mors
593 4046 764 4119 vivit,
796 4051 861 4108 et
888 4049 1028 4110 finis
1060 4067 1293 4126 semper
1323 4049 1541 4126 incipit
1570 4052 1635 4109 et
1665 4047 1913 4109 deficere
1943 4046 2209 4108 defectus
2239 4050 2472 4108 neecit‘
2482 4046 2558 4130 ²).
2620 4046 2779 4107 che
2779 4046 3021 4111 ,Tho

398 4153 460 4192 ιιι
474 4153 510 4193 a
524 4153 554 4194 s
585 4136 658 4195 de
687 4140 811 4214 pot.
844 4157 898 4214 q.
936 4148 969 4202 5
1004 4158 1056 4198 a.
1096 4150 1148 4201 l.

618 4274 657 4342 Ι)
684 4269 968 4325 Dixerunt
990 4273 1185 4325 tamen
1213 4270 1455 4340 quidam
1481 4269 1680 4342 graeci
1697 4269 2072 4327 schismatici.
2095 4271 2181 4327 cf.
2206 4272 2259 4326 N
2276 4271 2413 4327 ille
2429 4289 2455 4325 s
2479 4265 2889 4327 Kalendarium
2907 4283 3025 4322 ma-

398 4348 572 4404 nuale
598 4351 671 4414 ll,
697 4357 937 4413 12—13;
964 4358 1070 4409 322
1096 4368 1173 4409 s.:
1197 4349 1466 4407 zeitschr.
1492 4352 1587 4405 fur
1610 4350 1674 4404 k.
1701 4351 1903 4406 Thecl.
1929 4357 2068 4409 1894
2094 4369 2148 4421 p.
2171 4358 2299 4410 368.

616 4432 659 4502 ¹)
685 4428 817 4487 Non
840 4430 1168 4497 defuerunt,
1193 4430 1296 4500 qui
1322 4429 1702 4501 opinarentur
1725 4429 2014 4485 damnatis
2037 4430 2282 4488 subinde
2307 4427 2576 4485 nonnihil
2593 4425 2964 4484 relaxationis
2987 4444 3023 4481 a

398 4506 601 4579 poenis
625 4510 687 4563 et
708 4509 925 4578 quietis
948 4509 1260 4582 indulgeri.
1312 4511 1494 4577 Quam
1539 4509 1875 4581 opinionem
1901 4513 2197 4580 utcunque
2222 4506 2516 4582 permittit
2535 4506 3025 4578 Augustinus

400 4586 582 4642 Ench.
605 4606 664 4647 n.
694 4596 816 4647 uo.
844 4596 947 4648 112
969 4591 1068 4662 (cf.
1091 4589 1428 4645 Fani-ead
1453 4589 1511 4644 h.
1543 4592 1611 4662 1.)
1651 4589 1785 4645 coll.
1820 4589 1893 4645 de
1929 4589 2051 4645 div.
2085 4588 2194 4644 Dei
2229 4588 2379 4654 XXI,
2416 4593 2507 4645 24.
2554 4586 2777 4642 Fare-t
2811 4585 3027 4657 Chry·

402 4670 785 4724 scstcmus
806 4670 866 4725 h.
890 4674 928 4727 3
950 4669 1016 4724 in
1041 4686 1132 4741 ep.
1157 4669 1232 4724 ad
1251 4668 1403 4727 Phil.
1430 4688 1489 4724 n.
1513 4676 1566 4728 3.
1591 4678 1627 4726 4
1650 4672 1710 4726 et
1747 4668 2031 4738 sequioris
2064 4667 2274 4724 aetatis
2312 4667 2634 4740 scriptores,
2660 4666 3024 4723 utPetrus

400 4748 543 4820 pict.
570 4751 714 4809 seut.
740 4749 810 4814 V,
836 4754 938 4807 20:
963 4749 1204 4805 eam-ita
1228 4748 1500 4806 enunciat
1524 4748 1997 4805 Prudentius
2023 4748 2489 4819 authen-hymn.
2515 4756 2549 4804 5
2573 4763 2629 4804 v.
2659 4754 2796 4804 125:
