3538 5364
598 266 731 328 464
963 255 1146 310 Tract.
1175 255 1268 312 IX.
1296 256 1364 308 de
1393 253 1762 325 poenitentia.
1794 254 1994 307 Thesis
2021 252 2356 307 CCXLVIII.
2384 254 2452 306 cle
2480 253 2855 308 confessionis

599 443 812 512 ficium,
862 443 967 517 qui
997 460 1120 499 non
1151 460 1470 500 conversus
1504 442 1575 499 ad
1609 441 2038 517 poenitentiam
2072 440 2137 498 in
2167 440 2435 499 Ecclesia
2467 440 2580 498 sibi
2614 439 2868 498 dandam
2900 441 3220 516 speraverit

597 531 1034 609 indulgentiam
1069 533 1500 605 peccatorum.‘
1569 530 1649 591 Of.
1695 549 1873 588 aurea
1920 529 2100 588 verba
2144 548 2191 591 3.
2238 529 2610 605 Cypriani
2651 548 2741 605 ep.
2779 539 2856 592 54
2892 529 2964 587 ad
2999 529 3216 588 Cornel.

598 640 655 679 n.
698 633 719 682 1
762 625 822 679 et
855 631 892 683 4
928 638 1128 697 opusc.
1161 620 1324 688 xX1;
1359 638 1403 677 3.
1439 619 1873 679 Coelestini
1906 639 1965 680 n.
2005 612 2179 689 457⁶,
2214 620 2450 694 aliaque
2481 638 2539 679 n.
2576 620 2739 681 4382
2772 621 2834 676 et
2869 612 3044 681 51412.

776 744 923 808 480·
958 740 1215 807 ΤῙΙθὸῘΒ
1251 738 1700 806 CCXLVIII·
1733 758 2099 812 Fidelibus
2121 757 2787 824 peccatoribusjure
2807 760 3052 813 divino
3071 759 3216 821 offi-

595 850 782 902 cium
817 850 1160 902 incumbit
1196 849 1569 912 confitendi
1596 849 1841 901 omnia
1869 851 1934 900 et
1964 847 2254 912 sinyula
2273 852 2563 912 peccata
2589 848 2844 912 yram‘a
2867 852 3025 913 post
3052 848 3215 911 bap-

597 939 888 991 tismum
919 941 1240 1004 patrata.
2905 956 2911 962 ·

776 1040 1217 1109 Declaratlo.
1285 1046 1495 1103 Plures
1539 1064 1569 1102 e
1618 1044 2002 1103 novatoribus
2035 1063 2147 1104 sec.
2184 1044 2315 1103 XVI
2350 1044 2754 1102 concedebant
2797 1043 3037 1119 quidem
3085 1061 3214 1102 con·

596 1135 869 1193 fessionis
885 1131 932 1216 ¹)
968 1134 1412 1193 utilitatem
1446 1137 1506 1192 et
1546 1133 1724 1192 etiam
1768 1133 2094 1203 factum,
2142 1133 2302 1209 quod
2347 1153 2414 1191 ea
2459 1133 2644 1191 fuerit
2677 1132 2973 1207 quondam
3007 1134 3071 1189 in
3102 1151 3212 1191 usu

596 1225 660 1280 in
692 1223 983 1281 Ecclesia:
1016 1224 1134 1282 imo
1166 1224 1340 1283 initio
1372 1242 1489 1282 non
1522 1224 1861 1292 defuerunt,
1912 1223 2015 1297 qui
2064 1222 2361 1297 quandam
2395 1222 2562 1280 illius
2595 1223 2774 1280 etiam
2806 1222 3214 1280 necessitatem

596 1316 929 1383 tuerentur,
947 1317 1017 1371 ut
1036 1313 1229 1388 liquet
1261 1331 1328 1370 ex
1345 1331 1548 1371 eorum
1583 1311 1943 1370 testimoniis
1976 1332 2009 1369 a
2040 1312 2323 1371 Kirsch
2357 1311 2633 1370 allatisin
2650 1313 2689 1374 l.
2706 1331 2810 1369 zur
2827 1310 3028 1370 Gesch.
3046 1310 3150 1369 der
3162 1311 3214 1367 k.

596 1401 825 1472 Beicht,
874 1402 1208 1478 Wiirzburg
1247 1411 1409 1465 1902
1458 1421 1513 1476 p.
1553 1411 1672 1464 167
1711 1419 1806 1471 sa„
1862 1411 1981 1464 198
2020 1419 2128 1459 ss:
2181 1405 2383 1476 postea
2424 1404 2626 1459 tamen
2671 1418 2885 1477 magno
2933 1418 3215 1459 consensu

598 1490 809 1548 saltem
852 1492 981 1566 ejus
1028 1491 1363 1549 absolutam
1394 1491 1696 1567 negabant
1726 1490 2157 1552 necessitatem.
2223 1490 2414 1560 Quare
2446 1494 2653 1548 contra
2682 1489 2818 1548 illos
2851 1489 3214 1564 probandum

597 1582 702 1649 est,
737 1580 1160 1639 confessionem
1191 1598 1320 1638 esse
1347 1579 1745 1638 institutionis
1781 1579 2093 1639 divinae
2126 1584 2187 1637 et
2217 1580 2289 1637 ad
2321 1581 2700 1655 peccatorum
2718 1577 2992 1654 gravium
3014 1578 3212 1637 remis-

597 1667 938 1727 missionem
988 1669 1370 1727 obtinendam
1419 1669 1969 1727 necessariam:
2024 1669 2182 1744 quod
2233 1669 2428 1727 sanxit
2477 1687 2637 1731 conc.
2688 1666 3209 1725 tridentinum

598 1775 741 1819 3333.
782 1767 856 1819 14
892 1776 1016 1815 can.
1056 1769 1122 1820 7:
1174 1757 1277 1827 ‚Si
1309 1757 1445 1833 quis
1479 1758 1706 1827 dixerit,
1755 1757 1818 1815 in
1867 1762 2233 1816 sacramento
2267 1757 2673 1832 poenitentiae
2707 1756 2781 1814 ad
2811 1755 3213 1814 remissionem

597 1849 975 1920 peccatorum
1006 1847 1401 1905 necessarium
1434 1866 1553 1905 non
1586 1865 1715 1905 esse
1743 1848 1877 1921 jure
1910 1846 2114 1905 divino
2149 1847 2415 1906 confiteri
2449 1847 2646 1904 omnia
2692 1849 2753 1904 et
2800 1845 3041 1922 singula
3085 1862 3211 1920 pec·

599 1938 728 1993 cata
772 1936 1062 2006 mortalia,
1111 1955 1364 2011 quorum
1397 1936 1678 1995 memoria
1710 1955 1842 1994 cum
1878 1936 2078 1994 debita
2123 1941 2183 1993 et
2227 1936 2509 2011 diligenti
2555 1934 3086 2011 praemeditatione
3118 1934 3212 1990 ha-

598 2023 827 2093 beatur,
861 2025 1039 2083 etiam
1073 2025 1303 2084 occulta
1347 2028 1407 2083 ct
1452 2044 1602 2100 quae
1648 2027 1792 2082 sunt
1836 2028 2042 2083 contra
2087 2024 2205 2082 duo
2237 2025 2455 2083 ultima
2487 2023 2753 2101 decalogi
2784 2027 3112 2099 praecepta,
3159 2029 3214 2080 et

598 2113 1092 2184 circumstantias,
1141 2133 1290 2190 quae
1337 2115 1560 2189 peccati
1597 2115 1853 2189 speciem
1886 2117 2153 2182 mutant3
2203 2115 2302 2172 sed
2350 2132 2475 2171 eam
2525 2113 2950 2172 confessionem
2982 2115 3213 2170 tantum

598 2219 719 2260 esse
752 2203 963 2261 utilem
997 2203 1068 2261 ad
1102 2203 1495 2261 erudiendum
1527 2207 1588 2261 et
1632 2203 2057 2261 consolandum
2092 2203 2506 2277 poenitentem,
2556 2206 2617 2261 et
2660 2202 2802 2260 olim
2849 2202 3214 2259 observatam

597 2290 780 2349 fuisse
811 2294 1051 2350 tantum
1080 2292 1154 2350 ad
1187 2292 1653 2351 satisfactionem
1686 2292 2024 2351 canonicam
2058 2291 2503 2367 imponendam:
2555 2295 2661 2350 aut
2703 2290 2917 2349 dixerit
2947 2309 3068 2360 eos,
3115 2290 3214 2364 qui

596 2379 794 2438 omnia
837 2385 1073 2456 peccata
1116 2381 1380 2439 confiteri
1426 2383 1689 2451 student,
1741 2381 1894 2439 nihil
1945 2381 2278 2455 relinquere
2327 2380 2480 2439 velle
2512 2381 2751 2439 divinae
2782 2378 3217 2438 misericordiae

595 2470 1053 2546 ignoscendum;
1092 2474 1198 2528 aut
1231 2470 1465 2529 demum
1498 2489 1620 2529 non
1653 2470 1828 2528 licere
1858 2470 2129 2528 confiteri
2161 2474 2402 2545 peccata
2432 2470 2702 2539 venialia,
2740 2473 2806 2531 A.
2844 2468 2943 2526 S.‘
3013 2469 3147 2529 Can.
3181 2478 3211 2529 6

595 2559 666 2617 cf.
698 2578 756 2617 n.
792 2569 936 2622 477.
971 2592 1055 2603 —-
1089 2559 1228 2618 Cum
1262 2579 1400 2618 vero
1434 2561 1725 2636 exigimus
1758 2559 2187 2618 confessionem
2220 2562 2593 2634 peccatorum
2616 2558 2888 2635 gravium
2910 2557 3214 2615 remitten-

594 2647 824 2718 dorum,
872 2668 976 2725 per
1022 2667 1084 2708 33
1128 2652 1311 2725 patet,
1359 2649 1626 2708 sufficere
1659 2648 2081 2709 confessionem
2117 2648 2214 2707 hic
2258 2653 2319 2707 et
2357 2666 2517 2707 nunc
2551 2646 2883 2723 poenitenti
2915 2646 3219 2705 moraliter

594 2739 1086 2813 possibilem,
1135 2757 1439 2796 versamur
1483 2739 1642 2796 enim
1688 2739 1751 2795 in
1798 2758 1861 2796 re
1908 2738 2119 2796 morali
2151 2741 2213 2796 et
2247 2738 2522 2800 humana.
2587 2737 2774 2812 Atqui
2806 2737 2946 2794 haec
2980 2736 3214 2794 moralis

594 2827 964 2901 possibilitas
1007 2829 1123 2886 alia
1168 2831 1349 2902 atque
1395 2828 1512 2885 alia
1556 2832 1647 2885 est
1691 2845 1796 2902 pro
1842 2827 2191 2886 diversitate
2223 2826 2660 2902 poenitentium
2692 2830 2753 2884 et
2784 2825 3214 2900 adjunctorum.

594 2916 787 2985 Quare
819 2936 937 2975 non
969 2917 1172 2975 eadem
1205 2917 1491 2993 exigenda
1522 2920 1615 2974 est
1644 2916 1936 2975 confessio
1969 2936 2004 2974 a
2034 2917 2171 2975 rudi
2204 2935 2356 2990 quae
2387 2917 2460 2974 ab
2492 2915 2747 2983 erudito,
2782 2934 2816 2972 a
2848 2932 3033 2989 puero
3066 2933 3213 2989 quae

594 3005 668 3062 ab
700 3005 926 3073 adulte,
977 3026 1011 3064 a
1060 3005 1416 3064 moribundo
1450 3024 1600 3081 quae
1645 3026 1678 3063 a
1722 3024 1880 3067 sanc.
1945 3006 2171 3064 Poterit
2216 3024 2355 3081 ergo
2403 3006 2466 3063 in
2511 3022 2652 3063 casu
2697 3003 3069 3063 necessitatis
3119 3021 3216 3079 pro

594 3094 872 3153 exercitio
904 3096 1083 3169 hujus
1115 3095 1426 3170 potestatis
1471 3095 1533 3151 in
1581 3095 1908 3153 utilitatem
1941 3094 2378 3170 poenitentium
2412 3093 2702 3152 Ecclesiae
2735 3093 2982 3152 collatae
3014 3112 3050 3150 a
3082 3093 3214 3159 Dec,

818 3286 853 3353 ¹)
881 3283 1170 3346 Quaedam
1182 3282 1284 3354 ‘bic
1311 3282 1715 3339 adnotabimus
1743 3284 1813 3336 de
1842 3299 1975 3336 voce
2001 3285 2377 3356 ἐξομολόγησις,
2409 3298 2524 3350 qua
2551 3282 2854 3352 scriptores
2888 3280 3082 3351 graeci
3098 3298 3215 3335 con-

597 3364 896 3417 fessionem
923 3362 1243 3433 designant,
1272 3364 1442 3418 latini
1470 3381 1601 3418 vero
1629 3363 1841 3434 passim
1882 3363 1995 3419 alia
2022 3366 2195 3431 atque
2223 3363 2340 3416 alia
2370 3365 2613 3416 utuntur
2630 3360 3071 3433 significatione.
3098 3360 3210 3430 Sig-

594 3442 794 3496 nificat
818 3443 970 3498 enim
995 3445 1151 3514 apud
1179 3446 1281 3498 hos
1297 3446 1387 3499 vel
1405 3446 1721 3499 orationem
1737 3445 2231 3516 poenitentialem,
2251 3444 2341 3498 vel
2360 3444 2779 3513 processionem
2798 3459 2894 3496 3311
2912 3442 3211 3497 solemnem

596 3522 1072 3593 supplicationem
1100 3541 1164 3578 30
1191 3525 1521 3579 institutam
1551 3526 1679 3590 fine,
1706 3529 1775 3577 ut
1800 3525 1952 3579 Deus
1978 3524 2207 3578 delictis
2233 3524 2538 3578 miseratus
2564 3523 2884 3593 indulgeat,
2912 3523 3004 3577 vel
3031 3520 3214 3593 poeni-

593 3602 836 3656 tentiam
856 3603 1148 3673 publicam
1177 3604 1267 3676 (cf.
1295 3605 1321 3657 Ι
1336 3621 1406 3657 1·3
1425 3624 1461 3657 11
1479 3622 1512 3657 a
1534 3621 1617 3658 eu
1637 3624 1690 3658 m
1717 3607 1752 3660 1.
1781 3614 1800 3661 1
1830 3622 1874 3660 c.
1898 3608 1970 3675 9),
1992 3604 2051 3658 iu
2073 3604 2275 3675 primis
2297 3604 2611 3658 secundum
2640 3602 3005 3657 Petavium
3027 3603 3087 3655 in
3107 3601 3214 3655 dia·

594 3682 741 3738 tribe
767 3684 840 3737 ad
867 3685 1025 3740 haer.
1051 3691 1118 3741 59
1145 3684 1462 3755 Epiphanii
1483 3686 1765 3740 actionem
1788 3685 2177 3756 poenitentiae
2199 3684 2260 3737 in
2280 3684 2463 3739 stadio
2480 3683 2920 3747 substratorum,
2943 3698 3092 3750 quae
3112 3698 3216 3735 ma-

594 3763 743 3818 xime
769 3766 893 3817 erat
918 3765 1197 3828 luctuosa,
1215 3781 1503 3833 quamque
1529 3764 1613 3818 ita
1629 3764 1901 3820 describit
1927 3764 2416 3819 Tertullianus
2444 3765 2512 3818 de
2530 3764 2744 3834 poenit.
2764 3783 2818 3817 n.
2837 3770 2900 3820 9:
2932 3764 3019 3825 „Is
3047 3765 3215 3826 actus,

594 3843 696 3911 qui
724 3844 907 3914 magis
933 3860 1136 3913 graeco
1166 3845 1441 3898 vocabulo
1463 3844 1807 3913 exprimitur
1828 3847 1885 3897 et
1906 3845 2322 3912 frequentatur,
2349 3843 2761 3914 exomologesis
2788 3845 2890 3907 est,
2919 3860 3036 3910 qua
3056 3841 3214 3896 delic-

596 3931 718 3977 tum
736 3927 993 3978 nostrum
1013 3924 1255 3978 Domino
1274 3925 1609 3979 confitemur
1629 3942 1741 3979 non
1765 3924 2001 3991 quidem
2023 3927 2090 3978 ut
2108 3924 2329 3995 ignaro,
2346 3925 2442 3978 sed
2461 3928 2745 3992 quatenus
2762 3923 3080 3978 satisfactio
3097 3940 3214 3977 con·

595 4004 836 4059 sessione
861 4004 1206 4075 disponitur,
1235 4005 1586 4059 confessione
1627 4004 1986 4075 poenitentia
2016 4007 2290 4069 nascitur,
2323 4004 2678 4076 poenitentia
2714 4005 2867 4059 Deus
2901 4004 3213 4074 mitigatur.

597 4084 796 4151 Itaque
823 4084 1235 4154 exomologesis
1264 4085 1660 4153 prosternendi
1687 4088 1744 4139 et
1771 4085 2195 4139 humilificandi
2236 4085 2485 4139 hominis
2525 4085 2834 4154 disciplina
2863 4087 2965 4150 est,
2994 4101 3213 4138 conver·

595 4164 870 4219 sationem
911 4165 1222 4234 injungens
1267 4164 1686 4219 misericordiae
1731 4166 1943 4220 illicem
1965 4187 1975 4225 ;
2022 4166 2091 4219 de
2137 4166 2262 4235 ipso
2310 4182 2539 4233 quoque
2583 4165 2789 4219 habitu
2835 4167 3014 4232 atque
3065 4163 3214 4218 victu

594 4245 846 4309 mandat,
875 4262 1031 4301 sacco
1060 4249 1118 4299 et
1144 4246 1330 4298 cinere
1359 4246 1647 4309 incubare,
1675 4263 1879 4315 corpus
1907 4246 2170 4300 sordibus
2198 4247 2530 4300 obscurare“
2563 4247 2669 4298 etc.
2721 4248 2769 4297 A
2797 4261 2913 4313 qua
2942 4244 3217 4315 significa·

597 4325 749 4379 tione
775 4343 890 4381 non
917 4328 1166 4380 multum
1193 4325 1385 4381 differt
1411 4343 1492 4390 ea,
1521 4328 1684 4394 cujus
1712 4327 1980 4381 meminit
2006 4328 2049 4379 B
2068 4344 2150 4380 en
2169 4344 2197 4380 3
2215 4327 2423 4380 dictu
2445 4345 2469 4380 s
2497 4326 2645 4379 XIV.
2674 4326 2742 4379 de
2771 4343 2892 4394 syn.
2922 4326 3101 4383 dioec.
3128 4326 3164 4379 l.
3187 4328 3216 4379 7

596 4423 640 4457 e.
675 4413 736 4461 16
762 4424 814 4459 n.
846 4413 894 4469 6,
922 4407 1235 4460 secundum
1265 4422 1433 4474 quem
1463 4407 1729 4475 designat
1758 4407 1968 4468 „ritum
1997 4408 2268 4460 ultimum
2298 4424 2393 4460 seu
2422 4408 2616 4462 actum
2644 4408 2963 4470 externum,
3011 4406 3112 4475 qui
3139 4409 3214 4457 to·

594 4484 709 4538 tius
735 4485 1001 4554 publicae
1028 4487 1417 4555 poenitentiae
1445 4487 1703 4541 clausula
1744 4489 1869 4540 erat
1910 4491 1969 4540 et
2008 4487 2504 4556 complementum,
2533 4503 2659 4539 cum
2691 4486 2963 4540 nimirum
2992 4484 3214 4555 publice

597 4565 953 4633 poenitentes
979 4566 1139 4620 humi
1167 4568 1440 4621 substrati
1468 4570 1666 4622 flentes
1693 4571 1868 4635 atque
1898 4567 2334 4637 ingemiscentes
2362 4568 2577 4638 seipsos
2606 4568 2966 4631 incusabant,
2995 4565 3212 4620 veniam

595 4646 972 4714 exposcebant
998 4650 1054 4700 et
1081 4647 1362 4702 Eccles1ae
1391 4650 1620 4702 tandein
1651 4647 2009 4703 reconciliari
2037 4651 2209 4715 atque
2236 4647 2443 4701 iterum
2490 4648 2562 4700 ad
2609 4648 2963 4701 sacramenta
2990 4644 3215 4699 admitti

595 4726 921 4796 poscebant.
975 4728 1058 4782 Cf.
1087 4728 1142 4780 M
1161 4745 1191 4781 0
1210 4730 1272 4782 ri
1291 4748 1325 4781 11
1344 4747 1379 4781 11
1399 4748 1422 4783 3
1451 4731 1517 4793 ΙΙ,
1547 4738 1595 4785 2.
