3538 5364
1398 277 1663 332 delentur
1688 280 1936 349 peccata.
2851 286 2976 351 139

528 462 598 529 3.
630 460 863 525 Relate
896 460 981 523 ad
1013 459 1230 536 Deum,
1276 459 1341 523 in
1386 458 1567 540 cujus
1613 467 1966 541 conspectu
2011 477 2144 523 non
2190 466 2289 524 est
2320 459 2450 523 ulla
2481 466 2780 523 creatura
2809 459 2972 523 invi-

348 567 552 631 sibilis
583 573 652 633 et
680 568 864 649 cujus
897 566 1098 630 oculis
1130 566 1348 630 omnia
1378 566 1554 629 nuda
1602 572 1670 631 et
1715 574 1942 648 aperta
1985 573 2135 631 sunt
2169 565 2382 653 (Hebr.
2415 572 2476 642 4,
2518 566 2642 651 13),
2675 566 2844 632 idem
2876 572 2979 631 est

350 673 593 757 aliquid
643 691 787 739 esse
837 679 1145 749 tectum
1196 679 1260 737 et
1308 673 1682 738 deletum.
1745 673 1910 754 Ergo
1959 673 2210 739 etiamsi
2256 673 2665 749 concedatur,
2698 674 2763 737 in
2788 674 2974 756 justi-

348 780 656 846 ficatione
686 786 958 863 peccata
987 780 1131 861 tegi,
1164 786 1234 844 ut
1264 799 1415 846 vere
1461 780 1589 844 sint
1632 787 1806 846 tecta
1851 799 2072 845 coram
2109 780 2257 859 De0‚
2290 799 2559 846 necesse
2592 786 2707 857 est,
2747 787 2819 845 ut
2848 781 2981 845 sint

351 887 581 953 deleta.
646 886 861 967 Quare
893 894 1189 969 teguntur
1218 894 1489 970 peccata
1521 907 1561 953 a
1592 887 1726 954 Deo
1760 907 1892 953 non
1924 889 2213 952 dissimili
2244 888 2513 965 ratione,
2566 906 2695 971 qua
2725 888 2976 953 ratione

352 994 587 1058 medici
617 1000 843 1076 tegunt
870 994 1151 1072 vulnera,
1185 1013 1316 1059 non
1347 995 1555 1059 solum
1607 1001 1678 1059 ut
1724 1015 1856 1060 non
1900 1002 2276 1079 appareant,
2322 995 2438 1060 sed
2468 1002 2540 1060 ut
2570 1001 2882 1065 sanentur
2912 1000 2982 1059 et

350 1101 546 1183 plane
577 1107 986 1167 evanescant.
1048 1101 1354 1184 Apposite
1385 1121 1434 1165 s.
1469 1101 1980 1184 Augustinus
2023 1120 2211 1167 serm.
2247 1106 2288 1170 2
2321 1104 2387 1166 in
2417 1102 2517 1167 Ps.
2553 1107 2628 1172 31
2670 1122 2730 1166 n.
2765 1107 2823 1171 9.
2863 1107 2972 1171 12:

358 1206 535 1280 ,Nec
564 1207 657 1271 sic
688 1207 1069 1287 intelligatis
1101 1208 1272 1290 quod
1305 1208 1483 1285 dixit,
1515 1216 1787 1291 peccata
1836 1216 2146 1291 cooperta
2189 1216 2355 1288 sunt,
2407 1209 2591 1293 quasi
2636 1208 2724 1273 ibi
2755 1209 2882 1273 sint
2914 1215 2982 1273 et

349 1314 579 1379 vivant
610 1364 623 1377 .
655 1352 669 1376 ·.
705 1364 718 1378 .
751 1312 922 1378 Deus
953 1321 1128 1395 tegat
1158 1314 1440 1392 vulnera,
1472 1315 1604 1380 noli
1635 1321 1719 1379 tu.
1773 1315 1936 1380 Nam
1968 1317 2021 1380 si
2054 1322 2123 1381 tu
2154 1323 2369 1397 tegere
2399 1317 2679 1381 volueris
2712 1315 2977 1381 erubes-

350 1439 530 1497 cem,
560 1420 849 1485 medicus
879 1439 1012 1486 non
1042 1421 1307 1486 curabit.
1369 1422 1652 1487 Medicus
1684 1428 1860 1504 tegat
1890 1429 1955 1488 et
1984 1431 2180 1499 curet,
2214 1423 2563 1506 emplastro
2597 1424 2767 1488 enim
2801 1423 2974 1503 tegit.

353 1524 493 1590 Sub
527 1528 806 1609 tegmine
837 1528 1067 1593 medici
1096 1536 1363 1593 sanatur
1390 1528 1639 1607 vulnus
1671 1529 1792 1593 sub
1825 1531 2100 1611 tegmine
2129 1530 2446 1595 vulnerati
2466 1529 2711 1596 celatur
2729 1528 2978 1592 vulnus,

351 1632 472 1698 Cui
501 1634 725 1700 celas?
787 1633 909 1715 Qui
939 1635 1118 1700 novit
1150 1637 1423 1700 omnia.‘

531 1761 601 1827 4.
636 1764 691 1826 S.
723 1765 1225 1842 Augustinus
1258 1784 1431 1842 saepe
1463 1765 1795 1825 doctrinam
1827 1767 2175 1825 catholicam
2207 1766 2392 1825 tradit
2423 1770 2486 1826 et
2515 1766 2975 1843 protestantium

351 1853 708 1930 figmentum
760 1854 824 1911 in
873 1864 1243 1913 antecessum
1278 1856 1404 1930 jam
1450 1854 1789 1914 damnavit:
1839 1874 1977 1914 nam
2031 1856 2335 1931 proposita
2382 1856 2976 1934 pelagianorum

349 1942 653 2000 calumnia
682 1960 732 2000 ο.
764 1941 912 2001 duas
943 1961 1031 2018 ep.
1064 1942 1177 2019 pel.
1211 1944 1255 2014 1,
1298 1952 1373 2006 13
1409 1962 1465 2006 n.
1504 1952 1614 2007 26:
1664 1943 1931 2013 ,Dicunt
1963 1940 2295 2028 (catholici)
2327 1945 2626 2022 baptisma
2668 1963 2790 2003 non
2835 1944 2978 2003 dare

349 2030 621 2088 omnium
654 2030 1089 2107 indulgentiam
1129 2037 1518 2107 peccatorum,
1568 2050 1678 2091 nec
1726 2032 1956 2092 auferre
2001 2034 2264 2103 crimina,
2312 2034 2413 2094 sed
2459 2034 2686 2109 radere,
2734 2036 2806 2092 ut
2849 2052 2975 2093 om-

349 2119 519 2177 nium
549 2122 931 2192 peccatorum
960 2120 1186 2179 radices
1232 2121 1297 2180 in
1341 2121 1495 2180 mela
1537 2140 1712 2181 carne
1758 2126 2138 2194 teneantur,‘
2185 2124 2270 2182 ita
2315 2143 2442 2182 eam
2480 2123 2734 2183 refellit:
2786 2122 2976 2192 ,Quis

350 2209 458 2267 hoc
488 2208 780 2267 adversus
813 2208 1150 2286 pelagianos
1178 2210 1293 2268 nisi
1338 2210 1597 2270 infidelis
1627 2211 1923 2270 affirmet?
1991 2211 2258 2271 Dicimus
2304 2231 2444 2290 ergo
2491 2213 2791 2290 baptisma
2836 2212 2977 2270 dare

350 2297 621 2356 omnium
654 2297 1083 2375 indulgentiam
1116 2302 1506 2374 peccatorum,
1539 2304 1600 2358 et
1630 2301 1860 2359 auferre
1890 2301 2152 2371 crimina,
2186 2320 2306 2360 non
2337 2300 2573 2370 radere;
2608 2320 2715 2360 nec
2744 2303 2818 2360 ut
2849 2319 2972 2359 om·

347 2386 519 2445 nium
550 2391 931 2462 peccatorum
962 2387 1187 2447 radices
1232 2388 1294 2447 in
1339 2389 1497 2447 mala
1539 2406 1713 2448 carne
1743 2392 2080 2459 teneantur,
2131 2390 2302 2465 qussi
2351 2409 2617 2449 rasorum
2665 2390 2725 2448 in
2779 2389 2974 2465 capite

347 2475 722 2551 capillorum,
768 2475 929 2536 unde
961 2481 1227 2536 crescant
1256 2477 1476 2536 iterum
1508 2478 1826 2537 resecanda
1855 2481 2149 2554 peccata.‘
2199 2513 2287 2523 —-
2338 2476 2604 2537 Eundem
2637 2479 2694 2536 in
2731 2496 2970 2537 sensum

348 2566 784 2642 Gregorius
817 2566 892 2623 M.
923 2584 1013 2643 ep.
1046 2566 1144 2637 XI,
1181 2575 1297 2629 45:
1346 2566 1451 2635 ,Si
1482 2567 1587 2642 qui
1621 2585 1759 2626 vero
1792 2571 1953 2637 sunt,
2001 2569 2108 2644 qui
2137 2567 2347 2627 dicunt
2376 2571 2612 2643 peccata
2642 2567 2707 2625 in
2742 2565 2972 2643 baptis-

346 2657 506 2713 mate
539 2654 1032 2730 superficietenus
1064 2654 1310 2727 dimitti,
1358 2654 1504 2732 qnid
1550 2659 1644 2716 est
1688 2656 1797 2716 hac
1839 2656 2275 2734 praedicatione
2308 2656 2651 2716 infidelius?
2685 2701 2697 2714 .
2733 2701 2746 2713 .
2781 2702 2793 2714 .
2858 2653 2974 2724 Qui

347 2743 512 2814 dicit,
544 2748 790 2820 peccata
818 2745 882 2803 in
910 2744 1271 2820 baptismate
1292 2745 1565 2805 funditus
1584 2765 1703 2805 non
1724 2745 1967 2816 dimitti,
2002 2746 2160 2806 dicat
2192 2747 2254 2806 in
2288 2746 2435 2805 mari
2457 2745 2637 2805 rubro
2657 2745 2969 2822 aegyptios

346 2851 467 2891 non
498 2833 796 2892 veraciter
824 2838 1111 2893 mortuos.
1161 2833 1224 2891 Si
1256 2839 1458 2893 antem
1491 2835 1713 2894 fatetur
1743 2836 2050 2913 aegyptios
2084 2835 2368 2895 veraciter
2397 2839 2682 2908 mortuos,
2716 2835 2975 2892 fateatur

346 2939 590 2980 necesse
635 2925 745 2993 est,
791 2926 1027 2998 peccata
1056 2922 1120 2981 in
1152 2923 1509 2999 baptismate
1540 2923 1815 2983 funditus
1849 2924 2012 2995 mori,
2058 2924 2203 3001 quia
2232 2924 2516 2983 nimirum
2545 2925 2685 3000 plus
2716 2922 2877 2982 valet
2907 2922 2967 2981 in

345 3009 731 3069 absolutione
759 3015 965 3070 nostra
996 3011 1235 3083 veritas,
1268 3031 1447 3088 quam
1478 3014 1691 3071 umbra
1721 3013 2009 3072 veritatis.
2055 3015 2123 3071 In
2145 3013 2466 3091 Evangelio
2491 3013 2775 3073 Dominus
2796 3011 2969 3070 dicit:

354 3100 469 3170 Qui
497 3100 655 3157 lotus
685 3107 788 3174 est,
820 3118 933 3158 non
965 3101 1200 3178 indiqet,
1230 3108 1294 3160 ut
1325 3102 1487 3178 Ζαυοι,
1522 3103 1622 3160 sed
1654 3110 1735 3161 est
1765 3103 2015 3161 mundus
2043 3108 2193 3161 totus
2215 3102 2384 3163 Joan.
2412 3112 2508 3172 13,
2536 3114 2633 3166 10.
2682 3103 2743 3162 Si
2776 3100 2971 3179 igitur

345 3192 588 3263 peccata
619 3189 684 3246 in
716 3188 1074 3265 baptismate
1096 3189 1371 3249 funditus
1390 3190 1635 3250 minime
1655 3191 2064 3260 dimittuntur,
2100 3192 2398 3266 quomodo
2430 3191 2501 3263 is,
2534 3192 2637 3268 qui
2672 3192 2832 3250 lotus
2864 3194 2972 3258 est,

347 3277 607 3336 mundus
637 3285 719 3336 est
748 3279 947 3337 totus?
989 3278 1172 3338 Totus
1203 3279 1360 3337 enim
1392 3279 1654 3339 mundus
1686 3280 1802 3339 dici
1837 3299 1955 3339 non
1988 3282 2204 3356 potest,
2238 3280 2334 3340 cui
2369 3281 2439 3340 de
2471 3284 2710 3357 peccato
2741 3277 2970 3355 aliquid

347 3366 661 3428 remansit.
694 3365 809 3425 Sed
838 3386 1011 3426 nemo
1043 3367 1272 3427 resistit
1290 3372 1418 3428 voci
1440 3368 1752 3429 Veritatis:
1796 3369 1907 3441 Qui
1926 3370 2076 3427 lotus
2095 3377 2196 3446 est,
2233 3371 2486 3428 mundus
2504 3378 2582 3428 est
2602 3377 2769 3431 totus.
2803 3368 2970 3427 Nihil

342 3474 488 3533 ergo
535 3455 591 3514 ei
636 3455 710 3514 de
753 3456 974 3532 peccati
1019 3456 1114 3515 sui
1158 3458 1433 3534 contagio
1480 3462 1762 3527 remanet,
1808 3476 1987 3533 quem
2017 3460 2214 3517 totum
2245 3458 2468 3518 fatetur
2498 3459 2789 3517 mundum
2819 3457 2972 3532 ipse,

346 3545 455 3619 qui
489 3543 808 3605 redemit-‚⁸
876 3545 956 3604 Cf.
989 3545 1294 3622 Murray
1326 3549 1399 3606 tr.
1433 3546 1505 3606 de
1536 3546 1728 3624 gratia
1760 3546 1912 3622 disp.
1948 3557 1982 3608 9
2019 3542 2051 3613 ἓ
2088 3557 2143 3609 3.

528 3647 599 3712 5.
645 3651 856 3726 Neque
900 3651 1232 3727 spernenda
1275 3656 1365 3711 est
1409 3653 1578 3723 ratio,
1631 3671 1810 3728 quam
1860 3653 1947 3711 ita
1994 3654 2274 3712 enunciat
2323 3671 2369 3711 s.
2421 3652 2465 3711 Τ
2483 3652 2519 3710 h
2537 3670 2734 3711 omas
2786 3671 2973 3728 comp.

345 3739 531 3801 theol.
562 3757 613 3801 c.
644 3750 795 3803 144:
831 3741 1156 3817 ,Alioquin
1176 3740 1411 3800 malitia
1427 3740 1684 3800 hominis
1716 3741 1781 3799 in
1813 3742 2105 3817 peccando
2126 3742 2265 3819 plus
2284 3747 2500 3818 posset,
2534 3741 2678 3800 dum
2708 3747 2975 3800 removet

346 3827 609 3903 gratiam
627 3827 904 3900 divinam,
934 3849 1120 3904 quam
1139 3830 1342 3889 divina
1360 3830 1595 3889 bonitas
1626 3831 1696 3889 ad
1730 3830 2088 3890 removenda
2104 3836 2345 3906 peccata
2377 3850 2482 3907 per
2512 3831 2737 3909 gratiae
2757 3829 2965 3889 dona.‘

537 3952 682 4016 162.
715 3946 1234 4020 corollarium.
1266 3950 1573 4015 Remissis
1605 3951 1671 4013 in
1696 3949 2153 4032 justificatione
2185 3951 2509 4033 peccatori
2538 3953 2838 4033 peccatis
2872 3970 2970 4012 re-

345 4055 631 4117 mittitur
659 4057 718 4117 ei
746 4075 981 4139 quoque
1009 4076 1212 4139 poena
1245 4067 1516 4125 aeterna.
1585 4056 1809 4140 Neque
1858 4059 2027 4122 enim
2073 4058 2259 4139 plene
2304 4059 2572 4123 remissa
2604 4058 2728 4121 dici
2759 4063 2978 4138 potest

346 4161 560 4241 culpa,
593 4179 806 4243 neque
834 4169 1137 4244 peccator
1168 4182 1317 4228 vere
1349 4162 1483 4230 Deo
1531 4164 2005 4240 reconciliatus
2050 4165 2279 4229 saltem
2330 4183 2410 4229 ea
2439 4165 2974 4229 reconciliationis

345 4266 767 4348 plenitudine,
816 4288 1009 4351 quam
1056 4270 1245 4335 toties
1296 4270 1713 4335 commendat
1743 4268 2075 4352 Scriptura
2090 4273 2153 4358 ¹),
2205 4272 2260 4334 si
2290 4290 2408 4353 pro
2441 4271 2631 4353 culpa
2661 4271 2975 4352 integram

580 4498 615 4566 ι)
643 4495 848 4551 Censet
872 4497 1194 4568 Ripalda
1221 4498 1366 4569 disp.
1396 4504 1460 4554 91
1492 4517 1532 4553 ε.
1564 4507 1595 4553 5
1624 4502 1775 4570 (cum
1803 4498 2071 4553 Suario
2113 4499 2264 4553 etde
2293 4500 2493 4571 Lugo
2521 4500 2590 4553 de
2618 4499 2830 4569 poenit,
2860 4500 2914 4552 d.
2943 4507 2976 4554 Β

350 4593 407 4628 n.
434 4577 544 4646 69),
572 4574 756 4630 Deum
783 4594 944 4647 posse
968 4577 1257 4631 remittere
1285 4578 1534 4648 culpam,
1562 4594 1679 4631 non
1706 4578 2129 4633 remissa-omni
2157 4595 2341 4649 poena
2366 4583 2616 4643 aeterna,
2641 4580 2758 4634 imo
2787 4597 2854 4633 ne
2895 4598 2973 4632 re-

352 4653 527 4708 missa
543 4655 778 4724 quidem
794 4673 1007 4726 poenaz
1034 4657 1173 4724 quia
1193 4658 1450 4728 dignitas
1477 4676 1509 4712 o
1523 4658 1626 4711 dii
1653 4662 1712 4712 et
1735 4657 2077 4712 inimicitiae
2096 4658 2256 4714 aliud
2279 4661 2412 4713 esta
2427 4659 2715 4731 dignitate
2731 4675 2945 4729 poenae
2963 4681 2972 4708 .-

353 4751 535 4802 quare
562 4751 680 4788 nna
704 4734 828 4788 sine
853 4735 1032 4790 altera
1059 4737 1275 4808 poterit
1296 4738 1529 4794 remitti.
1558 4737 1736 4804 Quam
1765 4738 2156 4806 quaestionem
2186 4741 2254 4792 ut
2271 4737 2566 4804 evitemus,
2589 4737 2849 4802 dicimus,
2870 4737 2976 4791 sal·
