3538 5364
1214 259 1521 315 causalitas
1547 260 1780 314 moralis
1805 259 2128 330 exponitur.
2845 268 2975 333 225

533 445 598 511 1.
632 460 714 507 ex
732 442 881 523 ipsa
909 441 1149 505 minis
1167 447 1243 506 te
1258 441 1362 504 rii
1393 439 1808 504 ecclesiastici
1828 448 2081 506 natura.
2114 439 2399 505 Ecclesia
2422 441 2592 506 enim
2613 459 2745 505 non
2764 441 2973 506 solum

346 548 416 613 in
461 548 778 625 docendo,
824 547 940 612 sed
985 547 1179 614 etiam
1223 547 1288 611 in
1334 546 1797 611 sanctificando
1843 566 1961 629 pro
1993 545 2246 611 Christo
2293 546 2614 628 legatione
2662 546 2972 629 mugitum

345 662 746 738 quapropter
789 654 1060 719 ministri
1091 653 1412 719 Ecclesiae
1445 671 1577 718 non
1607 671 1726 717 suo
1761 653 2023 719 nomine
2067 661 2476 719 sacramenta
2509 654 2975 732 administrant,

345 762 466 827 sed
497 762 760 827 nomine
791 770 856 827 et
887 762 1271 826 auctoritate
1318 779 1359 824 a
1391 759 1642 825 Christo
1676 767 1962 842 accepta,
2010 761 2183 843 quod
2216 761 2495 826 maxime
2528 761 2736 826 elucet
2766 762 2830 826 in
2862 781 2975 826 eu-

346 869 700 934 charistiae
719 869 1224 934 consecratione.
1257 868 1535 951 Ideoque
1554 868 1721 932 sicut
1740 867 1860 950 ipsi
1890 874 1961 932 ut
1978 867 2256 932 ministri
2275 867 2447 933 vices
2482 874 2711 948 gerunt
2730 867 2982 946 Christi,

348 977 447 1042 ita
480 996 629 1042 cum
660 982 1009 1059 operantur
1037 982 1110 1040 ut
1140 976 1430 1051 ministri,
1463 975 1604 1039 vice
1637 981 1989 1056 operantur
2020 973 2273 1040 Christi.
2322 973 2536 1053 Quare
2568 994 2791 1040 eorum
2823 994 2978 1058 ope-

347 1085 639 1149 rationes
670 1091 823 1149 sunt
853 1083 1262 1165 operationes
1293 1082 1572 1147 vicariae
1604 1080 1855 1147 Christi.

531 1210 601 1277 2.
633 1207 1063 1274 Confirmatur
1107 1227 1187 1273 ex
1233 1207 1732 1272 traditione:
1778 1208 2019 1273 veritas
2053 1208 2224 1273 enim
2270 1214 2521 1272 asserta
2551 1207 2980 1290 multipliciter

347 1316 684 1382 declarata
714 1323 781 1382 et
811 1317 966 1381 data
995 1334 1195 1399 opera
1224 1321 1633 1398 propugnata
1667 1314 1784 1380 fuit
1815 1314 2106 1396 principii
2150 1314 2647 1381 fundamentalis
2678 1316 2881 1381 instar
2911 1317 2975 1381 in

346 1424 796 1488 controversia
825 1431 1055 1487 contra
1083 1423 1464 1499 donatistaS,
1496 1429 1567 1487 ut
1599 1422 1748 1488 inde
1781 1422 2168 1505 probaretur
2199 1431 2755 1490 sacramentorum
2774 1426 2975 1502 valor,

347 1529 610 1595 etiamsi
640 1546 681 1593 a
713 1530 1015 1597 ministris
1045 1529 1355 1611 improbis
1385 1528 1487 1595 vel
1516 1530 1857 1595 haereticis
1890 1530 2502 1596 administrarentur.

537 1676 629 1735 Ita
657 1678 877 1752 passim
909 1678 1407 1756 Augustinus
1438 1678 1501 1737 in
1522 1678 1649 1737 suis
1669 1678 1955 1737 adversus
1976 1678 2112 1738 illos
2146 1679 2425 1756 operibns
2459 1675 2539 1761 (n.
2566 1681 2783 1756 2892);
2833 1682 2976 1758 Op—

343 1770 573 1825 tatus
607 1766 672 1826 V.
707 1777 765 1829 4.
800 1779 832 1830 7
869 1770 932 1826 et
960 1768 1317 1844 posteriores
1349 1767 1666 1843 scriptores
1698 1768 2028 1842 Augustini
2059 1769 2314 1846 vestigia
2345 1771 2700 1844 prementes.
2767 1770 2859 1830 Ita
2888 1791 2974 1832 ex.

345 1876 442 1933 gr.
489 1855 1013 1916 Adelmannus
1059 1858 1125 1915 in
1168 1857 1566 1933 pulcherrima
1609 1876 1700 1932 ep.
1748 1857 1823 1915 ad
1866 1858 2292 1933 Berengarium
2328 1853 2521 1940 (mig.
2564 1869 2706 1930 143,
2747 1858 2973 1942 1293):

350 1944 678 2020 ,Baptizat
705 1950 767 2003 et
798 1946 986 2016 homo,
1019 1965 1125 2022 per
1155 1948 1327 2022 cujus
1361 1964 1572 2004 manus
1605 1949 1667 2004 et
1699 1946 1967 2022 linguam
1999 1964 2148 2021 opus
2169 1947 2321 2006 illud
2342 1947 2832 2021 administratum
2867 1951 2971 2009 sed

345 2034 608 2092 maxime
652 2039 714 2091 et·
757 2034 1166 2111 principaliter
1208 2036 1313 2094 ille
1355 2035 1633 2111 baptizat,
1682 2035 1787 2110 qui
1832 2034 1951 2093 vim
1997 2039 2059 2094 et
2086 2035 2461 2095 efficientiam
2492 2039 2677 2096 totam
2711 2043 2979 2113 praestat

349 2169 363 2180 .
401 2166 416 2178 .
451 2165 466 2179 .
499 2122 771 2181 Christus
803 2124 993 2201 igitur
1025 2143 1131 2199 per
1160 2144 1400 2183 manum
1434 2128 1493 2183 et
1526 2143 1591 2182 os
1624 2124 1946 2183 sacerdotis
1966 2124 2259 2202 baptizat:
2294 2125 2564 2185 Christus
2596 2145 2701 2201 per
2729 2146 2970 2187 manum

346 2214 415 2271 et
459 2229 527 2270 os
572 2213 892 2271 sacerdotis
923 2230 1137 2288 corpus
1182 2217 1244 2271 et
1286 2213 1639 2290 sanguinem
1674 2232 1852 2272 suum
1884 2216 2046 2273 creat
2076 2264 2089 2276 .
2123 2259 2137 2271 .
2170 2258 2184 2272 .
2231 2214 2480 2290 Propter
2510 2215 2670 2290 quod
2703 2217 2974 2276 sacerdos

346 2305 447 2360 est
478 2300 540 2359 in
570 2304 898 2368 aeternum,
944 2303 1086 2376 quia
1117 2305 1244 2379 ipse
1275 2305 1370 2361 est
1399 2303 1501 2378 qui
1537 2302 1804 2378 baptizat
1833 2306 1895 2361 et
1926 2302 2033 2378 qui
2065 2302 2349 2362 immolat.
2414 2303 2564 2361 Nam
2597 2304 2759 2380 quod
2793 2308 2975 2365 semel

347 2390 499 2449 fecit
525 2390 894 2466 passibiliter
922 2410 1029 2466 per
1060 2392 1466 2467 semetipsum,
1512 2391 1573 2449 id
1605 2391 1874 2466 quotidie
1906 2392 2033 2469 agit
2062 2391 2519 2466 impassibiliter
2546 2412 2654 2468 per
2683 2412 2805 2466 eos,
2838 2395 2974 2470 qni·

345 2480 469 2538 bus
500 2478 667 2537 dedit
696 2482 1054 2555 potestatem
1087 2479 1242 2539 filios
1279 2480 1380 2539 Dei
1413 2480 1542 2538 fieri
1574 2483 1721 2539 etc.‘
1775 2481 1856 2539 cf.
1892 2482 1952 2542 P.
1988 2481 2399 2540 Damianus
2432 2481 2668 2559 integro
2699 2501 2901 2558 opusc.
2936 2495 2972 2547 6

347 2563 520 2649 (mig.
562 2579 702 2638 155,
737 2566 880 2647 99);
927 2568 1385 2646 Badulphus
1430 2570 1659 2627 Ardens
1707 2565 1792 2650 (fl.
1825 2569 2001 2628 initio
2035 2588 2147 2629 sec.
2181 2567 2317 2649 XII)
2365 2570 2517 2629 hom.
2554 2580 2631 2634 25
2669 2571 2741 2630 de
2773 2576 2974 2648 temp„

345 2659 506 2719 hom.
559 2668 593 2721 5
644 2657 711 2717 in
759 2656 914 2716 dom.
961 2658 1236 2736 (Migne
1277 2669 1418 2730 155,
1473 2659 1696 2737 1684);
1747 2658 2157 2720 Goffridus
2199 2659 2431 2719 vindoc.
2481 2658 2613 2722 abb.
2665 2658 2727 2741 (†
2780 2658 2971 2743 1132)

345 2765 551 2823 opusc.
588 2755 659 2810 3:
697 2748 843 2816 ,Dei
876 2747 1065 2806 Filius
1096 2749 1377 2808 universa
1407 2748 1697 2807 Ecclesiae
1730 2748 1967 2808 conficit
1996 2754 2059 2808 et
2088 2749 2306 2808 tribuit
2334 2752 2759 2813 sacramenta.¹

533 2885 708 2950 Idem
740 2891 919 2967 patet
950 2886 1016 2954 3.
1053 2905 1131 2951 ex
1164 2886 1255 2950 rei
1287 2892 1612 2950 natura:
1663 2904 1874 2969 neque
1906 2888 2077 2951 enim
2109 2893 2326 2968 potest
2372 2888 2567 2951 homo
2599 2906 2717 2951 sua
2749 2895 2977 2953 aucto-

344 2993 539 3058 ritate
573 2997 640 3058 et
669 2991 904 3057 virtute
951 2992 1112 3056 alios
1158 2991 1575 3057 sanctificare.
1626 2991 1840 3072 Quare
1875 2993 2039 3058 bene
2072 2990 2471 3074 Stentrup
2517 2994 2597 3060 de
2628 2994 2844 3058 Verbo
2876 2995 2974 3059 in-

342 3117 519 3163 carn.
553 3118 613 3180 p.
646 3099 697 3163 11
732 3099 816 3162 th.
856 3104 982 3167 124
1012 3099 1102 3163 ita
1134 3098 1494 3180 distinguit:
1552 3095 2013 3180 „Operationes
2047 3098 2572 3177 sacramentaleS,
2618 3108 2690 3166 ut
2733 3101 2973 3184 simpli-

343 3207 507 3270 citer
538 3207 1082 3288 operationes
1130 3213 1297 3282 sunt,
1343 3207 1677 3270 hominum
1708 3212 1878 3281 sunt,
1925 3207 2035 3289 qui
2065 3224 2181 3271 eas
2213 3207 2502 3280 eliciunt;
2550 3214 2619 3270 ut
2650 3226 2802 3273 vero
2851 3226 2973 3272 sa-

342 3311 916 3378 cramentales
967 3319 1134 3390 sunt,
1165 3331 1297 3376 non
1330 3313 1664 3376 hominum
1695 3320 1862 3388 sunt,
1895 3312 2010 3377 sed
2043 3312 2308 3387 Christi;
2344 3331 2459 3376 seu
2491 3318 2563 3377 ut
2593 3313 2732 3378 aliis
2763 3315 2977 3379 verbis

343 3421 659 3496 dicamuS,
683 3421 1092 3501 operationes
1112 3419 1618 3485 sacramentales
1638 3421 2052 3486 considerata
2087 3440 2149 3484 m
2168 3427 2299 3484 ate
2320 3440 2352 3483 r
2368 3420 2386 3482 i
2405 3439 2446 3483 a
2476 3438 2591 3484 seu
2624 3439 2723 3498 ee,
2755 3441 2796 3504 q
2810 3441 2853 3484 u
2869 3439 2908 3485 o
2926 3422 2967 3486 d

339 3533 580 3609 potens
626 3532 692 3592 et
720 3528 944 3591 valens
976 3535 1093 3604 est,
1125 3526 1457 3592 hominum
1504 3535 1685 3592 sunt:
1730 3528 2142 3593 considerata
2171 3547 2325 3593 vero
2372 3528 2649 3602 forma,
2695 3546 2810 3592 seu
2857 3546 2972 3606 e0,

322 3652 502 3716 ‚quo
535 3633 687 3697 illae
717 3639 1014 3715 potentes
1047 3640 1113 3699 et
1143 3633 1432 3699 valentes
1463 3639 1631 3708 sunt,
1653 3632 1904 3710 Christi,
1936 3652 2068 3697 non
2100 3639 2321 3698 autem
2352 3635 2685 3698 hominum
2717 3641 2960 3698 sunt...

342 3739 660 3819 Quamvis
691 3739 991 3803 nimirum
1012 3740 1440 3821 operationeS,
1474 3757 1679 3832 quae
1712 3746 1864 3804 sunt
1894 3740 2417 3815 sacramentaleS,
2450 3741 2532 3804 ab
2554 3741 2811 3804 homine
2841 3741 2972 3804 sint

343 3865 460 3912 eas
492 3847 786 3912 eliciente
820 3852 892 3910 ut
912 3863 1169 3910 acausa
1199 3846 1562 3927 principali:
1596 3846 1864 3911 eaedem
1884 3853 2120 3922 tamen,
2154 3865 2307 3929 qua
2328 3854 2565 3912 tenus
2600 3863 2972 3910 sacramen-

341 3952 511 4017 tales
543 3959 714 4026 sunt,
761 3951 845 4015 ab
879 3951 1107 4016 eodem
1139 3957 1390 4016 tantum
1425 3960 1592 4029 sunt,
1637 3958 1710 4016 ut
1741 3950 2031 4016 Christus
2064 3971 2212 4016 eum
2245 3960 2576 4035 tamquam
2610 3953 2967 4017 ministrum

345 4059 470 4128 sibi
500 4059 848 4135 substituit,
894 4065 1087 4141 atque
1131 4059 1255 4123 hac
1300 4059 1754 4123 substitutione
1789 4058 2015 4135 effecit,
2064 4065 2136 4124 ut
2184 4059 2304 4123 iste
2354 4060 2435 4122 sit
2482 4060 2975 4124 instrumentum

343 4187 538 4232 suum
573 4167 1108 4249 operationesque
1141 4167 1324 4230 istius
1355 4168 1481 4231 sint
1516 4168 1930 4248 operationes
1963 4180 2174 4230 suae!

525 4293 607 4360 11
676 4291 889 4372 Quare
919 4294 1333 4357 sacramentis
1379 4295 1533 4355 inest
1578 4292 2062 4375 supernaturale
2097 4292 2378 4374 pretium
2425 4296 2489 4356 et
2529 4290 2806 4371 dignitas
2853 4291 2973 4355 ob-

332 4400 598 4482 jectiva,
631 4418 799 4482 quae
832 4420 908 4465 ex
931 4399 1166 4464 Christi
1188 4400 1428 4464 meritis
1460 4417 1857 4481 promanans
1890 4398 2212 4461 constanti
2252 4397 2492 4461 ordinis
2522 4398 2805 4479 reparati
2836 4399 2975 4479 lege

342 4507 544 4587 exigit
574 4505 929 4582 hominum,
962 4507 1071 4589 qui
1101 4506 1451 4581 initiantur,
1482 4505 2073 4569 sanctificationem.
2137 4503 2204 4567 ld
2237 4503 2550 4584 probatur
2582 4509 2720 4568 tum
2752 4523 2828 4569 ex
2864 4523 2972 4568 ac-

340 4613 543 4677 tionis
575 4613 948 4679 vicariae
979 4614 1276 4678 notione:
1311 4613 1479 4676 actio
1513 4613 1684 4677 enim
1704 4611 1975 4676 ministri
1996 4610 2094 4676 vel
2128 4629 2208 4674 ex
2242 4611 2380 4690 lege
2412 4618 2478 4674 et
2508 4611 2974 4676 consuetudine

344 4722 639 4785 humana
683 4720 814 4784 vim
846 4720 1348 4803 dignitatemque
1381 4739 1564 4784 suam
1600 4726 1929 4783 mutuatur
1962 4737 2040 4784 ex
2073 4719 2313 4782 domini
2346 4719 2760 4800 praestantia,
2793 4719 2974 4797 cujus

567 4834 842 4892 Hurter,
881 4833 1136 4895 Compend.
1175 4835 1435 4890 theologiae
1473 4833 1554 4890 111,
1601 4836 1681 4880 ll.
1721 4834 1795 4881 cd.
2590 4829 2654 4877 15
