3538 5364
678 310 817 381 372·
914 302 1097 356 Tract.
1124 302 1219 356 IX.
1247 303 1317 356 de
1344 303 1710 363 eucharistia.
1736 304 1860 370 Quo
1894 321 2064 359 sensu
2092 304 2472 360 eucharistiae
2503 304 2808 359 tribuenda
2833 322 3040 360 resurr.

678 489 743 548 et
773 480 976 563 gloria
1006 484 1371 547 certaminis
1404 484 1652 565 palma:
1688 492 2006 566 quatenus
2039 486 2107 554 (1.
2140 485 2330 567 hujus
2362 486 2750 549 sacramenti
2782 492 2880 550 est
2901 487 3184 553 excitare
3209 489 3289 551 ad

675 589 849 653 bona
881 608 1081 671 opera
1095 592 1160 676 ¹),
1196 590 1426 672 quibus
1457 599 1706 656 certam
1738 592 2050 654 iaciamus
2069 593 2475 656 vocationem
2498 599 2561 655 et
2580 592 2961 657 electionem
2994 601 3286 658 nostram

679 696 763 782 (2.
786 695 947 761 Petr.
973 702 1030 773 1,
1057 698 1181 783 10),
1215 703 1408 779 atque
1438 715 1611 760 nova
1641 716 1897 779 semper
1927 697 2168 778 gloriae
2202 706 2549 779 augmenta
2579 717 3081 780 promereamus,
3113 699 3294 764 Hunc

677 823 819 870 esse
848 823 1077 869 revera
1107 804 1402 869 effectum
1454 805 1784 886 proprium
1832 805 2019 885 hujus
2071 805 2414 869 alimoniae
2464 805 2778 882 coelestiS,
2827 806 3182 886 colligimus
3216 826 3295 872 ex

676 930 932 987 manna,
966 910 1102 993 ejus
1131 910 1355 992 figura,
1389 930 1516 994 quo
1549 912 1892 977 sustentati
1936 913 2256 976 israelitae
2304 913 2786 993 peregrinantes
2818 932 2934 994 per
2963 914 3289 979 desertum

676 1023 1105 1099 pervenerunt
1134 1017 1394 1082 demum
1427 1019 1491 1081 in
1524 1025 1762 1083 terram
1796 1020 2216 1100 promissam:
2269 1026 2333 1084 et
2384 1039 2462 1083 ex
2511 1020 2717 1084 altera
2748 1020 3040 1101 ejusdem
3070 1020 3293 1101 figura,

677 1143 755 1190 ex
804 1142 972 1207 pane
1006 1120 1134 1188 scil.
1166 1124 1609 1201 subcinericio,
1656 1126 1720 1188 in
1765 1126 1946 1206 cujus
1994 1125 2361 1189 fortitudine
2394 1125 2562 1189 Elias
2609 1125 2963 1191 ambulavit
3010 1129 3290 1210 quadra-

676 1230 850 1312 ginta
882 1229 1106 1294 diebus
1139 1237 1203 1295 et
1236 1230 1661 1312 quadraginta
1692 1231 1993 1295 noctibus
2026 1251 2227 1314 usque
2249 1232 2330 1296 ad
2354 1240 2640 1297 montem
2661 1230 2775 1296 Dei
2796 1232 3009 1297 Horeb
3033 1234 3118 1320 (3.
3139 1235 3296 1315 Reg.

681 1341 780 1413 19,
815 1338 899 1423 8).
965 1335 1181 1416 Quare
1217 1338 1544 1419 aptissime
1577 1344 1851 1402 vocatur
1881 1339 2294 1402 viaticum.
2327 1338 2486 1401 Hinc
2537 1337 3001 1421 Cyprianus
3035 1360 3184 1406 cum
3206 1348 3301 1410 40

677 1444 993 1526 episcopis
1024 1443 1323 1520 decrevit,
1370 1451 1441 1509 ut
1484 1445 1818 1525 ingruente
1864 1446 2315 1527 persecutione
2347 1445 2824 1526 poenitentibus
2876 1446 3138 1513 daretur
3169 1467 3299 1529 pax

677 1558 742 1616 et
772 1549 1136 1614 communio
1168 1570 1263 1631 ep.
1298 1556 1382 1620 58
1417 1549 1495 1615 al.
1530 1556 1615 1619 54
1649 1571 1707 1615 n.
1740 1560 1816 1620 2:
1886 1551 2434 1627 ,Communicatio
2487 1569 2527 1614 a
2575 1551 2764 1615 nobis
2814 1553 3030 1618 danda
3080 1563 3198 1631 est,
3231 1563 3302 1618 ut

677 1676 837 1740 quos
869 1657 1222 1722 excitamus
1255 1664 1321 1721 et
1350 1657 1687 1721 hortamur
1718 1658 1801 1720 ad
1832 1658 2162 1740 proelium,
2196 1676 2328 1721 non
2359 1658 2637 1722 inermes
2658 1664 2722 1722 et
2743 1659 2951 1723 nudos
2971 1660 3299 1744 relinqua-

676 1783 837 1839 muS,
871 1763 984 1827 sed
1016 1763 1417 1844 protectione
1468 1764 1798 1843 sanguinis
1845 1771 1910 1828 et
1955 1765 2243 1846 corporis
2276 1762 2510 1829 Christi
2541 1764 2907 1828 muniamus
2943 1816 2955 1828 .
2990 1816 3002 1829 .
3039 1817 3050 1830 .
3086 1768 3300 1831 muni-

676 1876 895 1934 mento
928 1869 1288 1934 dominicae
1320 1871 1674 1935 saturitatis
1707 1888 2064 1948 armemus;
2111 1890 2264 1934 nam
2297 1871 2624 1953 quomodo
2658 1872 2965 1936 docemus
2996 1880 3112 1936 aut
3140 1892 3299 1956 pro-

675 1994 984 2041 vocamus
1016 1995 1128 2042 eos
1161 1976 1226 2039 in
1258 1975 1662 2042 confessione
1695 1978 1974 2040 nominis
2006 1979 2385 2058 sanguinem
2415 1996 2605 2041 suurn
2624 1976 2908 2057 fundere,
2940 1980 2996 2043 si
3016 1980 3108 2044 eis
3130 1981 3298 2044 mili-

677 2086 905 2149 taturis
937 2084 1168 2149 Christi
1199 2084 1576 2164 sanguinem
1608 2085 2063 2172 denegamusss)
2082 2088 2146 2150 P<
2218 2085 2365 2150 Ideo
2399 2092 2463 2149 et
2495 2083 2781 2149 Christus
2813 2086 3125 2151 inculcat:
3171 2085 3301 2150 Hic

677 2198 763 2255 est
788 2193 1002 2275 panis,
1033 2192 1139 2275 qui
1168 2193 1245 2255 de
1274 2193 1433 2256 coelo
1467 2193 1794 2258 descendit.
1862 2193 2006 2256 Non
2057 2195 2215 2257 sicut
2261 2193 2798 2257 manducaverunt
2836 2200 3060 2277 patres
3109 2196 3296 2257 vestri

679 2288 917 2363 manna
946 2305 1003 2361 et
1030 2284 1263 2363 mortui
1292 2307 1456 2366 sunt.
1518 2299 1641 2376 Qui
1671 2301 2016 2363 manducat
2046 2300 2210 2363 hunc
2233 2320 2487 2383 panem,
2520 2301 2671 2363 vicet
2701 2301 2769 2362 in
2802 2302 3209 2386 aeternuffl).

855 2427 1000 2493 390.
1033 2422 1246 2503 Quare
1279 2423 1706 2488 eucharistiae
1741 2422 2018 2486 adscribi
2051 2429 2264 2504 potest
2297 2423 2490 2487 etiam
2523 2422 2900 2502 gloriosa
2949 2441 3297 2504 corporum

675 2530 1074 2606 resurrectiO,
1109 2548 1276 2612 quae
1312 2530 1393 2593 ab
1428 2530 1769 2610 adeptione
1802 2528 2042 2610 gloriae
2076 2529 2372 2594 coelestis
2407 2530 2674 2610 pendet:
2707 2530 2836 2593 imo
2869 2536 3088 2611 patres
3123 2529 3298 2593 illam

896 2711 932 2778 ¹)
962 2706 1141 2772 Quam
1171 2708 1245 2761 ob
1266 2723 1385 2761 rem
1413 2706 1453 2760 C
1470 2706 1507 2759 h
1524 2723 1552 2758 r
1565 2724 1603 2774 y
1619 2723 1644 2758 s
1661 2723 1692 2759 o
1710 2724 1735 2759 s
1752 2709 1778 2760 t
1793 2723 1824 2759 o
1841 2725 1897 2759 m
1915 2726 1952 2760 ιι
1971 2726 1994 2760 s
2023 2707 2258 2778 cupiens
2278 2705 2569 2760 auditores
2591 2725 2720 2762 suos
2746 2707 2819 2760 ad
2847 2723 3020 2777 opera
3047 2706 3300 2760 excitare

674 2787 1110 2852 misericordiae,
1147 2787 1332 2841 utitur
1360 2787 1466 2840 hoc
1492 2787 1761 2854 mysterio
1798 2790 2091 2855 tamquam
2120 2787 2335 2841 motivo
2359 2787 2710 2841 validissimo
2738 2786 2799 2840 in
2827 2787 2978 2842 hom.
3006 2785 3075 2838 de
3103 2784 3296 2840 viduis

672 2867 891 2939 (Mign
909 2883 938 2920 e
968 2876 1053 2932 51,
1079 2870 1203 2937 237)
1231 2885 1286 2918 n.
1319 2874 1413 2922 16:
1462 2864 1637 2926 ..Cum
1664 2865 1747 2919 ali
1773 2868 1828 2919 te
1857 2885 2000 2936 opus
2028 2867 2222 2930 fuerit,
2250 2884 2320 2921 ne
2348 2866 2508 2920 carni
2535 2866 2767 2937 quidem
2794 2882 2928 2920 suae
2957 2865 3146 2936 parcit
3169 2865 3296 2936 ipse

672 2948 1002 3021 (Christus):
1042 2965 1172 3002 cum
1197 2950 1398 3017 potum
1427 2946 1533 3000 tibi
1562 2946 1685 2999 dari
1722 2964 1866 3016 opus
1907 2948 2100 3012 fuerit,
2136 2964 2238 3001 nec
2267 2946 2538 3017 sanguini
2566 2947 2800 3016 quidem
2828 2965 2929 3001 suo
2957 2946 3162 3018 parcit,
3190 2963 3293 2998 nec

669 3030 836 3084 illum
856 3028 1105 3088 invidet:
1133 3031 1197 3080 tu
1228 3042 1357 3080 vero
1384 3043 1455 3079 ne
1484 3043 1691 3096 panem
1719 3026 1954 3093 quidem
1983 3026 2260 3098 impertis,
2285 3043 2389 3081 nec
2415 3028 2647 3081 calicem
2671 3027 2937 3097 (egenis)!
2967 3025 3150 3091 Quam
3171 3028 3294 3080 tan·

669 3109 798 3162 dem
825 3107 1050 3161 veniam
1077 3107 1379 3172 obtinebis,
1421 3106 1523 3174 qui
1550 3108 1638 3159 tot
1676 3105 1841 3162 bonis
1881 3108 1996 3160 tam
2037 3105 2303 3176 pretiosis
2342 3106 2606 3176 acceptis,
2634 3110 2750 3158 tam
2779 3104 2992 3160 vilibus
3019 3122 3218 3176 parcas
3236 3114 3290 3158 1⁴·-

669 3187 832 3240 Hom.
861 3191 929 3243 77
955 3186 1016 3239 in
1042 3186 1206 3240 Joan.
1235 3204 1289 3238 n.
1318 3196 1379 3246 5:
1407 3185 1467 3238 in
1501 3194 1545 3241 1.
1574 3185 1697 3239 Cor.
1726 3186 1784 3238 h.
1814 3187 1881 3242 27
1908 3203 1961 3237 n.
1991 3192 2040 3240 3.
2093 3185 2176 3239 Cf.
2198 3184 2608 3240 Franzelin
2635 3185 2718 3237 th.
2749 3191 2834 3241 19.

883 3270 924 3337 2)
954 3267 1036 3319 Cf.
1062 3266 1111 3318 K
1130 3283 1168 3317 n
1183 3266 1249 3320 el
1267 3267 1331 3319 le
1346 3284 1374 3319 r
1396 3266 1755 3319 Eucharistie
1774 3267 1892 3320 und
1915 3265 2274 3333 Martyrium,
2297 3265 2575 3318 Stimmen
2595 3282 2698 3317 aus
2720 3262 2901 3317 Maria
2922 3264 3110 3317 Laach
3137 3271 3290 3321 1894.

668 3348 709 3413 1,
735 3350 839 3404 276
867 3363 936 3401 ss.

882 3433 923 3500 ⁸)
950 3428 981 3482 J
987 3445 1114 3482 oan.
1138 3434 1186 3491 6,
1206 3434 1287 3484 59.
1308 3426 1386 3480 De
1405 3443 1572 3481 sensu
1591 3427 1798 3481 horum
1817 3427 2119 3481 verborum
2137 3432 2194 3479 et
2213 3444 2262 3480 v.
2281 3433 2350 3483 49
2368 3445 2407 3480 s.
2430 3449 2440 3481 :
2461 3429 2645 3481 Patres
2663 3431 2824 3480 vestri
2837 3429 3288 3481 manducaverunt

664 3529 865 3578 manna
889 3513 946 3564 in
972 3511 1171 3563 deserto
1198 3518 1245 3561 et
1271 3512 1471 3562 mortui
1494 3517 1634 3562 sunt.
1689 3511 1795 3561 Hic
1829 3517 1900 3560 est
1932 3514 2097 3576 panis
2137 3511 2198 3561 de
2239 3511 2374 3561 coelo
2414 3513 2740 3571 descendens,
2767 3518 2823 3560 ut
2849 3512 2898 3560 si
2938 3511 3057 3577 quis
3082 3525 3148 3560 εει·
3173 3510 3288 3576 ἰρεο

662 3591 1077 3653 manducaverit,
1103 3607 1209 3643 non
1234 3595 1518 3652 ntor-iatur,
1546 3588 1702 3642 haud
1731 3586 1873 3641 levis
1902 3587 2085 3641 oritur
2112 3588 2513 3642 controversia.
2566 3588 2714 3640 Nam
2755 3587 2874 3641 sive
2915 3604 2981 3640 ea
3008 3587 3078 3640 de
3104 3589 3285 3642 morte

661 3670 930 3742 corporis,
957 3669 1077 3724 sive
1097 3668 1166 3722 de
1182 3667 1429 3738 spiritali
1444 3667 1868 3736 intelligantur,
1886 3666 2288 3721 difficultatem
2306 3667 2611 3720 facessunt.
2639 3667 2868 3738 Triplex
2885 3670 3076 3722 autem
3095 3670 3183 3720 est
3196 3683 3286 3721 ex·

660 3750 886 3821 positio.
914 3749 1139 3803 Prima
1165 3750 1266 3810 est,
1295 3746 1780 3816 comparationem
1807 3745 2042 3800 institui
2068 3763 2183 3799 non
2205 3749 2322 3798 tam
2344 3747 2412 3799 de
2434 3749 2602 3800 rebus
2631 3763 2801 3816 quam
2821 3748 2890 3801 dc
2916 3765 2955 3818 p
2972 3764 3000 3801 e
3018 3766 3045 3800 r
3061 3764 3086 3801 s
3101 3764 3134 3803 o
3152 3747 3290 3812 nis,

660 3828 798 3896 quia
825 3828 927 3896 qui
953 3843 1162 3882 manna
1187 3826 1693 3889 manducaverunt,
1721 3824 1980 3894 plerique
2009 3826 2153 3878 male
2182 3826 2564 3882 comederunt.
2594 3827 2776 3894 Atqui
2795 3845 2909 3882 nou
2936 3829 3005 3880 de
3027 3828 3286 3897 personis

658 3908 871 3979 agitur,
898 3925 1093 3963 verum
1120 3905 1190 3960 de
1215 3923 1243 3958 r
1260 3923 1289 3959 e
1306 3907 1343 3959 b
1359 3923 1395 3958 u
1412 3923 1438 3957 s
1464 3904 1501 3958 i.
1530 3922 1576 3958 e.
1605 3906 1673 3958 de
1696 3921 1907 3958 manna
1927 3909 1986 3958 et
2005 3906 2073 3958 de
2097 3904 2461 3958 eucharistia.
2489 3907 2655 3959 Alte
2672 3924 2700 3960 r
2715 3923 2748 3958 a
2775 3906 3054 3971 concedit,
3075 3923 3284 3977 panem

657 4005 788 4043 cum
814 4003 959 4059 pane
985 3985 1248 4050 conferri,
1276 4002 1391 4038 non
1418 3987 1609 4037 tamen
1632 4001 1979 4052 quocunque
2003 3985 2187 4048 modo,
2216 3986 2312 4038 sed
2340 3988 2621 4052 quantum
2649 3989 2736 4040 est
2760 4003 2826 4040 ex
2857 3991 3064 4040 natura
3083 4003 3205 4052 sua,
3228 3993 3285 4042 et

656 4084 970 4122 sermonem
998 4083 1115 4121 esse
1143 4067 1212 4119 de
1238 4065 1359 4118 sola
1386 4063 1500 4117 vita
1532 4066 1591 4117 et
1614 4067 1796 4118 morte
1832 4064 2141 4134 spirituali.
2169 4064 2472 4118 Tertiam
2501 4066 2583 4118 ita
2610 4065 2883 4119 enunciat
2908 4065 3014 4119 Ma
3032 4066 3053 4120 l
3070 4066 3106 4119 d
3124 4084 3156 4122 o
3175 4085 3212 4119 n
3230 4083 3284 4119 a·

657 4151 734 4203 tu
752 4167 777 4202 s
804 4149 864 4201 in
892 4148 948 4203 h.
974 4143 1045 4202 l.:
1075 4147 1251 4209 „Vere
1278 4145 1418 4200 mihi
1445 4145 1715 4198 videntur
1740 4145 2134 4213 quaestionem
2155 4144 2453 4216 explicare,
2483 4146 2585 4214 qui
2605 4146 2967 4216 respondent,
2995 4148 3092 4217 agi
3109 4146 3286 4202 simul

655 4229 711 4285 h.
736 4231 773 4284 1.
801 4229 870 4282 de
898 4231 1076 4282 morte
1104 4226 1338 4296 vitaque
1365 4225 1616 4296 corporis
1643 4228 1701 4280 et
1725 4225 1952 4279 animae
1977 4266 1989 4278 .
2012 4269 2024 4282 .
2043 4265 2056 4279 .
2084 4227 2286 4294 ltaque
2318 4243 2514 4279 sensus
2535 4230 2635 4291 est,
2661 4243 2869 4282 manna
2890 4244 3005 4280 non
3022 4227 3283 4296 potuisse

655 4309 787 4363 dare
817 4310 991 4362 vitam
1019 4309 1287 4378 corporis,
1312 4308 1469 4362 hunc
1496 4312 1689 4361 autem
1717 4323 1924 4377 panem
1950 4306 2085 4361 dare
2113 4308 2291 4361 vitam
2332 4307 2557 4360 animae
2583 4347 2599 4362 .
2628 4348 2639 4360 .
2667 4350 2682 4366 .
2734 4309 2886 4362 Haec
2913 4312 3013 4374 est,
3042 4325 3190 4377 quae
3219 4311 3282 4363 in

654 4388 745 4442 his
772 4387 957 4443 verbis
982 4388 1206 4443 occulta
1232 4388 1376 4441 latet
1399 4386 1827 4457 argumentatio
1869 4402 1903 4439 a
1944 4387 2087 4442 min
2107 4405 2137 4442 o
2157 4388 2224 4440 ri
2263 4386 2336 4440 ad
2379 4389 2563 4455 majus
2602 4404 2704 4458 per
2747 4388 3134 4458 negationem,
3163 4392 3221 4442 et
3247 4407 3280 4442 a

652 4467 917 4539 majori
944 4468 1233 4521 adminus
1258 4485 1361 4537 per
1384 4467 1845 4520 affirmationem.
1874 4470 1923 4519 A
1950 4467 2162 4521 minori
2191 4466 2269 4520 sic
2292 4489 2302 4520 :
2332 4466 2543 4520 Manna
2572 4485 2684 4521 non
2713 4467 2908 4538 potuit
2934 4468 3114 4522 vitam
3142 4468 3278 4522 dare

652 4549 1001 4619 corporibus,
1029 4548 1183 4615 quod
1210 4554 1296 4601 est
1320 4547 1539 4601 minus:
1566 4564 1700 4618 ergo
1728 4548 1910 4600 multo
1936 4547 2126 4603 minus
2148 4547 2364 4618 poterit
2384 4546 2562 4600 vitam
2584 4550 2870 4603 aeternam
2893 4546 3103 4603 animis
3124 4548 3282 4611 dare.

652 4627 806 4697 quod
834 4630 917 4698 est
942 4627 1145 4696 majus.
1196 4629 1245 4678 A
1274 4627 1485 4696 majore
1512 4627 1619 4681 hoc
1648 4628 1848 4681 modo:
1878 4627 2048 4680 Panis
2076 4626 2187 4690 hic,
2215 4627 2316 4694 qui
2346 4627 2417 4680 de
2443 4627 2598 4683 coelo
2628 4627 2940 4691 descendit,
2968 4628 3070 4681 dat
3096 4631 3276 4682 vitam

649 4706 854 4762 animis
879 4709 1185 4770 aeternam,
1215 4708 1367 4775 quod
1396 4715 1481 4759 est
1507 4708 1721 4777 majus:
1750 4705 1913 4759 dabit
1933 4706 2114 4777 igitur
2141 4706 2317 4758 vitam
2345 4707 2708 4776 corporibus:
2737 4708 2891 4775 quod
2919 4711 3005 4760 est
3031 4706 3276 4760 minuss·

651 4787 1089 4857 Cf.Algerus
1117 4788 1182 4851 II,
1211 4793 1257 4842 6.
