<?xml version="1.0" encoding="UTF-8"?>
<!DOCTYPE html PUBLIC "-//W3C//DTD XHTML 1.0 Transitional//EN"
    "http://www.w3.org/TR/xhtml1/DTD/xhtml1-transitional.dtd">
<html xmlns="http://www.w3.org/1999/xhtml" xml:lang="en" lang="en">
 <head>
  <title>
</title>
<meta http-equiv="Content-Type" content="text/html;charset=utf-8" />
  <meta name='ocr-system' content='tesseract 3.04.00' />
  <meta name='ocr-capabilities' content='ocr_page ocr_carea ocr_par ocr_line ocrx_word'/>
</head>
<body>
  <div class='ocr_page' id='page_1' title='image "./theologiaedogma00hurtgoog_0232.png"; bbox 0 0 3538 5364; ppageno 0'>
   <div class='ocr_carea' id='block_1_1' title="bbox 556 278 2706 355">
    <p class='ocr_par' dir='ltr' id='par_1_1' title="bbox 556 278 2706 355">
     <span class='ocr_line' id='line_1_1' title="bbox 556 278 2706 355; baseline 0 -24"><span class='ocrx_word' id='word_1_1' title='bbox 556 289 684 355; x_wconf 75' lang='lat'><strong>220</strong></span> <span class='ocrx_word' id='word_1_2' title='bbox 1029 281 1214 335; x_wconf 86' lang='lat' dir='ltr'><strong>Tract.</strong></span> <span class='ocrx_word' id='word_1_3' title='bbox 1242 281 1335 334; x_wconf 89' lang='lat' dir='ltr'><strong>IX.</strong></span> <span class='ocrx_word' id='word_1_4' title='bbox 1361 280 1430 334; x_wconf 90' lang='lat' dir='ltr'><strong>de</strong></span> <span class='ocrx_word' id='word_1_5' title='bbox 1459 278 1845 336; x_wconf 75' lang='lat' dir='ltr'><strong>sacramentis.</strong></span> <span class='ocrx_word' id='word_1_6' title='bbox 1873 279 2142 333; x_wconf 80' lang='lat' dir='ltr'><strong>Formula</strong></span> <span class='ocrx_word' id='word_1_7' title='bbox 2167 295 2235 332; x_wconf 87' lang='lat' dir='ltr'><strong>ex</strong></span> <span class='ocrx_word' id='word_1_8' title='bbox 2262 294 2430 349; x_wconf 87' lang='lat' dir='ltr'><strong>opere</strong></span> <span class='ocrx_word' id='word_1_9' title='bbox 2457 282 2706 349; x_wconf 87' lang='lat' dir='ltr'><strong>operato.</strong></span> 
     </span>
    </p>
   </div>
   <div class='ocr_carea' id='block_1_2' title="bbox 554 465 3188 1789">
    <p class='ocr_par' dir='ltr' id='par_1_2' title="bbox 554 465 3188 1789">
     <span class='ocr_line' id='line_1_2' title="bbox 554 465 3174 545; baseline -0.002 -18"><span class='ocrx_word' id='word_1_10' title='bbox 554 470 766 527; x_wconf 86' lang='lat' dir='ltr'><strong>hibent</strong></span> <span class='ocrx_word' id='word_1_11' title='bbox 797 468 1037 545; x_wconf 87' lang='lat' dir='ltr'><strong>quidem</strong></span> <span class='ocrx_word' id='word_1_12' title='bbox 1070 467 1246 525; x_wconf 88' lang='lat' dir='ltr'><strong>fidem</strong></span> <span class='ocrx_word' id='word_1_13' title='bbox 1281 471 1353 525; x_wconf 92' lang='lat' dir='ltr'><strong>ut</strong></span> <span class='ocrx_word' id='word_1_14' title='bbox 1384 485 1621 524; x_wconf 90' lang='lat' dir='ltr'><strong>causam</strong></span> <span class='ocrx_word' id='word_1_15' title='bbox 1655 466 1888 536; x_wconf 88' lang='lat' dir='ltr'><strong>salutis,</strong></span> <span class='ocrx_word' id='word_1_16' title='bbox 1922 467 2261 524; x_wconf 85' lang='lat' dir='ltr'><strong>nontamen</strong></span> <span class='ocrx_word' id='word_1_17' title='bbox 2281 465 2533 523; x_wconf 81' lang='lat' dir='ltr'><strong>exclusis</strong></span> <span class='ocrx_word' id='word_1_18' title='bbox 2552 465 2674 523; x_wconf 90' lang='lat' dir='ltr'><strong>illis</strong></span> <span class='ocrx_word' id='word_1_19' title='bbox 2693 465 2993 541; x_wconf 87' lang='lat' dir='ltr'><strong>operibus,</strong></span> <span class='ocrx_word' id='word_1_20' title='bbox 3028 484 3174 539; x_wconf 87' lang='lat' dir='ltr'><strong>quae</strong></span> 
     </span>
     <span class='ocr_line' id='line_1_3' title="bbox 555 554 3175 633; baseline -0.002 -16"><span class='ocrx_word' id='word_1_21' title='bbox 555 578 686 617; x_wconf 89' lang='lat' dir='ltr'><strong>eam</strong></span> <span class='ocrx_word' id='word_1_22' title='bbox 719 561 931 633; x_wconf 86' lang='lat' dir='ltr'><strong>sponte</strong></span> <span class='ocrx_word' id='word_1_23' title='bbox 964 576 1073 615; x_wconf 91' lang='lat' dir='ltr'><strong>sua</strong></span> <span class='ocrx_word' id='word_1_24' title='bbox 1105 561 1559 631; x_wconf 89' lang='lat' dir='ltr'><strong>consequuntur</strong></span> <span class='ocrx_word' id='word_1_25' title='bbox 1592 574 1863 631; x_wconf 90' lang='lat' dir='ltr'><strong>quaeque</strong></span> <span class='ocrx_word' id='word_1_26' title='bbox 1894 555 2039 613; x_wconf 90' lang='lat' dir='ltr'><strong>fides</strong></span> <span class='ocrx_word' id='word_1_27' title='bbox 2070 554 2201 629; x_wconf 90' lang='lat' dir='ltr'><strong>ipsa</strong></span> <span class='ocrx_word' id='word_1_28' title='bbox 2230 554 2433 630; x_wconf 81' lang='lat' dir='ltr'><strong>exigit,</strong></span> <span class='ocrx_word' id='word_1_29' title='bbox 2477 554 2580 613; x_wconf 91' lang='lat' dir='ltr'><strong>sed</strong></span> <span class='ocrx_word' id='word_1_30' title='bbox 2612 555 2865 613; x_wconf 79' lang='lat' dir='ltr'><strong>exclusis</strong></span> <span class='ocrx_word' id='word_1_31' title='bbox 2898 554 3175 630; x_wconf 87' lang='lat' dir='ltr'><strong>operibus</strong></span> 
     </span>
     <span class='ocr_line' id='line_1_4' title="bbox 555 639 3177 725; baseline -0.002 -20"><span class='ocrx_word' id='word_1_32' title='bbox 555 648 724 725; x_wconf 76' lang='lat' dir='ltr'><strong>legiS,</strong></span> <span class='ocrx_word' id='word_1_33' title='bbox 772 666 922 723; x_wconf 85' lang='lat' dir='ltr'><strong>quae</strong></span> <span class='ocrx_word' id='word_1_34' title='bbox 954 649 1205 704; x_wconf 88' lang='lat' dir='ltr'><strong>naturae</strong></span> <span class='ocrx_word' id='word_1_35' title='bbox 1239 645 1484 715; x_wconf 91' lang='lat' dir='ltr'><strong>viribus,</strong></span> <span class='ocrx_word' id='word_1_36' title='bbox 1533 664 1651 703; x_wconf 93' lang='lat' dir='ltr'><strong>non</strong></span> <span class='ocrx_word' id='word_1_37' title='bbox 1685 663 1754 702; x_wconf 85' lang='lat' dir='ltr'><strong>ex</strong></span> <span class='ocrx_word' id='word_1_38' title='bbox 1787 644 1901 703; x_wconf 89' lang='lat' dir='ltr'><strong>fide</strong></span> <span class='ocrx_word' id='word_1_39' title='bbox 1933 644 2089 702; x_wconf 87' lang='lat' dir='ltr'><strong>fiunt</strong></span> <span class='ocrx_word' id='word_1_40' title='bbox 2119 646 2273 716; x_wconf 89' lang='lat'>(154</span> <span class='ocrx_word' id='word_1_41' title='bbox 2308 639 2415 725; x_wconf 80' lang='lat' dir='ltr'><strong>S.):</strong></span> <span class='ocrx_word' id='word_1_42' title='bbox 2462 644 2582 702; x_wconf 91' lang='lat' dir='ltr'><strong>imo</strong></span> <span class='ocrx_word' id='word_1_43' title='bbox 2629 644 2765 703; x_wconf 89' lang='lat' dir='ltr'><strong>aliis</strong></span> <span class='ocrx_word' id='word_1_44' title='bbox 2811 645 2875 702; x_wconf 92' lang='lat' dir='ltr'><strong>in</strong></span> <span class='ocrx_word' id='word_1_45' title='bbox 2920 643 3066 702; x_wconf 89' lang='lat' dir='ltr'><strong>locis</strong></span> <span class='ocrx_word' id='word_1_46' title='bbox 3110 646 3177 701; x_wconf 89' lang='lat' dir='ltr'><strong>ut</strong></span> 
     </span>
     <span class='ocr_line' id='line_1_5' title="bbox 555 727 3177 814; baseline -0.002 -19"><span class='ocrx_word' id='word_1_47' title='bbox 555 738 730 800; x_wconf 84' lang='lat' dir='ltr'><strong>Marc.</strong></span> <span class='ocrx_word' id='word_1_48' title='bbox 771 745 865 806; x_wconf 86' lang='grc'><strong>16,</strong></span> <span class='ocrx_word' id='word_1_49' title='bbox 913 746 1017 805; x_wconf 89' lang='grc'><strong>16;</strong></span> <span class='ocrx_word' id='word_1_50' title='bbox 1072 736 1198 793; x_wconf 77' lang='lat' dir='ltr'><strong>Aci.</strong></span> <span class='ocrx_word' id='word_1_51' title='bbox 1235 744 1292 804; x_wconf 89' lang='lat'><strong>2,</strong></span> <span class='ocrx_word' id='word_1_52' title='bbox 1330 743 1444 804; x_wconf 78' lang='lat'><strong>383</strong></span> <span class='ocrx_word' id='word_1_53' title='bbox 1506 743 1606 805; x_wconf 87' lang='lat'><strong>22,</strong></span> <span class='ocrx_word' id='word_1_54' title='bbox 1647 745 1720 797; x_wconf 90' lang='grc'><strong>16</strong></span> <span class='ocrx_word' id='word_1_55' title='bbox 1760 729 1843 814; x_wconf 92' lang='lat' dir='ltr'><strong>(n.</strong></span> <span class='ocrx_word' id='word_1_56' title='bbox 1882 727 2034 814; x_wconf 87' lang='lat'>255)</span> <span class='ocrx_word' id='word_1_57' title='bbox 2082 735 2315 809; x_wconf 88' lang='lat' dir='ltr'><strong>praeter</strong></span> <span class='ocrx_word' id='word_1_58' title='bbox 2358 732 2533 790; x_wconf 88' lang='lat' dir='ltr'><strong>fidem</strong></span> <span class='ocrx_word' id='word_1_59' title='bbox 2580 733 2915 808; x_wconf 77' lang='lat' dir='ltr'><strong>baptismus</strong></span> <span class='ocrx_word' id='word_1_60' title='bbox 2959 732 3177 790; x_wconf 77' lang='lat' dir='ltr'><strong>diserte</strong></span> 
     </span>
     <span class='ocr_line' id='line_1_6' title="bbox 554 821 3177 902; baseline -0.002 -19"><span class='ocrx_word' id='word_1_61' title='bbox 554 826 834 902; x_wconf 78' lang='lat' dir='ltr'><strong>exigitur,</strong></span> <span class='ocrx_word' id='word_1_62' title='bbox 886 828 947 882; x_wconf 89' lang='lat' dir='ltr'><strong>et</strong></span> <span class='ocrx_word' id='word_1_63' title='bbox 996 824 1136 882; x_wconf 89' lang='lat' dir='ltr'><strong>huic</strong></span> <span class='ocrx_word' id='word_1_64' title='bbox 1181 823 1523 882; x_wconf 82' lang='lat' dir='ltr'><strong>immediate</strong></span> <span class='ocrx_word' id='word_1_65' title='bbox 1570 823 1731 881; x_wconf 90' lang='lat' dir='ltr'><strong>salus</strong></span> <span class='ocrx_word' id='word_1_66' title='bbox 1763 821 2138 883; x_wconf 81' lang='lat' dir='ltr'><strong>adscribitur.</strong></span> <span class='ocrx_word' id='word_1_67' title='bbox 2204 821 2296 879; x_wconf 87' lang='lat' dir='ltr'><strong>Ad</strong></span> <span class='ocrx_word' id='word_1_68' title='bbox 2342 841 2468 879; x_wconf 91' lang='lat' dir='ltr'><strong>rem</strong></span> <span class='ocrx_word' id='word_1_69' title='bbox 2513 822 2557 879; x_wconf 89' lang='lat' dir='ltr'><strong>F</strong></span> <span class='ocrx_word' id='word_1_70' title='bbox 2573 822 2929 880; x_wconf 88' lang='lat' dir='ltr'><strong>ranzelin</strong></span> <span class='ocrx_word' id='word_1_71' title='bbox 2973 821 3058 879; x_wconf 85' lang='lat' dir='ltr'><strong>th.</strong></span> <span class='ocrx_word' id='word_1_72' title='bbox 3109 830 3177 883; x_wconf 88' lang='lat'><strong>8:</strong></span> 
     </span>
     <span class='ocr_line' id='line_1_7' title="bbox 558 910 3179 987; baseline -0.002 -14"><span class='ocrx_word' id='word_1_73' title='bbox 558 914 927 983; x_wconf 76' lang='lat' dir='ltr'><strong>,Causalitas</strong></span> <span class='ocrx_word' id='word_1_74' title='bbox 971 916 1473 971; x_wconf 88' lang='lat' dir='ltr'><strong>sacramentorum</strong></span> <span class='ocrx_word' id='word_1_75' title='bbox 1524 932 1594 971; x_wconf 90' lang='lat' dir='ltr'><strong>ex</strong></span> <span class='ocrx_word' id='word_1_76' title='bbox 1645 930 1818 986; x_wconf 90' lang='lat' dir='ltr'><strong>opere</strong></span> <span class='ocrx_word' id='word_1_77' title='bbox 1871 914 2193 987; x_wconf 89' lang='lat' dir='ltr'><strong>operato</strong></span> <span class='ocrx_word' id='word_1_78' title='bbox 2243 914 2304 969; x_wconf 91' lang='lat' dir='ltr'><strong>et</strong></span> <span class='ocrx_word' id='word_1_79' title='bbox 2348 911 2661 969; x_wconf 86' lang='lat' dir='ltr'><strong>causalitas</strong></span> <span class='ocrx_word' id='word_1_80' title='bbox 2705 910 2842 969; x_wconf 88' lang='lat' dir='ltr'><strong>fidei</strong></span> <span class='ocrx_word' id='word_1_81' title='bbox 2889 930 2959 969; x_wconf 89' lang='lat' dir='ltr'><strong>ex</strong></span> <span class='ocrx_word' id='word_1_82' title='bbox 3007 929 3179 985; x_wconf 87' lang='lat' dir='ltr'><strong>opere</strong></span> 
     </span>
     <span class='ocr_line' id='line_1_8' title="bbox 554 999 3180 1079; baseline -0.002 -18"><span class='ocrx_word' id='word_1_83' title='bbox 554 1003 968 1079; x_wconf 87' lang='lat' dir='ltr'><strong>operantis</strong></span> <span class='ocrx_word' id='word_1_84' title='bbox 985 1046 1003 1075; x_wconf 84' lang='lat'><strong>,</strong></span> <span class='ocrx_word' id='word_1_85' title='bbox 1049 1020 1437 1076; x_wconf 87' lang='lat' dir='ltr'><strong>quaecunque</strong></span> <span class='ocrx_word' id='word_1_86' title='bbox 1471 1020 1600 1060; x_wconf 90' lang='lat' dir='ltr'><strong>esse</strong></span> <span class='ocrx_word' id='word_1_87' title='bbox 1633 1004 2023 1076; x_wconf 80' lang='lat' dir='ltr'><strong>supponatur,</strong></span> <span class='ocrx_word' id='word_1_88' title='bbox 2056 1018 2165 1059; x_wconf 86' lang='lat' dir='ltr'><strong>nec</strong></span> <span class='ocrx_word' id='word_1_89' title='bbox 2194 1000 2307 1058; x_wconf 93' lang='lat' dir='ltr'><strong>sibi</strong></span> <span class='ocrx_word' id='word_1_90' title='bbox 2341 1003 2746 1075; x_wconf 86' lang='lat' dir='ltr'><strong>opponuntur,</strong></span> <span class='ocrx_word' id='word_1_91' title='bbox 2793 1017 2903 1058; x_wconf 89' lang='lat' dir='ltr'><strong>nec</strong></span> <span class='ocrx_word' id='word_1_92' title='bbox 2934 1018 2995 1058; x_wconf 92' lang='lat' dir='ltr'><strong>se</strong></span> <span class='ocrx_word' id='word_1_93' title='bbox 3028 999 3180 1057; x_wconf 90' lang='lat' dir='ltr'><strong>invi·</strong></span> 
     </span>
     <span class='ocr_line' id='line_1_9' title="bbox 558 1088 3181 1167; baseline -0.001 -17"><span class='ocrx_word' id='word_1_94' title='bbox 558 1111 679 1151; x_wconf 90' lang='lat' dir='ltr'><strong>cem</strong></span> <span class='ocrx_word' id='word_1_95' title='bbox 714 1091 1056 1164; x_wconf 83' lang='lat' dir='ltr'><strong>excludunt,</strong></span> <span class='ocrx_word' id='word_1_96' title='bbox 1107 1091 1250 1166; x_wconf 89' lang='lat' dir='ltr'><strong>quia</strong></span> <span class='ocrx_word' id='word_1_97' title='bbox 1282 1092 1428 1149; x_wconf 88' lang='lat' dir='ltr'><strong>sunt</strong></span> <span class='ocrx_word' id='word_1_98' title='bbox 1459 1091 1523 1149; x_wconf 92' lang='lat' dir='ltr'><strong>in</strong></span> <span class='ocrx_word' id='word_1_99' title='bbox 1569 1090 1804 1149; x_wconf 89' lang='lat' dir='ltr'><strong>diverso</strong></span> <span class='ocrx_word' id='word_1_100' title='bbox 1839 1090 2062 1158; x_wconf 86' lang='lat' dir='ltr'><strong>ordine,</strong></span> <span class='ocrx_word' id='word_1_101' title='bbox 2111 1093 2172 1147; x_wconf 90' lang='lat' dir='ltr'><strong>et</strong></span> <span class='ocrx_word' id='word_1_102' title='bbox 2217 1089 2359 1164; x_wconf 90' lang='lat' dir='ltr'><strong>quia</strong></span> <span class='ocrx_word' id='word_1_103' title='bbox 2389 1089 2542 1147; x_wconf 91' lang='lat' dir='ltr'><strong>alius</strong></span> <span class='ocrx_word' id='word_1_104' title='bbox 2575 1093 2669 1148; x_wconf 83' lang='lat' dir='ltr'><strong>est</strong></span> <span class='ocrx_word' id='word_1_105' title='bbox 2699 1090 2920 1167; x_wconf 88' lang='lat' dir='ltr'><strong>gradus</strong></span> <span class='ocrx_word' id='word_1_106' title='bbox 2954 1088 3181 1165; x_wconf 87' lang='lat' dir='ltr'><strong>gratiae</strong></span> 
     </span>
     <span class='ocr_line' id='line_1_10' title="bbox 554 1173 3182 1255; baseline -0.002 -16"><span class='ocrx_word' id='word_1_107' title='bbox 554 1181 947 1240; x_wconf 79' lang='lat' dir='ltr'><strong>conferendus</strong></span> <span class='ocrx_word' id='word_1_108' title='bbox 980 1200 1047 1238; x_wconf 89' lang='lat' dir='ltr'><strong>ex</strong></span> <span class='ocrx_word' id='word_1_109' title='bbox 1080 1199 1255 1255; x_wconf 91' lang='lat' dir='ltr'><strong>opere</strong></span> <span class='ocrx_word' id='word_1_110' title='bbox 1281 1179 1582 1255; x_wconf 86' lang='lat' dir='ltr'><strong>operantis</strong></span> <span class='ocrx_word' id='word_1_111' title='bbox 1615 1184 1677 1238; x_wconf 88' lang='lat' dir='ltr'><strong>et</strong></span> <span class='ocrx_word' id='word_1_112' title='bbox 1707 1179 1862 1236; x_wconf 88' lang='lat' dir='ltr'><strong>alius</strong></span> <span class='ocrx_word' id='word_1_113' title='bbox 1883 1177 2270 1237; x_wconf 88' lang='lat' dir='ltr'><strong>conserendus</strong></span> <span class='ocrx_word' id='word_1_114' title='bbox 2291 1197 2361 1236; x_wconf 84' lang='lat' dir='ltr'><strong>ex</strong></span> <span class='ocrx_word' id='word_1_115' title='bbox 2382 1197 2555 1254; x_wconf 90' lang='lat' dir='ltr'><strong>opere</strong></span> <span class='ocrx_word' id='word_1_116' title='bbox 2576 1181 2835 1253; x_wconf 80' lang='lat' dir='ltr'><strong>operato,</strong></span> <span class='ocrx_word' id='word_1_117' title='bbox 2852 1186 2880 1215; x_wconf 76' lang='lat'>¹</span> <span class='ocrx_word' id='word_1_118' title='bbox 2915 1173 2978 1243; x_wconf 80' lang='lat'><strong>3.</strong></span> <span class='ocrx_word' id='word_1_119' title='bbox 2999 1177 3182 1254; x_wconf 80' lang='lat' dir='ltr'><strong>Saepe</strong></span> 
     </span>
     <span class='ocr_line' id='line_1_11' title="bbox 557 1267 3182 1347; baseline -0.001 -20"><span class='ocrx_word' id='word_1_120' title='bbox 557 1271 689 1329; x_wconf 86' lang='lat' dir='ltr'><strong>fidei</strong></span> <span class='ocrx_word' id='word_1_121' title='bbox 727 1271 967 1329; x_wconf 90' lang='lat' dir='ltr'><strong>nomine</strong></span> <span class='ocrx_word' id='word_1_122' title='bbox 1002 1269 1375 1347; x_wconf 90' lang='lat' dir='ltr'><strong>significatur</strong></span> <span class='ocrx_word' id='word_1_123' title='bbox 1405 1269 1503 1327; x_wconf 88' lang='lat' dir='ltr'><strong>vel</strong></span> <span class='ocrx_word' id='word_1_124' title='bbox 1535 1268 1678 1326; x_wconf 86' lang='lat' dir='ltr'><strong>fides</strong></span> <span class='ocrx_word' id='word_1_125' title='bbox 1712 1268 2086 1343; x_wconf 87' lang='lat' dir='ltr'><strong>practica,</strong></span> <span class='ocrx_word' id='word_1_126' title='bbox 2122 1267 2282 1339; x_wconf 91' lang='lat' dir='ltr'><strong>fides,</strong></span> <span class='ocrx_word' id='word_1_127' title='bbox 2317 1286 2468 1342; x_wconf 88' lang='lat' dir='ltr'><strong>quae</strong></span> <span class='ocrx_word' id='word_1_128' title='bbox 2500 1287 2608 1342; x_wconf 86' lang='lat' dir='ltr'><strong>per</strong></span> <span class='ocrx_word' id='word_1_129' title='bbox 2638 1268 2945 1326; x_wconf 88' lang='lat' dir='ltr'><strong>caritatem</strong></span> <span class='ocrx_word' id='word_1_130' title='bbox 2978 1286 3182 1343; x_wconf 88' lang='lat' dir='ltr'><strong>opera-</strong></span> 
     </span>
     <span class='ocr_line' id='line_1_12' title="bbox 556 1356 3185 1435; baseline -0.002 -18"><span class='ocrx_word' id='word_1_131' title='bbox 556 1364 673 1430; x_wconf 85' lang='lat' dir='ltr'><strong>tur,</strong></span> <span class='ocrx_word' id='word_1_132' title='bbox 709 1379 859 1435; x_wconf 91' lang='lat' dir='ltr'><strong>quae</strong></span> <span class='ocrx_word' id='word_1_133' title='bbox 889 1365 1202 1434; x_wconf 83' lang='lat' dir='ltr'><strong>propterea</strong></span> <span class='ocrx_word' id='word_1_134' title='bbox 1234 1362 1737 1416; x_wconf 90' lang='lat' dir='ltr'><strong>sacramentorum</strong></span> <span class='ocrx_word' id='word_1_135' title='bbox 1769 1356 2027 1415; x_wconf 89' lang='lat' dir='ltr'><strong>includit</strong></span> <span class='ocrx_word' id='word_1_136' title='bbox 2058 1376 2263 1426; x_wconf 83' lang='lat' dir='ltr'><strong>usum3</strong></span> <span class='ocrx_word' id='word_1_137' title='bbox 2313 1358 2409 1414; x_wconf 91' lang='lat' dir='ltr'><strong>vel</strong></span> <span class='ocrx_word' id='word_1_138' title='bbox 2454 1356 2600 1415; x_wconf 89' lang='lat' dir='ltr'><strong>fides</strong></span> <span class='ocrx_word' id='word_1_139' title='bbox 2646 1357 3048 1432; x_wconf 87' lang='lat' dir='ltr'><strong>objectiva</strong></span> <span class='ocrx_word' id='word_1_140' title='bbox 3080 1374 3185 1413; x_wconf 89' lang='lat' dir='ltr'><strong>seu</strong></span> 
     </span>
     <span class='ocr_line' id='line_1_13' title="bbox 554 1445 3183 1523; baseline -0.002 -17"><span class='ocrx_word' id='word_1_141' title='bbox 554 1449 699 1507; x_wconf 88' lang='lat' dir='ltr'><strong>ordo</strong></span> <span class='ocrx_word' id='word_1_142' title='bbox 731 1448 888 1517; x_wconf 89' lang='lat' dir='ltr'><strong>fidei,</strong></span> <span class='ocrx_word' id='word_1_143' title='bbox 922 1447 1027 1523; x_wconf 89' lang='lat' dir='ltr'><strong>qui</strong></span> <span class='ocrx_word' id='word_1_144' title='bbox 1058 1447 1390 1506; x_wconf 86' lang='lat' dir='ltr'><strong>universam</strong></span> <span class='ocrx_word' id='word_1_145' title='bbox 1413 1447 1760 1523; x_wconf 86' lang='lat' dir='ltr'><strong>religionem</strong></span> <span class='ocrx_word' id='word_1_146' title='bbox 1784 1446 2163 1504; x_wconf 79' lang='lat' dir='ltr'><strong>christianam</strong></span> <span class='ocrx_word' id='word_1_147' title='bbox 2195 1464 2329 1503; x_wconf 91' lang='lat' dir='ltr'><strong>cum</strong></span> <span class='ocrx_word' id='word_1_148' title='bbox 2357 1445 2638 1505; x_wconf 90' lang='lat' dir='ltr'><strong>omnibus</strong></span> <span class='ocrx_word' id='word_1_149' title='bbox 2666 1446 2985 1522; x_wconf 78' lang='lat' dir='ltr'><strong>mysteriis,</strong></span> <span class='ocrx_word' id='word_1_150' title='bbox 3016 1463 3183 1521; x_wconf 88' lang='lat' dir='ltr'><strong>prae-</strong></span> 
     </span>
     <span class='ocr_line' id='line_1_14' title="bbox 556 1533 3188 1612; baseline -0.002 -17"><span class='ocrx_word' id='word_1_151' title='bbox 556 1538 749 1612; x_wconf 83' lang='lat' dir='ltr'><strong>ceptis</strong></span> <span class='ocrx_word' id='word_1_152' title='bbox 783 1540 844 1595; x_wconf 90' lang='lat' dir='ltr'><strong>et</strong></span> <span class='ocrx_word' id='word_1_153' title='bbox 875 1536 1176 1595; x_wconf 87' lang='lat' dir='ltr'><strong>institutis</strong></span> <span class='ocrx_word' id='word_1_154' title='bbox 1210 1536 1644 1610; x_wconf 79' lang='lat' dir='ltr'><strong>complectitur,</strong></span> <span class='ocrx_word' id='word_1_155' title='bbox 1691 1534 1836 1593; x_wconf 84' lang='lat' dir='ltr'><strong>adeo</strong></span> <span class='ocrx_word' id='word_1_156' title='bbox 1881 1537 1953 1592; x_wconf 90' lang='lat' dir='ltr'><strong>ut</strong></span> <span class='ocrx_word' id='word_1_157' title='bbox 1986 1553 2196 1593; x_wconf 86' lang='lat' dir='ltr'><strong>sensus</strong></span> <span class='ocrx_word' id='word_1_158' title='bbox 2243 1535 2340 1605; x_wconf 89' lang='lat' dir='ltr'><strong>sit,</strong></span> <span class='ocrx_word' id='word_1_159' title='bbox 2388 1535 2674 1611; x_wconf 85' lang='lat' dir='ltr'><strong>religione</strong></span> <span class='ocrx_word' id='word_1_160' title='bbox 2707 1553 2815 1593; x_wconf 89' lang='lat' dir='ltr'><strong>seu</strong></span> <span class='ocrx_word' id='word_1_161' title='bbox 2846 1533 3188 1593; x_wconf 90' lang='lat' dir='ltr'><strong>oeconomia</strong></span> 
     </span>
     <span class='ocr_line' id='line_1_15' title="bbox 556 1622 3185 1700; baseline -0.002 -16"><span class='ocrx_word' id='word_1_162' title='bbox 556 1626 777 1684; x_wconf 84' lang='lat' dir='ltr'><strong>Christi</strong></span> <span class='ocrx_word' id='word_1_163' title='bbox 809 1644 918 1684; x_wconf 82' lang='lat' dir='ltr'><strong>nos</strong></span> <span class='ocrx_word' id='word_1_164' title='bbox 953 1623 1201 1684; x_wconf 85' lang='lat' dir='ltr'><strong>salvari:</strong></span> <span class='ocrx_word' id='word_1_165' title='bbox 1252 1643 1370 1698; x_wconf 90' lang='lat' dir='ltr'><strong>quo</strong></span> <span class='ocrx_word' id='word_1_166' title='bbox 1420 1643 1601 1682; x_wconf 90' lang='lat' dir='ltr'><strong>sensu</strong></span> <span class='ocrx_word' id='word_1_167' title='bbox 1632 1624 1975 1682; x_wconf 88' lang='lat' dir='ltr'><strong>testimonia</strong></span> <span class='ocrx_word' id='word_1_168' title='bbox 2005 1624 2235 1700; x_wconf 80' lang='lat' dir='ltr'><strong>objecta</strong></span> <span class='ocrx_word' id='word_1_169' title='bbox 2263 1624 2493 1682; x_wconf 88' lang='lat' dir='ltr'><strong>nullam</strong></span> <span class='ocrx_word' id='word_1_170' title='bbox 2527 1643 2664 1700; x_wconf 90' lang='lat' dir='ltr'><strong>prae</strong></span> <span class='ocrx_word' id='word_1_171' title='bbox 2697 1642 2759 1682; x_wconf 89' lang='lat' dir='ltr'><strong>se</strong></span> <span class='ocrx_word' id='word_1_172' title='bbox 2790 1623 2996 1683; x_wconf 84' lang='lat' dir='ltr'><strong>ferunt</strong></span> <span class='ocrx_word' id='word_1_173' title='bbox 3029 1622 3185 1681; x_wconf 86' lang='lat' dir='ltr'><strong>diffi-</strong></span> 
     </span>
     <span class='ocr_line' id='line_1_16' title="bbox 555 1713 2528 1789; baseline -0.002 -16"><span class='ocrx_word' id='word_1_174' title='bbox 555 1716 858 1778; x_wconf 85' lang='lat' dir='ltr'><strong>cultatem.</strong></span> <span class='ocrx_word' id='word_1_175' title='bbox 927 1715 1007 1773; x_wconf 87' lang='lat' dir='ltr'><strong>Cf.</strong></span> <span class='ocrx_word' id='word_1_176' title='bbox 1041 1715 1146 1772; x_wconf 87' lang='lat' dir='ltr'><strong>Ku</strong></span> <span class='ocrx_word' id='word_1_177' title='bbox 1168 1714 1264 1771; x_wconf 90' lang='lat' dir='ltr'><strong>hn</strong></span> <span class='ocrx_word' id='word_1_178' title='bbox 1297 1714 1362 1771; x_wconf 93' lang='lat' dir='ltr'><strong>in</strong></span> <span class='ocrx_word' id='word_1_179' title='bbox 1394 1713 1532 1772; x_wconf 89' lang='lat' dir='ltr'><strong>fasc.</strong></span> <span class='ocrx_word' id='word_1_180' title='bbox 1568 1714 1660 1771; x_wconf 89' lang='lat' dir='ltr'><strong>lit.</strong></span> <span class='ocrx_word' id='word_1_181' title='bbox 1691 1713 1923 1789; x_wconf 80' lang='lat' dir='ltr'><strong>tiibing.</strong></span> <span class='ocrx_word' id='word_1_182' title='bbox 1965 1722 2129 1775; x_wconf 87' lang='grc'>1855</span> <span class='ocrx_word' id='word_1_183' title='bbox 2164 1731 2299 1789; x_wconf 86' lang='lat' dir='ltr'><strong>pag.</strong></span> <span class='ocrx_word' id='word_1_184' title='bbox 2339 1722 2418 1775; x_wconf 88' lang='lat'><strong>40</strong></span> <span class='ocrx_word' id='word_1_185' title='bbox 2454 1730 2528 1771; x_wconf 72' lang='lat' dir='ltr'><strong>ss</strong></span> 
     </span>
    </p>
   </div>
   <div class='ocr_carea' id='block_1_3' title="bbox 556 1813 3191 2543">
    <p class='ocr_par' dir='ltr' id='par_1_3' title="bbox 556 1813 3191 2543">
     <span class='ocr_line' id='line_1_17' title="bbox 741 1813 3187 1902; baseline -0.003 -17"><span class='ocrx_word' id='word_1_186' title='bbox 741 1822 887 1885; x_wconf 76' lang='lat'><strong>258.</strong></span> <span class='ocrx_word' id='word_1_187' title='bbox 921 1813 987 1877; x_wconf 87' lang='lat' dir='ltr'><em>F</em></span> <span class='ocrx_word' id='word_1_188' title='bbox 980 1816 1222 1879; x_wconf 84' lang='lat' dir='ltr'><strong>ormula</strong></span> <span class='ocrx_word' id='word_1_189' title='bbox 1256 1838 1328 1880; x_wconf 82' lang='lat' dir='ltr'><strong>ex</strong></span> <span class='ocrx_word' id='word_1_190' title='bbox 1349 1836 1532 1902; x_wconf 79' lang='lat' dir='ltr'><strong>opere</strong></span> <span class='ocrx_word' id='word_1_191' title='bbox 1564 1821 1835 1898; x_wconf 76' lang='lat' dir='ltr'><strong>operato,</strong></span> <span class='ocrx_word' id='word_1_192' title='bbox 1859 1853 1941 1861; x_wconf 95' lang='lat'><strong>—</strong></span> <span class='ocrx_word' id='word_1_193' title='bbox 1965 1814 2292 1879; x_wconf 81' lang='lat' dir='ltr'><strong>Hactenus</strong></span> <span class='ocrx_word' id='word_1_194' title='bbox 2312 1814 2392 1878; x_wconf 87' lang='lat' dir='ltr'><strong>de</strong></span> <span class='ocrx_word' id='word_1_195' title='bbox 2426 1814 2520 1877; x_wconf 91' lang='lat' dir='ltr'><strong>do</strong></span> <span class='ocrx_word' id='word_1_196' title='bbox 2538 1815 2809 1878; x_wconf 84' lang='lat' dir='ltr'><strong>ctrina</strong></span> <span class='ocrx_word' id='word_1_197' title='bbox 2838 1813 3187 1889; x_wconf 86' lang='lat' dir='ltr'><strong>catholica;</strong></span> 
     </span>
     <span class='ocr_line' id='line_1_18' title="bbox 559 1920 3189 2002; baseline -0.001 -15"><span class='ocrx_word' id='word_1_198' title='bbox 559 1921 869 1987; x_wconf 86' lang='lat' dir='ltr'><strong>nonnulla</strong></span> <span class='ocrx_word' id='word_1_199' title='bbox 900 1922 1196 1987; x_wconf 88' lang='lat' dir='ltr'><strong>addenda</strong></span> <span class='ocrx_word' id='word_1_200' title='bbox 1230 1929 1380 1986; x_wconf 85' lang='lat' dir='ltr'><strong>sunt</strong></span> <span class='ocrx_word' id='word_1_201' title='bbox 1412 1923 1491 1986; x_wconf 90' lang='lat' dir='ltr'><strong>de</strong></span> <span class='ocrx_word' id='word_1_202' title='bbox 1526 1921 1846 1985; x_wconf 87' lang='lat' dir='ltr'><strong>catholica</strong></span> <span class='ocrx_word' id='word_1_203' title='bbox 1878 1920 2427 2002; x_wconf 84' lang='lat' dir='ltr'><strong>professione,</strong></span> <span class='ocrx_word' id='word_1_204' title='bbox 2459 1921 2589 1984; x_wconf 90' lang='lat' dir='ltr'><strong>scil.</strong></span> <span class='ocrx_word' id='word_1_205' title='bbox 2623 1921 2703 1986; x_wconf 91' lang='lat' dir='ltr'><strong>de</strong></span> <span class='ocrx_word' id='word_1_206' title='bbox 2735 1921 3046 1985; x_wconf 82' lang='lat' dir='ltr'><strong>formula:</strong></span> <span class='ocrx_word' id='word_1_207' title='bbox 3079 1939 3189 1984; x_wconf 91' lang='lat' dir='ltr'><strong>sa-</strong></span> 
     </span>
     <span class='ocr_line' id='line_1_19' title="bbox 556 2027 3189 2110; baseline -0.001 -16"><span class='ocrx_word' id='word_1_208' title='bbox 556 2037 893 2095; x_wconf 89' lang='lat' dir='ltr'><strong>cramenta</strong></span> <span class='ocrx_word' id='word_1_209' title='bbox 923 2028 1213 2093; x_wconf 89' lang='lat' dir='ltr'><strong>conferre</strong></span> <span class='ocrx_word' id='word_1_210' title='bbox 1246 2030 1520 2110; x_wconf 83' lang='lat' dir='ltr'><strong>gratiam</strong></span> <span class='ocrx_word' id='word_1_211' title='bbox 1564 2048 1683 2102; x_wconf 82' lang='lat' dir='ltr'><strong>,ex</strong></span> <span class='ocrx_word' id='word_1_212' title='bbox 1715 2046 1910 2109; x_wconf 89' lang='lat' dir='ltr'><strong>opere</strong></span> <span class='ocrx_word' id='word_1_213' title='bbox 1931 2033 2256 2108; x_wconf 77' lang='lat' dir='ltr'><strong>operat0,‘</strong></span> <span class='ocrx_word' id='word_1_214' title='bbox 2298 2046 2426 2110; x_wconf 90' lang='lat' dir='ltr'><strong>qua</strong></span> <span class='ocrx_word' id='word_1_215' title='bbox 2444 2027 2730 2093; x_wconf 86' lang='lat' dir='ltr'><strong>Ecclesia</strong></span> <span class='ocrx_word' id='word_1_216' title='bbox 2746 2046 2933 2091; x_wconf 89' lang='lat' dir='ltr'><strong>suam</strong></span> <span class='ocrx_word' id='word_1_217' title='bbox 2965 2027 3048 2092; x_wconf 89' lang='lat' dir='ltr'><strong>de</strong></span> <span class='ocrx_word' id='word_1_218' title='bbox 3079 2046 3189 2091; x_wconf 91' lang='lat' dir='ltr'><strong>sa-</strong></span> 
     </span>
     <span class='ocr_line' id='line_1_20' title="bbox 559 2135 3191 2218; baseline -0 -18"><span class='ocrx_word' id='word_1_219' title='bbox 559 2143 1038 2202; x_wconf 84' lang='lat' dir='ltr'><strong>cramentorum</strong></span> <span class='ocrx_word' id='word_1_220' title='bbox 1073 2136 1359 2201; x_wconf 86' lang='lat' dir='ltr'><strong>efficacia</strong></span> <span class='ocrx_word' id='word_1_221' title='bbox 1411 2136 1602 2202; x_wconf 85' lang='lat' dir='ltr'><strong>fidem</strong></span> <span class='ocrx_word' id='word_1_222' title='bbox 1635 2135 1951 2218; x_wconf 83' lang='lat' dir='ltr'><strong>exprimit,</strong></span> <span class='ocrx_word' id='word_1_223' title='bbox 1999 2142 2060 2199; x_wconf 88' lang='lat' dir='ltr'><strong>et</strong></span> <span class='ocrx_word' id='word_1_224' title='bbox 2107 2153 2303 2217; x_wconf 89' lang='lat' dir='ltr'><strong>quam</strong></span> <span class='ocrx_word' id='word_1_225' title='bbox 2338 2136 2570 2200; x_wconf 88' lang='lat' dir='ltr'><strong>acriter</strong></span> <span class='ocrx_word' id='word_1_226' title='bbox 2614 2136 2991 2217; x_wconf 85' lang='lat' dir='ltr'><strong>impugnant</strong></span> <span class='ocrx_word' id='word_1_227' title='bbox 3034 2154 3191 2217; x_wconf 90' lang='lat' dir='ltr'><strong>pro-</strong></span> 
     </span>
     <span class='ocr_line' id='line_1_21' title="bbox 560 2241 3190 2325; baseline -0.001 -18"><span class='ocrx_word' id='word_1_228' title='bbox 560 2250 889 2309; x_wconf 86' lang='lat' dir='ltr'><strong>testantes.</strong></span> <span class='ocrx_word' id='word_1_229' title='bbox 929 2244 1020 2307; x_wconf 89' lang='lat' dir='ltr'><strong>Ea</strong></span> <span class='ocrx_word' id='word_1_230' title='bbox 1051 2242 1326 2308; x_wconf 89' lang='lat' dir='ltr'><strong>formula</strong></span> <span class='ocrx_word' id='word_1_231' title='bbox 1344 2244 1622 2325; x_wconf 87' lang='lat' dir='ltr'><strong>primurn</strong></span> <span class='ocrx_word' id='word_1_232' title='bbox 1655 2243 1819 2308; x_wconf 85' lang='lat' dir='ltr'><strong>forte</strong></span> <span class='ocrx_word' id='word_1_233' title='bbox 1854 2243 2130 2306; x_wconf 89' lang='lat' dir='ltr'><strong>occurrit</strong></span> <span class='ocrx_word' id='word_1_234' title='bbox 2159 2242 2332 2322; x_wconf 90' lang='lat' dir='ltr'><strong>apud</strong></span> <span class='ocrx_word' id='word_1_235' title='bbox 2364 2241 2690 2307; x_wconf 85' lang='lat' dir='ltr'><strong>Petrum</strong></span> <span class='ocrx_word' id='word_1_236' title='bbox 2721 2241 3190 2323; x_wconf 86' lang='lat' dir='ltr'><strong>pictaviensem</strong></span> 
     </span>
     <span class='ocr_line' id='line_1_22' title="bbox 563 2350 3189 2436; baseline -0.001 -20"><span class='ocrx_word' id='word_1_237' title='bbox 563 2351 626 2436; x_wconf 92' lang='lat'><strong>(†</strong></span> <span class='ocrx_word' id='word_1_238' title='bbox 653 2356 841 2427; x_wconf 80' lang='lat'><strong>1205,</strong></span> <span class='ocrx_word' id='word_1_239' title='bbox 873 2350 988 2415; x_wconf 89' lang='lat' dir='ltr'><strong>sed</strong></span> <span class='ocrx_word' id='word_1_240' title='bbox 1009 2352 1220 2415; x_wconf 89' lang='lat' dir='ltr'><strong>adhuc</strong></span> <span class='ocrx_word' id='word_1_241' title='bbox 1253 2369 1399 2415; x_wconf 89' lang='lat' dir='ltr'><strong>cum</strong></span> <span class='ocrx_word' id='word_1_242' title='bbox 1425 2350 1708 2433; x_wconf 88' lang='lat' dir='ltr'><strong>quadam</strong></span> <span class='ocrx_word' id='word_1_243' title='bbox 1741 2350 2167 2414; x_wconf 86' lang='lat' dir='ltr'><strong>haesitatione</strong></span> <span class='ocrx_word' id='word_1_244' title='bbox 2201 2355 2429 2415; x_wconf 86' lang='lat' dir='ltr'><strong>etcum</strong></span> <span class='ocrx_word' id='word_1_245' title='bbox 2449 2350 2746 2432; x_wconf 89' lang='lat' dir='ltr'><strong>apposito</strong></span> <span class='ocrx_word' id='word_1_246' title='bbox 2787 2356 2895 2425; x_wconf 85' lang='lat' dir='ltr'><strong>‚ut</strong></span> <span class='ocrx_word' id='word_1_247' title='bbox 2926 2350 3052 2413; x_wconf 90' lang='lat' dir='ltr'><strong>dici</strong></span> <span class='ocrx_word' id='word_1_248' title='bbox 3080 2368 3189 2414; x_wconf 93' lang='lat' dir='ltr'><strong>so-</strong></span> 
     </span>
     <span class='ocr_line' id='line_1_23' title="bbox 561 2456 2164 2543; baseline 0 -24"><span class='ocrx_word' id='word_1_249' title='bbox 561 2456 710 2534; x_wconf 75' lang='lat' dir='ltr'><strong>let‘,</strong></span> <span class='ocrx_word' id='word_1_250' title='bbox 743 2458 890 2522; x_wconf 89' lang='lat' dir='ltr'><strong>dein</strong></span> <span class='ocrx_word' id='word_1_251' title='bbox 922 2459 1094 2541; x_wconf 90' lang='lat' dir='ltr'><strong>apud</strong></span> <span class='ocrx_word' id='word_1_252' title='bbox 1124 2459 1709 2523; x_wconf 89' lang='lat' dir='ltr'><strong>Innocentium</strong></span> <span class='ocrx_word' id='word_1_253' title='bbox 1739 2457 1815 2520; x_wconf 91' lang='lat' dir='ltr'><strong>III</strong></span> <span class='ocrx_word' id='word_1_254' title='bbox 1848 2459 1911 2542; x_wconf 90' lang='lat'><strong>(†</strong></span> <span class='ocrx_word' id='word_1_255' title='bbox 1950 2458 2164 2543; x_wconf 83' lang='lat'><strong>1216).</strong></span> 
     </span>
    </p>
   </div>
   <div class='ocr_carea' id='block_1_4' title="bbox 558 2568 3192 3628">
    <p class='ocr_par' dir='ltr' id='par_1_4' title="bbox 558 2568 3192 3628">
     <span class='ocr_line' id='line_1_24' title="bbox 740 2568 3186 2647; baseline 0 -20"><span class='ocrx_word' id='word_1_256' title='bbox 740 2569 908 2639; x_wconf 83' lang='lat' dir='ltr'><strong>Quod</strong></span> <span class='ocrx_word' id='word_1_257' title='bbox 940 2574 1136 2629; x_wconf 87' lang='lat' dir='ltr'><strong>autem</strong></span> <span class='ocrx_word' id='word_1_258' title='bbox 1169 2569 1555 2645; x_wconf 88' lang='lat' dir='ltr'><strong>participium</strong></span> <span class='ocrx_word' id='word_1_259' title='bbox 1577 2572 1888 2645; x_wconf 90' lang='lat' dir='ltr'><strong>operatum</strong></span> <span class='ocrx_word' id='word_1_260' title='bbox 1911 2568 2237 2644; x_wconf 88' lang='lat' dir='ltr'><strong>accipiatur</strong></span> <span class='ocrx_word' id='word_1_261' title='bbox 2256 2572 2463 2627; x_wconf 88' lang='lat' dir='ltr'><strong>contra</strong></span> <span class='ocrx_word' id='word_1_262' title='bbox 2480 2569 2897 2645; x_wconf 87' lang='lat' dir='ltr'><strong>grammaticae</strong></span> <span class='ocrx_word' id='word_1_263' title='bbox 2918 2570 3186 2647; x_wconf 89' lang='lat' dir='ltr'><strong>regulam</strong></span> 
     </span>
     <span class='ocr_line' id='line_1_25' title="bbox 559 2658 3192 2735; baseline 0.001 -17"><span class='ocrx_word' id='word_1_264' title='bbox 559 2678 690 2735; x_wconf 89' lang='lat' dir='ltr'><strong>pas</strong></span> <span class='ocrx_word' id='word_1_265' title='bbox 710 2661 902 2730; x_wconf 88' lang='lat' dir='ltr'><strong>sive,</strong></span> <span class='ocrx_word' id='word_1_266' title='bbox 938 2678 1058 2719; x_wconf 91' lang='lat' dir='ltr'><strong>non</strong></span> <span class='ocrx_word' id='word_1_267' title='bbox 1091 2665 1251 2718; x_wconf 86' lang='lat' dir='ltr'><strong>caret</strong></span> <span class='ocrx_word' id='word_1_268' title='bbox 1282 2659 1565 2734; x_wconf 85' lang='lat' dir='ltr'><strong>exemplo.</strong></span> <span class='ocrx_word' id='word_1_269' title='bbox 1613 2659 1705 2716; x_wconf 83' lang='lat' dir='ltr'><strong>Ita</strong></span> <span class='ocrx_word' id='word_1_270' title='bbox 1736 2658 1991 2735; x_wconf 89' lang='lat' dir='ltr'><strong>legimus</strong></span> <span class='ocrx_word' id='word_1_271' title='bbox 2024 2659 2180 2735; x_wconf 88' lang='lat' dir='ltr'><strong>apud</strong></span> <span class='ocrx_word' id='word_1_272' title='bbox 2213 2658 2797 2718; x_wconf 86' lang='lat' dir='ltr'><strong>Tertullianum</strong></span> <span class='ocrx_word' id='word_1_273' title='bbox 2830 2658 2902 2718; x_wconf 88' lang='lat' dir='ltr'><strong>de</strong></span> <span class='ocrx_word' id='word_1_274' title='bbox 2933 2676 3192 2735; x_wconf 82' lang='lat' dir='ltr'><strong>praescr.</strong></span> 
     </span>
     <span class='ocr_line' id='line_1_26' title="bbox 559 2748 3189 2825; baseline 0 -18"><span class='ocrx_word' id='word_1_275' title='bbox 559 2770 616 2812; x_wconf 89' lang='lat' dir='ltr'><strong>n.</strong></span> <span class='ocrx_word' id='word_1_276' title='bbox 655 2760 730 2812; x_wconf 87' lang='lat'><strong>57</strong></span> <span class='ocrx_word' id='word_1_277' title='bbox 784 2753 1070 2825; x_wconf 81' lang='lat' dir='ltr'><strong>‚operata</strong></span> <span class='ocrx_word' id='word_1_278' title='bbox 1113 2749 1542 2816; x_wconf 79' lang='lat' dir='ltr'><strong>charismata‘3</strong></span> <span class='ocrx_word' id='word_1_279' title='bbox 1594 2749 1753 2824; x_wconf 90' lang='lat' dir='ltr'><strong>apud</strong></span> <span class='ocrx_word' id='word_1_280' title='bbox 1800 2749 2292 2806; x_wconf 89' lang='lat' dir='ltr'><strong>Lactantium</strong></span> <span class='ocrx_word' id='word_1_281' title='bbox 2339 2748 2457 2806; x_wconf 87' lang='lat' dir='ltr'><strong>div.</strong></span> <span class='ocrx_word' id='word_1_282' title='bbox 2489 2748 2682 2807; x_wconf 88' lang='lat' dir='ltr'><strong>instit.</strong></span> <span class='ocrx_word' id='word_1_283' title='bbox 2718 2748 2839 2819; x_wconf 85' lang='lat' dir='ltr'><strong>VII,</strong></span> <span class='ocrx_word' id='word_1_284' title='bbox 2877 2757 2956 2812; x_wconf 81' lang='lat'><strong>27</strong></span> <span class='ocrx_word' id='word_1_285' title='bbox 3005 2768 3189 2823; x_wconf 83' lang='lat' dir='ltr'><strong>,ope-</strong></span> 
     </span>
     <span class='ocr_line' id='line_1_27' title="bbox 558 2836 3191 2914; baseline 0 -18"><span class='ocrx_word' id='word_1_286' title='bbox 558 2843 721 2897; x_wconf 87' lang='lat' dir='ltr'><strong>ratae</strong></span> <span class='ocrx_word' id='word_1_287' title='bbox 752 2839 1087 2908; x_wconf 80' lang='lat' dir='ltr'><strong>virtutes‘3</strong></span> <span class='ocrx_word' id='word_1_288' title='bbox 1121 2855 1229 2896; x_wconf 88' lang='lat' dir='ltr'><strong>nec</strong></span> <span class='ocrx_word' id='word_1_289' title='bbox 1259 2837 1669 2912; x_wconf 89' lang='lat' dir='ltr'><strong>improbabilis</strong></span> <span class='ocrx_word' id='word_1_290' title='bbox 1701 2840 1793 2895; x_wconf 87' lang='lat' dir='ltr'><strong>est</strong></span> <span class='ocrx_word' id='word_1_291' title='bbox 1823 2855 2026 2895; x_wconf 89' lang='lat' dir='ltr'><strong>eorum</strong></span> <span class='ocrx_word' id='word_1_292' title='bbox 2059 2836 2378 2906; x_wconf 87' lang='lat' dir='ltr'><strong>sententia,</strong></span> <span class='ocrx_word' id='word_1_293' title='bbox 2412 2837 2739 2896; x_wconf 87' lang='lat' dir='ltr'><strong>secundum</strong></span> <span class='ocrx_word' id='word_1_294' title='bbox 2771 2855 2923 2911; x_wconf 91' lang='lat' dir='ltr'><strong>quos</strong></span> <span class='ocrx_word' id='word_1_295' title='bbox 2955 2838 3191 2914; x_wconf 84' lang='lat' dir='ltr'><strong>passive</strong></span> 
     </span>
     <span class='ocr_line' id='line_1_28' title="bbox 558 2926 3185 3003; baseline -0 -17"><span class='ocrx_word' id='word_1_296' title='bbox 558 2928 850 3003; x_wconf 77' lang='lat' dir='ltr'><strong>accipitur</strong></span> <span class='ocrx_word' id='word_1_297' title='bbox 882 2928 1006 2985; x_wconf 84' lang='lat' dir='ltr'><strong>Gal.</strong></span> <span class='ocrx_word' id='word_1_298' title='bbox 1045 2937 1098 2997; x_wconf 90' lang='lat'><strong>5,</strong></span> <span class='ocrx_word' id='word_1_299' title='bbox 1136 2938 1204 2989; x_wconf 86' lang='lat'><strong>6:</strong></span> <span class='ocrx_word' id='word_1_300' title='bbox 1254 2927 1444 3001; x_wconf 73' lang='lat' dir='ltr'><strong>Fides,</strong></span> <span class='ocrx_word' id='word_1_301' title='bbox 1480 2945 1626 3003; x_wconf 78' lang='lat' dir='ltr'><strong>quae</strong></span> <span class='ocrx_word' id='word_1_302' title='bbox 1646 2943 1762 3000; x_wconf 81' lang='lat' dir='ltr'><strong>per</strong></span> <span class='ocrx_word' id='word_1_303' title='bbox 1791 2929 2092 2986; x_wconf 76' lang='lat' dir='ltr'><strong>caritatem</strong></span> <span class='ocrx_word' id='word_1_304' title='bbox 2123 2933 2413 3002; x_wconf 77' lang='lat' dir='ltr'><strong>operatur.</strong></span> <span class='ocrx_word' id='word_1_305' title='bbox 2479 2928 2605 2985; x_wconf 93' lang='lat' dir='ltr'><strong>Imo</strong></span> <span class='ocrx_word' id='word_1_306' title='bbox 2637 2926 2732 2984; x_wconf 90' lang='lat' dir='ltr'><strong>hic</strong></span> <span class='ocrx_word' id='word_1_307' title='bbox 2762 2945 2912 2985; x_wconf 85' lang='lat' dir='ltr'><strong>usus</strong></span> <span class='ocrx_word' id='word_1_308' title='bbox 2944 2930 3036 2985; x_wconf 88' lang='lat' dir='ltr'><strong>sat</strong></span> <span class='ocrx_word' id='word_1_309' title='bbox 3067 2926 3185 2985; x_wconf 88' lang='lat' dir='ltr'><strong>fre-</strong></span> 
     </span>
     <span class='ocr_line' id='line_1_29' title="bbox 561 3012 3191 3098; baseline -0 -22"><span class='ocrx_word' id='word_1_310' title='bbox 561 3036 752 3091; x_wconf 86' lang='lat' dir='ltr'><strong>quens</strong></span> <span class='ocrx_word' id='word_1_311' title='bbox 785 3020 877 3074; x_wconf 86' lang='lat' dir='ltr'><strong>est</strong></span> <span class='ocrx_word' id='word_1_312' title='bbox 909 3016 1068 3090; x_wconf 88' lang='lat' dir='ltr'><strong>apud</strong></span> <span class='ocrx_word' id='word_1_313' title='bbox 1103 3016 1360 3090; x_wconf 89' lang='lat' dir='ltr'><strong>optimos</strong></span> <span class='ocrx_word' id='word_1_314' title='bbox 1392 3016 1570 3073; x_wconf 90' lang='lat' dir='ltr'><strong>etiam</strong></span> <span class='ocrx_word' id='word_1_315' title='bbox 1604 3015 1923 3090; x_wconf 86' lang='lat' dir='ltr'><strong>scriptores</strong></span> <span class='ocrx_word' id='word_1_316' title='bbox 1955 3016 2173 3074; x_wconf 90' lang='lat' dir='ltr'><strong>latinos</strong></span> <span class='ocrx_word' id='word_1_317' title='bbox 2208 3017 2630 3086; x_wconf 87' lang='lat' dir='ltr'><strong>Caesarem,</strong></span> <span class='ocrx_word' id='word_1_318' title='bbox 2664 3015 2966 3074; x_wconf 90' lang='lat' dir='ltr'><strong>Livium</strong></span> <span class='ocrx_word' id='word_1_319' title='bbox 2995 3012 3044 3098; x_wconf 82' lang='lat'><strong>¹)</strong></span> <span class='ocrx_word' id='word_1_320' title='bbox 3080 3020 3191 3075; x_wconf 89' lang='lat' dir='ltr'><strong>etc.</strong></span> 
     </span>
     <span class='ocr_line' id='line_1_30' title="bbox 563 3104 3190 3181; baseline -0.001 -17"><span class='ocrx_word' id='word_1_321' title='bbox 563 3107 708 3164; x_wconf 88' lang='lat' dir='ltr'><strong>Cum</strong></span> <span class='ocrx_word' id='word_1_322' title='bbox 740 3123 881 3181; x_wconf 88' lang='lat' dir='ltr'><strong>ergo</strong></span> <span class='ocrx_word' id='word_1_323' title='bbox 915 3104 1054 3163; x_wconf 89' lang='lat' dir='ltr'><strong>haec</strong></span> <span class='ocrx_word' id='word_1_324' title='bbox 1086 3105 1344 3180; x_wconf 88' lang='lat' dir='ltr'><strong>acceptio</strong></span> <span class='ocrx_word' id='word_1_325' title='bbox 1376 3122 1496 3163; x_wconf 92' lang='lat' dir='ltr'><strong>non</strong></span> <span class='ocrx_word' id='word_1_326' title='bbox 1542 3105 1626 3163; x_wconf 91' lang='lat' dir='ltr'><strong>sit</strong></span> <span class='ocrx_word' id='word_1_327' title='bbox 1670 3105 1799 3162; x_wconf 90' lang='lat' dir='ltr'><strong>sine</strong></span> <span class='ocrx_word' id='word_1_328' title='bbox 1847 3106 2129 3179; x_wconf 87' lang='lat' dir='ltr'><strong>exemp10,</strong></span> <span class='ocrx_word' id='word_1_329' title='bbox 2178 3123 2313 3163; x_wconf 89' lang='lat' dir='ltr'><strong>cum</strong></span> <span class='ocrx_word' id='word_1_330' title='bbox 2357 3124 2427 3162; x_wconf 89' lang='lat' dir='ltr'><strong>ea</strong></span> <span class='ocrx_word' id='word_1_331' title='bbox 2463 3106 2589 3181; x_wconf 85' lang='lat' dir='ltr'><strong>jam</strong></span> <span class='ocrx_word' id='word_1_332' title='bbox 2635 3124 2740 3180; x_wconf 88' lang='lat' dir='ltr'><strong>per</strong></span> <span class='ocrx_word' id='word_1_333' title='bbox 2786 3105 2986 3163; x_wconf 88' lang='lat' dir='ltr'><strong>secula</strong></span> <span class='ocrx_word' id='word_1_334' title='bbox 3031 3105 3190 3164; x_wconf 91' lang='lat' dir='ltr'><strong>obti-</strong></span> 
     </span>
     <span class='ocr_line' id='line_1_31' title="bbox 561 3192 3192 3270; baseline 0 -18"><span class='ocrx_word' id='word_1_335' title='bbox 561 3194 764 3252; x_wconf 89' lang='lat' dir='ltr'><strong>nuerit</strong></span> <span class='ocrx_word' id='word_1_336' title='bbox 794 3194 857 3251; x_wconf 91' lang='lat' dir='ltr'><strong>in</strong></span> <span class='ocrx_word' id='word_1_337' title='bbox 889 3193 1167 3252; x_wconf 89' lang='lat' dir='ltr'><strong>universa</strong></span> <span class='ocrx_word' id='word_1_338' title='bbox 1197 3194 1611 3270; x_wconf 88' lang='lat' dir='ltr'><strong>theologorum</strong></span> <span class='ocrx_word' id='word_1_339' title='bbox 1646 3193 1864 3263; x_wconf 89' lang='lat' dir='ltr'><strong>schola,</strong></span> <span class='ocrx_word' id='word_1_340' title='bbox 1898 3213 2030 3252; x_wconf 90' lang='lat' dir='ltr'><strong>cum</strong></span> <span class='ocrx_word' id='word_1_341' title='bbox 2064 3212 2132 3251; x_wconf 92' lang='lat' dir='ltr'><strong>ea</strong></span> <span class='ocrx_word' id='word_1_342' title='bbox 2161 3192 2480 3251; x_wconf 89' lang='lat' dir='ltr'><strong>admodum</strong></span> <span class='ocrx_word' id='word_1_343' title='bbox 2511 3195 2592 3252; x_wconf 84' lang='lat' dir='ltr'><strong>sit</strong></span> <span class='ocrx_word' id='word_1_344' title='bbox 2634 3197 2804 3270; x_wconf 84' lang='lat' dir='ltr'><strong>apta:</strong></span> <span class='ocrx_word' id='word_1_345' title='bbox 2851 3194 3053 3269; x_wconf 85' lang='lat' dir='ltr'><strong>potuit</strong></span> <span class='ocrx_word' id='word_1_346' title='bbox 3082 3195 3192 3252; x_wconf 86' lang='lat' dir='ltr'><strong>Ec-</strong></span> 
     </span>
     <span class='ocr_line' id='line_1_32' title="bbox 560 3283 3191 3358; baseline 0 -17"><span class='ocrx_word' id='word_1_347' title='bbox 560 3284 737 3341; x_wconf 89' lang='lat' dir='ltr'><strong>clesia</strong></span> <span class='ocrx_word' id='word_1_348' title='bbox 767 3283 1083 3358; x_wconf 88' lang='lat' dir='ltr'><strong>vulgatum</strong></span> <span class='ocrx_word' id='word_1_349' title='bbox 1117 3283 1398 3358; x_wconf 90' lang='lat' dir='ltr'><strong>loquendi</strong></span> <span class='ocrx_word' id='word_1_350' title='bbox 1431 3302 1609 3341; x_wconf 91' lang='lat' dir='ltr'><strong>usum</strong></span> <span class='ocrx_word' id='word_1_351' title='bbox 1643 3287 1949 3358; x_wconf 88' lang='lat' dir='ltr'><strong>acceptare</strong></span> <span class='ocrx_word' id='word_1_352' title='bbox 1980 3286 2042 3341; x_wconf 85' lang='lat' dir='ltr'><strong>et</strong></span> <span class='ocrx_word' id='word_1_353' title='bbox 2073 3283 2319 3341; x_wconf 90' lang='lat' dir='ltr'><strong>solemni</strong></span> <span class='ocrx_word' id='word_1_354' title='bbox 2340 3283 2562 3342; x_wconf 86' lang='lat' dir='ltr'><strong>sancire</strong></span> <span class='ocrx_word' id='word_1_355' title='bbox 2583 3283 2836 3342; x_wconf 85' lang='lat' dir='ltr'><strong>decret0.</strong></span> <span class='ocrx_word' id='word_1_356' title='bbox 2886 3284 3018 3342; x_wconf 86' lang='lat' dir='ltr'><strong>Etsi</strong></span> <span class='ocrx_word' id='word_1_357' title='bbox 3050 3301 3191 3342; x_wconf 85' lang='lat' dir='ltr'><strong>vero</strong></span> 
     </span>
     <span class='ocr_line' id='line_1_33' title="bbox 561 3371 3191 3446; baseline 0 -17"><span class='ocrx_word' id='word_1_358' title='bbox 561 3392 630 3430; x_wconf 89' lang='lat' dir='ltr'><strong>ea</strong></span> <span class='ocrx_word' id='word_1_359' title='bbox 675 3371 896 3430; x_wconf 90' lang='lat' dir='ltr'><strong>locutio</strong></span> <span class='ocrx_word' id='word_1_360' title='bbox 944 3377 1099 3430; x_wconf 88' lang='lat' dir='ltr'><strong>esset</strong></span> <span class='ocrx_word' id='word_1_361' title='bbox 1130 3372 1432 3442; x_wconf 88' lang='lat' dir='ltr'><strong>inusitata,</strong></span> <span class='ocrx_word' id='word_1_362' title='bbox 1477 3373 1745 3430; x_wconf 87' lang='lat' dir='ltr'><strong>valerent</strong></span> <span class='ocrx_word' id='word_1_363' title='bbox 1777 3372 1871 3429; x_wconf 90' lang='lat' dir='ltr'><strong>hic</strong></span> <span class='ocrx_word' id='word_1_364' title='bbox 1901 3372 2081 3430; x_wconf 87' lang='lat' dir='ltr'><strong>verba</strong></span> <span class='ocrx_word' id='word_1_365' title='bbox 2111 3372 2548 3446; x_wconf 86' lang='lat' dir='ltr'><strong>Augustini</strong></span> <span class='ocrx_word' id='word_1_366' title='bbox 2593 3374 2656 3430; x_wconf 90' lang='lat' dir='ltr'><strong>in</strong></span> <span class='ocrx_word' id='word_1_367' title='bbox 2689 3373 2782 3432; x_wconf 84' lang='lat' dir='ltr'><strong>Ps.</strong></span> <span class='ocrx_word' id='word_1_368' title='bbox 2824 3382 2943 3436; x_wconf 88' lang='grc'><strong>138</strong></span> <span class='ocrx_word' id='word_1_369' title='bbox 2980 3392 3040 3431; x_wconf 90' lang='lat' dir='ltr'><strong>n.</strong></span> <span class='ocrx_word' id='word_1_370' title='bbox 3075 3381 3191 3435; x_wconf 86' lang='lat'><strong>20:</strong></span> 
     </span>
     <span class='ocr_line' id='line_1_34' title="bbox 564 3461 3189 3538; baseline 0 -20"><span class='ocrx_word' id='word_1_371' title='bbox 564 3502 590 3529; x_wconf 62' lang='lat'><strong>2,</strong></span> <span class='ocrx_word' id='word_1_372' title='bbox 608 3461 819 3519; x_wconf 79' lang='lat' dir='ltr'><strong>Melius</strong></span> <span class='ocrx_word' id='word_1_373' title='bbox 852 3463 960 3531; x_wconf 88' lang='lat' dir='ltr'><strong>est,</strong></span> <span class='ocrx_word' id='word_1_374' title='bbox 995 3464 1067 3518; x_wconf 89' lang='lat' dir='ltr'><strong>ut</strong></span> <span class='ocrx_word' id='word_1_375' title='bbox 1097 3478 1203 3519; x_wconf 91' lang='lat' dir='ltr'><strong>nos</strong></span> <span class='ocrx_word' id='word_1_376' title='bbox 1235 3461 1673 3538; x_wconf 86' lang='lat' dir='ltr'><strong>reprehendant</strong></span> <span class='ocrx_word' id='word_1_377' title='bbox 1692 3461 2078 3538; x_wconf 90' lang='lat' dir='ltr'><strong>grammatici,</strong></span> <span class='ocrx_word' id='word_1_378' title='bbox 2113 3479 2289 3534; x_wconf 90' lang='lat' dir='ltr'><strong>quam</strong></span> <span class='ocrx_word' id='word_1_379' title='bbox 2310 3464 2517 3519; x_wconf 83' lang='lat' dir='ltr'><strong>utnon</strong></span> <span class='ocrx_word' id='word_1_380' title='bbox 2537 3461 2884 3537; x_wconf 88' lang='lat' dir='ltr'><strong>intelligant</strong></span> <span class='ocrx_word' id='word_1_381' title='bbox 2901 3461 3189 3538; x_wconf 76' lang='lat' dir='ltr'><strong>populi3‘</strong></span> 
     </span>
     <span class='ocr_line' id='line_1_35' title="bbox 560 3549 3192 3628; baseline 0 -22"><span class='ocrx_word' id='word_1_382' title='bbox 560 3554 623 3607; x_wconf 90' lang='lat' dir='ltr'><strong>et</strong></span> <span class='ocrx_word' id='word_1_383' title='bbox 672 3549 891 3607; x_wconf 88' lang='lat' dir='ltr'><strong>iterum</strong></span> <span class='ocrx_word' id='word_1_384' title='bbox 941 3550 1004 3607; x_wconf 91' lang='lat' dir='ltr'><strong>in</strong></span> <span class='ocrx_word' id='word_1_385' title='bbox 1049 3550 1144 3609; x_wconf 79' lang='lat' dir='ltr'><strong>Pa.</strong></span> <span class='ocrx_word' id='word_1_386' title='bbox 1182 3560 1259 3612; x_wconf 82' lang='lat'><strong>36</strong></span> <span class='ocrx_word' id='word_1_387' title='bbox 1310 3568 1481 3612; x_wconf 91' lang='lat' dir='ltr'><strong>serm.</strong></span> <span class='ocrx_word' id='word_1_388' title='bbox 1517 3559 1551 3612; x_wconf 89' lang='lat'><strong>3</strong></span> <span class='ocrx_word' id='word_1_389' title='bbox 1602 3569 1660 3613; x_wconf 87' lang='lat' dir='ltr'><strong>n.</strong></span> <span class='ocrx_word' id='word_1_390' title='bbox 1697 3561 1763 3613; x_wconf 86' lang='lat'><strong>6:</strong></span> <span class='ocrx_word' id='word_1_391' title='bbox 1820 3549 2019 3618; x_wconf 83' lang='lat' dir='ltr'><strong>‚Quid</strong></span> <span class='ocrx_word' id='word_1_392' title='bbox 2065 3550 2139 3607; x_wconf 90' lang='lat' dir='ltr'><strong>ad</strong></span> <span class='ocrx_word' id='word_1_393' title='bbox 2183 3567 2312 3617; x_wconf 92' lang='lat' dir='ltr'><strong>nos,</strong></span> <span class='ocrx_word' id='word_1_394' title='bbox 2365 3550 2512 3626; x_wconf 89' lang='lat' dir='ltr'><strong>quid</strong></span> <span class='ocrx_word' id='word_1_395' title='bbox 2556 3551 2926 3628; x_wconf 84' lang='lat' dir='ltr'><strong>grammatici</strong></span> <span class='ocrx_word' id='word_1_396' title='bbox 2958 3551 3192 3609; x_wconf 77' lang='lat' dir='ltr'><strong>velint?</strong></span> 
     </span>
    </p>
   </div>
   <div class='ocr_carea' id='block_1_5' title="bbox 461 3639 3192 3715">
    <p class='ocr_par' dir='ltr' id='par_1_5' title="bbox 461 3639 3192 3715">
     <span class='ocr_line' id='line_1_36' title="bbox 461 3639 3192 3715; baseline 0 -19"><span class='ocrx_word' id='word_1_397' title='bbox 461 3668 471 3675; x_wconf 88' lang='lat'><em>-</em></span> <span class='ocrx_word' id='word_1_398' title='bbox 563 3639 776 3697; x_wconf 73' lang='lat' dir='ltr'><strong>Melius</strong></span> <span class='ocrx_word' id='word_1_399' title='bbox 810 3639 871 3697; x_wconf 92' lang='lat' dir='ltr'><strong>in</strong></span> <span class='ocrx_word' id='word_1_400' title='bbox 903 3639 1272 3700; x_wconf 86' lang='lat' dir='ltr'><strong>barbarismo</strong></span> <span class='ocrx_word' id='word_1_401' title='bbox 1305 3643 1510 3698; x_wconf 89' lang='lat' dir='ltr'><strong>nostro</strong></span> <span class='ocrx_word' id='word_1_402' title='bbox 1543 3657 1649 3698; x_wconf 88' lang='lat' dir='ltr'><strong>vos</strong></span> <span class='ocrx_word' id='word_1_403' title='bbox 1679 3639 2043 3715; x_wconf 80' lang='lat' dir='ltr'><strong>intelligitis,</strong></span> <span class='ocrx_word' id='word_1_404' title='bbox 2090 3657 2270 3713; x_wconf 90' lang='lat' dir='ltr'><strong>quam</strong></span> <span class='ocrx_word' id='word_1_405' title='bbox 2300 3639 2363 3696; x_wconf 93' lang='lat' dir='ltr'><strong>in</strong></span> <span class='ocrx_word' id='word_1_406' title='bbox 2394 3644 2600 3698; x_wconf 90' lang='lat' dir='ltr'><strong>nostra</strong></span> <span class='ocrx_word' id='word_1_407' title='bbox 2631 3639 3055 3699; x_wconf 86' lang='lat' dir='ltr'><strong>disertitudine</strong></span> <span class='ocrx_word' id='word_1_408' title='bbox 3089 3658 3192 3698; x_wconf 90' lang='lat' dir='ltr'><strong>vos</strong></span> 
     </span>
    </p>
   </div>
   <div class='ocr_carea' id='block_1_6' title="bbox 561 3727 3193 3892">
    <p class='ocr_par' dir='ltr' id='par_1_6' title="bbox 561 3727 3193 3892">
     <span class='ocr_line' id='line_1_37' title="bbox 562 3727 3193 3805; baseline 0.001 -20"><span class='ocrx_word' id='word_1_409' title='bbox 562 3728 783 3786; x_wconf 87' lang='lat' dir='ltr'><strong>deserti</strong></span> <span class='ocrx_word' id='word_1_410' title='bbox 814 3728 1043 3787; x_wconf 61' lang='lat' dir='ltr'><strong>eritis«</strong></span> <span class='ocrx_word' id='word_1_411' title='bbox 1096 3727 1325 3796; x_wconf 84' lang='lat' dir='ltr'><strong>Quibus</strong></span> <span class='ocrx_word' id='word_1_412' title='bbox 1347 3729 1570 3786; x_wconf 91' lang='lat' dir='ltr'><strong>similia</strong></span> <span class='ocrx_word' id='word_1_413' title='bbox 1601 3729 1782 3787; x_wconf 86' lang='lat' dir='ltr'><strong>habet</strong></span> <span class='ocrx_word' id='word_1_414' title='bbox 1814 3728 2047 3805; x_wconf 88' lang='lat' dir='ltr'><strong>Orige</strong></span> <span class='ocrx_word' id='word_1_415' title='bbox 2069 3746 2201 3786; x_wconf 88' lang='lat' dir='ltr'><strong>nes</strong></span> <span class='ocrx_word' id='word_1_416' title='bbox 2232 3727 2330 3786; x_wconf 90' lang='lat' dir='ltr'><strong>vel</strong></span> <span class='ocrx_word' id='word_1_417' title='bbox 2360 3728 2511 3787; x_wconf 87' lang='lat' dir='ltr'><strong>forte</strong></span> <span class='ocrx_word' id='word_1_418' title='bbox 2542 3728 2747 3804; x_wconf 89' lang='lat' dir='ltr'><strong>potius</strong></span> <span class='ocrx_word' id='word_1_419' title='bbox 2779 3729 2971 3805; x_wconf 89' lang='lat' dir='ltr'><strong>ipsius</strong></span> <span class='ocrx_word' id='word_1_420' title='bbox 3004 3729 3193 3787; x_wconf 89' lang='lat' dir='ltr'><strong>inter·</strong></span> 
     </span>
     <span class='ocr_line' id='line_1_38' title="bbox 561 3817 1839 3892; baseline 0.004 -17"><span class='ocrx_word' id='word_1_421' title='bbox 561 3836 696 3892; x_wconf 91' lang='lat' dir='ltr'><strong>pres</strong></span> <span class='ocrx_word' id='word_1_422' title='bbox 730 3817 1066 3876; x_wconf 85' lang='lat' dir='ltr'><strong>Rufinus</strong></span> <span class='ocrx_word' id='word_1_423' title='bbox 1100 3818 1164 3874; x_wconf 91' lang='lat' dir='ltr'><strong>in</strong></span> <span class='ocrx_word' id='word_1_424' title='bbox 1195 3817 1412 3876; x_wconf 88' lang='lat' dir='ltr'><strong>Cantic.</strong></span> <span class='ocrx_word' id='word_1_425' title='bbox 1445 3818 1484 3874; x_wconf 93' lang='lat' dir='ltr'><strong>l.</strong></span> <span class='ocrx_word' id='word_1_426' title='bbox 1521 3827 1555 3880; x_wconf 89' lang='lat'><strong>3</strong></span> <span class='ocrx_word' id='word_1_427' title='bbox 1593 3818 1657 3875; x_wconf 86' lang='lat' dir='ltr'><strong>in</strong></span> <span class='ocrx_word' id='word_1_428' title='bbox 1693 3826 1747 3887; x_wconf 91' lang='lat'><strong>2,</strong></span> <span class='ocrx_word' id='word_1_429' title='bbox 1784 3825 1839 3879; x_wconf 88' lang='grc'><strong>3.</strong></span> 
     </span>
    </p>
   </div>
   <div class='ocr_carea' id='block_1_7' title="bbox 556 3917 3193 4625">
    <p class='ocr_par' dir='ltr' id='par_1_7' title="bbox 556 3917 3193 4625">
     <span class='ocr_line' id='line_1_39' title="bbox 742 3917 3193 4000; baseline 0.001 -19"><span class='ocrx_word' id='word_1_430' title='bbox 742 3919 905 3982; x_wconf 88' lang='lat' dir='ltr'><strong>Dum</strong></span> <span class='ocrx_word' id='word_1_431' title='bbox 953 3925 1170 3983; x_wconf 89' lang='lat' dir='ltr'><strong>autern</strong></span> <span class='ocrx_word' id='word_1_432' title='bbox 1218 3925 1654 4000; x_wconf 88' lang='lat' dir='ltr'><strong>protestantes</strong></span> <span class='ocrx_word' id='word_1_433' title='bbox 1710 3919 1880 3982; x_wconf 89' lang='lat' dir='ltr'><strong>hanc</strong></span> <span class='ocrx_word' id='word_1_434' title='bbox 1933 3918 2272 3982; x_wconf 86' lang='lat' dir='ltr'><strong>formulam</strong></span> <span class='ocrx_word' id='word_1_435' title='bbox 2318 3919 2713 4000; x_wconf 86' lang='lat' dir='ltr'><strong>impugnant,</strong></span> <span class='ocrx_word' id='word_1_436' title='bbox 2768 3921 2825 3988; x_wconf 91' lang='lat'><strong>1.</strong></span> <span class='ocrx_word' id='word_1_437' title='bbox 2878 3917 3193 3984; x_wconf 85' lang='lat' dir='ltr'><strong>formulae</strong></span> 
     </span>
     <span class='ocr_line' id='line_1_40' title="bbox 564 4024 3193 4107; baseline 0 -17"><span class='ocrx_word' id='word_1_438' title='bbox 564 4033 927 4107; x_wconf 85' lang='lat' dir='ltr'><strong>pervertere</strong></span> <span class='ocrx_word' id='word_1_439' title='bbox 961 4024 1171 4090; x_wconf 89' lang='lat' dir='ltr'><strong>solent</strong></span> <span class='ocrx_word' id='word_1_440' title='bbox 1200 4045 1480 4102; x_wconf 90' lang='lat' dir='ltr'><strong>sensum,</strong></span> <span class='ocrx_word' id='word_1_441' title='bbox 1515 4045 1592 4089; x_wconf 89' lang='lat' dir='ltr'><strong>ac</strong></span> <span class='ocrx_word' id='word_1_442' title='bbox 1624 4027 1678 4089; x_wconf 91' lang='lat' dir='ltr'><strong>si</strong></span> <span class='ocrx_word' id='word_1_443' title='bbox 1713 4026 2011 4090; x_wconf 90' lang='lat' dir='ltr'><strong>catholici</strong></span> <span class='ocrx_word' id='word_1_444' title='bbox 2043 4026 2351 4091; x_wconf 88' lang='lat' dir='ltr'><strong>docerent</strong></span> <span class='ocrx_word' id='word_1_445' title='bbox 2380 4046 2444 4094; x_wconf 88' lang='lat' dir='ltr'><strong>a.</strong></span> <span class='ocrx_word' id='word_1_446' title='bbox 2481 4044 2643 4106; x_wconf 89' lang='lat' dir='ltr'><strong>opus</strong></span> <span class='ocrx_word' id='word_1_447' title='bbox 2676 4031 3013 4106; x_wconf 89' lang='lat' dir='ltr'><strong>operatum</strong></span> <span class='ocrx_word' id='word_1_448' title='bbox 3047 4044 3193 4090; x_wconf 91' lang='lat' dir='ltr'><strong>esse</strong></span> 
     </span>
     <span class='ocr_line' id='line_1_41' title="bbox 563 4131 3193 4215; baseline 0 -20"><span class='ocrx_word' id='word_1_449' title='bbox 563 4151 724 4213; x_wconf 91' lang='lat' dir='ltr'><strong>opus</strong></span> <span class='ocrx_word' id='word_1_450' title='bbox 770 4133 1168 4196; x_wconf 87' lang='lat' dir='ltr'><strong>meritorium</strong></span> <span class='ocrx_word' id='word_1_451' title='bbox 1199 4133 1396 4213; x_wconf 91' lang='lat' dir='ltr'><strong>ipsius</strong></span> <span class='ocrx_word' id='word_1_452' title='bbox 1444 4133 1849 4215; x_wconf 90' lang='lat' dir='ltr'><strong>suscipientis</strong></span> <span class='ocrx_word' id='word_1_453' title='bbox 1895 4140 2331 4208; x_wconf 89' lang='lat' dir='ltr'><strong>sacramenta;</strong></span> <span class='ocrx_word' id='word_1_454' title='bbox 2379 4131 2482 4197; x_wconf 89' lang='lat' dir='ltr'><strong>vel</strong></span> <span class='ocrx_word' id='word_1_455' title='bbox 2527 4135 2597 4200; x_wconf 86' lang='lat' dir='ltr'><strong>b.</strong></span> <span class='ocrx_word' id='word_1_456' title='bbox 2646 4151 2807 4214; x_wconf 89' lang='lat' dir='ltr'><strong>opus</strong></span> <span class='ocrx_word' id='word_1_457' title='bbox 2853 4138 3193 4197; x_wconf 83' lang='lat' dir='ltr'><strong>externum</strong></span> 
     </span>
     <span class='ocr_line' id='line_1_42' title="bbox 556 4236 3191 4328; baseline -0 -26"><span class='ocrx_word' id='word_1_458' title='bbox 556 4238 907 4318; x_wconf 64' lang='lat' dir='ltr'><strong>,iustificare</strong></span> <span class='ocrx_word' id='word_1_459' title='bbox 939 4239 1077 4303; x_wconf 90' lang='lat' dir='ltr'><strong>sine</strong></span> <span class='ocrx_word' id='word_1_460' title='bbox 1111 4239 1241 4302; x_wconf 92' lang='lat' dir='ltr'><strong>ullo</strong></span> <span class='ocrx_word' id='word_1_461' title='bbox 1273 4239 1447 4304; x_wconf 91' lang='lat' dir='ltr'><strong>bono</strong></span> <span class='ocrx_word' id='word_1_462' title='bbox 1482 4241 1681 4321; x_wconf 88' lang='lat' dir='ltr'><strong>ipsius</strong></span> <span class='ocrx_word' id='word_1_463' title='bbox 1713 4241 1989 4304; x_wconf 89' lang='lat' dir='ltr'><strong>hominis</strong></span> <span class='ocrx_word' id='word_1_464' title='bbox 2025 4240 2276 4328; x_wconf 87' lang='lat' dir='ltr'><strong>(adulti)</strong></span> <span class='ocrx_word' id='word_1_465' title='bbox 2310 4246 2523 4314; x_wconf 90' lang='lat' dir='ltr'><strong>motu;</strong></span> <span class='ocrx_word' id='word_1_466' title='bbox 2555 4237 2656 4305; x_wconf 90' lang='lat' dir='ltr'><strong>vel</strong></span> <span class='ocrx_word' id='word_1_467' title='bbox 2700 4259 2764 4307; x_wconf 90' lang='lat' dir='ltr'><strong>c.</strong></span> <span class='ocrx_word' id='word_1_468' title='bbox 2800 4236 3110 4321; x_wconf 88' lang='lat' dir='ltr'><strong>Spiritum</strong></span> <span class='ocrx_word' id='word_1_469' title='bbox 3143 4260 3191 4302; x_wconf 90' lang='lat' dir='ltr'><strong>s.</strong></span> 
     </span>
     <span class='ocr_line' id='line_1_43' title="bbox 563 4344 3192 4427; baseline 0.001 -20"><span class='ocrx_word' id='word_1_470' title='bbox 563 4362 717 4408; x_wconf 89' lang='lat' dir='ltr'><strong>suas</strong></span> <span class='ocrx_word' id='word_1_471' title='bbox 747 4345 1109 4425; x_wconf 85' lang='lat' dir='ltr'><strong>resignasse</strong></span> <span class='ocrx_word' id='word_1_472' title='bbox 1140 4345 1312 4409; x_wconf 89' lang='lat' dir='ltr'><strong>vices</strong></span> <span class='ocrx_word' id='word_1_473' title='bbox 1346 4347 1771 4411; x_wconf 87' lang='lat' dir='ltr'><strong>sacramentis</strong></span> <span class='ocrx_word' id='word_1_474' title='bbox 1791 4346 1987 4412; x_wconf 87' lang='lat' dir='ltr'><strong>veluti</strong></span> <span class='ocrx_word' id='word_1_475' title='bbox 2020 4347 2231 4410; x_wconf 89' lang='lat' dir='ltr'><strong>causis</strong></span> <span class='ocrx_word' id='word_1_476' title='bbox 2264 4346 2580 4427; x_wconf 87' lang='lat' dir='ltr'><strong>primariis</strong></span> <span class='ocrx_word' id='word_1_477' title='bbox 2614 4364 2729 4410; x_wconf 85' lang='lat' dir='ltr'><strong>seu</strong></span> <span class='ocrx_word' id='word_1_478' title='bbox 2762 4345 2939 4409; x_wconf 89' lang='lat' dir='ltr'><strong>hisce</strong></span> <span class='ocrx_word' id='word_1_479' title='bbox 2973 4344 3192 4410; x_wconf 90' lang='lat' dir='ltr'><strong>inesse</strong></span> 
     </span>
     <span class='ocr_line' id='line_1_44' title="bbox 562 4450 3189 4534; baseline 0.001 -20"><span class='ocrx_word' id='word_1_480' title='bbox 562 4453 692 4514; x_wconf 78' lang='lat' dir='ltr'><strong>vim</strong></span> <span class='ocrx_word' id='word_1_481' title='bbox 723 4453 1070 4533; x_wconf 90' lang='lat' dir='ltr'><strong>magicam;</strong></span> <span class='ocrx_word' id='word_1_482' title='bbox 1119 4471 1284 4534; x_wconf 89' lang='lat' dir='ltr'><strong>quae</strong></span> <span class='ocrx_word' id='word_1_483' title='bbox 1316 4460 1466 4516; x_wconf 86' lang='lat' dir='ltr'><strong>sunt</strong></span> <span class='ocrx_word' id='word_1_484' title='bbox 1499 4453 1860 4517; x_wconf 90' lang='lat' dir='ltr'><strong>calumniae</strong></span> <span class='ocrx_word' id='word_1_485' title='bbox 1907 4471 1986 4516; x_wconf 86' lang='lat' dir='ltr'><strong>ex</strong></span> <span class='ocrx_word' id='word_1_486' title='bbox 2019 4452 2271 4516; x_wconf 91' lang='lat' dir='ltr'><strong>inscitia</strong></span> <span class='ocrx_word' id='word_1_487' title='bbox 2302 4452 2403 4517; x_wconf 88' lang='lat' dir='ltr'><strong>vel</strong></span> <span class='ocrx_word' id='word_1_488' title='bbox 2435 4452 2609 4515; x_wconf 89' lang='lat' dir='ltr'><strong>mala</strong></span> <span class='ocrx_word' id='word_1_489' title='bbox 2654 4451 2776 4517; x_wconf 86' lang='lat' dir='ltr'><strong>fide</strong></span> <span class='ocrx_word' id='word_1_490' title='bbox 2822 4450 3189 4532; x_wconf 87' lang='lat' dir='ltr'><strong>profectae;</strong></span> 
     </span>
     <span class='ocr_line' id='line_1_45' title="bbox 563 4558 1798 4625; baseline 0.003 -5"><span class='ocrx_word' id='word_1_491' title='bbox 563 4558 716 4621; x_wconf 88' lang='lat' dir='ltr'><strong>nihil</strong></span> <span class='ocrx_word' id='word_1_492' title='bbox 751 4558 920 4621; x_wconf 89' lang='lat' dir='ltr'><strong>enim</strong></span> <span class='ocrx_word' id='word_1_493' title='bbox 952 4558 1182 4623; x_wconf 89' lang='lat' dir='ltr'><strong>horum</strong></span> <span class='ocrx_word' id='word_1_494' title='bbox 1216 4560 1450 4625; x_wconf 89' lang='lat' dir='ltr'><strong>docent</strong></span> <span class='ocrx_word' id='word_1_495' title='bbox 1483 4561 1798 4624; x_wconf 88' lang='lat' dir='ltr'><strong>catholici.</strong></span> 
     </span>
    </p>
   </div>
   <div class='ocr_carea' id='block_1_8' title="bbox 787 4752 2867 4823">
    <p class='ocr_par' dir='ltr' id='par_1_8' title="bbox 787 4752 2867 4823">
     <span class='ocr_line' id='line_1_46' title="bbox 787 4752 2867 4823; baseline -0.001 -17"><span class='ocrx_word' id='word_1_496' title='bbox 787 4757 820 4820; x_wconf 86' lang='lat'><strong>¹)</strong></span> <span class='ocrx_word' id='word_1_497' title='bbox 851 4752 995 4806; x_wconf 79' lang='lat' dir='ltr'><strong>Vide</strong></span> <span class='ocrx_word' id='word_1_498' title='bbox 1025 4753 1060 4804; x_wconf 93' lang='lat' dir='ltr'>Z</span> <span class='ocrx_word' id='word_1_499' title='bbox 1081 4772 1188 4805; x_wconf 85' lang='grc'>11111</span> <span class='ocrx_word' id='word_1_500' title='bbox 1211 4758 1290 4822; x_wconf 86' lang='lat' dir='ltr'><strong>pt</strong></span> <span class='ocrx_word' id='word_1_501' title='bbox 1317 4754 1414 4806; x_wconf 73' lang='lat' dir='ltr'><strong>lat..</strong></span> <span class='ocrx_word' id='word_1_502' title='bbox 1445 4752 1807 4822; x_wconf 72' lang='lat' dir='ltr'><strong>Grgmmatik</strong></span> <span class='ocrx_word' id='word_1_503' title='bbox 1836 4753 1923 4805; x_wconf 49' lang='lat' dir='ltr'><strong>ed„</strong></span> <span class='ocrx_word' id='word_1_504' title='bbox 1952 4761 1987 4809; x_wconf 89' lang='grc'>8</span> <span class='ocrx_word' id='word_1_505' title='bbox 2014 4753 2286 4818; x_wconf 86' lang='lat' dir='ltr'><strong>Berolini,</strong></span> <span class='ocrx_word' id='word_1_506' title='bbox 2320 4756 2454 4810; x_wconf 80' lang='lat'>1837</span> <span class='ocrx_word' id='word_1_507' title='bbox 2481 4765 2505 4819; x_wconf 65' lang='grc' dir='ltr'><strong>ξ</strong></span> <span class='ocrx_word' id='word_1_508' title='bbox 2535 4759 2637 4810; x_wconf 78' lang='grc'><strong>632</strong></span> <span class='ocrx_word' id='word_1_509' title='bbox 2663 4774 2718 4823; x_wconf 89' lang='lat' dir='ltr'><strong>p.</strong></span> <span class='ocrx_word' id='word_1_510' title='bbox 2747 4760 2867 4808; x_wconf 82' lang='lat'><strong>535.</strong></span> 
     </span>
    </p>
   </div>
  </div>
 </body>
</html>
