3538 5364
579 275 707 342 373
816 267 999 320 Tract.
1026 267 1119 319 IX.
1146 267 1215 320 de
1242 266 1602 321 eucharistia.
1632 266 1830 320 Thesis
1857 267 2199 322 CCXXXIII.
2227 267 2487 324 Christus
2512 268 2574 321 in
2603 270 2760 324 euch.
2790 268 2947 322 ador.

577 454 1064 530 comparandum3
1098 450 1165 518 d.
1197 453 1271 511 ad
1302 452 1732 511 excludendum
1754 471 2028 523 errorem,
2063 453 2357 513 Christum
2379 471 2501 512 non
2521 471 2649 512 esse
2671 455 2869 512 totum
2902 455 3014 512 sub
3048 474 3203 530 qua-

581 544 666 602 vis
700 543 923 620 specie;
965 557 1025 607 e.
1058 547 1385 618 spontanea
1415 541 1681 600 fidelium
1713 541 2046 601 desuetudo
2078 546 2140 601 et
2169 542 2308 601 hinc
2339 543 2541 601 unitas
2575 542 2726 601 ritus
2758 543 2822 601 in
2854 543 3203 619 accipienda

576 633 962 702 eucharistia3
1011 628 1061 693 f.
1112 638 1183 689 ut
1219 631 1561 701 faciliorem,
1597 630 1734 689 hinc
1765 631 2226 706 frequentiorem
2258 631 2533 690 redderet
2564 632 2915 691 sacramenti
2947 636 3069 691 tam
3109 650 3202 690 sa-

573 722 787 781 lutaris
820 740 1014 781 usum.

753 846 899 911 379.
951 840 1207 908 Thesis
1239 838 1707 909 CCXXXIII·
1747 862 2066 916 Clu-istus
2099 865 2179 917 in
2199 865 2634 918 eucharistia
2652 866 3067 920 adorandus
3095 869 3203 917 est

574 954 769 1007 cultu
807 955 1081 1007 latriae-

753 1074 1326 1142 Demonstratio.
1391 1071 1743 1136 Concilium
1790 1074 1969 1137 trid.
2015 1093 2169 1139 sess.
2211 1081 2291 1143 13
2323 1092 2462 1138 can.
2498 1081 2537 1144 6
2571 1076 2827 1139 statuit:
2898 1072 3005 1149 ,Si
3051 1074 3201 1157 quis

575 1182 820 1258 dixerit,
870 1180 936 1244 in
988 1201 1035 1244 s.
1089 1180 1513 1245 eucharistiae
1564 1187 1973 1245 sacramento
2023 1180 2345 1245 Christum
2391 1181 2784 1262 uuigenitum
2819 1183 2933 1247 Dei
2967 1182 3200 1246 Filium

573 1308 703 1353 non
737 1306 878 1352 esse
911 1288 1086 1351 cultu
1118 1287 1364 1363 latriae,
1397 1287 1591 1350 etiam
1625 1293 1910 1365 externo,
1945 1288 2367 1365 adorandum,
2414 1295 2608 1370 atque
2638 1290 2784 1353 ideo
2818 1307 2936 1353 nec
2969 1288 3201 1353 festiva

572 1394 883 1475 peculiari
917 1392 1262 1458 celebritae
1292 1393 1752 1470 venerandum,
1785 1412 1994 1475 neque
2029 1394 2092 1457 in
2123 1394 2644 1476 processionibus
2681 1396 3034 1460 secundum
3055 1396 3202 1459 lau-

572 1501 851 1565 dabilem
886 1507 951 1566 et
983 1500 1414 1564 universalem
1449 1500 1771 1564 Ecclesiae
1804 1520 1851 1564 s.
1886 1500 2079 1565 ritum
2131 1507 2195 1565 et
2244 1502 2777 1566 consuetudinem
2826 1503 3203 1567 solemniter

573 1607 1226 1687 circumgestandum,
1259 1606 1360 1670 vel
1393 1625 1523 1670 non
1555 1605 1825 1687 publice,
1858 1611 1928 1671 ut
1960 1608 2280 1684 adoretur,
2313 1609 2551 1690 populo
2584 1610 3096 1691 proponendum,
3135 1618 3202 1674 et

572 1715 708 1796 ejus
739 1715 1125 1779 adoratores
1171 1732 1312 1777 esse
1346 1711 1736 1789 idololatraS,
1769 1713 1842 1777 A.
1876 1710 1975 1777 S.‹
2045 1713 2219 1779 Haec
2265 1722 2484 1779 autem
2531 1723 2761 1797 sponte
2806 1735 2926 1781 sua
2967 1734 3200 1780 conse-

572 1827 857 1905 quuntur
887 1821 1128 1886 realem
1161 1819 1392 1884 Christi
1423 1821 1487 1883 in
1520 1820 1911 1884 eucharistia
1944 1823 2393 1902 praesentiam.
2427 1820 2493 1885 Si
2527 1823 2697 1886 enim
2730 1824 2793 1886 in
2827 1842 2907 1889 ea
2924 1842 3076 1888 vere
3098 1831 3199 1888 est

572 1946 878 2010 praesens
910 1928 1045 2008 ipse
1075 1928 1126 1993 J.
1161 1926 1469 2003 ChristuS,
1504 1946 1695 2009 quem
1728 1926 1921 1992 Pater
1953 1935 2254 1993 aeternus
2274 1929 2687 1994 introducens
2717 1931 2782 1994 in
2816 1930 3040 1995 orbem
3062 1938 3193 1995 ter-

571 2054 787 2099 rarum
812 2034 997 2116 jubet
1030 2033 1290 2097 adorari
1324 2032 1406 2096 ab
1440 2033 1737 2097 omnibus
1771 2034 2015 2115 angelis
2047 2035 2162 2100 Dei
2195 2034 2407 2121 (Hebr.
2437 2043 2489 2112 1,
2513 2040 2598 2122 6),
2639 2056 2831 2118 quem
2850 2037 3021 2118 magi
3040 2055 3198 2119 pro·

572 2143 856 2208 cidentes
888 2142 1341 2217 adoraverunt,
1365 2160 1557 2223 quem
1578 2141 1660 2204 ab
1684 2143 1993 2223 apostolis
2016 2143 2355 2207 adoratum
2375 2143 2570 2208 fuisse
2590 2141 2922 2226 Scriptura
2943 2144 3196 2231 (Matth.

574 2254 679 2325 28,
719 2251 822 2336 17)
860 2255 1162 2313 testatur:
1196 2255 1387 2325 certe,
1421 2256 1491 2313 ut
1523 2249 1710 2313 infert
1740 2249 1909 2314 idem
1944 2250 2285 2314 concilium
2317 2268 2454 2332 cap.
2489 2256 2548 2327 5,
2582 2269 2621 2315 a
2643 2251 2832 2315 nobis
2855 2270 3113 2334 quoque
3131 2252 3197 2314 in

572 2356 957 2422 eucharistia
975 2362 1074 2421 est
1097 2356 1483 2419 adorandus
1518 2356 1594 2421 Et
1614 2374 1842 2421 revera
1851 2357 1985 2438 Jam
2007 2357 2072 2419 in
2095 2357 2543 2439 antiquissima
2561 2357 2847 2423 Ecclesia
2866 2356 3194 2423 Christum

570 2465 635 2527 in
667 2464 792 2529 hoc
826 2471 1235 2527 sacramento
1271 2462 1464 2527 fuisse
1498 2462 1858 2540 adoratum,
1896 2464 2154 2528 tradunt
2186 2471 2424 2545 patres,

746 2594 1220 2652 Praeclarissima
1252 2596 1412 2661 sunt,
1450 2611 1601 2666 quae
1633 2593 1889 2669 legimus
1922 2594 1985 2651 in
2017 2593 2403 2653 antirrhetico
2430 2604 2463 2656 2
2499 2594 2748 2653 Theod
2768 2593 2881 2652 ori
2916 2592 3190 2652 Studitae

568 2704 614 2745 c.
652 2695 723 2748 31
751 2705 763 2742 :
813 2682 1307 2753 ‚Orthodoxu
1328 2701 1386 2740 s:
1434 2681 1560 2750 Quo
1607 2682 1672 2740 in
1715 2702 1961 2742 numero
2008 2682 2186 2742 habes
2220 2702 2430 2759 corpus
2462 2689 2525 2743 et
2556 2684 2906 2761 sanguinem
2941 2681 3184 2742 Domini

569 2774 718 2833 Jesu
749 2773 1008 2832 Christi?
1056 2771 1553 2830 Haereticus:
1589 2770 1801 2830 Sancta
1833 2777 1976 2831 sunt
2008 2773 2216 2848 procul
2246 2773 2448 2844 dubio,
2483 2774 2704 2832 etenim
2739 2775 2941 2832 sancta
2973 2773 3193 2830 sanctis

570 2884 601 2921 a
645 2862 943 2922 sacerdote
988 2860 1475 2936 pronunciantur.
1541 2860 1606 2923 Ο.
1651 2860 1811 2919 Haec
1855 2862 2058 2938 itaque
2105 2862 2285 2920 etiam
2317 2862 2612 2921 adoranda
2654 2862 2929 2938 judicas?
2994 2861 3067 2921 Η.
3115 2862 3193 2919 Et

569 2953 704 3027 quis
737 2951 879 3009 adeo
913 2950 1094 3026 impie
1126 2949 1358 3017 sentiat,
1391 2949 1495 3024 qui
1526 2967 1644 3007 non
1677 2952 1880 3009 sancta
1911 2951 2088 3009 simul
2118 2955 2178 3010 et
2209 2952 2504 3011 adoranda
2536 2952 2925 3011 confiteatur?
2958 2950 3024 3008 Ο.
3055 2950 3191 3008 Non

567 3042 758 3117 igitur
802 3044 998 3098 tecum
1045 3038 1377 3114 pugnantia
1420 3039 1704 3114 loqueris,
1757 3040 1863 3114 qui
1914 3059 2049 3098 cum
2098 3044 2273 3099 antea
2321 3041 2557 3111 dixeris,
2609 3059 2727 3098 non
2776 3041 2977 3099 statim
3030 3039 3190 3114 quod

572 3135 845 3187 sanctum
877 3132 986 3198 est,
1021 3127 1175 3185 idem
1210 3128 1387 3186 etiam
1409 3127 1772 3187 adorandum
1796 3148 1939 3200 esse,
1972 3148 2132 3188 nunc
2152 3149 2392 3188 rursum
2412 3130 2686 3198 affirma8‚
2721 3130 2880 3204 quod
2912 3128 3191 3205 negasti?

568 3219 639 3275 H.
676 3217 861 3290 Atqui
895 3235 1014 3274 non
1047 3216 1120 3274 de
1151 3216 1449 3292 mysteriis
1471 3217 1617 3274 mihi
1649 3236 1842 3277 sermo
1874 3223 2019 3288 erat,
2053 3238 2238 3295 quum
2273 3218 2345 3276 de
2378 3219 2470 3277 his
2503 3237 2759 3278 omnes
2794 3218 3186 3285 consentiant,

568 3311 639 3364 ut
671 3306 852 3363 dixi.‹
877 3338 961 3348 —-
986 3306 1443 3364 Ambrosius
1476 3325 1774 3382 exponens
1807 3307 1898 3368 Ps.
1938 3317 2037 3379 98,
2075 3319 2106 3370 5
2144 3308 2227 3366 ita
2260 3308 2467 3366 scribit
2497 3308 2568 3366 de
2602 3307 2754 3383 Spir,
2789 3327 2833 3371 s,
2868 3308 2905 3365 l.
2931 3318 2962 3369 3
2988 3327 3046 3369 n.
3073 3316 3184 3367 792

572 3395 727 3463 „Per
758 3394 1081 3453 scabellum
1115 3401 1271 3453 terra
1301 3395 1701 3472 intelligitur3
1737 3415 1843 3472 per
1874 3400 2091 3455 terram
2124 3401 2323 3455 autem
2356 3416 2488 3456 caro
2508 3397 2740 3467 Christi,
2775 3416 2951 3472 quam
2987 3395 3187 3453 hodie·

570 3503 686 3559 que
732 3483 795 3542 in
840 3484 1145 3559 mysteriis
1178 3484 1506 3556 adoramus,
1554 3490 1615 3542 et
1658 3504 1837 3560 quam
1870 3485 2123 3561 apostoli
2157 3487 2218 3544 in
2252 3487 2502 3545 Domino
2535 3486 2683 3544 Jesu
2714 3486 3182 3552 adm-avernum<

568 3579 629 3631 et
660 3574 1159 3650 Augustinus
1191 3574 1389 3631 eadem
1423 3592 1704 3632 enarrans
1737 3577 1944 3633 verba:
1995 3577 2326 3643 ,Converte
2358 3595 2469 3645 me,
2502 3575 2700 3650 inquit
2731 3595 2788 3633 n.
2827 3587 2880 3644 9,
2915 3575 2988 3632 ad
3020 3573 3183 3632 Chri-

569 3668 747 3733 stum,
794 3663 937 3739 quia
980 3663 1179 3738 ipsum
1226 3681 1445 3738 quaero
1497 3663 1608 3732 hic,
1661 3667 1722 3721 et
1769 3664 2026 3732 inveni0‚
2081 3665 2374 3738 quomodo
2420 3665 2548 3723 sine
2580 3664 2877 3740 impietate
2908 3664 3183 3721 adoretur

567 3757 741 3823 terra,
777 3753 902 3810 sine
933 3753 1238 3827 impietate
1270 3752 1548 3810 adoretur
1580 3752 1904 3811 scabellum
1936 3753 2154 3829 pedum
2188 3755 2335 3828 ejuS.
2402 3753 2678 3828 Suscepit
2708 3753 2867 3811 enim
2912 3753 2983 3810 de
3028 3755 3184 3811 terra

571 3846 808 3913 terram,
844 3842 986 3916 quia
1015 3860 1148 3900 caro
1182 3841 1254 3899 de
1284 3844 1442 3899 terra
1473 3843 1581 3911 est,
1621 3846 1682 3900 et
1713 3842 1787 3900 de
1818 3860 1990 3900 carne
2023 3842 2237 3900 Mariae
2268 3860 2502 3900 carnem
2535 3842 2778 3917 accepit.
2842 3842 2918 3900 Et
2948 3840 3091 3916 quia
3123 3841 3185 3898 in

567 3931 702 4005 ipsa
745 3950 915 3989 carne
959 3932 1054 3990 hic
1096 3930 1442 3999 ambulavit,
1490 3934 1551 3988 et
1596 3931 1785 4006 ipsam
1831 3948 2063 3989 carnem
2109 3930 2282 3989 nobis
2316 3930 2785 3989 manducandam
2818 3930 2891 3988 ad
2926 3931 3178 3988 salutem

569 4019 759 4087 dedit;
809 4038 981 4078 nemo
1012 4023 1212 4078 autem
1243 4019 1408 4076 illam
1440 4037 1672 4077 carnem
1704 4020 2043 4090 manducat,
2089 4020 2206 4077 nisi
2251 4020 2421 4095 prius
2453 4019 2817 4088 adoraverit;
2872 4020 3184 4077 inventum

568 4111 674 4178 est,
709 4109 1207 4183 quemadmodum
1238 4108 1521 4166 adoretur
1552 4108 1673 4166 tale
1707 4109 2033 4167 scabellum
2065 4109 2283 4184 pedum
2305 4109 2561 4180 Domini,
2596 4112 2658 4168 et
2688 4128 2808 4167 non
2841 4109 3037 4166 solum
3069 4125 3188 4166 non

566 4215 874 4272 peccemus
908 4197 1224 4267 adorand0‚
1258 4196 1361 4255 sed
1396 4215 1704 4272 peccemus
1736 4216 1854 4257 non
1889 4198 2186 4257 adorando
2221 4241 2233 4253 .
2268 4243 2281 4255 .
2315 4244 2327 4256 .
2360 4199 2499 4258 Ideo
2531 4200 2592 4257 et
2622 4198 2695 4256 ad
2729 4201 2947 4256 terram
2978 4216 3185 4272 quam-

566 4285 714 4344 libet
748 4282 813 4366 (i.
845 4305 893 4349 e.
927 4286 997 4344 ad
1033 4286 1363 4360 quamlibet
1394 4286 1801 4358 eucharistiae,
1849 4307 2000 4363 quae
2033 4305 2166 4346 caro
2200 4286 2419 4346 Christi
2450 4291 2511 4346 et
2542 4287 2680 4345 hinc
2712 4291 2874 4345 terra
2905 4289 3015 4357 est,
3049 4305 3185 4362 par-

566 4371 839 4452 ticulam)
874 4393 1002 4432 cum
1035 4381 1096 4434 te
1127 4375 1383 4434 inclinas
1415 4379 1594 4450 atque
1626 4376 1976 4451 prosterniS,
2010 4395 2129 4435 non
2161 4377 2329 4451 quasi
2361 4385 2579 4435 terram
2612 4376 2916 4446 intueari8‚
2966 4376 3067 4434 sed
3113 4375 3186 4432 il·

567 4465 691 4523 lum
725 4468 1014 4535 sanctum,
1061 4465 1232 4540 cujus
1260 4464 1480 4540 pedum
1513 4465 1837 4523 scabellum
1883 4468 1992 4536 est,
2038 4465 2196 4540 quod
2242 4466 2466 4532 adoras,
2515 4471 2757 4542 propter
2792 4465 2993 4541 ipsum
3026 4464 3185 4523 enim

567 4554 833 4612 adoras.‘
868 4587 954 4595 —
988 4556 1279 4611 Auctor
1309 4572 1643 4629 anonymus
1677 4571 1790 4616 sec.
1823 4553 1919 4612 XI.
1952 4548 2118 4636 (Mig.
2147 4563 2290 4625 143,
2333 4551 2525 4637 1215)
2559 4555 2645 4613 ita
2675 4554 2987 4630 redarguit
3017 4572 3184 4630 grae·

567 4660 665 4700 cos
698 4642 1117 4712 schismaticos,
1150 4642 1255 4717 qui
1286 4642 1702 4702 eucharistiam
1736 4661 1806 4701 ex
1837 4661 1989 4718 pane
2019 4662 2223 4719 azymo
2257 4643 2588 4703 confectam
2607 4643 2999 4719 respuebant:
3033 4642 3185 4710 ,Ni-

567 4731 650 4789 hil
689 4734 783 4789 est
814 4731 1107 4789 medium:
1157 4734 1263 4789 aut
1309 4750 1523 4806 corpus
1553 4737 1646 4790 est
1677 4731 1908 4803 Christi,
1956 4734 2017 4791 et
2063 4734 2339 4792 omnibus
2374 4733 2770 4792 adorandum:
2817 4737 2925 4791 aut
2971 4748 3184 4807 corpus
