3538 5364
1127 297 1324 350 ‘rhesis
1352 295 1507 350 CCV.
1533 296 1602 349 (10
1630 296 1921 349 infusione
1950 295 2251 349 virtutum.
2869 303 2994 368 173

365 496 535 560 quae
570 478 735 543 aliae
768 478 1137 559 hujusmodi
1167 484 1348 542 sunt:
1393 477 1766 559 posterioris
1814 478 2063 558 generis
2096 483 2251 540 sunt
2285 495 2378 540 ex.
2413 495 2497 556 gr.
2544 477 2996 558 temperantia,

365 585 697 662 fortitudo,
729 584 891 650 fides
923 591 1079 649 ete.‹
1148 584 1538 648 Palmieri
1575 584 1658 649 de
1685 584 1921 666 poenit
1955 584 2041 647 th.
2075 590 2139 650 4.

553 707 700 761 206.
731 698 968 756 Donum
1000 698 1256 772 Spiritus
1285 698 1471 754 sancti
1499 700 1821 772 praeeunte
1851 696 2125 754 Thoma
2166 707 2215 757 1.
2253 704 2286 757 2
2311 715 2366 771 q.
2389 705 2468 759 68
2502 696 2782 771 perfectio
2814 717 2995 773 qut-e-

368 788 502 845 dam
535 790 633 846 est
664 787 943 857 hominia,
976 806 1095 862 qua
1125 786 1468 861 disponitur
1496 785 1570 844 ad
1603 786 1726 856 hoc,
1762 791 1833 843 ut
1863 785 2011 844 bene
2044 788 2333 860 sequatur
2363 784 2716 844 instinctum
2739 786 2998 862 Spiritus

371 878 585 937 sancti.
646 876 803 934 Hinc
834 876 990 934 sicut
1020 876 1301 934 convenit
1331 893 1467 932 cum
1501 875 1723 932 virtute
1768 874 2063 950 acquisita
2107 882 2168 932 et
2213 874 2411 932 infusa
2454 875 2515 932 in
2563 894 2649 944 e0,
2699 876 2857 950 quod
2906 882 2997 935 est

370 965 646 1024 habitus:
695 965 784 1023 ita
828 964 1042 1036 differt,
1091 964 1250 1040 quod
1296 964 1433 1022 illae
1471 966 1758 1041 regantur
1790 963 1885 1021 vel
1917 983 2124 1022 norma
2155 963 2404 1021 rationis
2438 963 2531 1021 vel
2566 964 2791 1022 lumine
2824 965 2997 1024 fidei:

371 1055 483 1113 hoc
513 1074 656 1113 vero
690 1054 956 1129 impulsu
987 1073 1090 1113 seu
1124 1052 1368 1129 speciali
1400 1052 1803 1111 illustratione
1838 1052 2101 1128 Spiritus
2135 1052 2340 1110 saneti.
2390 1051 2577 1120 Quam
2610 1053 2685 1111 ob
2718 1072 2841 1112 rem
2878 1073 2999 1112 non

373 1148 518 1202 sunt
550 1143 970 1202 confundenda
1000 1143 1153 1202 dona
1186 1142 1375 1200 sancti
1398 1141 1661 1216 Spiritus
1683 1160 1818 1200 cum
1840 1141 2170 1200 virtutibus
2192 1140 2411 1199 infusis
2431 1142 2697 1217 ejusdem
2718 1143 3003 1207 nominis,

373 1233 455 1291 Cf.
490 1235 777 1291 Suarez
807 1231 882 1301 11,
941 1242 1011 1295 17
1047 1250 1109 1301 s.,
1156 1231 1262 1307 qui
1297 1230 1391 1301 VI,
1447 1241 1522 1293 10
1566 1250 1625 1289 n.
1665 1242 1740 1294 10
1791 1231 2231 1307 animadvertit,
2276 1231 2430 1288 nihil
2477 1249 2604 1289 esse
2649 1237 2879 1290 certum
2926 1233 2997 1291 de

373 1341 583 1381 eorum
612 1339 956 1389 numerO,
990 1340 1124 1380 cum
1155 1340 1262 1396 per
1290 1339 1603 1379 numerum
1638 1320 2048 1395 septenarium
2082 1321 2239 1395 apud
2274 1321 2351 1379 Is.
2388 1332 2407 1382 1
2438 1333 2482 1390 1,
2523 1332 2555 1381 2
2592 1340 2641 1379 s·
2673 1322 2998 1381 secundum

373 1412 584 1488 plures
615 1411 967 1487 designetur
995 1411 1285 1469 donorum
1316 1409 1645 1485 plenitudo,
1692 1409 1943 1484 proinde
1976 1427 2147 1485 posse
2177 1409 2353 1485 plura
2383 1410 2479 1468 vel
2510 1410 2790 1484 pauciora
2822 1430 3000 1486 quam

375 1504 608 1577 septem
653 1499 856 1558 statui.
922 1500 1197 1559 Ceterum
1240 1517 1375 1556 cum
1422 1498 1682 1575 theologi
1729 1500 2065 1557 accuratius
2112 1498 2392 1557 nituntur
2430 1499 2731 1557 notionem
2764 1498 2904 1558 doni
2956 1520 3001 1559 s.

377 1590 644 1665 Spiritus
679 1588 1089 1657 determinare,
1136 1589 1295 1646 inter
1339 1606 1401 1645 se
1447 1606 1567 1645 non
1605 1588 2018 1647 consentiunt:
2066 1588 2335 1663 quaestio
2370 1592 2459 1645 est
2491 1587 2647 1646 enim
2681 1590 2826 1646 satis
2860 1590 3002 1648 sub-

373 1680 506 1737 tilis
557 1682 619 1737 et
667 1678 938 1752 implexa.
1000 1678 1079 1736 Cf.
1113 1676 1397 1735 Katholik
1437 1686 1554 1740 187
1567 1687 1601 1739 9
1638 1677 1682 1746 Ι,
1730 1685 1856 1739 449
1907 1696 2014 1747 ss,;
2060 1677 2421 1750 Bodewig
2466 1677 2529 1734 in
2578 1677 2853 1737 Zeitschr.
2905 1679 3009 1737 fiir

373 1769 541 1829 kath.
563 1768 763 1830 Theol.
795 1776 957 1831 1882
979 1773 1933 1843 pag.113--140;248—282;
1974 1775 2136 1829 1883
2172 1775 3004 1840 p.124-147;230—50;

373 1857 753 1915 Mazzella
782 1856 837 1915 d.
881 1867 991 1917 la.
1035 1852 1830 1926 13;Scheeben§295;
1878 1855 2121 1915 Weiss
2155 1873 2201 1917 s.
2234 1855 2485 1914 Thomae
2518 1857 2627 1930 Aq.
2662 1856 2732 1914 de
2766 1861 2997 1932 septem

375 1947 553 2005 donis
589 1945 850 2021 Spiritus
884 1963 928 2002 s.
961 1945 1248 2013 doctrina,
1285 1943 1544 2003 Viennae
1588 1954 1769 2007 1895.

565 2062 712 2115 207.
744 2052 1025 2129 Theologi
1074 2051 1327 2109 subinde
1376 2052 1738 2110 mentionem
1789 2051 2018 2108 faciunt
2068 2052 2247 2108 etiam
2297 2051 2893 2112 beatitudinum
2946 2057 3009 2111 et

381 2142 821 2208 fructuum,
870 2140 941 2198 de
989 2140 1207 2214 quibus
1254 2140 1385 2198 fuse
1431 2140 1700 2215 disputat
1743 2159 1788 2199 ε.
1835 2140 2155 2198 Thomas
2216 2152 2261 2202 1.
2314 2149 2347 2201 2
2398 2158 2452 2214 q.
2489 2150 2569 2202 69
2604 2145 2665 2199 et
2702 2151 2800 2211 70,
2854 2161 3009 2217 quae

382 2229 586 2306 paucis
617 2231 703 2287 ita
732 2229 1145 2304 complectitur
1175 2230 1308 2291 lect.
1345 2240 1378 2291 6
1414 2229 1478 2287 in
1511 2249 1600 2305 ep.
1633 2229 1705 2286 ad
1728 2229 1852 2287 Gal.
1884 2246 1931 2287 c.
1958 2239 2025 2291 5:
2062 2229 2410 2304 ,Accipitur
2440 2235 2636 2288 autem
2672 2230 3013 2289 differentia

388 2320 693 2390 donorum,
728 2318 1196 2389 beatitudinum,
1228 2318 1518 2376 virtutum
1554 2322 1615 2377 et
1646 2320 1949 2376 fructuum
1980 2317 2053 2374 ad
2086 2318 2340 2375 invicem
2375 2318 2481 2375 hoc
2511 2319 2704 2376 modo.
2769 2320 2839 2377 In
2882 2321 3002 2378 vir-

389 2414 522 2467 tute
553 2408 713 2466 enim
747 2412 841 2465 est
872 2408 1239 2466 considerare
1271 2407 1543 2465 habitum
1589 2411 1649 2465 et
1694 2410 1908 2465 actum.
1971 2406 2230 2464 Habitus
2261 2410 2458 2465 autem
2493 2407 2738 2465 virtutis
2771 2409 3005 2483 perficit

387 2497 459 2556 ad
493 2497 645 2554 bene
679 2496 993 2574 agendum.
1049 2496 1126 2554 Et
1171 2496 1221 2554 si
1268 2496 1508 2572 quidem
1542 2496 1807 2572 perficiat
1838 2497 1913 2554 ad
1943 2496 2093 2554 bene
2126 2495 2489 2571 operandum
2523 2496 2781 2556 humano
2813 2499 3003 2568 mod0‚

384 2586 611 2644 dicitur
639 2587 937 2655 virtus;
972 2584 1021 2643 si
1053 2604 1193 2643 vero
1225 2585 1493 2661 perficiat
1523 2586 1594 2643 ad
1627 2585 1778 2643 bene
1810 2585 2174 2660 operandum
2195 2585 2639 2659 supramodum
2661 2587 3010 2658 humanum,

385 2676 610 2734 dicitur
642 2675 681 2734 d
696 2695 729 2735 o
745 2695 787 2733 n
802 2696 843 2733 u
860 2695 935 2736 m.
969 2673 1134 2734 Unde
1155 2674 1543 2751 philosophus
1565 2694 1746 2749 supra
1765 2694 2107 2734 communes
2130 2675 2385 2734 virtutes
2405 2674 2577 2751 ponit
2599 2676 2884 2751 quasdam
2905 2676 3007 2734 he-

382 2766 607 2824 roicas:
640 2769 791 2841 puta
808 2782 1157 2841 cognoscere
1176 2764 1501 2822 invisibilia
1521 2765 1624 2822 Dei
1646 2764 1757 2823 sub
1780 2765 2128 2841 aenigmate,
2160 2772 2252 2822 est
2273 2783 2376 2839 per
2394 2764 2637 2822 modum
2658 2765 3007 2835 humanum,

385 2859 448 2913 et
485 2855 629 2912 haec
662 2854 922 2930 cognitio
952 2854 1213 2929 pertinet
1255 2855 1329 2912 ad
1375 2854 1659 2912 virtutem
1706 2853 1875 2924 fidei;
1928 2854 2029 2912 sed
2080 2871 2431 2930 cognoscere
2477 2873 2547 2913 ea
2591 2855 2902 2929 perspicue
2948 2859 3017 2912 et

384 2961 572 3020 supra
602 2944 929 3002 humanum
960 2943 1201 3001 modum
1231 2943 1495 3018 pertinet
1524 2943 1597 3000 ad
1639 2943 1861 3001 donum
1895 2942 2249 3001 intellectus.
2314 2945 2501 3001 Actus
2533 2948 2734 3002 autem
2764 2943 3015 3002 virtutis

385 3034 481 3091 vel
501 3039 597 3092 est
614 3032 942 3108 perficiens,
977 3035 1038 3088 et
1067 3031 1150 3090 sic
1182 3036 1275 3090 est
1304 3031 1713 3102 beatitud03
1748 3032 1842 3090 vel
1862 3037 1954 3089 est
1973 3033 2283 3100 delectans,
2320 3035 2379 3090 et
2412 3032 2495 3090 sic
2526 3039 2618 3092 est
2652 3033 3003 3091 fructu3.‘

555 3158 704 3221 208.
724 3152 979 3219 'rhesis
999 3149 1185 3221 CCV.
1259 3173 1353 3225 In
1375 3172 1880 3238 Juniflcatione
1917 3174 2194 3226 habitus
2232 3175 2576 3239 open-atim
2612 3175 3013 3238 infundem-

384 3269 531 3328 tur‚
569 3263 1000 3316 nominatim
1034 3263 1328 3315 virtutes
1364 3262 1780 3328 theutonicae
1809 3263 2024 3326 fides,
2067 3275 2248 3327 spes,
2286 3264 2570 3315 caritas.

571 3366 1120 3433 Demonstrati«)
1153 3385 1223 3450 p.
1259 3366 1322 3432 Ι.
1388 3364 1532 3428 Non
1578 3366 1811 3430 desunt
1843 3365 2138 3445 theologi,
2189 3366 2295 3447 qui
2328 3371 2569 3445 putent,
2606 3366 2836 3430 thesim
2869 3383 3020 3430 esse

386 3473 624 3537 saltem
657 3471 872 3554 quoad
904 3470 1169 3536 virtutes
1195 3471 1585 3552 theologicas
1617 3472 1697 3538 de
1729 3471 1913 3548 fide,
1947 3473 2001 3536 si
2033 3472 2368 3536 habituum
2388 3472 2647 3537 nomine
2668 3474 2840 3537 dona
2860 3480 3006 3536 tan-

389 3586 532 3644 tum
562 3578 993 3659 intelligantur
1021 3579 1466 3659 permanentia
1497 3579 1580 3643 ab
1615 3580 1865 3644 actibus
1912 3580 2226 3652 distincta,
2273 3579 2561 3660 seposita
2609 3580 3015 3661 quaestione,

385 3705 550 3750 num
583 3686 746 3750 haec
777 3686 950 3748 dona
978 3686 1233 3767 proprie
1263 3685 1387 3748 dici
1435 3689 1683 3768 possint
1732 3686 2008 3750 habitus.
2073 3686 2168 3750 Ita
2217 3683 2261 3749 S
2280 3703 2422 3749 uar
2444 3705 2545 3761 οΖ,
2596 3686 2797 3750 Vale
2817 3686 3019 3760 ntia,

387 3793 473 3856 de
505 3791 742 3871 Lugo,
775 3791 1128 3873 Ripalda
1159 3792 1216 3855 d.
1258 3797 1381 3861 130
1413 3812 1461 3855 s.
1493 3798 1552 3861 4.
1617 3791 1985 3857 Secundum
2034 3794 2211 3868 alios,
2262 3800 2335 3857 ut
2366 3792 2544 3856 Dom.
2596 3790 2813 3869 Soto,
2867 3792 2916 3857 C
2943 3812 3017 3856 a·

389 3918 596 3974 num,
645 3898 984 3975 Medina,
1035 3898 1408 3981 Vasquez
1459 3905 1594 3976 etc,
1646 3918 1726 3964 ea
1775 3901 1867 3964 ita
1919 3907 2018 3964 est
2049 3907 2241 3976 certa,
2275 3905 2346 3962 ut
2378 3900 2622 3981 absque
2656 3901 3021 3966 temeritate

389 4010 680 4087 nequeat
711 4005 944 4085 negari.
1008 4004 1215 4068 Minus
1247 4011 1424 4069 certa
1455 4013 1554 4070 est
1584 4007 1891 4071 virtutum
1923 4007 2261 4071 moralium
2295 4005 2542 4069 infusio,

580 4115 648 4181 1.
681 4111 1001 4177 Probatur
1031 4112 1259 4176 infusio
1293 4114 1596 4178 virtutum
1615 4115 1967 4195 generatim
1988 4133 2066 4180 ex
2088 4113 2529 4179 controversia
2561 4115 2640 4179 de
2672 4115 3011 4178 habituum

389 4218 716 4283 infusione
748 4226 1037 4300 tempore
1070 4237 1246 4284 conc.
1280 4220 1521 4286 vienn
1541 4222 1800 4297 ensis;
1849 4223 2011 4286 adeo
2060 4223 2229 4285 enim
2278 4222 2442 4284 inter
2473 4221 2807 4301 theologos
2841 4229 3021 4286 certa

394 4331 544 4389 erat
575 4324 678 4389 illo
713 4332 1002 4407 ternpore
1034 4330 1334 4393 virtutum
1367 4330 1596 4394 infusio
1645 4332 1818 4413 quod
1864 4331 2116 4394 adultos
2167 4331 2412 4406 attinet,
2464 4338 2534 4394 ut
2584 4331 2663 4395 de
2715 4349 2791 4395 ea
2825 4349 3015 4394 nemo

396 4432 742 4497 dubitaret.
804 4431 872 4497 Si
904 4434 1021 4498 fuit
1050 4435 1329 4513 dubium,
1362 4437 1515 4501 illud
1549 4444 1797 4503 tantum
1836 4437 2174 4520 spectabat
2219 4437 2527 4501 infantes:
2569 4456 2790 4501 verum
2825 4446 2889 4501 et
2920 4438 3025 4499 his

398 4538 649 4603 infundi
679 4540 947 4605 virtutes
981 4548 1313 4624 tamquam
1344 4543 1735 4624 probabilius
1769 4546 1995 4609 statuit
2026 4545 2364 4608 concilium
2400 4545 2483 4631 (n.
2526 4547 2729 4629 168³).

583 4648 646 4714 2.
682 4646 947 4711 Accedit
976 4650 1327 4712 auctoritas
1360 4651 1731 4715 catechismi
1766 4651 1931 4714 trid
1952 4652 2232 4728 entini,
2268 4652 2373 4732 qui
2420 4651 2499 4715 de
2532 4651 2853 4731 baptismo
2887 4649 3021 4712 dis-

402 4771 626 4817 serens
658 4773 718 4817 n.
752 4757 835 4822 51
871 4755 1091 4820 docet:
1162 4755 1358 4829 ,Huic
1398 4764 1613 4822 autem
1649 4757 1943 4843 (gratiae)
1981 4758 2237 4821 additur
2269 4757 2698 4820 nobilissimus
2733 4757 3021 4820 omnium
