3538 5364
613 394 743 458 200
1225 381 1407 436 Tract.
1438 380 1585 435 VIII.
1612 381 1682 433 de
1707 378 1929 435 merito,
1957 379 1989 433 J
1994 378 2111 433 usti
2138 394 2352 433 merere
2379 382 2637 450 possunt.

628 564 1052 649 Unusquisque
1084 569 1292 627 autem
1312 562 1651 648 propriam
1698 561 2034 624 mercedem
2082 561 2306 643 accipit
2350 559 2688 623 secundum
2733 579 2918 622 suum
2967 560 3239 625 laborem

613 673 700 758 (n.
734 672 909 758 235).
944 669 1375 734 Confirmatur
1408 687 1488 733 ex
1519 667 1712 732 modo
1745 666 2051 750 loquendi
2084 685 2264 730 conc.
2297 667 2641 743 tridentini,
2675 668 2847 750 quod
2879 668 3236 750 peccatori-

613 778 733 843 bus
765 795 1096 860 nunquam
1129 776 1348 839 tribuit
1377 775 1678 840 meritum
1709 781 2008 855 respectu
2034 772 2527 855 justificationiS,
2562 775 2692 837 imo
2715 775 3024 856 denegat:
3052 776 3238 857 Justis

611 903 765 949 vero
797 885 1095 949 meritum
1128 882 1360 946 asserit
1390 887 1690 963 respectu
1722 878 1982 961 gloriae.
2018 881 2221 963 Atqui.
2245 881 2573 944 communi
2606 879 3057 963 theologorum
3081 900 3238 946 con-

610 1011 807 1057 sensu
837 991 1164 1073 peccatori
1193 989 1358 1055 bene
1390 1008 1460 1054 se
1493 986 1858 1070 disponenti
1890 987 1972 1051 ad
1998 988 2526 1069 justificationem
2572 988 2766 1053 tribui
2797 995 3014 1070 potest
3043 990 3237 1054 meri-

614 1106 750 1163 tum
779 1096 1222 1179 imperfectum
1254 1097 1289 1159 i.
1324 1114 1376 1160 e.
1410 1113 1871 1175 congruum.
1904 1094 2068 1175 Ergo
2105 1092 2452 1159 concilium
2486 1096 2715 1160 asserit
2728 1094 2918 1176 justis
2940 1096 3239 1160 meritum

612 1204 964 1286 perfectum
994 1203 1034 1266 i.
1067 1223 1119 1269 e.
1153 1203 1671 1283 condignum.

790 1330 1145 1391 Rationibus
1199 1332 1380 1389 etiam
1429 1335 1717 1389 assertum
1767 1329 2035 1406 theologi
2082 1329 2410 1388 illustrant.
2495 1330 2739 1399 ,Gratia
2797 1330 2968 1401 facit,
3037 1331 3243 1408 inquit

611 1422 649 1480 S
669 1440 892 1480 uarez
923 1441 981 1479 n.
1020 1431 1117 1493 14,
1151 1420 1418 1479 homines
1451 1420 1662 1495 dignos
1695 1419 1820 1477 vita
1849 1423 2120 1477 aeterna:
2167 1438 2308 1496 ergo
2342 1437 2533 1494 opera,
2587 1438 2739 1494 quae
2783 1439 2854 1479 ex
2895 1420 3002 1477 illa
3034 1439 3237 1496 proce-

610 1511 781 1581 dunt,
828 1514 1060 1570 ratione
1090 1509 1258 1568 illius
1291 1528 1397 1567 seu
1443 1526 1511 1565 ex
1543 1508 1766 1567 virtute
1801 1508 1969 1566 illius
2002 1512 2147 1566 sunt
2177 1508 2390 1566 merita
2420 1508 2601 1586 digna
2632 1509 2786 1567 vitae
2817 1514 3091 1568 aeternae
3127 1554 3140 1567 .
3177 1557 3191 1571 .
3224 1558 3236 1568 .

610 1600 752 1676 quia
795 1600 952 1658 sicut
995 1599 1188 1676 gratia
1236 1598 1412 1656 habet
1442 1597 1883 1672 proportionem
1918 1616 2055 1655 cum
2087 1598 2212 1655 vita
2242 1602 2484 1656 aeterna
2513 1603 2817 1673 tamquam
2852 1617 2986 1656 cum
3021 1600 3239 1660 ultimo

608 1689 753 1748 fine:
801 1689 888 1747 ita
931 1707 1109 1765 opera
1138 1686 1361 1764 gratiae
1394 1685 1613 1744 habent
1644 1686 2088 1762 proportionem
2123 1691 2184 1744 et
2214 1686 2682 1763 condignitatem
2714 1705 2848 1745 cum
2880 1687 3087 1746 eodem
3122 1688 3238 1747 fine

608 1782 911 1852 tamquam
946 1776 1138 1835 media
1169 1776 1260 1834 illi
1292 1775 1543 1833 maxime
1563 1776 2009 1851 proportionata
2038 1781 2097 1833 et
2129 1779 2556 1851 consequenter
2587 1782 2657 1834 ut
2688 1777 2817 1852 ejus
2850 1779 3064 1834 merita
3096 1795 3237 1836 con-

612 1868 852 1942 digna.‘
918 1865 1120 1942 Hujus
1154 1863 1581 1941 condignitatis
1615 1863 1850 1922 radit-es·
1876 1864 1939 1922 in
1972 1865 2253 1939 operibus
2278 1865 2602 1940 justorum,
2650 1884 2801 1940 quae
2835 1867 3031 1940 specie
3066 1885 3240 1942 saepe

611 1955 841 2014 minimi
872 1954 1155 2013 videntur
1194 1954 1428 2023 valoriS,
1476 1953 1755 2028 aperiunt
1802 1974 1848 2011 s.
1894 1953 2210 2012 Thomas
2252 1966 2299 2015 l.
2338 1963 2372 2015 2
2409 1973 2464 2030 q.
2503 1964 2626 2017 114
2660 1973 2711 2017 a.
2747 1964 2781 2017 3
2817 1962 2879 2013 et
2908 1973 2953 2012 s,
2989 1956 3239 2014 Bona-

609 2049 974 2114 ventura,
1012 2044 1116 2119 qui
1148 2043 1234 2101 ita
1262 2043 1479 2101 Brevil.
1514 2042 1579 2112 V,
1619 2051 1653 2103 2
1689 2042 1961 2100 disserit:
2014 2043 2189 2110 ,Non
2220 2046 2461 2100 tantum
2493 2043 2748 2102 liberum
2780 2042 3102 2102 arbitrium
3134 2064 3241 2120 per

605 2133 863 2210 gratiam
895 2136 1157 2191 meretur
1186 2132 1412 2209 gratiae
1444 2134 1831 2208 augmentum
1866 2131 1927 2188 in
1962 2135 2125 2190 statu
2158 2131 2284 2190 viae
2317 2132 2530 2191 merito
2579 2132 2764 2209 digni,
2815 2152 3022 2191 verum
3056 2134 3239 2192 etiam

609 2222 1113 2297 complementum
1160 2222 1224 2279 in
1270 2225 1434 2279 statu
1476 2220 1705 2297 patriae
1750 2221 1963 2278 merito
1995 2220 2294 2297 condigni,
2343 2225 2472 2278 tum
2521 2228 2764 2297 propter
2796 2222 3237 2281 sublimitatem

611 2310 754 2368 doni
785 2311 1043 2387 Spiritus
1076 2310 1264 2369 sancti
1311 2311 1375 2368 in
1420 2310 1631 2368 merito
1663 2310 2051 2384 cooperantis,
2102 2312 2232 2367 tum
2262 2314 2509 2385 propter
2540 2309 2923 2368 veracitatem
2956 2311 3065 2369 Dei
3098 2330 3237 2386 pro-

609 2399 929 2470 mittentis,
975 2402 1106 2458 tum
1149 2402 1394 2475 propter
1441 2398 1888 2457 vertibilitatem
1922 2397 2098 2456 liberi
2130 2398 2362 2456 arbitrii
2395 2399 2825 2458 consentientis
2869 2402 2932 2458 et
2977 2400 3237 2459 finaliter

606 2490 1063 2565 perseverantia,
1107 2491 1239 2547 tum
1272 2493 1515 2564 propter
1545 2486 1958 2545 difficultatem
1992 2491 2186 2545 status
2218 2487 2501 2557 merendi,
2535 2491 2665 2546 tum
2697 2493 2938 2564 propter
2970 2489 3235 2566 dignita-

608 2581 730 2636 tem
764 2579 981 2637 Christi
1011 2579 1205 2637 nostri
1236 2577 1451 2653 capitis
1472 2576 1943 2645 intervenientia,
1979 2576 2137 2651 quod
2171 2576 2348 2635 debet
2377 2576 2694 2654 glorificari
2725 2595 2858 2634 cum
2893 2578 3018 2636 suis
3050 2597 3234 2637 mem-

608 2666 753 2738 bris,
802 2672 934 2727 tum
966 2668 1146 2727 etiam
1177 2671 1423 2743 propter
1453 2665 1872 2724 liberalitatem
1906 2665 2011 2724 Dei
2055 2665 2398 2736 tribuentis,
2447 2686 2621 2743 quem
2672 2686 2794 2726 non
2838 2665 3007 2725 decet
3055 2687 3239 2743 parva

611 2758 857 2816 reddere
889 2763 1133 2833 propter
1163 2756 1516 2831 obsequium
1563 2755 1680 2812 sibi
1726 2754 1982 2814 fideliter
2013 2755 2495 2831 obtemperantis,
2542 2758 2677 2814 tum
2722 2759 2969 2832 propter
3012 2757 3233 2815 nobili-

612 2848 796 2904 tatem
829 2846 1039 2922 operis,
1087 2845 1244 2922 quod
1291 2865 1359 2903 ex
1406 2843 1650 2901 caritate
1696 2844 1978 2918 procedit,
2027 2845 2187 2920 quod
2219 2848 2454 2903 tantum
2489 2845 2778 2920 ponderat
2809 2845 2871 2902 in
2910 2849 3238 2921 conspectu

605 2934 845 3010 judicis,
878 2938 1169 3010 quantum
1202 2952 1381 3001 amor,
1415 2952 1484 2991 ex
1516 2951 1634 3008 quo
1667 2932 1951 3007 procedit,
1985 2933 2088 3009 qui
2122 2934 2308 2991 Deum
2342 2934 2890 3009 incomparabiliter
2919 2934 3239 3010 praeponit

611 3023 885 3082 omnibus
917 3023 1222 3092 creaturis,
1269 3027 1331 3081 et
1375 3022 1508 3080 ideo
1555 3040 1677 3080 non
1716 3022 2080 3080 sufficienter
2110 3028 2172 3079 et
2203 3028 2607 3098 competenter
2637 3026 2838 3099 potest
2868 3023 2986 3082 nisi
3018 3023 3082 3082 in
3115 3024 3235 3082 Deo

611 3115 672 3170 et
702 3131 934 3170 summo
965 3111 1119 3170 bono
1150 3110 1531 3174 remunerari.
1596 3111 1681 3168 Ex
1720 3110 1942 3186 quibus
1974 3111 2253 3169 omnibus
2285 3115 2589 3188 tamquam
2623 3131 2689 3171 ex
2724 3115 2950 3189 septem
2983 3112 3232 3171 rationi·

613 3201 726 3259 bus
758 3200 1011 3278 gloriam
1042 3204 1340 3259 aeternam
1372 3200 1585 3258 merito
1618 3219 1737 3259 non
1768 3203 2006 3258 tantum
2038 3200 2301 3277 congrui,
2336 3199 2439 3259 sed
2473 3201 2652 3259 etiam
2683 3200 2982 3278 condigni,
3017 3201 3235 3259 mereri

614 3289 754 3347 facit
784 3289 973 3365 gratia
1005 3289 1431 3365 septiformis.‘

792 3414 939 3477 237.
973 3406 1040 3472 Si
1070 3413 1286 3471 autem
1320 3408 1615 3473 homines
1647 3427 1896 3474 merere
1930 3415 2199 3490 possunt
2231 3408 2310 3473 de
2360 3409 2771 3491 condigno
2806 3411 2977 3492 apud
3011 3410 3233 3489 Deum,

613 3513 930 3600 affortiori
961 3522 1262 3596 poterunt
1291 3534 1537 3582 merere
1572 3517 1651 3582 de
1683 3534 1834 3580 con
1850 3537 1886 3597 g
1907 3536 1991 3580 ru
2009 3535 2065 3580 o.
2113 3515 2299 3595 Quod
2333 3515 2749 3582 confirmatur
2780 3526 3125 3600 praeterea
3155 3538 3235 3585 ex

612 3621 797 3685 dictis
829 3641 887 3684 n.
930 3625 1050 3692 152
1086 3620 1262 3710 etjex
1292 3623 1558 3687 notione
1594 3623 2100 3711 meritidcongrui
2131 3642 2191 3685 n.
2231 3628 2377 3690 234.

789 3736 996 3810 Inepte
1029 3754 1166 3793 vero
1199 3738 1402 3794 contra
1423 3737 1727 3812 justorum
1760 3736 1973 3793 merita
2004 3739 2319 3813 opponunt
2350 3738 2769 3811 protestantes,
2819 3736 2892 3796 iis
2926 3738 3232 3798 obscurari

611 3823 823 3882 merita
853 3823 1101 3894 Christi3
1150 3828 1385 3882 tantum
1419 3826 1579 3883 enim
1613 3824 1673 3883 id
1706 3824 1890 3897 abest,
1939 3828 2009 3882 ut
2054 3824 2267 3883 merita
2289 3826 2596 3901 justorum
2627 3826 2846 3884 Christi
2880 3828 3091 3885 merita
3124 3847 3231 3903 po-

608 3913 732 3971 tius
765 3912 1089 3972 illustrent.
1153 3913 1340 3971 Tanta
1371 3913 1668 3989 siquidem
1699 3914 1914 3971 horum
1958 3916 2051 3972 est
2096 3914 2307 3984 virtus,
2355 3917 2428 3972 ut
2470 3934 2591 3973 non
2630 3915 2824 3974 solum
2855 3909 3234 3975 obtinuerint

609 4001 950 4060 hominibus
997 4002 1269 4079 gratiam,
1317 4003 1418 4061 sed
1463 4005 1524 4061 et
1568 4002 1758 4078 ipsam
1790 4003 2078 4061 virtutem
2108 4002 2393 4065 merendi.
2459 4002 2653 4077 Quare
2693 3999 2849 4063 sicut
2893 4005 3229 4065 fecunditas

609 4092 925 4168 palmitum
958 4111 1076 4150 non
1108 4091 1388 4150 obscurat
1418 4090 1557 4150 vitis
1587 4089 2027 4162 fecunditatem,
2060 4091 2179 4150 imo
2211 4091 2414 4168 potius
2448 4091 2804 4163 manifestat,
2842 4093 2928 4152 ita
2958 4098 3019 4153 et
3033 4095 3233 4170 justo-

610 4200 744 4238 rum
776 4183 987 4240 merita
1017 4181 1303 4240 virtutem
1335 4181 1555 4239 Christi
1588 4180 1730 4238 vitis
1763 4181 2143 4254 patefaciunt.
2230 4255 2231 4258 Ἴ

787 4306 934 4369 238.
967 4300 1307 4382 Reliquum
1340 4305 1454 4376 est,
1487 4306 1559 4363 ut
1590 4301 1667 4364 de
1700 4298 1921 4380 objecto
1953 4302 2162 4389 meriti
2195 4300 2437 4383 aliquid
2470 4300 2773 4365 dicamuS.

791 4410 853 4474 l.
889 4406 1110 4470 Nullus
1141 4406 1339 4470 homo
1383 4413 1600 4488 potest
1650 4406 1787 4470 sive
1837 4406 1918 4478 de
1968 4407 2286 4488 condigno
2338 4407 2473 4472 sive
2520 4406 2599 4472 de
2650 4424 2934 4489 congruo
2981 4428 3234 4476 merere

610 4514 730 4577 sibi
761 4514 1101 4595 primam
1134 4514 1412 4595 gratiam
1446 4514 1787 4590 actualem,
1821 4519 1892 4576 ut
1923 4518 2102 4595 patet
2134 4532 2213 4578 ex
2244 4514 2413 4578 thesi
2451 4520 2591 4583 187.

784 4620 851 4687 2.
886 4618 1109 4685 Potest
1140 4626 1444 4700 peccator
1475 4620 1680 4700 gratia
1710 4620 1947 4684 actuali
1980 4618 2239 4700 adjutus
2270 4620 2349 4683 de
2383 4638 2474 4683 co
2493 4640 2748 4701 ngruo
2784 4639 3036 4687 merere
3071 4622 3232 4687 alias

609 4727 847 4807 gratias
880 4726 1167 4791 actuales
1200 4725 1283 4789 ad
1311 4725 1780 4812 justificationis
1813 4726 2086 4807 gratiam
2120 4726 2646 4809 consequendam
2678 4727 2865 4793 utiles
2881 4726 3232 4794 velneces-

609 4835 832 4912 sariaS,
864 4840 936 4897 ut
966 4838 1146 4914 patet
1179 4851 1257 4896 ex
1289 4815 1526 4898 divinis*
1550 4832 1767 4910 literiS,
1799 4833 1928 4898 imo
1963 4839 2026 4898 et
2050 4832 2522 4915 justificationis
2554 4835 2826 4915 gratiam
2859 4836 2945 4923 (n.
2986 4820 3157 4924 152).
