3538 5364
1099 299 1269 353 Missa
1296 302 1381 353 est
1406 297 1747 353 sacrificium
1776 296 2260 369 propitiatorium.
2846 305 2975 369 409

452 476 461 484 ’
540 488 689 552 425.
722 484 790 551 1.
824 480 1142 544 Probatur
1192 479 1357 553 inde,
1407 479 1579 561 quod
1628 478 1754 542 hoc
1803 476 2187 541 sacrificium
2237 478 2619 542 successerit
2649 477 2980 559 sacrificiis·

362 591 436 654 V.
470 590 535 653 T.
597 589 760 653 Hinc
793 593 955 653 teste
986 607 1036 651 s.
1068 586 1284 651 Leon
1304 605 1340 651 e
1371 603 1560 649 serm.
1593 590 1678 654 58
1714 584 1816 671 (cf.
1852 603 1910 647 n.
1944 588 2071 653 407
2085 586 2157 670 ⁸),
2210 602 2507 658 ‚omnem
2556 584 2977 650 differentiam

362 698 723 761 hostiarum
753 695 942 759 unius
972 694 1260 776 corporis
1291 698 1356 758 et
1386 692 1716 772 sanguinis
1759 690 2040 772 complet
2072 689 2370 754 oblatio.¹
2439 690 2634 773 Atqui
2663 691 2979 755 sacrificia

363 803 436 865 V.
470 802 538 867 T.
570 803 634 867 in
666 802 887 885 primis
918 819 1035 884 pro
1068 800 1347 883 peccatis
1382 798 1832 864 offerebantur.
1866 797 2030 878 Ergo
2062 804 2127 862 et
2147 796 2391 861 oblatio
2414 797 2837 862 eucharistica
2857 799 2979 863 erit

361 908 837 992 propitiatoria;
871 926 1078 990 eoque
1110 906 1312 987 magis
1363 905 1535 987 quod
1585 904 1650 967 in
1700 922 1934 985 genere
1967 902 2039 967 N.
2072 902 2139 967 T.
2173 903 2520 985 praecellat
2569 910 2769 981 vetus»,
2816 904 2978 970 etin

362 1017 573 1097 specie
593 1033 829 1097 corpus
850 1012 1087 1079 Christi
1106 1012 1457 1095 quamlibet
1478 1013 1851 1075 animalium
1872 1011 2218 1075 victimam.
2259 1010 2418 1085 ,luis
2437 1010 2763 1074 sacrificiis
2784 1012 2978 1099 (quae

364 1122 494 1186 scil.
528 1141 643 1205 pro
675 1121 956 1203 peccatis
978 1119 1453 1205 offerebantur),
1487 1119 1689 1201 inquit
1719 1118 1773 1182 A
1794 1138 1838 1182 u
1854 1138 1891 1198 g
1908 1138 1952 1182 u
1972 1137 2003 1180 s
2021 1124 2046 1180 t
2061 1117 2082 1181 i
2097 1137 2193 1181 nu
2207 1137 2238 1180 s
2271 1116 2337 1179 in
2355 1116 2551 1181 Levit.
2574 1137 2629 1199 q.
2651 1122 2757 1195 57,
2777 1137 2977 1183 unum

360 1228 486 1293 hoc
517 1228 897 1293 sacrificium
928 1225 1421 1307 significabatur,
1455 1226 1520 1289 in
1552 1244 1679 1308 quo
1710 1243 1868 1291 vera
1897 1224 1968 1289 fit
1997 1224 2291 1290 remissio
2311 1229 2756 1305 peccatorum:
2790 1243 2831 1288 a
2862 1243 2976 1289 cu-

355 1337 461 1417 jus
495 1343 711 1400 tamen
741 1333 1031 1398 sacrificii
1063 1333 1373 1413 sanguine
1407 1333 1472 1396 in
1504 1330 1878 1398 alimentum
1899 1332 2216 1396 sumendo
2235 1349 2366 1394 non
2384 1331 2593 1394 solum
2613 1350 2804 1396 nemo
2825 1350 2976 1413 pro-

360 1440 635 1517 hibetur,
670 1440 784 1506 sed
818 1440 899 1505 ad
932 1440 1281 1505 bibendum
1330 1440 1545 1522 potius
1595 1457 1821 1503 omnes
1871 1439 2310 1515 exhortantur,
2343 1438 2451 1520 qui
2482 1437 2706 1502 volunt
2735 1438 2976 1504 habere

362 1549 613 1612 vitam.‘

538 1674 607 1740 2.
642 1670 1004 1736 Secundum
1039 1671 1226 1737 Hebr.
1262 1676 1321 1746 5,
1361 1676 1391 1738 1
1429 1670 1785 1736 sacerdotis
1817 1675 1917 1733 est
1947 1669 2175 1733 offerre
2206 1668 2519 1733 sacrificia
2538 1687 2655 1750 pro
2674 1670 2975 1750 peccatis.

362 1779 552 1861 Atqui
586 1777 658 1842 N.
691 1778 759 1841 T.
793 1796 1017 1841 verum
1067 1782 1166 1840 est
1215 1775 1630 1851 sacrificium3
1680 1775 1817 1840 veri
1867 1780 2018 1839 sunt
2047 1775 2434 1839 sacerdotes.
2487 1775 2647 1854 Ergo
2687 1774 2976 1839 Christus

369 1903 552 1960 ‚cum
587 1884 841 1949 oblatus
874 1891 973 1948 est
1005 1890 1069 1947 et
1101 1881 1384 1965 quotidie
1436 1883 1500 1946 in
1549 1882 1680 1946 suis
1730 1881 2151 1946 sacramentis
2202 1880 2481 1958 offertur,
2531 1881 2975 1946 remissionem

361 1998 653 2073 praestat
672 1991 1168 2073 praeteritorum
1188 1996 1253 2055 et
1271 1990 1707 2071 praesentium
1726 1992 2198 2071 peccatorum,‘
2241 1993 2403 2052 teste
2431 1986 2509 2050 M.
2543 1987 2880 2053 Mercato
2895 2006 2976 2051 re

358 2099 397 2162 l.
430 2098 754 2162 subnotat.
789 2114 839 2159 c.
876 2102 914 2165 8
949 2115 1007 2159 n.
1043 2099 1161 2170 23;
1193 2094 1343 2159 hinc
1375 2092 1663 2158 Christus
1696 2094 1832 2175 ipse
1866 2100 2153 2168 testatur,
2187 2093 2451 2159 calicem
2484 2094 2974 2158 eucharisticum

367 2204 608 2268 effundi
640 2206 709 2265 in
741 2204 1156 2267 remissionem
1182 2208 1581 2285 peccatorum
1612 2200 1757 2264 Luc.
1792 2206 1895 2278 22,
1930 2205 2032 2267 20.

380 2404 383 2407 ¹
540 2329 604 2395 23.
637 2327 904 2390 Accedit
936 2324 1240 2391 solemnis
1271 2325 1430 2390 fides
1463 2344 1595 2388 non
1626 2324 1836 2389 solum
1868 2325 2238 2400 theoretica,
2259 2324 2373 2390 sed
2394 2330 2458 2388 et
2476 2325 2760 2405 practica
2779 2326 2974 2389 totius

359 2435 779 2517 antiquitatis,
844 2433 1015 2497 Finis
1049 2434 1237 2512 enim,
1269 2439 1528 2516 propter
1561 2452 1751 2515 quem
1785 2432 2132 2515 antiquitas
2151 2431 2531 2496 sacrificium
2564 2430 2808 2506 obtulit,
2839 2431 2972 2495 col·
3082 2451 3090 2457 ·

359 2542 467 2622 ligi
497 2541 690 2607 debet
722 2560 801 2606 ex
832 2540 1118 2619 liturgiiS,
1150 2540 1216 2602 in
1246 2539 1477 2622 quibus
1508 2539 1858 2604 clarissime
1909 2539 2232 2603 offerentis
2281 2538 2549 2603 intentio
2584 2536 2972 2617 exprimitur.

358 2647 555 2731 Atqui
586 2648 760 2713 nulla
791 2653 893 2713 est
920 2647 1193 2730 liturgia,
1225 2648 1290 2711 in
1323 2665 1453 2730 qua
1484 2666 1615 2712 non
1647 2648 1810 2713 haec
1841 2648 1941 2714 vel
1960 2647 2216 2729 gemina
2233 2646 2556 2727 legantur:
2595 2641 2974 2721 ,Offerimus

360 2755 474 2819 tibi
505 2756 629 2819 hoc
660 2756 1066 2821 incruentum
1099 2755 1479 2821 sacrificium
1512 2774 1627 2838 pro
1659 2756 1942 2838 peccatis
1963 2756 2195 2819 nostris
2218 2761 2280 2819 et
2298 2753 2673 2834 ignorantiis
2693 2752 2965 2834 populis

358 2870 430 2925 ut
460 2864 523 2925 in
556 2863 811 2943 liturgia
843 2884 891 2927 s.
924 2863 1151 2928 Jacobi
1182 2868 1246 2927 et
1278 2862 1734 2944 Chrysostomi.

535 2991 629 3050 Ita
670 2991 924 3053 instruit
968 2993 1316 3070 cyrillus
1362 2992 1573 3052 hieros.
1621 2995 1731 3051 cat.
1779 2994 2035 3068 mystag.
2073 3002 2106 3054 5
2141 3010 2198 3054 n.
2242 3002 2314 3054 10
2364 3009 2570 3049 recens
2611 2989 2971 3066 baptizatos:

359 3080 627 3149 ,Deinde
672 3085 735 3141 et
778 3102 886 3159 pro
918 3081 1215 3141 defunctis
1247 3099 1322 3139 ss.
1354 3081 1623 3157 patribus
1656 3084 1716 3140 et
1747 3081 2041 3157 episcopis
2075 3082 2136 3138 et
2165 3080 2442 3139 omnibus
2474 3079 2822 3158 generatim,
2869 3079 2974 3154 qui

355 3169 515 3228 inter
542 3188 651 3229 nos
682 3171 805 3230 vita
833 3171 1027 3230 functi
1059 3173 1205 3230 sunt
1238 3165 1561 3250 (oramus);
1593 3169 1915 3228 maximum
1949 3169 2057 3228 hoc
2083 3169 2389 3228 credentes
2410 3169 2820 3246 adjumentum
2851 3167 2974 3225 illis

356 3258 670 3318 animabus
703 3259 843 3330 fore,
889 3279 995 3336 pro
1042 3259 1264 3336 quibus
1298 3259 1486 3317 oratio
1515 3258 1800 3330 defertur,
1846 3258 1992 3317 dum
2024 3261 2229 3316 sancta
2260 3262 2319 3317 et
2351 3277 2640 3334 perquam
2671 3256 2976 3315 tremenda

356 3366 552 3406 coram
574 3349 735 3424 jacet
764 3349 1023 3408 victima.
1072 3348 1272 3424 Hujus
1303 3348 1389 3407 rei
1421 3347 1593 3406 fidem
1628 3347 1795 3407 vobis
1828 3347 1902 3405 ab
1934 3347 2203 3423 exemplo
2222 3347 2411 3405 facere
2430 3348 2581 3407 volo.
2631 3346 2785 3404 Novi
2816 3346 2974 3404 enim

354 3437 579 3496 multos
610 3437 697 3496 ita
726 3437 950 3499 dicere:
995 3437 1150 3507 Quid
1173 3438 1350 3513 juvat
1380 3437 1636 3495 animam
1667 3455 1737 3495 ex
1771 3437 1880 3494 hoc
1911 3435 2132 3494 mundo
2164 3436 2228 3493 in
2258 3437 2511 3512 peccatis
2544 3454 2651 3494 seu
2683 3435 2809 3493 sine
2840 3453 2974 3511 pec-

358 3526 506 3584 catis
526 3525 923 3597 decedentem,
959 3527 1011 3584 si
1031 3527 1161 3601 ejus
1181 3526 1245 3584 in
1268 3526 1531 3584 oratione
1551 3525 1777 3583 mentio
1809 3525 1918 3582 fit?
1951 3525 2044 3582 An
2076 3542 2215 3583 vero
2248 3524 2300 3582 si
2333 3544 2434 3583 rex
2468 3524 2763 3600 quispiam
2796 3524 2973 3592 viros,

358 3635 393 3672 a
427 3614 647 3688 quibus
668 3614 928 3673 offensus
946 3614 1145 3686 fuerit,
1177 3614 1467 3690 relegavit
1497 3614 1559 3671 in
1592 3613 1900 3684 exsilium3
1932 3616 2255 3688 posteaque
2287 3613 2396 3683 illi,
2430 3613 2502 3671 ad
2526 3631 2672 3687 quos
2694 3612 2971 3680 attinent,

362 3720 635 3761 coronam
667 3703 991 3779 plectentes
1022 3722 1151 3762 eam
1181 3702 1307 3780 regi
1339 3721 1446 3778 pro
1478 3703 1604 3761 suis
1635 3720 1824 3778 poena
1856 3702 1932 3761 ab
1964 3702 2097 3778 ipso
2128 3702 2366 3760 afflictis
2388 3702 2745 3761 obtulerint:
2778 3718 2974 3759 nonne

360 3791 505 3866 ipsis
539 3791 969 3867 suppliciorum
1000 3793 1419 3851 relaxationem
1441 3791 1886 3867 gratificaturus
1919 3792 2042 3849 sit'?
2091 3791 2179 3848 Ad
2213 3791 2466 3850 eundem
2500 3790 2741 3849 modum
2773 3793 2836 3847 et
2865 3807 2974 3847 nos

359 3898 468 3955 pro
518 3879 830 3950 defunctiS,
883 3882 1112 3941 etiamsi
1163 3884 1495 3958 peccatores
1547 3881 1688 3956 sint,
1740 3899 1940 3955 preces
1985 3880 2105 3938 Deo
2151 3881 2481 3948 offerenteS,
2533 3897 2652 3938 non
2700 3896 2976 3937 coronam

359 3969 697 4044 plectimus,
745 3969 847 4028 sed
895 3969 1193 4029 Christum
1225 3971 1548 4028 mactatum
1578 3988 1685 4045 pro
1718 3969 1974 4044 peccatis
2008 3969 2230 4028 nostris
2262 3970 2578 4039 offerimuS,
2625 3968 2974 4026 clementem

359 4059 548 4116 Deum
580 4075 716 4116 cum
747 4078 851 4134 pro
884 4059 1007 4117 illis
1031 4054 1402 4142 (defunctis),
1436 4062 1567 4117 tum
1600 4076 1710 4135 pro
1742 4058 1915 4116 nobis
1945 4057 2230 4117 demereri
2261 4064 2322 4115 et
2353 4058 2669 4134 propitiare
2702 4059 2974 4132 satagen-

359 4283 553 4335 nostra
581 4280 963 4351 expiarentur,
993 4286 1049 4336 et
1073 4283 1334 4338 coelestis
1360 4282 1545 4346 Pater,
1571 4280 1880 4336 sceleribus
1905 4281 2113 4336 nostris
2139 4297 2304 4352 saepe
2337 4281 2591 4351 graviter
2616 4280 2878 4346 offensus,
2903 4281 2978 4334 ab

359 4359 445 4413 ira
470 4359 541 4412 ad
568 4359 1038 4425 misericordiam,
1064 4378 1097 4414 a.
1115 4363 1306 4431 justae
1334 4359 1856 4415 animadversionis
1882 4359 2184 4413 severitate
2224 4360 2296 4413 ad
2337 4358 2696 4415 clementiam
2721 4360 2977 4414 traduce·

359 4443 568 4498 retum·
625 4439 733 4493 Per
757 4457 816 4494 se
842 4444 1034 4496 autem
1062 4445 1239 4513 patet,
1266 4459 1380 4511 quo
1407 4442 1578 4511 plura
1606 4444 1742 4494 sunt
1766 4439 2080 4510 peccatoris
2108 4440 2336 4505 scelera,
2364 4457 2478 4508 quo
2505 4439 2694 4493 minor
2719 4441 2841 4509 ejus
2867 4441 2978 4494 dis-

356 4519 587 4592 positio,
614 4537 678 4574 eo
706 4519 891 4591 magis
917 4522 1316 4587 commendari,
1346 4524 1412 4575 ut
1436 4520 1700 4575 sacrificii
1726 4537 1829 4591 pro
1850 4536 1915 4573 eo
1937 4519 2152 4574 oblatio
2173 4520 2604 4591 multiplicetur.
2631 4519 2977 4590 propitiatio

358 4603 553 4653 autem
580 4617 681 4671 pro
704 4601 953 4671 peccatis
980 4601 1252 4672 gravibus
1279 4604 1364 4654 est
1389 4600 1623 4670 quidem
1650 4616 1717 4653 ex
1745 4616 1913 4670 opere
1940 4602 2205 4670 operato:
2244 4600 2340 4653 sed
2369 4599 2722 4654 considerato
2752 4599 2976 4664 ultim0,

358 4680 433 4733 ad
461 4695 631 4748 quem
658 4679 848 4735 tendit
874 4682 1132 4745 termino,
1163 4680 1260 4750 qui
1289 4684 1374 4734 est
1399 4680 1641 4734 actualis
1658 4678 1972 4748 peccatoris
1992 4678 2283 4732 conversio
2300 4682 2358 4733 et
2364 4679 2723 4748 justificatio,
2742 4679 2976 4733 minime

360 4761 448 4814 est
474 4759 822 4815 infiillibilis.
