3538 5364
510 319 648 382 542
1166 308 1350 364 Tract.
1377 310 1470 363 IX.
1497 310 1566 364 de
1596 309 1813 364 ordine.
1843 310 1923 364 De
1948 310 2214 366 ordinum
2242 310 2494 365 materia.

508 499 935 568 cramentum,
958 491 1214 556 ordines
1236 509 1378 555 esse
1410 511 1441 554 s
1459 510 1545 572 ep
1565 497 1590 555 t
1607 510 1642 556 e
1658 511 1755 567 m;
1789 511 2016 557 verum
2047 498 2112 556 et
2141 490 2427 573 plerique
2448 508 2529 553 ex
2550 490 2642 566 iis,
2664 489 2771 571 qui
2791 489 3138 552 admittunt

510 598 959 679 episcopatum
980 618 1122 663 esse
1145 599 1436 665 ordinem
1456 606 1521 663 et
1536 605 2039 676 sacramentum,
2058 599 2336 664 retinent
2349 615 2687 662 numerum
2702 594 3137 677 septenarium

518 705 817 768 ordinum
851 705 1175 783 docenteS,
1208 708 1551 789 septimum
1585 706 1881 772 ordinem
1912 707 1975 770 id
2009 713 2111 771 est
2132 705 2565 770 sacerdotium
2586 722 2727 770 esse
2746 701 3137 783 bipartitum,

508 812 1049 893 complectentem
1098 813 1228 876 scil.
1279 812 1795 895 presbyteratum
1847 821 1911 879 et
1961 813 2421 895 episcopatum.
2486 810 2706 876 Potest
2751 810 2949 900 etiam
2994 807 3137 883 dici,

516 924 762 999 septem
795 935 938 982 esse
970 919 1245 996 ordineS,
1277 938 1394 1000 per
1427 937 1590 1002 quos
1623 920 1798 985 velut
1830 938 1945 1001 per
1978 919 2247 984 totidem
2280 918 2513 998 gradus
2561 917 2644 981 ad
2676 908 2999 998 fastigium
3030 932 3138 977 sa-

507 1024 782 1088 cerdotii
815 1024 898 1088 ad
932 1027 1373 1108 episcopatum
1419 1027 1825 1092 ascendatur.
1887 1026 2411 1092 Maldonatus
2457 1044 2612 1090 vero
2659 1025 2737 1089 de
2789 1042 2958 1088 sacr.
3004 1022 3139 1086 ord.

516 1151 572 1212 q.
604 1136 648 1199 4
681 1130 931 1196 scribit:
973 1132 1078 1206 ,In
1109 1134 1233 1197 hac
1267 1152 1335 1199 re
1369 1133 1668 1198 videntur
1702 1134 1858 1197 mihi
1884 1134 2046 1214 juris
2078 1131 2384 1214 pontificii
2416 1132 2601 1214 periti
2619 1131 2849 1195 melius
2881 1131 3140 1203 sentire,

508 1237 689 1318 quod
721 1237 954 1314 dicant,
988 1239 1203 1319 plures
1238 1257 1379 1304 esse
1415 1257 1611 1321 quam
1645 1239 1906 1303 ordines
1941 1246 2206 1321 septem.
2268 1237 2435 1301 Tota
2484 1237 2759 1320 denique
2791 1237 3141 1319 antiquitas

515 1342 707 1424 plena
739 1350 838 1409 est
869 1347 1268 1422 testimoniis
1303 1353 1367 1411 et
1400 1347 1843 1428 episcopatum
1875 1365 2017 1411 esse
2050 1347 2341 1410 ordinem
2372 1344 2759 1420 distinctum,
2793 1344 2957 1408 adeo
2991 1361 3141 1425 per-

509 1451 809 1530 spicuum
827 1458 924 1515 est
940 1470 1019 1516 ex
1036 1451 1333 1515 omnibus
1355 1453 1637 1516 conciliis
1652 1452 2100 1518 vetustissimis
2118 1459 2181 1516 et
2198 1470 2276 1515 ex
2294 1450 2652 1515 canonibus
2674 1450 3141 1532 apostolorum,

517 1562 587 1618 ut
616 1574 808 1621 nemo
842 1576 1079 1638 negare
1113 1559 1332 1640 possit,
1367 1560 1489 1622 nisi
1521 1559 1630 1642 qui
1661 1577 1794 1622 non
1826 1559 2102 1640 legerit<
2174 1557 2306 1622 Nec
2348 1558 2535 1622 obest
2564 1556 2889 1638 inscriptio
2922 1573 3064 1637 cap.
3099 1561 3142 1624 2

513 1681 670 1725 sess.
693 1668 779 1733 23
812 1665 1329 1732 tridentinae
1363 1667 1460 1742 ,de
1493 1673 1741 1748 septem
1777 1665 2145 1742 ordinibus‘,
2179 1683 2325 1728 cum
2358 1683 2438 1730 ea
2468 1683 2598 1728 non
2631 1664 2713 1727 sit
2745 1661 3144 1736 authentica,

517 1786 636 1832 nec
657 1788 696 1832 a
715 1772 985 1835 concilio
1007 1774 1320 1854 apposita,
1341 1774 1456 1838 sed
1475 1773 1889 1855 postmodum
1908 1772 2213 1854 praefixa.
2230 1810 2316 1821 --
2333 1772 2423 1835 Ex
2442 1769 2772 1836 ordinibus
2788 1769 2895 1833 alii
2909 1769 3140 1832 dicun-

520 1880 620 1938 tur
652 1877 1032 1954 minoreS,
1080 1880 1232 1962 maj
1252 1898 1439 1944 ores
1488 1880 1593 1944 alii
1626 1898 1742 1944 seu
1793 1881 2012 1944 sacri
2043 1898 2159 1962 pro
2193 1879 2426 1943 minori
2457 1877 2766 1960 majorive
2797 1882 3142 1958 potestate,

509 1983 653 2063 jure
675 1990 741 2048 et
761 2003 1028 2051 munere
1051 1987 1287 2068 aliquid
1307 2005 1564 2051 sacrum
1585 1987 1948 2068 peragendi,
1966 1987 2049 2050 ad
2067 1987 2270 2051 altare
2287 1985 2650 2061 accedendi,
2681 1982 3144 2048 eucharistiam

518 2089 896 2156 conficiendi
927 2093 1028 2157 vel
1062 2093 1568 2169 administrandi,
1616 2112 1807 2157 sacra
1849 2112 2010 2158 vasa
2055 2092 2427 2173 attingendi,
2477 2092 2626 2155 hinc
2658 2091 2855 2156 etiam
2885 2089 3144 2153 ratione

518 2197 782 2277 maj0ris
816 2200 1322 2264 consecrationis
1356 2219 1470 2281 per
1500 2207 1724 2264 votum
1769 2200 2205 2264 continentiae
2255 2199 2595 2264 adnexum.
2666 2193 2877 2272 ,Ordo
2910 2196 3147 2259 dicitur

517 2321 716 2380 sacer,
751 2305 956 2386 inquit
986 2325 1033 2369 s,
1066 2305 1420 2371 Thomas
1451 2309 1516 2371 in
1550 2312 1610 2375 4.
1645 2307 1786 2371 dist.
1819 2312 1905 2376 24
1937 2325 1994 2388 q.
2029 2312 2069 2375 2
2104 2324 2158 2371 a.
2195 2311 2229 2374 1
2268 2325 2324 2388 q.
2359 2311 2417 2382 3,
2465 2306 2574 2387 qui
2616 2303 2815 2368 habet
2861 2301 3144 2384 aliquem

515 2417 734 2473 actum
766 2412 937 2474 circa
968 2431 1106 2477 rem
1138 2413 1419 2495 aliquam
1453 2420 1935 2478 consecratam:
1983 2419 2046 2477 et
2090 2411 2185 2475 sic
2231 2417 2382 2475 sunt
2430 2416 2685 2475 tantum
2721 2417 2848 2475 tres
2881 2409 3146 2474 ordines

513 2518 701 2593 sacri,
735 2518 864 2581 scil.
898 2519 1203 2593 sacerdos
1236 2528 1301 2584 et
1332 2520 1662 2598 diaconuS,
1695 2521 1805 2602 qui
1838 2519 2083 2585 habent
2115 2527 2332 2584 actum
2363 2519 2536 2582 circa
2555 2536 2790 2600 corpus
2810 2516 3048 2582 Christi
3080 2524 3149 2582 et

511 2624 896 2704 ,sanguinem
917 2634 1398 2702 consecratun13
1433 2634 1498 2693 et
1530 2626 1983 2704 subdiaconuS,
2018 2627 2126 2709 qui
2156 2625 2354 2691 habet
2374 2632 2589 2689 actum
2610 2625 2783 2689 circa
2801 2643 2962 2690 vasa
2982 2644 3144 2691 con-

520 2740 804 2797 secrata:
838 2740 903 2797 et
934 2733 1079 2800 ideo
1113 2735 1309 2798 etiam
1342 2735 1433 2799 eis
1471 2735 1867 2800 continentia
1911 2735 2225 2811 indicitur,
2271 2741 2343 2799 ut
2387 2733 2595 2797 sancti
2646 2740 2710 2799 et
2740 2735 2962 2798 mundi
2994 2734 3144 2810 sint,

519 2839 625 2919 qui
657 2847 885 2904 sancta
916 2846 1251 2905 tractant«
1322 2839 1620 2906 Ceterum
1654 2860 1695 2905 a
1725 2843 2051 2922 graecis
2098 2841 2603 2906 subdiaconatus
2636 2840 2966 2905 ordinibus
3000 2860 3144 2906 ma-

507 2945 760 3027 joribus
792 2966 924 3011 non
957 2956 1353 3012 accensetur.

696 3059 844 3123 576.
879 3054 1229 3123 Scholion
1262 3056 1385 3125 lv.
1449 3055 1547 3117 De
1577 3056 1871 3119 ordinum
1902 3057 2191 3121 materia.
2224 3094 2312 3102 —-
2344 3055 2629 3137 implexa
2660 3055 3013 3119 admodum
3045 3064 3147 3121 est

513 3161 956 3224 controversia
986 3161 1067 3225 de
1114 3162 1464 3226 materia
1510 3170 1575 3227 et
1604 3162 1752 3225 hinc
1785 3163 1865 3227 de
1911 3162 2173 3226 forma
2219 3164 2409 3226 trium
2456 3163 2752 3226 ordinum
2783 3163 3144 3226 hierarchi-

511 3284 758 3343 corum,
792 3267 923 3331 scil.
957 3268 1357 3345 diaconatus,
1390 3267 1896 3350 presbyteratus
1930 3270 2354 3350 episcopatus,
2416 3270 2749 3351 Triplex
2796 3269 3028 3333 saltem
3060 3269 3143 3334 de

519 3373 624 3436 illa
656 3381 755 3437 est
784 3376 1119 3439 sententia.
1183 3373 1251 3439 Si
1295 3383 1549 3441 veteres
1595 3375 1892 3439 audimus
1927 3375 2367 3453 scholasticos
2415 3396 2495 3440 ex
2528 3376 2605 3440 iis
2637 3374 2852 3457 plures
2884 3375 3141 3453 docent,

517 3481 854 3544 materiam
871 3483 1278 3549 essentialem
1296 3503 1440 3549 esse
1456 3484 2028 3549 instrumentorum
2061 3490 2185 3548 tra
2201 3485 2239 3548 d
2261 3484 2411 3549 itio
2430 3504 2472 3547 n
2489 3502 2523 3547 e
2540 3502 2635 3558 m;
2671 3483 2904 3564 quibus
2920 3481 3142 3547 favere

515 3588 764 3652 videtur
826 3589 1162 3653 instructio
1224 3589 1570 3671 Eugenii
1620 3591 1718 3655 lV.
1771 3610 1892 3674 pro
1945 3593 2243 3669 armeniS,
2295 3610 2460 3674 quae
2510 3590 2698 3672 huJus
2749 3590 3143 3655 sacramenti

510 3696 854 3776 assignans
888 3697 1241 3773 materiam,
1277 3698 1636 3761 traditionis
1669 3698 2240 3763 instrumentorum
2271 3705 2524 3764 tantum
2556 3697 2707 3761 facit
2725 3696 3140 3760 mentionem.

515 3841 602 3851 --
621 3803 706 3866 At
733 3809 1109 3885 „postquam
1133 3805 1350 3868 sanior
1371 3806 1607 3882 critica,
1631 3812 1701 3869 ut
1722 3806 1927 3888 inquit
1957 3804 2007 3868 P
2025 3824 2061 3869 e
2077 3825 2108 3868 r
2123 3826 2155 3870 r
2171 3825 2209 3869 o
2227 3827 2269 3869 n
2286 3824 2338 3882 e,
2370 3807 2567 3869 rimas
2600 3820 2825 3868 omnes
2858 3803 3142 3884 antiqui-

513 3910 666 3973 tatis
727 3916 1132 3991 perscrutata
1194 3919 1309 3987 est,
1370 3912 1776 3975 communior
1830 3912 1967 3993 jam
2014 3912 2218 3976 evasit
2278 3912 2612 3989 sententia,
2666 3928 2832 3993 quae
2882 3910 2948 3972 in
2998 3910 3143 3972 sola

516 4034 825 4079 manuum
858 4018 1284 4099 impositio
1305 4038 1399 4083 ne
1432 4025 1496 4084 et
1529 4020 1822 4083 oratione
1853 4020 2049 4084 sitam
2081 4038 2224 4085 esse
2256 4018 2594 4084 materiam
2626 4024 2691 4083 et
2711 4017 2985 4080 tormam
3015 4017 3138 4080 ho-

513 4142 656 4186 rum
690 4124 984 4188 ordinum
1018 4132 1286 4190 tuetur!
1359 4124 1529 4191 Sane
1576 4126 1724 4189 huic
1775 4126 2134 4191 sententiae
2180 4125 2396 4191 favent
2427 4122 2903 4205 Scripturarum
2952 4124 3139 4187 testi-

515 4231 750 4305 monia,
783 4232 1039 4295 ritualia
1071 4239 1135 4296 et
1165 4233 1673 4297 sacramentaria
1705 4240 1857 4297 ante
1878 4239 2009 4302 900
2032 4233 2114 4296 ad
2146 4233 2479 4295 minimum
2511 4249 2715 4295 annos
2747 4229 3136 4310 conscripta,

513 4336 770 4417 aliaque
805 4339 1198 4419 antiquitatis
1229 4347 1668 4416 monumenta,
1717 4340 1780 4402 in
1825 4340 2055 4421 quibus
2101 4339 2299 4403 solius
2344 4337 2770 4419 impositionis
2803 4353 3138 4408 manuum,

515 4461 646 4504 non
679 4461 832 4506 vero
872 4445 1230 4508 traditionis
1264 4446 1835 4510 instrumentorum
1868 4446 1939 4510 fit
1970 4447 2229 4521 mentiO,
2263 4446 2481 4527 praxis
2514 4444 2824 4509 ecclesiae
2858 4460 3135 4523 graecae

512 4565 556 4610 a
588 4550 1018 4613 remotissima
1052 4553 1444 4634 antiquitate.
1477 4553 1611 4616 lmo
1644 4570 1785 4616 can.
1805 4556 1845 4622 5
1869 4570 2046 4616 conc.
2081 4551 2708 4633 carthaginensi
2738 4549 2838 4613 IV.
2873 4551 2956 4636 (a.
2976 4538 3133 4635 398)

514 4655 794 4719 tributus
827 4657 890 4719 in
924 4676 1002 4722 eo
1034 4659 1216 4739 ponit
1247 4659 1588 4724 discrimen
1620 4659 1787 4724 inter
1817 4659 2354 4724 subdiaconatum
2388 4659 2799 4746 (ordinesque
2821 4659 3132 4744 minores)

513 4769 578 4826 et
599 4763 1030 4828 hierarchicos
1051 4766 1324 4841 ordineS,
1347 4767 1518 4847 quod
1549 4767 1651 4830 ille
1681 4767 2254 4831 instrumentorum
2286 4767 2646 4843 traditione,
2681 4766 2785 4830 isti
2819 4783 3132 4830 manuum
