3538 5364
586 300 717 364 108
982 291 1165 344 Tract.
1195 289 1342 343 VlII.
1370 290 1440 343 de
1467 289 1673 360 gratia.
1701 287 1900 343 Thesis
1927 287 2161 343 CXCIII.
2187 305 2229 341 s.
2256 287 2506 342 'rhomae
2533 285 2812 340 doctrina.

582 481 678 537 est
710 495 847 535 vere
879 476 1105 535 bonum
1136 477 1231 535 vel
1263 494 1549 553 apparens
1582 476 1823 535 bonum.
1890 476 2004 535 Sed
2034 479 2236 534 tamen
2266 474 2526 533 interd
2547 493 2665 532 um
2697 473 3035 549 specialiter
3055 475 3210 534 Deus

587 570 785 625 movet
815 566 1047 640 aliquos
1078 566 1150 623 ad
1184 565 1425 640 aliquod
1461 565 1845 624 determin
1865 567 1988 623 ate
2018 564 2355 635 volendum,
2389 563 2548 639 quod
2570 567 2664 622 est
2679 563 2927 635 bonum,
2964 563 3122 622 sicut
3148 565 3209 622 in

585 657 696 727 his,
731 673 881 731 quos
915 658 1116 713 movet
1156 674 1264 730 per
1309 655 1622 731 gratiam.‘
1688 653 1880 723 Quare
1928 653 2229 725 ,Vocati0,
2262 673 2381 729 qua
2425 652 2688 711 trahitur
2716 652 3208 728 praedestinatus,

586 745 736 804 nihil
770 746 866 803 est
896 744 1064 802 aliud
1082 762 1259 818 quam
1282 742 1524 819 quidam
1547 743 1767 801 mentis
1787 743 2127 813 instinctus,
2162 745 2223 801 et
2254 743 2395 801 haec
2426 742 2655 800 vocatio
2674 742 2738 799 in
2759 741 3210 818 praedestinatis

585 839 679 894 est
723 833 944 904 efficax,
994 834 1177 907 quia
1220 832 1568 909 ‘eujusmodi
1608 832 1909 890 vocationi
1939 832 2337 890 assentiunt.‘
2401 830 2493 888 Ita
2540 849 2584 891 s.
2632 830 2883 889 Thomas
2916 831 2980 889 in
3015 849 3106 907 ep.
3139 832 3210 889 ad

588 925 752 982 Rom.
785 941 830 981 c.
866 930 921 993 8,
955 922 1114 997 quod
1147 924 1348 980 tamen
1380 919 1692 980 baiiesiani
1723 940 1972 997 prorsus
2005 923 2247 997 negant.
2308 920 2388 979 Cf.
2420 940 2477 977 n.
2521 920 2694 982 112⁵.

766 1049 1111 1108 Tenendum
1142 1066 1281 1123 ergo
1314 1051 1408 1106 est
1438 1062 1498 1111 θ.
1531 1045 1859 1106 secundum
1893 1066 1943 1108 s,
1978 1048 2294 1114 doctorem,
2327 1047 2701 1106 voluntatem
2731 1063 2854 1104 non
2879 1043 3211 1120 praedeter-

586 1138 818 1207 minari,
854 1138 956 1196 sed
989 1155 1053 1195 se
1085 1137 1277 1211 ipsam
1309 1136 1732 1195 determinare:
1768 1136 1929 1211 quod
1960 1156 2130 1213 saepe
2162 1137 2439 1207 inculcet,
2473 1140 2543 1194 ut
2574 1136 2646 1194 de
2676 1135 2851 1195 verit.
2884 1153 2940 1208 q.
2964 1142 3042 1196 22
3067 1152 3117 1193 a.
3142 1145 3212 1197 4:

589 1226 869 1296 ,Quanto
902 1227 1104 1301 aliqua
1135 1228 1353 1284 natura
1384 1228 1477 1283 est
1497 1226 1615 1283 Deo
1636 1225 1903 1296 vicinior,
1935 1228 2106 1284 tanto
2137 1225 2337 1284 minus
2369 1226 2442 1282 ab
2476 1243 2546 1284 eo
2579 1225 2906 1283 inclinatur
2935 1228 2999 1282 et
3025 1225 3212 1301 magis

588 1320 728 1374 nata
760 1320 850 1374 est
881 1315 1131 1391 seipsam
1157 1315 1444 1373 inclinare
1478 1359 1492 1372 .
1523 1357 1537 1372 .
1572 1359 1584 1371 .
1622 1314 1855 1372 Natura
1885 1315 2215 1385 rationalia,
2250 1334 2402 1390 quae
2431 1318 2522 1372 'est
2543 1315 2663 1373 Deo
2684 1313 3064 1384 vicinissime,
3096 1332 3212 1371 non

588 1406 782 1464 solum
816 1404 997 1463 habet
1029 1404 1477 1467 inclinationem
1510 1403 1575 1460 in
1606 1403 1857 1477 aliquid,
1904 1404 2060 1462 sicut
2090 1404 2314 1463 habent
2346 1404 2686 1473 inanimata,
2722 1421 2829 1462 nec
2861 1404 3059 1461 solum
3089 1421 3213 1462 mo-

586 1513 730 1553 vens
765 1493 918 1552 hanc
947 1493 1396 1552 inclinationem
1432 1492 1607 1566 quasi
1638 1492 1881 1550 aliunde
1912 1493 1997 1551 eis
2049 1493 2518 1563 determinatam,
2565 1492 2723 1551 sicut
2767 1494 2981 1550 natura
3026 1491 3213 1551 sensi-

585 1584 769 1654 bilis;
816 1583 922 1641 sed
953 1583 1113 1640 ultra
1143 1582 1253 1640 hoc
1286 1582 1463 1640 habet
1494 1582 1554 1639 in
1588 1585 1885 1656 potestate
1917 1582 2106 1657 ipsam
2140 1582 2598 1651 inclinationem,
2646 1585 2718 1639 ut
2762 1600 2882 1640 non
2913 1580 2998 1639 sit
3027 1582 3083 1641 ei
3113 1600 3211 1640 ne-

587 1672 905 1732 cessarium
938 1671 1209 1730 inclinari
1250 1670 1323 1728 ad
1367 1671 1689 1746 appetibile
1722 1671 2175 1746 apprehensum,
2229 1671 2332 1729 sed
2381 1670 2575 1746 possit
2623 1670 2902 1728 inclinari
2950 1670 3045 1729 vel
3096 1689 3217 1728 non

587 1762 882 1832 inclinari,
918 1765 979 1819 et
1010 1761 1095 1818 sic
1127 1760 1257 1835 ipsa
1287 1760 1596 1818 inclinatio
1629 1779 1750 1818 non
1782 1759 2216 1819 determinatur
2246 1761 2300 1818 ei
2333 1760 2406 1818 ab
2439 1760 2573 1831 alio,
2608 1759 2712 1818 sed
2744 1778 2777 1816 a
2809 1759 3062 1834 seipsa.‘
3135 1760 3216 1817 De

591 1851 743 1909 malo
776 1870 831 1925 q.
870 1861 903 1913 3
938 1870 988 1908 a.
1027 1859 1061 1913 3
1096 1850 1166 1907 ad
1207 1859 1274 1911 5:
1326 1848 1657 1917 ,Voluntas
1692 1868 1823 1908 cum
1873 1850 1955 1907 sit
1999 1849 2071 1907 ad
2118 1849 2491 1918 utrumlibet,
2524 1868 2631 1925 per
2658 1849 2900 1923 aliquod
2934 1848 3214 1907 determi—

589 1944 771 1998 natur
803 1940 875 1998 ad
908 1957 1115 2007 unum,
1166 1938 1290 1999 scil.
1322 1957 1428 2013 per
1458 1938 1775 1996 consilium
1807 1938 2078 2010 rationis,
2126 1957 2234 1997 nec
2270 1942 2505 2015 oportet
2537 1939 2645 1996 hoc
2677 1956 2806 1996 esse
2837 1956 2943 2012 per
2972 1937 3215 2013 aliquod

589 2047 772 2105 agens
804 2028 1277 2097 extrinsecum3‘
1326 2029 1388 2085 in
1424 2037 1479 2089 4.
1515 2027 1569 2085 d.
1605 2038 1685 2090 49
1722 2048 1777 2103 q.
1817 2039 1842 2090 l
1885 2048 1934 2086 a.
1978 2040 2041 2090 1:
2090 2028 2477 2097 ,Dicendum,
2526 2027 2684 2102 quod
2732 2026 3002 2102 potentia
3032 2027 3215 2085 ratio-

592 2117 747 2175 nalis
781 2135 843 2176 se
875 2118 1054 2176 habet
1086 2116 1159 2174 ad
1191 2116 1464 2193 opposita
1497 2116 1562 2174 in
1595 2116 1704 2186 hie,
1740 2136 1892 2191 quae
1922 2118 1978 2176 ei
2011 2118 2287 2189 subsunt,
2330 2122 2392 2175 et
2422 2117 2564 2174 haec
2595 2120 2738 2175 sunt
2769 2117 2892 2186 illa,
2925 2134 3078 2191 quae
3111 2134 3217 2190 per

591 2206 781 2279 ipsam
814 2205 1321 2277 determinantur3
1369 2224 1488 2265 non
1522 2208 1719 2264 autem
1755 2208 1956 2280 potest
1984 2207 2048 2263 in
2081 2207 2353 2282 opposita
2384 2206 2648 2278 illorum,
2696 2225 2849 2282 quae
2879 2205 2934 2263 ei
2966 2208 3112 2264 sunt
3142 2204 3217 2262 ab

593 2295 709 2353 alio
742 2295 1164 2362 determinata;
1210 2298 1272 2353 et
1318 2295 1453 2353 ideo
1492 2295 1772 2353 voluntas
1805 2313 1923 2352 non
1954 2298 2154 2370 potest
2185 2295 2247 2353 in
2280 2295 2616 2370 oppositum
2653 2296 2802 2368 ejuS,
2851 2292 2923 2351 ad
2956 2294 3116 2370 quod
3149 2312 3217 2350 ex

590 2383 793 2442 divina
824 2384 1212 2461 impressione
1243 2384 1677 2444 determinatur
1708 2383 1836 2442 scil.
1868 2385 1932 2442 in
1963 2384 2301 2459 oppositum
2332 2384 2468 2442 finis
2499 2383 2718 2445 ultimi.
2778 2384 2985 2442 Potest
3015 2388 3215 2442 autem

596 2473 660 2531 in
692 2475 1034 2549 oppositum
1052 2493 1276 2541 eorum,
1312 2493 1463 2548 quae
1495 2474 1624 2548 ipsa
1655 2474 1768 2531 sibi
1801 2472 2175 2543 determinat,
2209 2473 2367 2531 sicut
2398 2476 2543 2531 sunt
2571 2493 2655 2543 ea,
2690 2492 2841 2548 quae
2861 2472 3219 2531 ordinantur

594 2563 657 2620 in
676 2562 853 2623 finem
873 2564 1174 2635 ultimum,
1209 2582 1463 2639 quorum
1485 2562 1695 2621 electio
1726 2562 1800 2620 ad
1834 2564 2021 2637 ipsam
2045 2562 2304 2637 pertinet
2320 2584 2334 2633 ;
2351 2571 2378 2601 ‘
2413 2562 2481 2620 cf.
2503 2561 2809 2638 compend.
2830 2561 3008 2619 theol.
3030 2578 3078 2624 c.
3105 2570 3216 2624 76:

602 2652 928 2721 ,Liberum
973 2656 1172 2712 autem
1220 2652 1487 2721 dicimus,
1537 2651 1697 2727 quod
1743 2651 1835 2711 sui
1881 2669 2059 2711 causa
2089 2656 2180 2710 est
2212 2697 2224 2710 .
2258 2702 2270 2714 .
2307 2703 2320 2716 .
2353 2652 2628 2712 Liberum
2660 2655 2754 2711 est
2785 2651 2944 2727 quod
2976 2669 3094 2711 non
3127 2653 3221 2709 est

598 2741 931 2819 obligatum
964 2742 1034 2800 ad
1072 2741 1303 2816 aliquid
1336 2761 1527 2800 unum
1560 2741 2080 2802 determinatum.‘
2146 2742 2314 2800 Unde
2358 2742 2639 2801 voluntas
2685 2742 2748 2800 in
2779 2741 2871 2811 iis,
2903 2740 2967 2798 in
2999 2740 3220 2816 quibus

596 2838 686 2888 est
716 2831 920 2903 libera,
956 2851 1019 2889 se
1052 2833 1180 2906 ipsa
1209 2829 1442 2889 reducit
1474 2830 1537 2887 in
1569 2833 1801 2888 actum:
1871 2831 1982 2899 ,In
2013 2835 2305 2906 quantum
2350 2835 2487 2890 actu
2532 2831 2666 2890 vult
2709 2830 2907 2901 finem,
2941 2829 3141 2905 inquit
3170 2848 3217 2891 s·

595 2920 918 2977 Thomas
960 2932 1010 2982 1.
1048 2930 1081 2980 2
1117 2938 1171 2994 q.
1209 2930 1265 2980 9.
1298 2938 1347 2976 a.
1384 2927 1419 2981 3
1457 2919 1529 2977 ad
1573 2930 1621 2988 1,
1654 2919 1891 2978 reducit
1922 2938 1984 2978 se
2017 2920 2089 2977 de
2107 2921 2376 2995 potentia
2396 2921 2457 2977 in
2477 2923 2675 2980 actum
2694 2923 2972 2995 respectu
2991 2938 3216 2988 eorum,

597 3027 749 3082 quae
781 3014 927 3066 sunt
958 3008 1029 3066 ad
1064 3008 1257 3076 finem,
1293 3011 1363 3065 ut
1395 3008 1520 3076 scil,
1556 3026 1625 3066 ea
1655 3012 1795 3067 actu
1825 3009 2048 3078 velit3‘
2081 3008 2211 3067 fuse
2242 3009 2317 3067 de
2337 3009 2489 3067 malo
2511 3028 2565 3083 q.
2592 3021 2626 3069 6
2650 3028 2699 3067 a.
2721 3009 2914 3077 unico,
2936 3009 3043 3067 ubi
3060 3008 3220 3066 inter

598 3098 715 3155 alia
745 3098 995 3156 statuit:
1033 3097 1377 3166 ,Quantum
1411 3096 1483 3155 ad
1505 3098 1852 3157 exercitium
1884 3097 2267 3156 manifestum
2301 3103 2409 3167 est,
2445 3098 2604 3172 quod
2636 3098 2915 3158 voluntas
2948 3102 3222 3157 movetur

594 3206 629 3244 a
661 3186 884 3261 seipsa:
919 3187 1077 3245 sicut
1108 3186 1266 3244 enim
1300 3189 1501 3245 movet
1531 3187 1681 3246 alias
1714 3187 2032 3263 potentias,
2070 3187 2156 3244 ita
2185 3191 2246 3246 et
2279 3188 2531 3263 seipsam
2563 3190 2818 3246 movet‘
2864 3186 3007 3245 Ideo
3040 3186 3218 3244 etiam

596 3271 651 3336 f.
687 3278 895 3333 tuetur
926 3276 989 3333 in
1031 3287 1080 3339 1.
1116 3275 1171 3333 d.
1210 3285 1287 3339 38
1325 3294 1379 3350 q.
1421 3288 1442 3337 l
1487 3296 1535 3334 a.
1571 3285 1605 3339 5
1643 3272 1803 3357 (coll.
1846 3288 1896 3338 1.
1919 3297 1974 3352 p.
1995 3295 2051 3351 q.
2081 3285 2227 3339 l4a.
2255 3273 2378 3357 13),
2415 3276 2868 3353 ,contingentia
2888 3276 2962 3335 ad
2982 3281 3219 3334 utrum·

597 3363 746 3422 libet
776 3365 841 3422 in
872 3365 1068 3424 causis
1100 3365 1268 3423 nullo
1301 3365 1476 3424 modo
1508 3365 1780 3442 cognosci
1808 3374 2043 3441 posse.‘
2078 3366 2266 3440 Atqui
2296 3365 2692 3425 infallibiliter
2723 3369 3223 3441 cognoscerentur

597 3453 660 3510 in
692 3453 814 3511 suis
848 3456 1060 3523 causis,
1097 3454 1149 3511 si
1183 3454 1289 3512 hae
1334 3454 1406 3513 ad
1457 3454 1752 3531 agendum
1787 3455 2117 3513 necessario
2150 3454 2490 3531 indigerent
2520 3455 2921 3530 praemotione
2954 3453 3219 3529 physica,

596 3561 716 3616 qua
735 3543 933 3617 posita
953 3543 1357 3602 infallibiliter
1377 3544 1653 3619 sequitur
1675 3544 2106 3603 determinatus
2128 3544 2392 3607 effeetus,
2425 3543 2504 3602 Cf.
2528 3544 2702 3619 plura
2719 3544 2875 3619 apud
2899 3543 2935 3600 S
2952 3562 2982 3600 c
3000 3542 3038 3599 h
3054 3561 3142 3600 ne
3159 3560 3217 3600 e·

596 3649 762 3689 man
780 3650 835 3700 n,
872 3631 967 3690 die
998 3633 1354 3709 Enetehung
1385 3632 1489 3690 der
1515 3633 2403 3691 thomistisch·molinistischen
2434 3632 2837 3703 Controverse,
2870 3631 3219 3707 praesertim

604 3740 659 3794 p.
699 3729 732 3781 2
769 3721 1021 3796 append.
1056 3741 1187 3798 pag.
1230 3733 1343 3784 171
1389 3740 1481 3791 se„
1516 3722 1794 3799 Friburgi
1837 3731 2020 3785 1879.
2062 3731 2258 3785 1880:
2294 3722 2516 3780 Frins
2549 3725 2685 3780 sect.
2723 3730 2777 3784 3.
2813 3732 2881 3790 43
2916 3720 3220 3779 Lesser-

598 3814 779 3867 teur
811 3809 866 3868 S.
887 3811 1139 3870 'l'homas
1161 3814 1222 3869 et
1242 3811 1297 3869 le
1319 3810 1675 3879 Thomisme,
1698 3811 1866 3869 Paris
1893 3821 2091 3880 1883;
2127 3811 2222 3868 Pe
2241 3812 2352 3869 cci
2386 3801 2674 3869 Sentenza
2706 3810 2801 3868 del
2835 3829 2880 3867 s.
2911 3809 3220 3867 Tommaso

598 3898 751 3956 circa
784 3898 1075 3958 l'influsso
1109 3899 1168 3957 di
1206 3900 1314 3957 Dio
1347 3900 1501 3959 sulle
1551 3900 1742 3958 azioni
1795 3899 1947 3958 delle
1997 3903 2263 3959 creature
2312 3900 2675 3976 ragionevoli
2726 3919 2757 3957 e
2807 3900 2964 3958 sulla
2995 3899 3222 3956 scienza

600 3986 814 4058 media,
848 3989 1066 4047 Romae
1104 3999 1303 4057 18863
1341 3988 1403 4047 in
1436 3988 1648 4064 primis
1682 3989 1769 4047 de
1803 3988 1947 4047 San
1979 3989 2051 4046 de
2083 3989 2203 4048 Deo
2234 3989 2278 4060 Ι,
2317 3998 2662 4052 590-745
2697 4009 2746 4045 a·

782 4111 927 4174 122.
962 4106 1217 4174 Thesis
1249 4105 1546 4176 CXCIV.
1626 4130 1959 4195 Quamvis
2013 4130 2463 4182 verissimum
2518 4131 2612 4182 sit
2668 4130 2898 4182 Deum
2959 4129 3217 4181 virtute

596 4219 875 4282 oratiae
902 4218 1169 4283 faeere,
1204 4222 1282 4270 ut
1297 4219 1660 4281 faciamus
1684 4218 1923 4272 Ezech.
1939 4219 2042 4282 11,
2061 4217 2146 4270 19
2162 4218 2314 4272 coll.
2330 4218 2448 4283 36,
2467 4220 2560 4272 26
2571 4235 2597 4285 ,·
2613 4219 2902 4284 operari
2921 4220 3001 4272 in
3018 4218 3221 4271 nobie

598 4307 769 4360 velle
796 4312 860 4360 et
882 4307 1218 4373 perficere
1248 4308 1561 4373 Philipp.
1600 4308 1666 4372 2,
1694 4307 1804 4373 13,
1841 4309 2124 4361 trahere
2160 4322 2290 4361 nos
2327 4310 2425 4361 ad
2464 4309 2820 4362 Clu-istum
2847 4308 2959 4361 Jo.
2991 4307 3060 4371 6,
3087 4306 3221 4371 44,-

598 4398 776 4450 adeo
813 4400 893 4450 ut
930 4399 1089 4462 ipsa
1127 4410 1345 4461 opera
1386 4401 1629 4450 nostra
1668 4399 1853 4450 bona
1889 4399 2033 4450 sint
2069 4399 2297 4464 ipsius
2320 4397 2603 4464 ejusque
2629 4400 2912 4464 oratioe
2937 4398 3130 4450 dona
3155 4399 3221 4448 et

596 4490 823 4538 totum
861 4488 939 4538 in
978 4487 1227 4540 ordine
1265 4487 1523 4539 salutis
1558 4488 1700 4553 ipsi
1737 4488 1827 4538 sit
1864 4488 2433 4552 adscribendum,
2457 4489 2627 4553 quia
2658 4500 2883 4553 neque
2906 4486 3222 4550 volentis,

598 4587 821 4639 neque
859 4577 1233 4640 currentis,
1270 4578 1391 4630 aed
1427 4577 1828 4628 miserentis
1865 4578 1965 4627 est
2003 4575 2138 4628 Dei
2176 4577 2378 4629 Rom.
2406 4577 2474 4640 9,
2498 4576 2626 4640 16,-
2653 4579 2891 4628 tamen
2916 4576 3015 4629 ad
3050 4575 3218 4627 haec

599 4664 844 4716 omnia
882 4665 1019 4717 rite
1057 4665 1517 4730 intelliaenda
1575 4669 1639 4718 et
1695 4665 2122 4730 explicanda
2156 4667 2634 4719 necessarium
2673 4665 3083 4718 nullatenus
3122 4667 3222 4717 est

601 4766 968 4806 recurrere
1008 4754 1116 4806 vel
1155 4757 1253 4808 ad
1289 4756 1600 4819 aratiam
1637 4755 2184 4818 neeessiwntem,
2220 4753 2327 4806 vel
2363 4756 2461 4807 ad
2497 4757 2809 4820 qratiam
2837 4768 2927 4807 ex
2950 4767 3094 4807 sese
3119 4754 3222 4817 ef-
