3538 5364
595 240 725 304 626
1125 230 1311 285 Tract.
1340 229 1404 284 X.
1430 230 1501 283 de
1526 228 1643 285 Deo
1669 234 2141 285 consummatore.
2169 230 2369 284 Thesis
2394 228 2728 285 CCLXXIII.

618 412 889 493 ingredi,
922 412 1095 495 quod
1127 412 1462 488 indecens3
1510 418 1623 476 aut
1668 430 1784 478 eos
1828 411 2090 494 purgari
2133 418 2199 477 et
2247 411 2497 476 absolvi
2526 411 2609 476 ab
2642 412 2818 477 omni
2849 411 3064 478 debito
3095 412 3242 495 ipsa

607 527 844 595 morte,
873 519 1045 601 quod
1076 519 1340 583 omnino
1375 518 1822 595 arbitrarium3
1866 524 1978 583 aut
2027 518 2279 583 admitti
2326 516 2521 583 debet
2551 522 2761 582 status
2793 518 3060 601 quidam
3088 525 3241 601 post

601 632 878 692 mortem
912 626 998 689 ad
1030 632 1305 708 tempuS,
1359 625 1425 689 in
1457 645 1585 707 quo
1618 626 1878 691 animae
1910 644 2103 691 omne
2133 625 2388 691 solvant
2417 624 2704 690 debitum
2736 630 2801 689 et
2829 626 3237 700 mundentur,

593 735 635 798 i.
690 752 742 798 e.
792 732 1392 816 purgatorium.
1456 730 1535 797 Et
1584 750 1813 798 revera
1860 732 2049 815 hujus
2095 731 2501 814 aliorumque
2545 738 3069 813 argumentorum
3101 732 3240 798 evi-

622 841 841 906 dentia
888 840 1104 922 plures
1151 846 1593 922 protestantes
1641 839 1987 905 recentiori
2034 845 2250 905 aetate
2279 839 2572 921 permoti,
2621 838 2677 901 si
2719 857 2852 902 non
2880 838 3243 921 purgatorii

615 966 876 1024 nomen,
904 965 1043 1012 rem
1074 946 1305 1012 saltem
1328 946 1676 1011 admittunt
1690 946 1756 1034 1),
1787 945 2173 1028 praesertim
2204 946 2260 1009 si
2286 944 2780 1028 praescindatur
2798 962 2840 1009 a
2857 945 3242 1027 quaestione

612 1053 693 1118 de
724 1055 888 1136 ignis
919 1055 1230 1137 qualitate
1263 1054 1472 1137 deque
1502 1052 1787 1120 fidelium
1837 1053 2152 1134 suffragiis
2195 1070 2314 1134 pro
2361 1052 2722 1117 animarum
2769 1052 2834 1115 in
2863 1050 3238 1133 purgatorio

595 1159 993 1227 liberatione.

781 1291 933 1356 669.
973 1290 1039 1355 2.
1076 1284 1251 1351 Sane
1283 1287 1447 1352 haec
1477 1305 1732 1369 semper
1773 1285 1894 1349 suit
1925 1284 2083 1349 fides
2114 1284 2438 1350 Ecclesiae
2469 1284 2822 1366 primorum
2854 1285 3241 1359 seculorum,

598 1399 674 1457 ut
704 1399 888 1474 patet
920 1411 998 1457 ex
1030 1394 1273 1477 praxi
1325 1393 1554 1457 orandi
1584 1411 1701 1475 pro
1735 1391 2069 1469 defunctiS,
2101 1409 2269 1473 quae
2301 1389 2649 1456 fatentibus
2680 1389 2782 1455 vel
2813 1390 3243 1473 protestanti-

596 1497 719 1562 bus
760 1516 801 1561 a
836 1506 1092 1565 remota
1122 1519 1379 1583 semper
1410 1500 1608 1581 viguit
1639 1505 1874 1568 aetate.
1936 1498 2138 1580 Hujus
2188 1504 2406 1563 autem
2436 1498 2653 1580 praxis
2684 1498 2749 1562 hi
2780 1504 2933 1563 sunt
2961 1498 3242 1561 charac-

598 1611 805 1670 teresr
839 1627 902 1676 a.
934 1626 1016 1673 ea
1047 1613 1147 1671 est
1190 1607 1712 1672 universalis
1756 1606 1904 1671 loco
1954 1614 2020 1671 et
2052 1614 2358 1687 tempore.
2419 1605 2516 1671 Ita
2547 1624 2601 1670 e.
2634 1625 2688 1687 g.
2721 1604 3242 1685 Augustinus

600 1732 787 1779 serm.
824 1719 953 1783 172
985 1734 1047 1778 n.
1081 1720 1121 1783 2
1156 1719 1465 1781 testatur:
1539 1710 1994 1790 ,Orationibus
2027 1710 2294 1778 sanctae
2324 1712 2651 1778 Ecclesiae
2682 1718 2746 1777 et
2776 1711 3094 1776 sacrificio
3127 1729 3245 1775 sa-

597 1820 791 1884 lutari
823 1826 885 1886 et
921 1821 1373 1905 eleemosyniS,
1406 1840 1574 1905 quae
1604 1841 1722 1905 pro
1772 1839 1995 1887 eorum
2042 1819 2536 1907 (defunctorum)
2585 1816 2914 1901 spiritibus
2957 1836 3244 1901 erogan-

605 1934 726 2004 tur,
757 1946 890 1992 non
923 1936 1022 1993 est
1055 1927 1482 1992 dubitandum
1513 1934 1810 1993 mortuos
1841 1928 2149 2010 adjuvari,
2181 1934 2253 1992 ut
2282 1945 2428 1990 cum
2452 1927 2545 1991 eis
2565 1925 3046 1991 misericordius
3077 1944 3240 2008 aga-

610 2040 719 2097 tur
752 2052 792 2097 a
822 2034 1116 2111 Domin0,
1167 2052 1361 2116 quam
1414 2053 1644 2100 eorum
1692 2040 1966 2117 peccata
2008 2040 2398 2099 meruerunt.
2459 2034 2597 2098 Hoc
2642 2032 2816 2099 enim
2858 2051 2899 2096 a
2941 2032 3240 2116 patribus

604 2142 913 2206 traditum
947 2143 1260 2208 universa
1292 2142 1597 2208 observat
1614 2142 1954 2209 Ecclesia.‘
1993 2142 2086 2206 Ea
2117 2145 2185 2213 b.
2216 2142 2391 2224 viget
2418 2141 2591 2225 apud
2622 2148 2899 2207 sectas
2930 2135 3240 2215 Orientis,

607 2267 775 2332 quae
801 2250 938 2331 jam
968 2250 1186 2315 seculo
1208 2249 1281 2314 V.
1316 2248 1400 2313 ab
1420 2249 1709 2314 Ecclesia
1741 2268 1814 2314 se
1845 2254 2248 2331 separarunt.
2279 2249 2371 2312 Ea
2402 2268 2466 2317 c.
2501 2254 2605 2313 est
2634 2246 3049 2324 solemniS,
3080 2264 3234 2311 cum

597 2356 816 2421 locum
846 2356 1024 2420 haud
1058 2356 1345 2421 infimum
1378 2355 1671 2421 obtineat
1715 2357 1782 2420 in
1829 2356 2085 2436 liturgia
2114 2363 2180 2422 et
2210 2374 2251 2419 a
2281 2354 2566 2420 conciliis
2597 2356 2966 2420 inculcetur.
3027 2354 3123 2419 Ea
3154 2355 3230 2422 «l.

595 2469 696 2527 est
746 2464 1369 2546 antiquissima,
1418 2464 1599 2528 cuius
1644 2464 1916 2544 vestigia
1958 2464 2281 2545 attingunt
2326 2469 2608 2529 aetatem
2654 2461 3229 2544 apostolicam.

601 2569 883 2644 ,Harum
932 2570 1369 2656 (oblationum
1417 2588 1556 2662 pro*
1584 2569 1944 2658 defunctis),
1989 2570 2210 2635 scribit
2252 2569 2820 2636 Tertullianus
2870 2567 2950 2633 de
2981 2585 3228 2633 corona

598 2675 725 2741 mil.
758 2695 810 2740 c.
844 2681 905 2754 4,
939 2684 1006 2741 et
1037 2676 1314 2742 aliarum
1343 2678 1712 2761 hujusmodi
1756 2677 2255 2760 disciplinarum,
2302 2678 2358 2742 si
2401 2677 2608 2759 legem
2649 2672 3021 2758 expostulas
3053 2673 3227 2740 Scri-

604 2790 957 2866 pturarum,
989 2785 1234 2851 nullam
1269 2786 1575 2860 invenieS,
1609 2786 1867 2852 traditio
1899 2787 2016 2850 tibi
2032 2785 2489 2868 praetendetur
2520 2785 2794 2861 auctrix,
2824 2784 3225 2850 consuetudo

604 2891 1044 2956 confirmatrix
1079 2900 1145 2958 et
1174 2893 1332 2958 fides
1365 2892 1824 2957 observatrix.‘
1893 2894 1972 2958 Et
2000 2912 2228 2959 revera
2259 2914 2322 2961 e.
2356 2899 2574 2974 patres
2619 2910 2766 2958 eam
2811 2896 3112 2973 repetunt
3141 2890 3224 2955 ab

595 2998 752 3080 ipsis
785 3001 1111 3081 apostolis.

771 3129 863 3188 Ita
902 3129 1267 3188 Isidorus
1314 3129 1528 3206 hispal.
1560 3128 1633 3188 de
1666 3130 1805 3191 eccl.
1838 3130 1987 3191 offic.
2019 3131 2064 3199 1,
2106 3139 2182 3193 18
2217 3149 2274 3188 n.
2318 3140 2426 3191 ll:
2477 3129 2883 3198 ,Sacrificium
2925 3145 3036 3205 pro
3081 3128 3226 3186 fide-

590 3217 748 3276 lium
780 3217 1199 3276 defunctorum
1228 3218 1439 3294 requie
1470 3219 1697 3288 offerre,
1730 3218 1828 3277 vel
1859 3238 1966 3295 pro
1998 3219 2083 3277 eis
2115 3237 2299 3290 orare,
2338 3218 2484 3293 quia
2514 3236 2623 3293 per
2651 3220 2849 3276 totum
2881 3218 3086 3277 orbem
3117 3217 3227 3275 hoc

592 3305 948 3377 custoditur,
982 3306 1299 3376 credimus,
1345 3306 1505 3369 quod
1552 3308 1626 3366 ab
1673 3308 1822 3383 ipsis
1854 3308 2139 3383 apostolis
2170 3307 2461 3367 traditum
2494 3307 2589 3370 sit.
2655 3307 2780 3366 Hoc
2809 3306 2970 3365 enim
2999 3305 3227 3382 ubique

592 3394 882 3453 catholica
913 3399 1079 3454 tenet
1110 3396 1385 3467 Ecclesia,
1436 3415 1589 3472 quae
1620 3396 1740 3455 nisi
1774 3397 2041 3455 crederet
2072 3395 2349 3456 fidelibus
2379 3396 2678 3455 defunctis
2710 3395 2936 3454 dimitti
2966 3398 3224 3471 peccata,

590 3502 711 3542 non
743 3502 850 3560 pro
882 3502 1086 3543 eorum
1108 3485 1423 3561 spiritibus
1452 3486 1549 3556 vel
1579 3485 2015 3562 eleemosynam
2036 3487 2255 3544 faceret
2287 3486 2381 3545 vel
2414 3485 2766 3544 sacrificium
2786 3485 2908 3543 Deo
2927 3485 3223 3543 offerret.¹

593 3572 754 3642 Quae
786 3573 966 3632 verba
996 3574 1185 3632 citant
1230 3577 1293 3632 et
1328 3574 1667 3649 approbant
1697 3574 2074 3633 Heterius
2104 3573 2387 3634 adversus
2418 3573 2774 3649 Elipandum
2809 3574 2848 3631 1.
2890 3584 2914 3636 l
2954 3592 3013 3636 n.
3050 3583 3131 3637 80
3166 3576 3230 3632 et

590 3661 734 3722 Bab.
766 3664 1076 3722 Maurus
1124 3663 1197 3721 de
1240 3663 1434 3724 instit.
1468 3663 1816 3722 clericorum
1845 3662 1923 3733 11,
1962 3673 2061 3726 44.
2097 3697 2186 3708 —
2217 3663 2298 3726 Cf.
2331 3664 2508 3722 etiam
2541 3682 2715 3723 serm.
2756 3672 2872 3725 191
2912 3663 2977 3721 in
3010 3683 3147 3740 app.
3181 3681 3227 3721 s.

589 3753 742 3829 Aug.
773 3771 833 3817 n.
870 3761 938 3823 23
970 3752 1458 3828 Epiphanius
1490 3752 1646 3812 haer.
1683 3762 1760 3815 75
1799 3771 1857 3816 n.
1894 3762 1928 3816 8
1965 3771 2042 3810 ss.

771 3867 1153 3937 Orationum
1194 3890 1351 3936 vero
1386 3872 1635 3955 analysi
1666 3873 1962 3937 instituta
1990 3871 2190 3955 liquet
2219 3893 2283 3942 a.
2315 3868 2664 3938 Ecclesiam
2695 3871 3062 3950 credidisse,
3114 3889 3229 3937 eas

592 3980 900 4061 prodesse
931 3978 1263 4056 defunctis,
1294 3985 1368 4043 ut
1396 3985 1575 4060 patet
1608 3997 1689 4043 ex
1720 3980 2104 4045 testimoniis
2136 3979 2365 4044 allatis,

771 4107 1001 4177 Quibus
1048 4108 1215 4176 adde,
1265 4128 1417 4183 quae
1461 4108 1647 4167 refert
1678 4109 2180 4186 Augustinus
2227 4108 2473 4167 confess.
2505 4108 2602 4178 IX,
2643 4116 2719 4171 13
2767 4107 2841 4165 de
2886 4108 3076 4166 matre
3115 4126 3226 4168 sua

592 4197 982 4256 moribunda:
1035 4197 1507 4265 ,Tantummodo
1552 4197 1897 4257 memoriam
1945 4198 2040 4257 sui
2085 4198 2159 4257 ad
2204 4198 2391 4256 altare
2435 4202 2610 4256 tuum
2656 4196 2784 4255 fieri
2829 4195 3222 4268 desideravit3

812 4388 849 4457 ¹)
876 4385 964 4438 Ita
985 4400 1066 4441 ex.
1095 4402 1180 4456 gr.
1208 4385 1260 4438 H
1275 4402 1309 4439 a
1325 4403 1351 4439 s
1368 4401 1397 4439 e
1423 4381 1649 4440 Handb.
1672 4386 1774 4440 der
1792 4388 2029 4455 protest.
2049 4384 2311 4441 Polemik
2331 4383 2531 4440 scribit
2548 4385 2584 4438 l.
2607 4392 2640 4441 2
2658 4400 2707 4438 c.
2727 4390 2792 4442 6:
2821 4382 2958 4446 „Die
2977 4384 3225 4439 meisten

594 4464 949 4519 Sterbenden
979 4466 1109 4520 sind
1136 4466 1250 4521 wol
1277 4485 1346 4520 zu
1372 4469 1483 4538 gut
1507 4467 1601 4520 fur
1626 4466 1720 4520 die
1746 4467 1935 4532 Helle,
1960 4468 2096 4521 aber
2121 4465 2306 4520 sicher
2330 4483 2402 4518 zu
2427 4465 2682 4520 schlecht
2713 4466 2806 4519 fur
2826 4463 2935 4518 den
2955 4463 3226 4520 Himmel.

592 4545 730 4598 Man
750 4563 908 4599 muas
929 4546 1079 4600 offen
1100 4547 1468 4616 zugestehen,
1490 4546 1621 4600 dass
1635 4546 1762 4601 hier
1783 4547 1860 4600 im
1882 4545 2418 4601 reformatorischen
2438 4544 2944 4600 Protestantismus
2963 4545 3095 4599 eine
3117 4544 3227 4602 Un-

593 4624 850 4679 klarheit
874 4624 1122 4695 vorliegt
1149 4643 1203 4680 u.
1229 4643 1272 4679 s.
1301 4639 1403 4679 w.··
1436 4626 1518 4680 cf.
1546 4625 1722 4681 Perr
1743 4642 1880 4681 one
1905 4627 1945 4679 t.
1973 4635 2005 4682 5
2031 4643 2087 4696 p.
2116 4633 2150 4682 3
2175 4641 2222 4683 e.
2250 4630 2283 4681 6
2308 4627 2417 4679 art.
2444 4633 2508 4686 2:
2536 4624 2952 4695 Hettinger
2976 4624 3126 4697 disp.
3158 4631 3224 4681 16

591 4704 676 4760 Cf.
704 4705 952 4759 Thomas
978 4707 1177 4760 contra
1202 4709 1403 4776 gentes
1428 4705 1525 4772 1v,
1553 4713 1614 4765 91
1649 4724 1707 4760 n.
1733 4715 1769 4762 4
1794 4709 1854 4760 et
1878 4705 1923 4759 B
1940 4724 1972 4762 ο
1989 4722 2077 4759 na
2094 4708 2414 4760 ventura
2439 4705 2799 4775 Breviloquii
2822 4704 2946 4771 VII,
2973 4713 3023 4762 2.
