3538 5364
513 176 643 242 628
998 165 1182 220 Tract-
1210 166 1276 220 X.
1303 165 1373 219 de
1399 165 1516 220 Deo
1544 168 2016 220 consummatore.
2043 165 2242 221 Thesis
2270 164 2609 221 COLXxffl.

514 356 662 432 quid
692 355 857 415 aliud
888 355 1157 425 referam,
1190 353 1309 413 nisi
1343 355 1623 429 majorem
1654 353 1901 412 illorum
1933 356 2162 430 partem
2194 353 2258 412 in
2290 372 2419 413 eam
2452 352 2809 411 sententiam
2839 371 2969 413 esse
2998 374 3145 430 pro-

515 463 776 522 pensam,
827 448 900 505 ut
948 444 1360 521 purgatorium
1407 441 1707 502 credant.‘
1775 443 1926 502 Sane
1969 442 2183 502 docent
2226 444 2445 519 patres,
2497 460 2755 518 quorum
2791 442 2918 518 jam
2961 443 3152 518 plura.

513 534 857 595 testimonia
888 532 1258 603 adduximuS,
1309 547 1372 597 8.
1420 534 1656 608 praeter
1699 531 1931 592 coelum
1975 534 2036 591 et
2079 531 2381 591 infernum
2426 548 2550 590 esse
2594 532 2790 590 locum
2836 532 3134 608 quendam

514 623 953 694 intermedium,
986 622 1050 680 in
1082 641 1258 697 quem
1290 617 1363 684 b.
1399 621 1490 679 illi
1521 620 1784 693 veniant,
1817 620 1920 696 qui
1952 620 2223 680 nondum
2253 620 2511 697 perfecie
2542 640 2576 679 a
2605 619 2864 696 peccatis
2896 620 3147 699 purgati:

514 733 585 772 ex
617 712 726 771 hac
755 711 1040 771 decedant
1070 711 1213 782 vita,
1254 711 1459 786 ibique
1492 728 1591 769 eos
1624 724 1687 775 e.
1717 710 1966 787 purgari
1996 710 2213 785 poenis'
2236 708 2394 769 haud
2426 709 2681 779 levibns,
2727 727 2851 767 non
2896 710 3131 785 quidem

515 803 580 861 in
609 803 984 879 perpetuum,
1030 799 1133 859 sed
1165 799 1239 859 ad
1270 802 1527 876 tempus.
1590 799 1780 876 Atqui
1811 800 1952 858 haec
1982 801 2110 876 ipsa
2142 801 2237 858 est
2266 798 2536 858 doctrina
2568 798 2858 858 catholica
2888 798 2961 858 de
2991 819 3134 875 pur·

516 890 764 969 gstorio.

694 1015 840 1095 670.
873 1011 941 1078 4.
976 1008 1198 1092 Neque
1230 1009 1462 1072 mirum
1490 1013 1712 1090 patres
1757 1008 1883 1073 hoc
1914 1008 2228 1085 docuisse,
2274 1026 2423 1072 cum
2456 1009 2619 1073 haec
2655 1006 3023 1090 Scripturae
3052 1010 3152 1073 sit.

516 1117 827 1182 doctrina.
892 1112 1158 1180 Omissis
1173 1118 1220 1202 1)
1272 1116 1411 1180 aliis
1461 1132 1893 1197 provocamus
1939 1115 2023 1179 ad
2067 1114 2136 1179 11.
2168 1114 2458 1180 Machab.
2511 1119 2611 1193 12,
2643 1121 2731 1186 43
2766 1136 2884 1180 ss:
2933 1115 3142 1181 Facta

511 1225 837 1289 collatione
880 1224 1203 1287 duodecim
1245 1222 1448 1286 millia
1493 1221 1832 1287 drachmas
1877 1224 2121 1306 arqenti
2171 1223 2338 1286 misit
2372 1221 2623 1309 (Judas)
2675 1221 3145 1309 Jerosolymam·

514 1332 732 1414 offerri
762 1351 879 1415 pro
910 1331 1179 1414 peccatis
1208 1336 1598 1393 mortuorum
1615 1330 2021 1414 sacrificium,
2052 1330 2198 1393 bene
2219 1338 2274 1393 et
2296 1328 2581 1414 reliqiose
2599 1331 2676 1394 de
2694 1333 3152 1395 resurrectione·

523 1440 803 1521 coyitans
836 1438 986 1520 (nisi
1016 1438 1181 1501 enim
1213 1456 1334 1517 eos,
1365 1438 1473 1521 qai
1506 1437 1872 1512 ceciderant,
1919 1442 2377 1500 resurrecturos
2420 1445 2723 1521 speraret,
2753 1438 3142 1522 superfluum

522 1546 837 1609 videretur
867 1551 924 1607 et
955 1564 1184 1607 vanum
1214 1564 1401 1608 orare
1430 1563 1548 1627 pro
1578 1544 1899 1630 mortuis);
1932 1549 1987 1606 et
2017 1545 2166 1630 quia
2196 1544 2652 1627 considerabat,
2696 1544 2861 1628 quod
2904 1546 2988 1625 hi,
3031 1546 3141 1629 qui

518 1672 656 1717 cum
679 1653 915 1736 pietate
946 1652 1379 1715 dormitionem
1410 1657 1802 1735 acceperant,
1821 1652 2123 1736 optimam
2137 1650 2434 1715 haberent
2463 1653 2802 1735 repositam
2829 1652 3132 1733 qratiam.

524 1756 776 1823 Sancta*
797 1780 953 1842 erqo.
985 1766 1041 1822 et
1086 1757 1359 1822 salubris
1403 1764 1490 1821 est
1535 1759 1826 1842 coqitatio
1862 1756 2328 1845 projciefunctis
2359 1778 2643 1838 exorare,
2693 1764 2763 1820 ut
2794 1779 2835 1821 a
2865 1760 3146 1841 peccatis

522 1866 843 1929 solvantur
856 1889 883 1945 ,·
927 1884 1008 1930 ex
1055 1865 1288 1948 quibus
1336 1865 1503 1951 (libri
1547 1865 1966 1946 inspiratione
2012 1882 2091 1929 ex
2123 1863 2210 1931 th.
2243 1864 2482 1928 XXXV
2513 1864 2875 1951 supposita)
2909 1882 3154 1929 cernas-

521 1993 585 2043 ιι.
615 1972 849 2038 Judam
880 1992 1028 2038 cum
1060 1973 1193 2037 suis
1223 1971 1589 2048 credidisse,
1635 1989 1828 2053 posse
1861 1971 2111 2053 aliquos
2144 1990 2293 2035 cum
2321 1971 2562 2053 pietate
2592 1972 2775 2049 mori,
2823 1972 2943 2035 etsi
2973 1990 3154 2036 non-

521 2080 673 2143 dum
704 2079 788 2144 ab
822 2081 1002 2145 omni
1031 2087 1299 2161 peccato
1332 2098 1594 2161 prorsus
1644 2079 1951 2154 mundos;
2000 2097 2113 2144 eos
2145 2086 2365 2145 tamen
2396 2080 2467 2148 b.
2497 2097 2690 2160 posse
2721 2077 3039 2155 mundari,
3072 2085 3148 2142 et

523 2188 781 2268 quidem
812 2187 1130 2268 suffragiis
1162 2187 1487 2262 vivorum3
1521 2187 1736 2269 itaque
1769 2205 1832 2256 c.
1865 2192 2108 2250 statum
2141 2204 2283 2250 esse
2314 2185 2714 2268 purgationis
2745 2203 2876 2249 non
2906 2203 3156 2266 peren-

523 2312 704 2369 nem;
738 2312 888 2359 eum
920 2312 1071 2375 ergo
1104 2296 1172 2364 d.
1203 2294 1548 2359 credidisse
1579 2293 2036 2375 purgatorium.
2078 2292 2192 2357 Vis
2225 2293 2585 2374 argumenti
2615 2293 2865 2370 crescit,
2897 2292 2952 2356 si
2981 2310 3146 2357 con-

518 2402 878 2466 siderentur
907 2422 971 2472 a.
1004 2400 1152 2464 facti
1184 2401 1558 2466 solemnitas
1591 2406 1654 2466 et
1686 2399 2055 2482 publicitas3
2107 2402 2175 2469 b.
2225 2400 2388 2464 mira
2438 2397 2712 2465 militum
2743 2400 3156 2480 conspiratio

734 2701 769 2766 ι)
800 2694 1003 2748 Matth.
1032 2705 1079 2759 5,
1109 2701 1176 2750 25
1205 2713 1246 2749 s.
1268 2717 1279 2750 ι
1306 2699 1436 2750 Esto
1469 2699 1790 2750 consentiens
1825 2700 2143 2751 adversario
2163 2705 2252 2750 tuo
2278 2699 2394 2760 cito,
2415 2698 2542 2750 dum
2562 2715 2615 2750 es
2633 2700 2695 2750 in
2715 2704 2800 2750 cia·
2820 2715 2939 2749 cum
2958 2713 3017 2750 eo
3032 2716 3052 2749 .·
3076 2713 3160 2749 ue·

509 2778 650 2842 forte
687 2778 869 2830 tradat
908 2785 956 2830 te
991 2781 1338 2832 adversarius
1364 2780 1546 2843 judici
1587 2786 1633 2831 et
1647 2780 1822 2843 judex
1846 2781 2032 2831 tradat
2072 2785 2120 2832 te
2143 2781 2392 2832 ministro
2433 2787 2480 2831 et
2506 2781 2564 2831 in
2590 2795 2854 2832 carcerem
2881 2782 3136 2831 mittaris.

512 2860 680 2910 Amen
704 2859 819 2912 dico
845 2859 952 2919 tibi,
978 2877 1086 2911 non
1109 2862 1250 2911 exies
1276 2861 1414 2920 inde,
1440 2859 1601 2911 donec
1628 2860 1823 2912 reddas
1849 2862 2195 2913 novissimum
2219 2861 2588 2928 quadrantem.
2644 2857 2767 2923 Quo
2808 2856 3155 2913 testimonio·

512 2935 780 2990 nonnulli
808 2953 874 2989 ex
902 2937 1189 2990 veteribus
1212 2939 1484 2991 utuntur:
1514 2953 1716 3007 graves
1736 2940 1928 2991 tamen
1951 2938 2210 3009 theologi
2229 2939 2486 2992 fatentur
2504 2937 2651 2993 illud
2671 2939 2730 2991 vi
2751 2937 3035 3009 probandi
3053 2953 3152 2991 ca-⁴

511 3032 649 3079 rere,
671 3021 729 3070 et
753 3033 782 3068 c
798 3032 832 3069 a
846 3034 875 3069 ι·
891 3033 920 3070 c
937 3033 965 3070 e
982 3035 1009 3069 r
1025 3016 1045 3070 i
1063 3035 1087 3070 s
1116 3017 1343 3071 nomine
1365 3017 1707 3088 intelligunt
1724 3018 2017 3073 infernum
2037 3041 2049 3073 :
2074 3019 2158 3073 ita
2178 3019 2214 3074 S
2233 3023 2304 3074 ta
2322 3038 2359 3090 p
2376 3019 2396 3073 l
2411 3036 2441 3073 e
2458 3022 2482 3072 t
2498 3035 2530 3072 o
2547 3038 2604 3083 n,
2630 3017 2947 3073 secundum
2964 3033 3136 3086 quem

509 3095 572 3147 in
598 3094 876 3149 antidotis
903 3095 965 3149 in
991 3097 1047 3150 h.
1076 3096 1111 3149 l.
1141 3096 1470 3167 paucissimi
1497 3097 1680 3168 ipsius
1707 3101 1963 3170 tempore
1989 3116 2055 3154 eo
2084 3100 2413 3164 utebantur,
2438 3099 2472 3153 J
2490 3116 2525 3152 a.
2541 3118 2579 3153 n
2598 3117 2623 3153 s
2639 3116 2668 3153 e
2686 3099 2762 3152 ni
2779 3116 2817 3152 ιι
2836 3116 2861 3152 s
2887 3098 3133 3169 gandam

509 3174 572 3227 in
598 3175 916 3241 harmonia,
944 3174 1441 3243 Maldonatus,
1482 3178 1585 3244 Sa,
1613 3178 1946 3244 Toletus,
1985 3180 2357 3236 Bar-radas
2396 3183 2503 3234 etc.
2532 3214 2600 3222 ——
2622 3180 2830 3250 Majori
2857 3176 3152 3250 probandi.

510 3255 571 3308 vi
596 3255 775 3325 pollet
800 3254 1003 3313 Matth.
1037 3265 1116 3321 12,
1144 3265 1243 3314 32:
1292 3263 1601 3329 Quicunque
1637 3265 1843 3316 dixerit
1865 3266 2080 3316 verbum
2106 3273 2292 3317 contra
2329 3265 2523 3317 Filium
2548 3266 2795 3332 hominis,
2824 3265 3126 3316 remittetur

508 3339 589 3389 ei:
613 3340 709 3405 qui
731 3345 908 3390 autem
946 3340 1143 3393 dixerit
1181 3350 1367 3395 contra
1392 3345 1661 3410 Spiritum
1697 3351 1956 3405 sanetum,
1999 3361 2106 3397 non
2145 3348 2443 3400 remittetur
2482 3346 2532 3397 ei
2555 3361 2719 3413 neque
2742 3346 2798 3395 in
2825 3345 2921 3396 hoc
2947 3345 3154 3406 seculo„

508 3433 672 3485 neque
696 3421 756 3469 in
778 3419 968 3484 futuro
983 3439 1001 3471 .·
1027 3435 1140 3486 quo
1168 3419 1342 3473 etiam
1361 3422 1532 3475 effato
1555 3422 1749 3492 plures
1772 3425 1961 3492 patres
1983 3424 2246 3488 utuntur,
2274 3426 2341 3478 ut
2366 3423 2433 3477 Is
2450 3423 2469 3476 i
2486 3423 2522 3477 d
2545 3440 2576 3477 o
2593 3440 2622 3476 r
2638 3441 2675 3476 ιι
2693 3440 2718 3475 s
2745 3422 2897 3493 hisp.
2917 3421 2987 3475 de
3010 3420 3133 3476 ord.

507 3496 747 3549 creatur.
776 3514 820 3549 c.
853 3504 918 3554 14
942 3516 997 3551 ιι.
1026 3505 1090 3560 6ς
1118 3499 1187 3553 de
1214 3499 1418 3555 officiis
1443 3501 1639 3556 eccles.
1668 3503 1708 3568 I,
1739 3508 1835 3559 18:
1868 3500 2044 3564 „Cum
2070 3501 2352 3558 Dominus
2382 3503 2568 3558 dicat:
2623 3507 2729 3571 Qui
2747 3507 3041 3573 peccaverit
3080 3507 3148 3557 in—

504 3578 772 3645 Spiritum
794 3597 838 3635 s.
864 3580 968 3633 etc.
996 3579 1367 3646 demonstrat,
1395 3581 1739 3650 quibusdam
1765 3582 1886 3637 illic
1917 3582 2260 3638 dimittenda
2297 3588 2530 3656 peccata
2557 3588 2616 3639 et
2640 3584 2892 3654 quodam
2920 3599 3131 3654 purga·

506 3655 627 3710 tivo
653 3655 787 3727 igne
816 3658 1115 3729 purganda
1133 3673 1176 3719 :⁶⁴
1208 3662 1258 3714 A
1276 3680 1312 3714 u
1329 3682 1368 3732 g
1387 3681 1423 3716 u
1440 3681 1466 3717 s
1482 3665 1506 3715 t
1522 3662 1542 3716 i
1558 3682 1596 3717 n
1613 3680 1651 3717 ιι
1669 3682 1694 3717 s
1720 3663 1790 3718 de
1818 3663 1975 3718 civit.
2002 3663 2107 3719 Dei
2133 3665 2282 3730 XXI,
2312 3674 2397 3730 25,
2444 3664 2492 3719 G
2506 3660 2581 3720 r'e
2597 3684 2636 3735 g
2652 3682 2684 3720 o
2699 3683 2728 3719 r
2746 3665 2766 3718 i
2782 3684 2820 3719 u
2838 3683 2864 3718 s
2891 3663 2966 3722 M.
2994 3664 3151 3719 dial..

508 3737 601 3801 IV,
629 3743 728 3799 39;
769 3737 1231 3808 Fulgentius
1257 3741 1326 3795 de
1355 3760 1505 3812 pecc.
1534 3743 1754 3798 meritis
1781 3747 1839 3797 et
1863 3745 2079 3799 remiss.
2108 3747 2149 3811 Ι,
2175 3751 2234 3799 21
2265 3767 2276 3805 ;
2317 3745 2513 3800 Beda
2539 3747 2600 3800 in
2627 3748 2683 3801 h.
2714 3746 2784 3807 l.;
2830 3746 3138 3800 Bernar-

506 3817 543 3871 d
559 3835 596 3870 u
618 3835 644 3870 s
670 3834 833 3872 serm.
861 3826 929 3876 66
955 3819 1018 3872 in
1047 3821 1260 3876 Cautio.
1288 3840 1344 3876 ιι.
1376 3830 1436 3879 11
1458 3845 1470 3884 ς
1498 3823 1594 3877 Ra
1611 3824 1647 3877 b
1663 3841 1750 3877 an
1766 3842 1805 3878 ιι
1822 3842 1847 3878 s
1875 3823 2109 3880 Maurus
2134 3827 2204 3881 de
2231 3827 2414 3882 instit.
2442 3826 2628 3882 cleric.
2651 3827 2719 3892 II,
2741 3835 2813 3884 44
2830 3829 2889 3880 et
2907 3825 2968 3880 in
2989 3827 3047 3880 h.
3067 3826 3108 3882 1.
3124 3848 3154 3887 ς.

505 3897 703 3952 Pasch.
731 3898 1160 3954 Radbertus
1185 3903 1248 3955 in
1275 3902 1480 3957 Matth.
1507 3905 1543 3959 1.
1570 3909 1603 3958 6
1633 3904 1902 3977 (Migne
1934 3913 2052 3972 120,
2079 3909 2238 3979 472);
2266 3907 2649 3963 Gerardus
2677 3910 2718 3962 Ι.
2745 3925 2833 3978 ep.
2855 3923 3133 3961 camerac.

504 3978 567 4031 in
593 3979 809 4047 synodo
836 3982 1076 4035 atrebat.
1102 3998 1154 4035 a.
1186 3989 1320 4039 1035
1348 3983 1425 4056 (Μ
1441 3983 1533 4054 ig.
1564 3991 1682 4050 142,
1712 3990 1900 4057 1299);
1928 3987 1972 4040 Β
1987 4004 2016 4040 r
2032 4005 2070 4041 u
2088 4005 2126 4040 n
2142 4005 2174 4043 o
2201 3987 2442 4042 astensis
2469 3991 2527 4042 et
2553 3989 2604 4042 H
2620 4006 2649 4043 e
2666 4007 2694 4042 ι·
2710 4006 2744 4043 v
2762 4005 2791 4042 e
2809 4007 2847 4042 u
2864 4006 2890 4042 s
2916 3987 2977 4042 in
2993 3987 3051 4043 h.
3072 3989 3110 4042 l.
3125 4010 3154 4047 ς.

504 4059 606 4113 Ru
623 4078 661 4130 p
680 4063 846 4114 ertu
865 4078 889 4114 s
915 4062 1006 4115 ab.
1032 4061 1163 4115 tuit.
1190 4061 1260 4114 de
1288 4080 1379 4132 op.
1407 4062 1563 4117 Trin.
1592 4065 1686 4129 111,
1713 4072 1812 4126 32;
1839 4067 1910 4120 de
1936 4066 2156 4137 Spiritu
2178 4086 2218 4122 s.
2242 4068 2335 4133 IX,
2366 4077 2428 4126 11
2458 4071 2563 4124 etc.
2596 4102 2656 4112 -
2692 4078 2735 4124 1.
2759 4068 2883 4124 Cor.
2906 4075 2958 4134 3,
2979 4058 3132 4126 13s'.:

511 4141 931 4212 Uniuscujusque
954 4159 1088 4210 opus
1112 4147 1452 4211 manifestum
1476 4149 1612 4198 erit:
1650 4147 1759 4200 dies
1784 4153 1925 4200 enim
1957 4150 2181 4202 Domini
2203 4150 2516 4214 declarabit,
2562 4154 2689 4220 quia
2714 4155 2771 4205 in
2795 4154 2914 4218 ique
2938 4154 3135 4205 revela·

502 4225 680 4276 bitur:
703 4231 751 4276 et
776 4227 1191 4292 uniuscujusque
1228 4242 1364 4294 opus
1406 4229 1560 4295 quale
1596 4229 1683 4291 sit,
1723 4230 1864 4296 iqui-3
1893 4231 2163 4298 probabit.
2217 4232 2280 4284 Si
2316 4233 2469 4298 cujus
2508 4251 2638 4301 opus
2676 4235 2948 4296 mamm-it,
2993 4237 3152 4301 quod'

501 4305 974 4372 superaedificavit,
1001 4306 1284 4359 mercedem
1316 4310 1552 4374 accipiet.
1602 4309 1665 4361 Si
1697 4312 1851 4375 cujus
1888 4327 2021 4378 opus
2046 4316 2263 4383 arserit,
2313 4313 2683 4367 detrimentum
2705 4317 2948 4382 patietur
2963 4334 2982 4367 .·
3021 4318 3137 4382 ipse

502 4392 679 4437 autem
704 4388 882 4438 salvus
906 4388 1004 4439 erit
1019 4405 1037 4437 .·
1061 4388 1136 4438 sic
1158 4394 1333 4440 tamen
1357 4391 1515 4456 quasi
1529 4406 1631 4456 per
1656 4393 1844 4457 iynem.
1873 4388 1996 4454 Quo
2025 4393 2188 4445 textu
2210 4392 2428 4462 pariter
2444 4392 2640 4464 plures
2656 4396 2906 4448 utuntur
2921 4396 3134 4463 patres,

502 4478 688 4531 neque
714 4462 1028 4519 immerito:
1055 4465 1336 4536 probandi
1364 4467 1516 4522 enim
1544 4468 1603 4523 vi
1629 4471 1865 4525 omnino
1893 4470 2108 4539 pollet:
2153 4472 2249 4526 sed
2277 4473 2415 4542 quia
2443 4474 2708 4544 pluribus
2734 4475 3014 4530 obnoxius
3042 4479 3130 4529 est

502 4540 944 4599 difficultatibus
970 4546 1294 4616 exegeticis,
1322 4565 1465 4617 quas
1481 4549 1649 4604 modo
1666 4550 1932 4622 expedire
1949 4568 2066 4606 non
2084 4552 2238 4618 licet,
2257 4570 2321 4608 eo
2343 4571 2459 4610 non
2477 4553 2710 4611 utimur.
2739 4553 2821 4610 cf.
2839 4555 2934 4609 Th
2948 4574 2980 4610 o
2993 4577 3049 4612 m
3061 4573 3095 4609 a
3107 4575 3151 4609 s.

500 4622 630 4678 lect.
658 4628 691 4677 2
715 4622 778 4676 in
809 4632 854 4680 1.
883 4624 1006 4679 Cor.
1033 4630 1097 4686 3;
1124 4625 1354 4682 Knoll
1379 4630 1421 4685 t.
1458 4636 1491 4686 6
1517 4638 1544 4696 5
1571 4633 1691 4688 767.
