3538 5364
1521 334 1699 371 comm
1709 310 1865 373 unio.
2861 325 3003 391 669

553 504 852 563 Praeclare
898 503 968 562 de
1014 504 1121 562 hac
1164 502 1564 562 membrorum
1596 504 1670 561 ad
1704 502 1960 562 invicem
1994 504 2357 563 connexione
2391 504 2944 581 Chrysostomu
2964 524 3001 563 s

373 595 527 653 hom.
574 595 635 651 in
682 612 727 652 a.
775 594 1104 652 Romanum
1136 594 1211 654 M.
1240 612 1298 651 n.
1341 605 1362 654 1
1392 613 1405 651 ε
1460 593 1624 661 ,Nos
1676 592 1854 668 pedes
1904 611 2128 664 sumus,
2181 593 2399 669 inquit,
2451 596 2742 670 martyres
2790 597 2995 653 autem

373 685 569 758 caput,
633 682 746 741 Sed
790 700 910 741 non
956 686 1157 759 potest
1200 686 1379 758 caput
1409 682 1664 758 pedibus
1697 682 1920 740 dicere:
1968 683 2148 742 vestri
2180 702 2302 742 non
2333 701 2492 759 egee.
2560 682 2821 742 Gloriosa
2851 690 2992 741 sunt

372 772 655 839 membra,
703 771 805 829 sed
844 771 1066 849 gloriae
1099 770 1446 829 excellentia
1475 790 1593 829 non
1625 771 1819 829 aliena
1849 770 1953 829 illa
1983 771 2125 831 facit
2154 793 2189 831 a
2220 771 2656 848 conjunctione,
2704 791 2855 847 quae
2901 778 2990 830 est

372 880 508 920 cum
539 861 787 935 reliquis
817 860 1106 936 partibus.
1171 860 1334 919 Tunc
1378 860 1534 919 enim
1581 861 1735 919 fiunt
1782 860 2033 919 maxime
2078 862 2332 939 gloriosa
2364 862 2600 936 quando
2646 879 2793 933 eam,
2841 880 3003 937 quae

372 950 681 1009 nobiscum
727 954 836 1022 est,
882 949 1358 1026 conjunctionem
1389 967 1509 1007 non
1540 949 1905 1024 abruperint.
1973 949 2124 1008 Nam
2157 951 2365 1011 oculus
2397 968 2652 1026 quoque,
2684 950 2825 1009 licet
2854 950 2992 1008 reli·

374 1057 492 1114 quo
524 1041 652 1098 toto
684 1057 927 1114 corpore
958 1041 1039 1097 sit
1069 1038 1452 1114 splendidior,
1499 1057 1666 1096 suam
1699 1041 1848 1096 tunc
1878 1038 2127 1115 gloriam
2162 1044 2484 1111 conservat,
2519 1041 2756 1113 quando
2789 1059 2823 1098 a
2853 1039 2991 1098 reli·

373 1146 492 1203 quo
525 1146 764 1202 corpore
796 1146 915 1185 non
947 1127 1337 1187 abscinditur.
1402 1127 1478 1185 Et
1508 1127 1652 1202 quid
1686 1127 1760 1185 de
1791 1128 2157 1204 martyribus
2190 1129 2363 1188 dico?
2425 1129 2487 1188 Si
2519 1128 2673 1187 enim
2707 1128 3005 1187 Dominus

373 1219 638 1292 ipsorum
671 1218 941 1275 nostrum
975 1221 1154 1293 caput
1186 1215 1311 1290 fieri
1342 1234 1464 1274 non
1509 1216 1771 1286 erubuit,
1820 1216 2012 1275 multo
2045 1218 2233 1295 magis
2265 1218 2381 1294 ipsi
2413 1236 2540 1277 esse
2573 1220 2776 1276 nostra
2807 1236 2990 1276 mem-

372 1306 480 1365 bra
509 1323 629 1364 non
661 1305 1036 1376 erubeseunt,
1071 1305 1292 1364 habent
1324 1305 1479 1363 enim
1513 1305 1832 1364 radicatam
1866 1305 2189 1365 caritatem.
2237 1308 2399 1366 Solet
2430 1310 2626 1366 autem
2661 1307 2874 1365 caritas
2907 1326 2997 1376 ea,

376 1413 527 1470 quae
559 1398 704 1453 sunt
735 1395 1045 1470 disjuncta,
1082 1397 1437 1471 conjungere
1469 1397 1530 1453 et
1560 1395 1858 1471 colligare,
1891 1413 2086 1470 neque
2118 1398 2190 1454 de
2222 1395 2517 1474 dignitate
2548 1396 2865 1454 admodum
2898 1414 2990 1454 ac-

376 1486 576 1543 curate
607 1483 919 1559 inquirit.‘
946 1518 1024 1527 —
1047 1484 1182 1542 Non
1213 1484 1412 1541 minus
1446 1484 1739 1560 praeclare
1769 1484 2271 1558 Augustinus
2305 1486 2539 1547 Enchir.
2572 1503 2619 1546 e.
2645 1495 2755 1548 56:
2792 1484 2997 1554 ,Haec

377 1569 663 1654 (Ecclesia
693 1568 1101 1655 triumphans)
1134 1573 1196 1631 in
1229 1573 1448 1631 sanctis
1482 1574 1708 1650 angelis
1739 1573 1915 1630 beata
1949 1574 2237 1648 persistit,
2273 1578 2335 1633 et
2366 1593 2506 1633 suae
2539 1575 2690 1649 parti
2728 1573 2992 1650 peregri·

374 1662 542 1721 nanti
574 1662 923 1738 opitulatur,
956 1662 1099 1738 quia
1129 1666 1382 1736 utraque
1415 1681 1535 1720 una
1565 1661 1680 1720 erit
1710 1662 2010 1721 consortio
2044 1663 2432 1733 aeternitatis,
2466 1667 2527 1722 et
2558 1682 2720 1722 nunc
2750 1681 2871 1721 una
2902 1667 2993 1720 est

374 1750 615 1809 vinculo
648 1750 928 1821 caritatis,
963 1771 1115 1827 quae
1134 1755 1263 1810 tota
1283 1751 1564 1809 instituta
1595 1754 1685 1809 est
1717 1750 1792 1809 ad
1823 1750 2137 1810 colendum
2159 1753 2409 1811 Deum.‘
2444 1754 2528 1810 De
2550 1752 2656 1814 civ.
2676 1752 2783 1810 Dei
2807 1751 2926 1821 XX,
2953 1762 2998 1814 9

374 1859 434 1900 n.
471 1848 539 1901 2:
589 1840 834 1915 ,Neque
866 1840 1101 1915 piorum
1134 1840 1362 1898 animae
1394 1844 1764 1899 mortuorum
1798 1845 2149 1915 separantur
2194 1842 2266 1900 ab
2298 1841 2568 1912 Ecclesia,
2617 1860 2767 1917 quae
2812 1841 2995 1899 etiam

376 1947 539 1987 nunc
569 1933 660 1987 est
690 1948 937 2006 regnum
971 1929 1200 1989 Christi.
1263 1928 1552 2003 Alioquin
1583 1949 1691 1987 nec
1722 1929 1795 1987 ad
1831 1928 2012 1988 altare
2044 1930 2149 1989 Dei
2181 1930 2348 1989 fieret
2378 1949 2583 1989 eorum
2615 1929 2897 1989 memoria
2927 1930 2993 1988 in

376 2018 905 2076 communicatione
937 2019 1195 2093 corporis
1226 2018 1506 2077 Christi.‘
1573 2019 1739 2077 Belle
1783 2034 1919 2077 vero
1952 2018 2015 2076 in
2048 2020 2139 2077 Ps.
2176 2028 2252 2082 85
2290 2039 2348 2080 n.
2385 2029 2496 2081 24:
2548 2018 2993 2088 ,Contristatus

373 2109 467 2164 est
497 2106 552 2164 b.
585 2106 911 2182 Cyprianus
943 2108 1008 2166 in
1037 2107 1334 2183 passione,
1368 2107 1539 2167 modo
1572 2107 1911 2167 consolatus
1943 2111 2036 2166 est
2068 2109 2130 2167 in
2164 2127 2394 2167 corona.
2462 2108 2637 2167 Modo
2683 2110 2745 2167 et
2787 2126 2991 2167 conso-

373 2194 532 2253 latus
563 2194 755 2254 adhuc
784 2197 977 2255 tristis
1011 2193 1072 2275 (i.
1105 2215 1154 2259 e.
1201 2197 1496 2255 sollicitus
1542 2196 1615 2255 de
1658 2192 1858 2277 nobis)
1891 2200 1999 2255 est.
2065 2198 2355 2256 Dominus
2387 2197 2545 2256 enim
2577 2200 2783 2256 noster
2813 2196 3005 2256 Jesus-

373 2284 645 2343 Christus
677 2285 870 2344 adhuc
900 2286 1244 2361 interpellat
1273 2304 1379 2361 pro
1411 2285 1582 2344 nobis
1616 2282 1806 2366 (Rom.
1843 2295 1898 2356 8,
1937 2282 2080 2367 34):
2127 2305 2331 2345 omnes
2361 2288 2670 2363 martyres,
2720 2286 2825 2360 qui
2856 2304 2992 2344 cum

374 2372 479 2431 illo
513 2378 675 2443 sunt,
710 2375 1094 2451 interpellant
1125 2394 1229 2450 pro
1260 2375 1449 2437 nobiS.
1504 2375 1639 2433 Non
1671 2377 1986 2434 transeunt
2018 2375 2524 2451 interpellationes
2556 2376 2841 2451 ipsorum,
2873 2375 2997 2433 nisi

376 2480 506 2519 cum
557 2463 865 2521 transierit
908 2464 1166 2541 gemitus
1212 2467 1472 2522 noster.‘
1523 2497 1611 2507 —
1660 2463 1767 2522 Cui
1819 2482 2072 2523 consone
2124 2483 2169 2522 s.
2219 2466 2678 2523 Ambrosius
2730 2483 2819 2539 ep.
2876 2472 2991 2525 22:

377 2549 701 2618 ,Quamvis
745 2553 903 2611 enim
949 2554 1020 2611 de
1065 2572 1171 2612 suo
1217 2553 1432 2612 merito
1477 2553 1669 2611 securi
1714 2553 1853 2623 sint,
1900 2556 2100 2613 tamen
2147 2553 2287 2629 quia
2318 2554 2523 2612 futura
2553 2557 2645 2611 est
2676 2553 2867 2612 adhuc
2899 2572 2990 2612 re-

373 2640 636 2717 demptio
681 2642 869 2701 totius
901 2642 1163 2720 corporis
1195 2642 1505 2713 Ecclesiae,
1553 2642 2015 2719 compatiuntur.
2096 2643 2240 2702 Cum
2288 2643 2446 2702 enim
2492 2642 2684 2702 adhuc
2728 2642 2993 2701 membra

371 2731 690 2804 patiuntur
720 2733 979 2808 corporis
1013 2732 1123 2803 sui,
1157 2732 1451 2808 quomodo
1481 2732 1598 2791 alia
1626 2732 1907 2803 membra,
1941 2732 2080 2792 licet
2111 2733 2433 2809 superiora,
2467 2751 2588 2791 non
2621 2732 3001 2809 compatiun-

371 2824 474 2877 tur
505 2819 785 2879 membris
819 2821 1001 2880 unius
1035 2821 1296 2896 corporis
1329 2821 1823 2880 laborantibus?‘

551 2941 615 3009 2.
649 2937 820 3006 Sane
851 2941 1080 3005 mirum
1113 2939 1291 3016 soret,
1338 2941 1391 3005 si
1437 2942 1692 3018 caritaS,
1741 2941 1923 3022 cujus
1974 2948 2073 3006 est
2103 2942 2422 3023 disjuncta
2452 2938 2756 3023 copulare
2788 2958 3005 3022 eoque

376 3046 631 3122 arctiuS,
665 3066 790 3128 quo
825 3048 965 3129 ipsa
997 3048 1309 3112 intensior
1327 3054 1441 3124 est,
1460 3054 1671 3112 morte
1692 3049 2159 3113 interveniente
2178 3048 2457 3113 indolem
2479 3052 2758 3111 mutaret
2787 3065 2997 3122 suam,

376 3160 442 3217 et
473 3153 717 3218 visione
767 3153 1065 3218 beatifica
1113 3154 1362 3218 reddita
1414 3153 1864 3219 ardentissima
1915 3153 2173 3234 frigeret
2224 3172 2375 3235 erga
2427 3172 2557 3229 θος,
2607 3172 2727 3235 pro
2761 3153 3005 3235 quibus

380 3260 703 3339 quondam
739 3261 803 3324 in
835 3260 1020 3324 terris
1052 3267 1282 3342 parata
1315 3259 1430 3325 suit
1461 3261 1842 3341 sanguinem
1876 3260 2074 3325 etiam
2108 3260 2388 3326 fundere.

556 3391 721 3457 ,Nec
765 3390 897 3448 aliis
942 3391 1207 3466 profecto
1251 3390 1503 3468 legibus,
1549 3391 1635 3448 ita
1679 3391 2123 3449 Bernardus
2172 3409 2345 3452 serm.
2396 3400 2474 3454 78
2522 3391 2587 3448 in
2633 3391 2795 3449 Cant.
2840 3408 2898 3450 n.
2940 3401 2999 3458 l,
3085 3387 3089 3392 ’

375 3495 624 3554 regnum
657 3479 919 3538 caritatis
950 3480 1077 3556 regi
1109 3480 1369 3548 decebat,
1404 3499 1579 3555 quam
1612 3479 1729 3556 piis
1762 3479 2047 3555 ipsorum,
2096 3481 2201 3555 qui
2232 3479 2458 3555 pariter
2488 3479 2796 3556 regnaturi
2830 3485 2992 3546 sunt,

374 3568 725 3643 mutuisque
756 3569 1058 3627 amoribus
1090 3572 1152 3627 et
1182 3570 1347 3645 puris
1380 3568 1796 3628 affectionibus
1829 3568 1893 3626 in
1924 3569 2175 3627 invicem
2208 3573 2269 3626 et
2299 3569 2362 3626 in
2396 3570 2647 3627 Deum.‘
2711 3567 2789 3625 Et
2821 3586 3005 3626 serm..

379 3665 459 3717 26
495 3674 552 3713 n.
591 3667 656 3718 5:
709 3658 862 3727 ,Qui
895 3658 1174 3717 adhaeret
1204 3659 1342 3726 De0,
1376 3677 1534 3717 unus
1567 3659 1814 3734 spiritus
1844 3661 1938 3716 est
1970 3658 2053 3735 (l.
2086 3657 2209 3721 Cor.
2246 3669 2302 3728 6,
2348 3654 2468 3739 17),
2519 3661 2581 3714 et
2627 3657 2690 3714 in
2723 3656 2993 3714 divinum

376 3744 674 3819 quendam
706 3750 870 3805 totus
902 3747 1257 3806 immutatur
1287 3748 1596 3815 affectum3
1642 3765 1750 3805 nec
1796 3749 1993 3823 potest
2028 3747 2153 3822 jam
2202 3747 2425 3804 sentire
2473 3747 2581 3804 aut
2626 3763 2828 3820 sapere
2874 3744 2995 3802 nisi

375 3834 567 3892 Deum
613 3837 674 3892 et
719 3836 876 3910 quod
920 3837 1103 3894 sentit
1147 3841 1208 3894 et
1252 3837 1409 3913 sapit
1439 3837 1615 3904 DeuS,
1659 3836 1873 3911 plenus
1905 3837 2044 3894 Deo,
2106 3836 2263 3893 Deus
2296 3838 2494 3894 autem
2529 3833 2742 3892 caritas
2775 3835 2881 3902 est,
2933 3839 2994 3890 et

376 3926 600 3997 quanto
633 3924 769 3999 quis
789 3926 916 4001 conj
925 3927 1160 3984 unctior
1179 3928 1317 3996 Deo,
1350 3930 1520 3985 tanto
1538 3926 1774 4001 plenior
1792 3924 2053 3982 caritate.
2087 3924 2270 3982 Porro
2290 3921 2678 3999 impassibilis
2700 3925 2794 3979 est
2813 3922 2994 3988 DeuS,

377 4011 480 4069 sed
511 4030 632 4070 non
662 4013 1173 4091 incompassibilis,
1207 4016 1304 4074 cui
1334 4016 1641 4091 proprium
1675 4017 1768 4073 est
1798 4013 2069 4072 misereri
2102 4031 2334 4089 semper
2365 4016 2426 4070 et
2454 4029 2708 4088 parcere.
2748 4011 2903 4086 Ergo
2936 4014 2995 4068 et

376 4104 438 4157 te
485 4097 836 4182 (Gerardum
882 4103 1120 4162 fratrem
1163 4105 1512 4163 defunctum
1543 4099 1899 4183 alloquitur)
1945 4121 2181 4162 necesse
2225 4105 2318 4160 est
2361 4100 2801 4160 misericordem
2846 4117 2991 4168 esse,

379 4190 485 4264 qui
514 4190 782 4250 inhaeres
814 4193 1198 4264 misericordi,
1231 4194 1499 4268 quamvis
1523 4195 1646 4268 jam
1679 4193 1924 4251 minime
1954 4192 2137 4250 miser
2168 4192 2281 4250 sis:
2330 4195 2391 4249 et
2437 4191 2541 4264 qui
2587 4208 2707 4248 non
2752 4188 3005 4265 pateriS,

378 4281 730 4354 compateris
761 4285 978 4340 tamen.
1037 4282 1301 4341 Affectus
1332 4283 1578 4358 proinde
1609 4285 1755 4340 tuus
1787 4301 1909 4340 non
1939 4284 2030 4339 est
2059 4280 2435 4350 imminutuS,
2471 4279 2575 4338 sed
2606 4278 3001 4342 immutatum

378 4385 485 4426 nec
518 4369 796 4444 quoniam
834 4371 1022 4428 Deum
1054 4371 1323 4442 induisti,
1356 4371 1546 4430 nostri
1577 4390 1718 4430 cura
1748 4378 1809 4429 te
1842 4369 2089 4440 exuisti;
2138 4372 2199 4428 et
2244 4370 2360 4445 ipsi
2407 4369 2565 4427 enim
2612 4385 2754 4425 cura
2796 4371 2890 4425 est
2921 4366 2993 4423 de

379 4457 567 4516 nobis.
649 4458 816 4527 Quod
861 4460 1161 4519 infirmum
1207 4465 1300 4518 est
1344 4461 1631 4536 abjecisti,
1685 4460 1789 4518 sed
1838 4477 1961 4517 non
2011 4459 2172 4534 quod
2220 4459 2406 4534 pium.
2471 4457 2693 4515 Caritas
2740 4455 2993 4529 denique

377 4566 685 4623 nunquam
719 4549 937 4607 excidit
968 4547 1052 4627 (l.
1087 4550 1210 4608 Cor.
1251 4560 1348 4620 13,
1385 4547 1481 4631 8):
1514 4568 1633 4609 nou
1667 4548 2032 4608 oblivisceris
2063 4568 2158 4607 me
2189 4548 2252 4606 in
2285 4547 2523 4609 finem.‘

559 4670 622 4738 3.
670 4668 933 4732 Accedit
981 4669 1278 4749 analogia
1328 4687 1407 4733 ex
1458 4669 1681 4733 ordine
1730 4668 1932 4749 petita
1994 4687 2036 4730 n
2055 4666 2381 4742 aturali,
2446 4667 2511 4727 in
2560 4682 2688 4746 quo
2740 4663 3006 4727 ordines

379 4797 604 4842 omnes
635 4777 1056 4858 particulares
1088 4776 1281 4840 variis
1313 4777 1679 4859 mutuisque
1701 4780 2048 4839 nectuntur
2080 4774 2348 4838 vinculis
2381 4774 2463 4837 ad
2494 4771 3004 4854 pulcherrimum
