3538 5364
605 283 736 347 520
995 276 1179 330 Tract.
1211 276 1300 329 [X.
1327 276 1395 330 de
1424 276 1638 331 ordine.
1667 275 1749 330 De
1776 276 2102 332 discrimine
2130 277 2283 331 inter
2306 277 2482 332 laicos
2508 280 2566 331 et
2589 277 2837 333 clericos.

788 471 932 525 543.
966 463 1091 522 Cle
1107 462 1253 522 rici
1285 465 1485 522 autem
1505 482 1721 523 nomen
1739 463 2047 523 derivatur
2064 485 2099 523 a
2117 482 2259 524 voce
2279 482 2489 541 graeca
2515 465 2755 551 κλῆρος
2784 482 2812 522 s
2828 482 2862 523 o
2878 484 2910 521 r
2923 481 2970 535 s,
3003 468 3064 522 et
3083 464 3221 539 quia

605 551 899 610 hereditas
930 551 1089 611 inter
1117 552 1318 628 plures
1348 555 1514 626 sorte,
1541 553 1795 612 subinde
1826 553 2279 624 dividisolebat‚
2310 553 2600 612 translate
2629 571 2699 612 ea
2728 552 3025 630 significat
3053 553 3221 611 here·

605 640 872 699 ditatem.
939 639 1217 709 Quamvis
1260 659 1400 700 vero
1445 660 1649 701 omnes
1696 642 2128 702 christiani
2172 642 2401 701 ratione
2446 641 2649 701 habita
2679 640 3074 720 etymologiae
3106 641 3225 700 dici

606 730 840 806 possint
883 729 1080 789 clerici
1127 725 1226 812 (cf.
1255 731 1401 804 Eph.
1443 743 1495 802 1,
1536 742 1647 802 113
1698 731 1812 791 Col.
1855 742 1906 801 1,
1950 727 2086 813 12):
2136 750 2256 791 usu
2282 734 2484 791 tamen
2514 731 2797 807 loquendi
2827 730 3224 790 ecclesiastico

607 818 910 894 speciatim
942 819 1234 878 Ecclesiae
1277 818 1462 878 mini
1482 820 1631 878 stri
1676 823 1857 897 prout
1887 819 2165 897 fidelibus
2194 819 2562 896 simplicibus
2607 839 2715 879 seu
2756 820 2979 896 populo
3026 813 3226 898 (λαός

603 907 762 966 unde
793 904 956 990 laici)
988 911 1393 984 opponuntur,
1439 909 1724 968 dicuntur
1755 909 1981 968 clerici:
2029 910 2125 967 vel
2155 910 2298 986 quia
2328 925 2390 988 a.
2422 909 2538 968 etsi
2569 927 2773 968 omnes
2800 908 3004 967 fideles
3033 909 3228 968 vocati

607 995 795 1055 sunt
780 1016 845 1054 in
876 999 1096 1056 sortem
1127 997 1382 1069 Domini,
1427 999 1544 1075 ipsi
1583 1001 1784 1057 tamen
1816 998 2143 1075 specialiter
2174 1001 2319 1057 sunt
2348 998 2540 1074 electi,
2588 1001 2734 1057 sunt
2776 998 2973 1074 portio
3017 997 3224 1066 electa,

605 1085 902 1145 hereditas
923 1086 1257 1162 praecipua,
1290 1086 1363 1144 de
1395 1087 1613 1162 quibus
1633 1087 1904 1146 Christus
1926 1086 2103 1146 dicit.
2137 1086 2269 1146 Non
2299 1106 2396 1146 vos
2424 1105 2513 1146 me
2542 1088 2797 1164 eliyistis,
2830 1087 2933 1146 sed
2961 1105 3057 1165 eqo
3091 1087 3229 1163 eleyi

605 1194 702 1234 vos
731 1175 900 1233 Joan.
938 1184 1036 1244 15,
1078 1185 1188 1246 16;
1239 1176 1333 1234 vel
1377 1176 1516 1251 quia
1563 1173 1633 1241 b.
1678 1177 1967 1235 Dominus
2006 1194 2147 1246 sors,
2196 1195 2353 1252 pars,
2401 1175 2701 1236 hereditas
2733 1176 3085 1236 clericorum
3119 1178 3227 1246 est,

608 1264 936 1323 secundum
969 1263 1073 1322 illa
1102 1264 1192 1325 Ps.
1235 1274 1330 1334 15,
1371 1274 1425 1335 5,
1458 1284 1612 1341 quae
1642 1266 1972 1324 recitantur
2001 1265 2065 1324 in
2097 1265 2415 1324 collatione
2446 1267 2746 1336 tonsurae,
2778 1285 2901 1343 qua
2930 1264 3069 1342 quis
3107 1264 3229 1341 pri-

607 1372 772 1411 mum
805 1352 1147 1412 admittitur
1177 1354 1241 1411 in
1272 1353 1526 1412 clerum:
1575 1355 1864 1413 Dominus
1898 1371 2055 1428 pars
2091 1354 2425 1413 hereditatis
2456 1373 2612 1413 meae
2624 1375 2655 1426 ,·
2698 1355 2794 1413 vel
2838 1354 2980 1430 quia
3024 1368 3086 1418 c.
3137 1372 3227 1412 se·

605 1442 867 1500 cundum
898 1441 1289 1501 Isidorum
1336 1443 1486 1519 hisp.
1518 1443 1587 1501 de
1622 1444 1828 1503 eccles.
1860 1443 2070 1503 officiis
2102 1443 2177 1513 11,
2232 1455 2255 1505 1
2313 1444 2593 1503 Matthias
2641 1447 2801 1503 sorte
2844 1444 2908 1502 in
2955 1443 3228 1503 ordinem

607 1531 996 1606 apostolicum
1045 1531 1311 1590 adlectus
1361 1532 1480 1590 fuit
1529 1528 1682 1613 (Act.
1736 1544 1789 1604 1,
1841 1527 1969 1614 26).
2029 1533 2261 1609 Duplex
2306 1533 2469 1608 prior
2499 1533 2813 1609 explicatio
2845 1533 3230 1592 confirmatur

607 1619 1057 1722 Hieronymi
1092 1619 1287 1678 verbis
1317 1620 1382 1678 in
1413 1640 1503 1696 ep.
1540 1629 1618 1683 52
1652 1641 1710 1679 n.
1749 1632 1782 1683 5
1819 1617 2045 1703 (opusc.
2078 1621 2175 1692 XI,
2217 1619 2386 1704 146),
2418 1621 2597 1681 etiam
2628 1621 2879 1698 receptis
2912 1621 2978 1679 in
3008 1639 3226 1698 corpus

605 1709 755 1782 juris
787 1708 1068 1768 canonici.
1104 1709 1426 1781 ,Clericus,
1458 1711 1544 1769 ita
1574 1710 1694 1780 ille,
1727 1711 2156 1787 interpretetur
2186 1710 2377 1787 primo
2398 1711 2749 1770 vocabulum
2784 1729 2991 1769 suum·
3024 1713 3088 1769 et
3120 1729 3225 1769 no·

607 1797 786 1856 minis
819 1796 1163 1858 definitione
1193 1799 1422 1874 prolata
1452 1799 1684 1858 nitatur
1715 1816 1861 1869 esse,
1908 1799 2069 1874 quod
2100 1798 2335 1863 dicitur
2402 1800 2464 1858 Si
2510 1801 2664 1859 enim
2713 1801 2951 1886 κλῆρος
2994 1817 3225 1877 graece,

608 1905 735 1945 sors
767 1877 951 1946 latine
983 1887 1333 1989 appellatur,
1366 1891 1679 1989 propterea
1708 1894 1996 1948 vocantur
2026 1888 2240 1961 clerici,
2286 1889 2400 1947 vel
2426 1890 2568 1965 quia
2611 1889 2684 1948 de
2728 1896 2886 1948 sorte
2932 1890 3079 1948 sunt
3112 1889 3226 1947 Do·

608 1976 770 2046 mini,
818 1977 912 2035 vel
956 1976 1098 2052 quia
1143 1976 1426 2036 Dominus
1473 1995 1599 2035 sors
1642 1978 1680 2037 i.
1713 1996 1760 2038 e.
1804 1995 1939 2054 pars
1972 1978 2316 2037 clericorum
2352 1982 2503 2036 est.‘
2572 1977 3051 2036 Clericorum
3083 1995 3224 2054 ergo

607 2065 846 2123 nomine
879 2065 1272 2142 designantur
1299 2065 1597 2125 Ecclesiae
1628 2066 1909 2137 ministri,
1942 2067 2047 2143 qui
2077 2067 2279 2125 divino
2310 2066 2499 2126 cultui
2531 2066 2869 2144 specialiter
2898 2064 3225 2126 consecrati

608 2158 669 2212 et
710 2153 774 2212 in
819 2153 1137 2213 ministerii
1173 2153 1522 2232 juriumque
1555 2156 1772 2215 Christi
1807 2155 2315 2232 participationem
2349 2155 2542 2215 vocati
2574 2156 2645 2214 ad
2691 2174 2891 2214 rerum
2923 2174 3223 2214 sacrarum

608 2262 808 2302 curam
840 2245 901 2301 et
932 2239 1327 2302 ecclesiastica
1357 2262 1604 2303 munera
1633 2244 1907 2303 obeunda
1940 2248 2084 2303 sunt
2116 2244 2417 2304 destinati.
2484 2244 2565 2306 Cf.
2596 2245 2907 2303 Hallier
2938 2245 3010 2304 de
3043 2243 3221 2303 sacris

607 2332 999 2391 electionibus
1031 2333 1253 2433 proleg.
1284 2350 1333 2390 c.
1371 2345 1394 2395 1
1437 2329 1470 2399 ὃ
1510 2343 1535 2395 1
1578 2351 1686 2402 ss.;
1719 2336 1920 2392 annot.
1947 2343 2022 2396 17
2060 2351 2137 2392 se.
2170 2334 2242 2392 ad
2275 2351 2398 2409 cap.
2425 2344 2502 2396 10
2526 2332 2840 2393 schematis
2873 2335 2945 2393 de
2962 2333 3219 2393 Ecclesia

605 2440 713 2497 pro
743 2439 901 2483 conc.
933 2422 1203 2481 vaticano
1234 2422 1298 2480 in
1329 2422 1556 2481 collect.
1588 2422 1693 2482 lac.
1727 2421 1854 2493 Vll,
1893 2431 2014 2485 599
2048 2441 2125 2482 ss.

791 2545 938 2609 544.
973 2541 1240 2605 Factum
1272 2540 1575 2605 lemmate
1608 2559 1983 2623 expressum
2003 2542 2070 2605 in
2089 2541 2354 2606 dubium
2374 2542 2594 2615 vocari
2612 2541 2866 2625 nequit;
2897 2541 3055 2605 illud
3075 2558 3205 2606 vero

601 2648 764 2730 juris
798 2666 940 2713 esse
972 2646 1232 2713 divini
1265 2647 1415 2713 alibi
1448 2649 2017 2732 comprobavimus
2050 2650 2163 2737 (th.
2196 2651 2328 2737 48),
2360 2658 2553 2733 atque
2584 2650 2844 2732 insuper
2873 2647 3217 2713 illustratur

608 2755 911 2837 analogia
944 2776 1091 2820 cum
1143 2774 1431 2837 corpore,
1482 2774 1609 2837 qua
1660 2756 1903 2837 passim
1934 2757 2136 2821 utitur
2164 2757 2420 2832 PauluS,
2454 2764 2518 2821 et
2546 2773 2695 2820 cum
2726 2773 3077 2837 synagoga,
3109 2753 3220 2817 Ec-

609 2864 843 2927 clesiae
875 2870 1047 2945 typ0‚
1081 2864 1147 2926 in
1179 2880 1308 2946 qua
1340 2862 1680 2928 discrimen
1712 2864 1839 2927 hoc
1870 2865 2254 2928 auctoritate
2282 2864 2496 2928 divina
2514 2863 2633 2927 fuit
2650 2861 3011 2927 institutum
3034 2869 3222 2944 atque

613 2970 777 3033 adeo
812 2977 1126 3044 sanctum,
1177 2977 1248 3033 ut
1300 2969 1586 3050 ejusdem
1635 2970 1987 3035 violatores
2037 2958 2337 3035 divinitus
2382 2972 2509 3035 sint
2541 2970 2918 3051 gravissima
2948 2967 3223 3050 correpti

607 3075 889 3138 vindicta
937 3074 1120 3138 Num.
1155 3081 1273 3149 26;
1326 3082 1384 3144 2.
1415 3074 1622 3140 Paral.
1657 3083 1761 3155 26,
1800 3082 1912 3147 16:
1964 3095 2093 3159 qua
2139 3077 2390 3142 ratione
2440 3076 2637 3141 utitur
2672 3076 2810 3159 jam
2855 3074 3221 3141 Clemens

608 3200 766 3244 rom.
802 3200 897 3261 ep.
937 3188 990 3248 1.
1025 3182 1109 3248 ad
1141 3179 1281 3245 Cor.
1314 3201 1373 3244 n.
1406 3188 1451 3250 4
1481 3202 1529 3245 s,
1562 3182 1845 3259 Accedit,
1878 3182 2048 3247 idem
2080 3182 2426 3247 discrimen
2456 3183 2720 3264 reperiri
2753 3184 2925 3264 apud
2946 3178 3222 3247 Orientis

610 3294 840 3361 sectas,
890 3305 1056 3369 quae
1102 3308 1173 3353 se
1211 3288 1349 3370 jam
1380 3308 1504 3354 sec,
1538 3288 1612 3352 V.
1660 3288 1742 3352 ab
1791 3289 2075 3354 Ecclesia
2105 3288 2427 3353 catholica
2457 3295 2869 3371 separarunt:
2917 3290 3221 3353 indicium

609 3394 783 3457 haud
814 3393 1179 3471 obscurum,
1210 3395 1364 3460 illud
1395 3415 1701 3462 non.esse
1726 3396 1888 3478 juris
1919 3396 2203 3474 humani,
2234 3397 2350 3461 sed
2369 3397 2622 3461 divinae
2643 3396 2902 3477 originis
2924 3402 3120 3479 atque
3140 3393 3221 3459 ad

607 3500 816 3582 ipsam
879 3508 1171 3581 spectare
1220 3502 1545 3568 Ecclesiae
1595 3503 2137 3568 constitutionem.
2200 3502 2413 3582 Quare
2455 3503 2591 3585 jam
2652 3501 3220 3568 Tertullianus

607 3608 689 3673 de
719 3627 997 3690 praescr.
1045 3628 1096 3673 c.
1137 3615 1217 3679 10
1266 3611 1639 3691 gravissime
1690 3610 2008 3675 invehitur
2057 3612 2122 3674 in
2171 3611 2530 3675 haereticos
2577 3610 2677 3674 sui
2725 3611 3054 3692 temporiS,
3098 3608 3220 3672 hoc

607 3715 951 3780 discrimen
983 3736 1113 3780 non
1147 3716 1311 3783 adeo
1344 3723 1566 3782 sancte
1598 3722 1959 3781 servantes:
2029 3714 2521 3790 ,Ordinationes
2568 3736 2791 3783 eorum
2825 3716 3219 3791 temerariae,

607 3824 800 3899 leveS,
832 3823 1305 3900 inconstantes;
1356 3840 1526 3889 nunc
1574 3825 1936 3906 neophytos
1987 3824 2346 3902 conlocant,
2397 3844 2566 3889 nunc
2611 3825 2828 3890 seculo
2860 3822 3220 3898 obstrictOS,

608 3949 778 3994 nunc
810 3937 1145 4012 apostatas
1176 3936 1450 4007 nostrOS,
1484 3937 1553 3994 ut
1582 3931 1785 4012 gloria
1817 3949 1929 3995 eos
1963 3929 2262 4011 obligent,
2295 3931 2446 4013 quia
2477 3931 2749 3996 veritate
2768 3949 2901 3995 non
2920 3935 3219 4011 possunt;

612 4057 932 4121 nusquam
965 4037 1211 4101 facilius
1242 4036 1590 4119 proficitur,
1624 4057 1820 4120 quam
1852 4039 1917 4101 in
1938 4038 2168 4103 castris
2187 4037 2538 4115 rebellium,
2557 4038 2668 4101 ubi
2689 4038 2897 4119 ipsum
2918 4054 3064 4101 esse
3085 4035 3219 4111 illic,

609 4145 961 4224 promereri
993 4152 1105 4207 est.
1169 4142 1389 4225 Itaque
1436 4143 1596 4207 alius
1627 4143 1820 4208 hodie
1854 4144 2211 4225 episcopuS,
2244 4144 2608 4231 cras-alius:
2655 4142 2846 4207 hodie
2889 4142 3222 4218 diaconuS,

609 4251 721 4331 qui
755 4268 898 4314 cras
929 4250 1151 4327 laicuS‚
1185 4269 1335 4315 nam
1372 4258 1436 4317 et
1466 4250 1646 4315 laicis
1678 4251 2109 4315 sacerdotalia
2139 4269 2410 4315 munera
2443 4252 2833 4333 injungunt.‘

795 4391 936 4445 545.
985 4381 1177 4450 Quare
1209 4385 1369 4441 errat
1410 4382 1747 4451 Btihmer,
1781 4381 1887 4456 qui
1919 4381 1982 4440 in
2014 4381 2243 4442 dissert.
2271 4382 2429 4456 juris
2460 4382 2597 4441 eccl.
2629 4381 2772 4443 diss,
2809 4392 2865 4445 5.
2896 4381 3222 4450 contendit,

608 4469 927 4529 discrimen
960 4472 1202 4530 clericos
1235 4473 1392 4530 inter
1437 4474 1498 4530 et
1543 4471 1721 4529 laicos
1765 4489 1887 4529 non
1929 4471 2232 4529 exstitisse
2266 4476 2404 4529 ante
2434 4474 2688 4529 aetatem
2722 4469 3224 4530 Tertulliani.

610 4558 721 4616 Cui
767 4560 1122 4634 opponimus
1155 4563 1390 4619 tantum
1422 4559 1602 4619 verba
1633 4558 2056 4618 Clementis
2101 4577 2246 4619 rom.
2281 4560 2320 4619 l.
2353 4578 2401 4618 c.
2432 4578 2489 4617 n.
2526 4569 2641 4622 42:
2692 4560 3006 4635 ,Apostoli
3051 4558 3222 4618 nobis

613 4646 920 4723 Evangelii
953 4649 1381 4724 praedicatores
1413 4649 1553 4708 facti
1586 4651 1730 4708 sunt
1759 4668 1794 4706 a
1825 4649 1891 4711 D.
1911 4647 1967 4707 J.
1989 4647 2238 4718 Christo,
2271 4648 2327 4706 J.
2349 4648 2619 4707 Christus
2652 4647 2869 4706 missus
2901 4651 2991 4707 est
3022 4667 3057 4707 a
3088 4649 3223 4706 Deo,

609 4735 880 4794 Christus
910 4736 1102 4813 igitur
1131 4757 1164 4794 a
1196 4738 1313 4796 Deo
1346 4740 1407 4797 et
1437 4738 1688 4814 apostoli
1721 4759 1754 4796 a
1786 4736 2045 4807 Christo;
2080 4740 2142 4796 et
2172 4737 2393 4796 factum
2425 4741 2515 4796 est
2546 4740 2870 4812 utrumque
2902 4735 3224 4796 ordinatim
