3538 5364
531 288 662 351 314
769 280 954 334 Tract.
984 280 1074 332 IX.
1104 280 1172 332 de
1200 278 1562 333 eucharistia.
1591 279 1789 332 Thesis
1815 278 2074 333 CCXXII.
2103 277 2413 346 Splendida
2431 276 2536 331 PP.
2555 276 2906 331 testimonia.

706 466 924 525 Eadem
946 465 1242 525 habentur
1272 466 1337 523 in
1365 466 1617 542 liturgia
1646 484 1690 528 S.
1721 465 2011 524 Basilii
2045 466 2201 540 apud
2234 464 2605 525 Renaudot
2634 465 2698 522 in
2719 465 2851 526 coll.
2872 464 3079 541 liturg.
3101 464 3146 534 1,

533 567 612 620 23
646 560 709 616 et
742 566 842 628 83,
873 555 979 615 ubi
1011 555 1316 631 adjicitur:
1372 554 1684 623 ,Tradidit
1713 554 1903 630 ipsam
1947 554 2019 612 ad
2059 555 2471 615 liberationem
2517 556 2579 612 et
2623 554 2692 611 ad
2740 552 3153 612 remissionem

527 649 901 722 peccatorum
932 646 992 704 et
1022 645 1207 703 vitam
1238 646 1537 703 aeternam
1567 644 1703 715 illis,
1750 643 1857 718 qui
1901 662 1972 702 ex
2015 663 2083 703 ea
2125 644 2503 719 participant.
2568 642 2750 702 Credo
2797 662 2925 701 eam
2965 642 3154 717 ipsam

530 754 656 794 esse
688 744 898 805 vere3‘
942 734 1008 793 in
1039 734 1287 812 liturgia
1319 752 1362 793 s.
1397 733 1753 811 Gregorii
1787 734 1865 796 ib.
1898 735 1943 803 1,
1982 743 2095 804 36;
2128 733 2199 791 cf.
2233 738 2293 791 et
2335 742 2472 795 123.
2506 767 2593 775 —
2624 732 3055 806 Aethiopes
3088 732 3151 790 in

529 844 636 884 sua
654 825 904 902 liturgia
923 827 1060 900 post
1081 822 1581 883 consecrationem
1600 823 1840 881 dicunt:
1879 862 1907 893 ,
1923 824 2129 892 Amen,
2164 841 2352 892 amen,
2386 842 2574 893 amen,
2609 821 2905 880 credimus
2935 824 2998 879 et
3016 839 3154 880 con-

527 914 765 973 fidimus
798 917 860 973 et
889 913 1205 972 laudamus
1236 924 1315 982 te,
1351 931 1385 971 0
1416 913 1666 971 Domine
1687 912 1845 970 Deus
1864 914 2094 971 noster:
2133 911 2240 971 hoc
2271 931 2406 971 vere
2439 929 2652 987 corpus
2684 913 2860 968 tuum
2893 912 3058 979 est3‘
3094 914 3156 969 et

528 1022 661 1062 mox
695 1003 958 1062 sacerdos
989 1002 1164 1061 dicit:
1218 1001 1409 1071 ,Vere
1458 1002 1566 1061 hoc
1611 1003 1701 1060 est
1746 1019 1958 1077 corpus
2003 1005 2065 1059 et
2110 1000 2205 1059 hic
2248 1003 2341 1059 est
2386 1002 2630 1078 sanguis
2663 1000 3015 1058 Emmanuel
3047 1000 3154 1057 Dei

528 1093 739 1163 nostri,
772 1112 959 1151 amen.
1007 1092 1206 1162 Credo,
1239 1091 1428 1161 cred0,
1462 1090 1634 1150 credo
1667 1110 1736 1149 ex
1768 1109 1930 1149 nunc
1962 1094 2024 1149 et
2054 1091 2331 1166 usquein
2352 1091 2636 1159 seculum,
2672 1108 2860 1147 amen.
2910 1089 3034 1147 Hoc
3065 1096 3156 1147 est

529 1200 742 1257 corpus
788 1184 849 1239 et
892 1182 987 1239 hic
1032 1185 1123 1240 est
1167 1181 1410 1257 sanguis
1445 1180 1681 1239 Domini
1712 1183 1775 1238 et
1807 1179 2124 1238 servatoris
2156 1180 2349 1239 nostri
2381 1179 2436 1238 J.
2471 1180 2617 1249 Chr.,
2667 1179 2822 1254 quod
2870 1181 2932 1236 et
2975 1196 3154 1254 quem

528 1271 858 1347 assumpsit
888 1289 957 1329 ex
993 1271 1059 1328 D.
1090 1271 1161 1328 N.
1195 1273 1400 1328 sancta
1429 1273 1491 1328 et
1522 1270 1907 1328 immaculata
1938 1269 2006 1329 V.
2038 1269 2285 1331 Maria.‘
2353 1270 2450 1327 Mi
2464 1288 2607 1346 gne
2649 1276 2787 1337 138,
2826 1276 2970 1330 923.
3007 1276 3151 1331 925.

529 1396 615 1404 -—
661 1359 732 1418 In
777 1360 960 1419 missa
1006 1358 1346 1418 dominicali
1393 1359 1671 1436 liturgiae
1716 1359 2165 1435 gallicanae
2215 1361 2353 1434 post
2412 1363 2558 1418 orat.
2608 1357 2958 1417 dominicam
3010 1356 3153 1415 haec

530 1449 845 1509 dicuntur:
894 1449 1147 1519 ,Libera
1177 1466 1285 1507 nos
1319 1467 1353 1506 a
1383 1448 1555 1519 ma10,
1601 1448 1830 1506 Christe
1860 1447 1899 1505 J
1902 1466 2040 1507 esu:
2087 1466 2304 1523 corpus
2335 1451 2511 1506 tuum
2545 1446 2888 1507 crucifixum
2920 1445 3153 1504 edimus

530 1543 592 1598 et
625 1539 978 1616 sanguinem
1011 1540 1281 1597 sanctum
1316 1539 1490 1595 tuum
1522 1557 1627 1612 pro
1660 1536 1829 1596 nobis
1861 1537 2118 1595 effusum
2138 1537 2463 1596 bibimus⁴<
2507 1572 2580 1581 —
2617 1537 2687 1595 In
2719 1535 2968 1611 liturgia
2999 1554 3107 1594 mo
3126 1569 3150 1579 -

529 1649 653 1687 zar
670 1629 890 1687 abica
934 1630 1064 1687 orat
1107 1626 1375 1687 sacerdos
1421 1626 1524 1686 fer.
1563 1637 1599 1688 4
1643 1627 1873 1685 Pasch.:
1922 1627 2123 1696 ,Haec
2168 1630 2261 1684 est
2306 1627 2515 1697 hostia,
2563 1645 2714 1703 quae
2758 1624 3046 1700 pependit
3088 1624 3153 1682 in

529 1719 723 1794 lign03
758 1718 899 1776 haec
930 1722 1023 1776 est
1054 1735 1204 1788 carc,
1238 1735 1390 1792 quae
1422 1716 1681 1775 surrexit
1712 1716 1787 1774 de
1818 1716 2108 1792 sepulcro,
2158 1715 2330 1785 Quod
2360 1735 2467 1791 pro
2501 1716 2672 1775 nobis
2705 1713 2929 1773 obtulit
2961 1732 3152 1772 sacer·

530 1807 636 1865 dos
669 1808 872 1865 noster
903 1807 967 1864 in
996 1807 1266 1875 veritate,
1301 1806 1407 1865 hoc
1439 1805 1798 1864 conferimus
1831 1805 1893 1863 in
1926 1806 2098 1880 panis
2131 1810 2192 1864 et
2224 1806 2348 1864 vini
2383 1805 2738 1868 suavitate.‘
2805 1802 2883 1862 Cf.
2916 1804 3151 1861 Mura-

529 1896 686 1954 tori
719 1895 858 1955 diss,
893 1895 965 1954 de
995 1894 1175 1953 rebus
1207 1895 1414 1971 liturg.
1448 1913 1493 1957 c.
1532 1904 1566 1958 8
1602 1913 1707 1962 SS.;
1744 1894 2089 1970 Perpetuite
2121 1894 2195 1952 de
2225 1895 2284 1953 la
2314 1894 2395 1953 foi
2428 1895 2525 1963 IV,
2566 1905 2598 1956 2
2634 1913 2680 1953 c.
2717 1902 2771 1958 8.

707 1984 792 2042 Ex
824 1984 1100 2059 patribus
1132 1984 1457 2042 audiantur
1489 2002 1533 2042 s.
1565 1984 1935 2060 Ignatius
1966 1983 2043 2046 M.
2075 2002 2165 2059 ep.
2198 1984 2270 2041 ad
2305 2002 2522 2058 smyrn.
2557 2003 2614 2040 n.
2656 1994 2721 2045 7:
2772 1980 2906 2050 ,Ab
2937 1981 3151 2039 eucha-

528 2074 703 2132 ristia
748 2077 810 2132 et
853 2073 1118 2132 oratione
1163 2073 1469 2131 abstinent
1509 2068 1776 2154 (docetae
1824 2076 2113 2149 negantes
2161 2091 2358 2131 veram
2395 2092 2431 2131 a
2461 2073 2567 2130 Dei
2598 2071 2755 2130 Filio
2784 2076 3151 2146 assumptam

528 2163 711 2221 fuisse
743 2156 1025 2245 carnem),
1072 2180 1141 2221 eo
1189 2162 1347 2237 quod
1393 2181 1513 2220 non
1559 2161 1919 2220 confitentur
1949 2161 2366 2220 eucharistiam
2399 2180 2632 2220 carnem
2664 2180 2792 2220 esse
2826 2160 3149 2221 Salvatoris

529 2252 600 2316 N.
634 2252 691 2314 J.
727 2252 856 2311 Chr.
888 2271 1033 2321 eam,
1067 2270 1217 2327 quae
1247 2270 1354 2327 pro
1385 2251 1642 2325 peccatis
1674 2251 1897 2309 nostris
1930 2270 2103 2326 passa
2137 2258 2246 2320 est,
2268 2270 2564 2327 quamque
2582 2252 2762 2309 Pater
2780 2250 3151 2325 benignitate

530 2360 640 2400 sua
668 2341 1060 2402 resuscitavit.
1108 2340 1222 2410 Qui
1254 2357 1393 2418 ergo
1426 2340 1846 2399 contradicunt
1878 2339 2032 2400 dono
2053 2340 2180 2411 Dei,
2213 2341 2568 2399 altercantes
2599 2339 2957 2399 moriuntur.
2991 2338 3151 2396 Utile

529 2433 727 2489 autem
760 2434 917 2489 esset
948 2431 1032 2489 eis
1067 2430 1316 2507 diligere
1349 2423 1483 2511 (hoc
1515 2423 1784 2510 donum),
1832 2434 1905 2486 ut
1938 2433 2000 2487 et
2028 2432 2471 2507 resurgerent«
2504 2464 2592 2473 —
2624 2429 2914 2488 Macarius
2947 2429 3148 2503 Mag-

527 2537 692 2589 nes,
728 2520 834 2595 qui
865 2519 1069 2578 floruit
1098 2520 1346 2577 ineunte
1379 2538 1425 2580 s,
1456 2518 1567 2576 IV:
1603 2518 1812 2586 ,Dixit
1845 2516 2200 2597 (Christus):
2248 2519 2352 2577 hoc
2396 2526 2478 2577 est
2521 2536 2730 2593 corpus
2764 2536 2948 2576 meum
2961 2539 2987 2591 ,·
3030 2535 3150 2576 non

527 2609 687 2667 enim
719 2608 908 2686 figura
936 2608 1196 2684 corporis
1216 2607 1433 2666 Christi
1466 2611 1576 2679 est,
1609 2626 1805 2682 neque
1837 2607 2030 2685 figura
2060 2609 2271 2679 carnis,
2305 2613 2376 2666 ut
2407 2607 2647 2685 quidam
2682 2606 2924 2682 stupida
2954 2612 3152 2664 mente

525 2699 737 2776 nugati
770 2701 944 2757 sunt:
978 2699 1079 2756 sed
1113 2697 1442 2756 secundum
1472 2697 1787 2756 veritatem
1821 2698 2068 2774 sanguis
2101 2702 2163 2756 et
2195 2716 2410 2773 corpus
2432 2696 2705 2760 Christi.‘
2741 2697 2817 2755 Et
2847 2697 3006 2755 inter
3035 2697 3153 2755 alia

526 2789 764 2866 egregia
797 2806 950 2863 quae
981 2788 1053 2845 de
1085 2786 1442 2845 eucharistia
1462 2787 1655 2856 habet,
1689 2789 1888 2845 notat:
1925 2787 2134 2856 ,Quod
2156 2807 2293 2846 vero
2313 2806 2434 2847 non
2468 2788 2548 2846 sit
2579 2788 2690 2846 hoc
2720 2786 3058 2844 inauditum
3090 2788 3153 2843 et

527 2877 885 2936 horrendum
935 2872 1316 2958 (manducare
1348 2876 1564 2934 Christi
1610 2872 1891 2958 carnem),
1945 2877 2315 2935 considerare
2361 2877 2501 2935 licet
2545 2895 2797 2952 puerum
2842 2874 3148 2944 infantem,

527 2965 837 3042 quomodo,
871 2965 991 3023 nisi
1023 2963 1339 3022 manducet
1370 2982 1604 3023 carnem
1636 2969 1698 3023 et
1728 2965 2080 3041 sanguinem
2112 2966 2339 3034 matriS,
2375 2984 2494 3024 non
2526 2965 2708 3035 vivit3
2742 2967 2961 3023 natura
2993 2964 3151 3023 enim

528 3055 837 3131 sanguinis
871 3058 963 3112 est
994 3053 1319 3112 secundum
1352 3053 1663 3128 veritatem
1697 3055 1805 3114 lac.
1825 3061 1852 3091 ‘
1901 3055 2156 3131 Migne
2184 3065 2237 3124 5,
2275 3065 2416 3118 348.
2439 3087 2525 3097 -·
2546 3054 3044 3130 chrysostom
3064 3071 3149 3111 us

527 3145 680 3205 hom.
718 3151 789 3204 21
831 3143 894 3201 in
936 3153 986 3204 1.
1019 3143 1143 3201 Cor.
1177 3161 1236 3202 n.
1280 3153 1344 3203 l:
1393 3143 1562 3211 ,Hoc
1608 3144 1765 3219 quod
1818 3144 1883 3201 in
1929 3145 2106 3203 calice
2152 3145 2259 3214 est,
2308 3144 2459 3203 illud
2490 3144 2690 3220 ipsum
2723 3145 2831 3212 est,
2879 3143 3035 3217 quod
3081 3160 3151 3199 ex

527 3234 713 3290 latere
758 3232 946 3302 fluxit,
1000 3234 1061 3290 et
1109 3231 1278 3290 illius
1326 3249 1534 3291 sumus
1581 3233 1961 3309 participes.‘
1997 3269 2084 3276 —
2119 3233 2511 3292 Absolvimus·
2547 3232 2743 3292 verbis
2796 3231 3149 3290 Ratherii

527 3320 865 3379 veronensis
898 3339 986 3397 ep.
1014 3331 1039 3382 1
1081 3340 1138 3379 n.
1175 3330 1209 3383 3
1247 3339 1323 3383 a:
1361 3322 1580 3388 ‚Forte
1611 3323 1958 3382 transitorie
1989 3322 2202 3397 accipis
2234 3326 2340 3381 aut
2370 3321 2549 3380 etiam
2583 3322 2833 3398 figurate
2866 3324 2926 3379 te
2959 3321 3149 3379 dicere

526 3411 655 3486 ipse
685 3413 876 3485 patna
910 3409 1053 3468 dum
1087 3410 1396 3485 accipienti
1429 3411 1724 3486 loqueris:
1760 3412 1985 3487 Corpus
2018 3412 2084 3474 D.
2118 3411 2190 3473 N.
2223 3413 2276 3470 J.
2302 3412 2521 3470 Christi
2552 3411 2914 3487 propitietur
2942 3409 3057 3467 tibi
3086 3410 3152 3467 in

526 3499 709 3558 vitam
740 3501 1083 3557 aeternam?
1131 3498 1299 3567 Quod
1334 3499 1384 3557 si
1417 3499 1504 3559 ita
1534 3503 1643 3568 est,
1679 3500 1929 3559 coecitas
1964 3501 2055 3560 tui
2089 3499 2430 3560 intellectus
2462 3501 2650 3578 magis
2681 3504 2775 3558 est
2804 3498 3057 3558 dolenda
3087 3501 3149 3556 et

527 3588 896 3659 instruenda,
930 3607 1108 3663 quam
1130 3588 1402 3647 miranda
1433 3593 1494 3648 et
1525 3588 1895 3648 irridenda..
1918 3636 1930 3649 .
1966 3591 2077 3649 Sed
2108 3591 2293 3660 crede,
2330 3589 2532 3661 frater,
2567 3589 2707 3665 quia
2727 3589 2885 3647 sicut
2915 3588 2978 3646 in
3000 3588 3154 3647 Cana

527 3678 819 3737 Galilaeae
851 3677 1058 3736 vinum
1093 3677 1194 3735 Dei
1231 3677 1481 3753 imperio
1515 3698 1720 3738 verum
1768 3683 1830 3737 et
1874 3698 1991 3737 non
2037 3679 2422 3756 figurativum
2465 3678 2582 3736 fuit
2613 3697 2680 3736 ex
2714 3697 2867 3753 aqua
2897 3677 3149 3736 factum:

526 3768 612 3825 ita
642 3765 796 3826 illud
830 3767 935 3826 Dei
968 3766 1378 3825 benedictione
1409 3769 1615 3827 vinum
1660 3787 1839 3828 verus
1884 3772 1945 3827 et
1989 3788 2109 3827 non
2142 3768 2497 3846 figurativus
2529 3766 2787 3827 efficitur
2819 3767 3062 3843 sanguis
3092 3770 3153 3824 et

526 3875 658 3915 caro
678 3855 869 3931 panis,
901 3855 1068 3924 Quod
1091 3856 1142 3914 si
1161 3874 1338 3932 sapor
1355 3856 1510 3915 idem
1532 3861 1750 3928 manet,
1788 3860 1849 3916 et
1881 3859 2041 3917 color
2071 3858 2155 3917 ita
2176 3877 2237 3916 se
2258 3858 2471 3917 habere
2495 3856 2852 3926 dissuadeat,
2885 3874 3150 3932 propono

525 3945 638 4003 tibi
667 3945 890 4003 aliud.‘
940 3945 1231 4021 Proponit
1261 3945 1384 4006 scil.
1418 3946 1674 4005 hominis
1708 3947 2191 4017 efformationem,
2234 3947 2298 4007 in
2332 3966 2450 4022 qua
2481 3949 2757 4004 manente
2791 3944 3149 4015 substantia,

525 4035 705 4092 limus
738 4035 1202 4111 transfiguratus
1239 4039 1474 4093 tantum
1504 4035 1624 4095 fuit
1654 4036 1717 4094 in
1751 4036 2009 4095 hominis
2037 4037 2316 4113 figuram:
2352 4037 2454 4095 sed
2488 4036 2583 4094 hic
2614 4034 2976 4094 contrarium
3009 4051 3147 4092 con·

525 4123 741 4199 tingit:
791 4125 1107 4191 ,manente
1140 4125 1331 4182 colore
1363 4127 1541 4201 atque
1574 4143 1780 4200 sapore
1812 4126 2011 4184 eadem
2046 4125 2337 4202 sapientia
2368 4127 2646 4201 operante
2679 4141 2881 4183 veram
2913 4142 3147 4182 carnem

526 4215 588 4270 et
633 4212 1000 4288 sanguinem,
1046 4213 1206 4288 quod
1237 4213 1491 4289 percipis
1523 4232 1649 4272 esse
1682 4215 1854 4274 crede
1887 4259 1900 4273 .
1934 4259 1947 4273 .
1981 4260 1994 4273 .
2042 4215 2151 4273 Sed
2199 4215 2370 4290 cujus
2418 4214 2679 4289 corporis
2726 4231 2860 4272 caro
2908 4212 2991 4270 sit
3034 4212 3151 4269 ista

525 4319 718 4377 rogas,
750 4301 1088 4376 importune
1119 4302 1385 4374 forsitan,
1421 4306 1492 4361 ut-
1523 4321 1651 4362 sese
1681 4304 1916 4362 vanitas
1947 4303 2128 4363 habet
2158 4304 2447 4362 humanae
2468 4302 2848 4372 curiositatiS,
2882 4305 2945 4360 et
2975 4300 3152 4370 unde,

527 4394 587 4448 et
617 4409 652 4448 a
683 4409 800 4465 quo
834 4391 1078 4464 succisa,
1119 4393 1182 4449 et
1213 4390 1263 4449 si
1297 4391 1493 4450 delata
1523 4393 1670 4467 ipsa,
1717 4396 1780 4451 et
1811 4393 1982 4467 panis
2015 4392 2267 4452 forsitan
2298 4392 2687 4451 invisibiliter
2718 4392 3014 4461 sublatuS,
3048 4393 3156 4449 aut

526 4479 655 4555 ipse
689 4480 857 4554 panis
888 4480 950 4537 in
985 4498 1218 4538 carnem
1250 4484 1565 4540 mutatus?
1598 4526 1611 4539 .
1646 4527 1659 4539 .
1694 4526 1706 4539 .
1752 4481 2147 4558 Evangelium
2182 4483 2383 4557 itaque
2415 4482 2916 4557 interrogemu8,‘
2967 4483 3029 4538 et
3073 4479 3155 4537 ci-

527 4568 668 4626 tatis
701 4568 895 4626 verbis
925 4569 1333 4628 institutionis
1365 4570 1652 4629 absolvit:
1689 4610 1716 4640 ,
1735 4569 1945 4640 Habea,
1994 4571 2165 4646 cujus
2213 4571 2295 4628 sit
2325 4570 2586 4646 corporis
2618 4587 2752 4628 caro
2785 4569 2898 4627 ista
2929 4572 2991 4627 et
3021 4588 3156 4627 san-

527 4657 679 4734 guis,
713 4659 882 4715 tanto
914 4657 1152 4729 certius,
1189 4661 1411 4733 quanto
1442 4660 1715 4719 veritatis
1748 4659 2041 4734 ejusdem,
2090 4678 2243 4735 quae
2288 4659 2575 4734 loquitur,
2622 4676 2761 4718 voce
2803 4659 3154 4718 instructus

526 4747 610 4805 De
642 4747 870 4817 ceteriS,
918 4764 1137 4822 quaeso
1170 4766 1243 4806 ne
1277 4747 1632 4818 solliciteris,
1683 4748 2166 4823 quandoquidem
2201 4747 2559 4824 mysterium
2590 4766 2719 4807 esse
2751 4747 2921 4806 audis
2954 4750 3015 4805 et
3046 4746 3156 4805 hoc
