3538 5364
1148 267 1343 322 Gratia.
1368 266 1663 322 reddimur
1681 266 1828 337 justi
1854 268 1914 319 et
1936 264 2180 336 pulchri.
2683 292 2684 295 ¹
2849 273 2971 336 155

339 476 764 552 peccatorum
796 474 1051 535 tantum
1080 467 1458 532 remissione
1488 466 1862 540 consistere,
1895 483 2015 527 nos
2048 468 2267 527 autem
2297 463 2578 526 honores
2628 470 2970 544 computa„

342 576 557 639 bimus
590 576 835 641 decem.
869 575 1004 639 Hac
1023 574 1102 638 de
1120 590 1322 637 causa
1342 571 1511 638 enim
1532 571 1878 636 infantulos
1905 571 2328 652 baptizamus,
2361 574 2434 632 ut
2464 587 2596 631 non
2629 568 2756 633 sint
2787 571 2968 633 coin-

342 680 598 766 quinati
630 688 921 763 peccam,
940 688 1014 745 ut
1033 681 1125 746 eis
1147 680 1421 744 addatur
1438 680 1766 756 sanctitaS,
1783 678 2051 760 justitia,
2074 676 2355 758 adoptiO,
2377 674 2718 752 hereditas
2741 671 2972 741 frater-

342 790 512 853 nitas
544 772 806 865 Christi,
837 794 910 852 ut
940 788 1076 868 eJus
1107 785 1400 855 membra
1429 785 1557 851 sint
1589 804 1832 858 omnes,
1864 792 1936 849 ut
1956 781 2233 866 Spiritus
2265 782 2581 860 habitatio
2615 781 2807 846 fiant‘
2850 791 2972 848 etc.

340 896 527 966 Hunc
558 913 723 960 vero
755 884 1051 960 effectum
1083 910 1226 958 esse
1257 892 1668 957 tribuendum
1716 864 1961 972 gratiae
2010 892 2076 954 in
2118 890 2574 972 justificatione
2620 887 2869 954 infusae
2899 897 2972 954 ut

343 1020 589 1068 causae
620 1000 895 1077 formali,
925 1005 1106 1081 patet
1133 1018 1215 1063 ex
1234 999 1485 1063 concilii
1517 997 1697 1063 trid.
1731 1016 1885 1061 sess.
1919 1003 1960 1066 6
1994 1015 2130 1078 cap.
2156 1003 2191 1064 7
2228 1002 2294 1061 et
2325 1014 2464 1059 ean.
2489 1000 2567 1063 11
2593 1002 2755 1061 etex
2779 1014 2958 1080 prop.

343 1114 428 1177 42
458 1108 574 1172 Ba
581 1108 648 1190 ji
682 1109 991 1197 damnata
1024 1108 1107 1196 (n.
1151 1109 1354 1195 169⁴),
1387 1115 1522 1172 tum
1557 1126 1633 1172 ex
1656 1102 2101 1184 theologorum
2134 1121 2475 1179 consensu,
2512 1103 2742 1185 quibus
2774 1122 2970 1185 syno-

343 1233 544 1298 nyma
577 1221 732 1279 sunt
755 1198 1007 1297 justitia
1036 1215 1401 1280 inhaerens
1424 1222 1489 1279 et
1538 1213 1747 1294 gratia
1788 1210 2275 1293 justificationis.
2331 1210 2419 1274 Et
2462 1227 2621 1273 sane
2670 1209 2875 1290 gratia
2906 1209 2972 1271 in

336 1321 804 1403 justificatione
832 1320 1043 1389 infusa
1072 1321 1292 1411 omnia
1321 1314 1783 1405 complectitur,
1817 1335 1983 1400 quae
2015 1318 2425 1399 requiruntur
2457 1314 2540 1380 ad
2573 1318 2971 1382 constituen÷

343 1429 498 1493 dum
530 1428 867 1493 hominem
891 1428 1137 1508 justum
1167 1428 1203 1489 i.
1237 1444 1291 1490 e.
1323 1426 1489 1491 bene
1520 1425 1901 1507 dispositum
1932 1423 2016 1487 ad
2049 1442 2239 1488 omne
2258 1422 2340 1499 id,
2361 1423 2535 1506 quod
2556 1430 2655 1488 est
2673 1423 2961 1489 debitum

342 1535 710 1600 secundum
739 1533 955 1600 lumen
986 1533 1164 1598 fidei:
1196 1534 1448 1598 ratione
1480 1533 1650 1598 enim
1669 1532 1977 1595 virtutum
2008 1531 2380 1607 infusarum,
2414 1549 2581 1613 quae
2614 1531 2823 1613 ipsam
2856 1542 2972 1594 co-'

342 1642 682 1719 mitantur,
713 1648 889 1706 recte
921 1643 1252 1706 ordinatur
1275 1639 1661 1722 Justificatus
1695 1637 1779 1701 ad
1812 1636 2032 1713 Deum,
2069 1637 2352 1718 seipsum
2387 1644 2452 1701 et
2482 1638 2860 1719 proximum.

532 1781 685 1835 183.
716 1772 809 1830 Ad
840 1771 1219 1830 difficultates
1252 1769 1564 1830 solvendas
1587 1768 1820 1845 juverit
1849 1771 2101 1835 notasse,
2139 1763 2201 1829 l.
2227 1768 2551 1840 justitiam,
2584 1787 2760 1844 quam
2787 1768 2974 1842 justi-

346 1861 646 1921 ficationis
681 1854 873 1937 gratia
902 1861 1149 1931 confert,
1181 1878 1308 1919 esse
1339 1858 1581 1935 quidem
1612 1876 1898 1927 veram,
1932 1875 2050 1915 nou
2083 1860 2282 1915 tamen
2314 1875 2546 1915 summo
2576 1856 2770 1933 gradu
2799 1876 2970 1933 per-

348 1951 667 2018 sectam
702 1968 1021 2033 possumus
1051 1949 1211 2008 enirn
1241 1953 1303 2008 et
1334 1947 1663 2008 debemus
1648 1966 1712 2006 ιιι
1736 1946 1979 2022 justitia
1996 1963 2287 2015 crescere;
2319 1943 2382 2009 2.
2414 1965 2540 2005 eam
2573 1947 2768 2005 inesse
2800 1946 2974 2005 nobis

348 2059 469 2098 una
500 2059 643 2098 cum
677 2040 1171 2114 concupiscentia,
1217 2039 1391 2113 cujus
1420 2041 1621 2096 motus
1650 2055 1774 2096 non
1804 2035 2075 2110 impedit,
2123 2038 2184 2093 et
2228 2035 2333 2111 qui
2377 2035 2576 2111 potius
2621 2032 2975 2110 impediunt,

350 2129 679 2203 quominus
713 2146 946 2204 semper
966 2130 1133 2204 juste
1163 2145 1427 2205 agamus,
1492 2125 1826 2184 Difficultas
1858 2143 1998 2201 ergo
2030 2124 2181 2182 bene
2213 2124 2429 2201 agendi
2459 2143 2577 2183 non
2611 2124 2838 2199 probat,
2870 2126 2969 2199 ju·

354 2219 585 2276 stitiam
617 2236 739 2277 non
770 2217 1072 2277 inhaerere
1103 2218 1290 2288 nobis,
1338 2216 1442 2275 sed
1474 2218 1714 2274 tantum
1746 2232 1881 2273 cum
1914 2213 2120 2271 ordine
2153 2213 2594 2289 supernaturali
2625 2213 2974 2272 restitutum

354 2326 475 2366 non
504 2307 701 2365 fuisse
733 2306 1000 2365 ordinem
1029 2306 1618 2382 praeternaturalem.
1684 2304 1875 2373 Quare
1920 2298 1982 2367 3.
2029 2321 2148 2360 non
2193 2305 2503 2379 repugnat,
2551 2320 2672 2372 nos,
2720 2302 2834 2360 etsi
2871 2303 2974 2377 ju-

357 2399 501 2467 stos,
547 2413 684 2455 esse
727 2395 1010 2454 obnoxios
1042 2388 1371 2454 defectibus
1415 2396 1479 2453 et
1521 2393 1787 2461 maculis,
1834 2392 2056 2467 quibus
2093 2390 2339 2465 justitia
2380 2394 2582 2449 nostra
2625 2391 2975 2449 maculetur.

358 2483 487 2554 Quo
518 2503 703 2544 sensu
735 2484 945 2543 scribit
976 2484 1470 2560 Augustinus
1503 2483 1577 2541 de
1608 2483 1716 2544 civ.
1750 2482 1853 2539 Dei
1874 2480 2022 2549 XIX,
2061 2489 2172 2541 27:
2208 2480 2470 2547 ,Nostra
2491 2480 2736 2554 justitia
2765 2496 2975 2553 quam-

355 2575 448 2632 vis
477 2593 621 2632 vera
653 2574 738 2632 sit
768 2617 782 2630 .
813 2617 828 2631 .
862 2617 875 2630 .
915 2576 1112 2632 tamen
1144 2577 1312 2631 tanta
1342 2574 1440 2630 est
1469 2571 1534 2629 in
1565 2571 1673 2630 hac
1704 2572 1844 2638 vita,
1888 2573 1959 2628 ut
1990 2569 2191 2644 potius
2220 2572 2595 2644 peccatorum
2625 2568 2977 2627 remissione

356 2666 609 2733 constet,
638 2681 821 2739 quam
851 2661 1209 2739 perfectione
1244 2662 1600 2720 virtutum.‘
1664 2656 1728 2725 4.
1775 2660 1851 2718 Ut
1895 2658 2034 2735 quis
2080 2657 2196 2717 dici
2230 2658 2420 2733 possit
2443 2659 2668 2734 justus,
2717 2674 2837 2716 non
2882 2676 2973 2716 re·

356 2753 541 2829 quiri,
588 2756 661 2810 ut
705 2757 883 2810 actu
914 2770 1144 2826 semper
1164 2752 1329 2826 juste
1359 2754 1526 2827 agat:
1572 2753 1768 2826 potest
1812 2749 1973 2807 enim
2006 2748 2142 2824 quis
2176 2748 2249 2807 ab
2281 2747 2557 2806 habitu
2589 2746 2976 2810 denominari.

356 2841 528 2899 Unde
560 2840 855 2918 distingui
888 2841 1066 2898 debet
1095 2840 1253 2898 inter
1277 2840 1578 2915 justitiam
1613 2839 1978 2896 habitualem
2012 2843 2072 2895 et
2104 2837 2413 2895 actualem.
2477 2835 2637 2905 Quae
2669 2835 2977 2894 illustrau-

355 2933 463 2989 tur
493 2929 771 3006 analogia
800 2929 1077 3000 hominis,
1125 2929 1231 3005 qui
1265 2929 1323 2986 vi
1355 2928 1670 2987 creationis
1700 2927 2047 2986 rational
2068 2926 2132 2984 is
2168 2926 2284 2984 dici
2316 2928 2513 3001 potest
2544 2928 2606 2983 et
2638 2925 2830 2996 debet,
2865 2923 2980 2983 etsi

357 3034 427 3082 8.
459 3018 621 3077 ratio
652 3018 918 3077 nondum
948 3021 1042 3078 est
1071 3018 1380 3095 explicata,
1428 3035 1623 3093 neque
1674 3013 1742 3081 b.
1790 3034 2021 3090 semper
2064 3015 2127 3073 in
2174 3017 2327 3085 actu,
2379 3015 2492 3072 etsi
2540 3028 2604 3077 (ς.
2652 3015 2783 3089 ejus
2831 3031 2981 3072 usus

360 3126 536 3183 saepe
581 3107 906 3182 impeditur
949 3126 1235 3166 sensuum
1273 3105 1840 3182 imaginationisque
1870 3106 2188 3164 vivacitate
2238 3106 2299 3162 et
2350 3099 2421 3165 d.
2475 3104 2772 3162 erroribus
2823 3103 2980 3162 haud

359 3197 497 3255 raro
528 3197 881 3255 maculatur.

551 3328 692 3382 184.
734 3314 1278 3383 Demonstratlo
1324 3333 1395 3400 p.
1442 3313 1567 3380 IV.
1634 3318 1891 3377 Gratiam
1938 3317 2550 3393 pulchritudine
2583 3317 2821 3376 coelesti
2856 3317 2983 3375 ani·-

359 3429 517 3467 mam
553 3407 924 3484 perfundere,
970 3409 1356 3483 consequitur
1391 3406 1450 3471 l.
1482 3427 1551 3466 ex
1585 3406 1853 3481 ejusdem
1884 3407 2096 3466 effectu
2129 3406 2420 3466 secundo:
2469 3406 2622 3464 tales
2668 3405 2826 3464 enim
2875 3425 2986 3465 nos

359 3497 563 3565 efficit,
593 3497 658 3555 in
692 3496 913 3571 quibus
945 3496 1120 3554 Pater
1151 3497 1420 3555 coelestis
1453 3497 1568 3555 sibi
1603 3496 1980 3573 complaceat,
2015 3496 2052 3554 i.
2086 3516 2134 3555 e.
2167 3501 2366 3573 gratos
2399 3498 2461 3554 et
2490 3494 2811 3572 gratiosos3
2844 3496 2984 3570 pul·

359 3585 726 3659 chritudinis
748 3589 946 3644 autem
967 3586 1215 3643 maxime
1234 3586 1544 3662 proprium
1567 3589 1659 3644 est
1680 3585 1926 3661 placere,
1960 3604 2218 3644 amorem
2240 3584 2356 3642 sibi
2377 3584 2689 3643 conciliare
2719 3586 2780 3641 et
2807 3585 2986 3642 bene-

358 3675 706 3734 volentiam.
773 3670 840 3736 2.
888 3675 970 3732 Ex
1017 3693 1197 3733 sensu
1229 3676 1493 3751 ipsorum
1528 3675 1854 3744 hominum,
1888 3693 2143 3750 quorum
2169 3674 2396 3748 judicio
2428 3673 2619 3731 virtus
2651 3673 2986 3748 pulchritu-

358 3764 502 3822 dine
532 3782 656 3822 ιιοιι
689 3765 879 3833 caret3
926 3763 1117 3840 gratia
1147 3767 1345 3822 autem
1376 3783 1496 3822 non
1528 3784 1727 3835 unam,
1763 3763 1865 3822 sed
1901 3763 2195 3822 virtutum
2227 3763 2629 3821 collectionem
2662 3762 2858 3820 animo
2881 3763 2984 3836 ju·

359 3852 606 3912 stificati
637 3852 867 3915 inserit.
933 3853 1093 3911 Idem
1142 3849 1206 3919 3.
1255 3853 1427 3911 docet
1475 3853 1866 3911 catechismus
1916 3851 2419 3910 tridentinus
2467 3851 2537 3908 de
2584 3851 2745 3925 bapt.
2791 3870 2847 3909 n.
2886 3860 2986 3920 50,

359 3961 497 4001 cum
531 3944 707 4000 vocat
736 3942 990 4017 gratiam
1024 3942 1439 4017 ,splendorem
1471 3941 1766 4017 quendam
1815 3944 1875 3999 et
1922 3941 2144 4010 lumen,
2194 3960 2343 4015 quae
2390 3940 2722 3998 animarum
2755 3943 2986 3997 nostra-

360 4051 500 4090 rum
518 4030 788 4089 maculas
809 4049 1009 4088 omnes
1031 4030 1205 4102 delet,
1239 4031 1514 4106 ipsasque
1537 4030 1765 4089 animas
1787 4030 2155 4105 pulchriores
2188 4033 2248 4088 et
2280 4028 2710 4105 splendidiores
2732 4028 2943 4087 reddit.
2959 4036 2987 4065 ⁴⁵

362 4120 533 4189 Quod
578 4115 649 4181 4.
686 4138 861 4194 saepe
892 4123 954 4178 et
984 4120 1202 4178 diserte
1233 4118 1447 4178 docent
1480 4123 1697 4195 patres.
1764 4119 1857 4177 Ita
1905 4138 1990 4177 ex.
2040 4138 2128 4195 gr.
2181 4118 2781 4194 chrysostomus
2833 4117 2988 4178 hom.

360 4210 437 4267 ad
466 4208 903 4267 illuminandos
932 4228 989 4271 n.
1015 4218 1083 4271 3:
1120 4208 1662 4277 ,Quemadmodum
1698 4207 1750 4266 si
1782 4207 1920 4282 quis
1950 4226 2184 4265 auream
2209 4209 2469 4265 statuam
2491 4209 2772 4281 tempore,
2808 4205 2986 4274 fum0,

359 4298 628 4374 pulvere,
674 4296 956 4373 rubigine
999 4297 1295 4360 foedatam
1341 4297 1535 4357 denuo
1581 4296 1942 4364 conflaverit,
1993 4314 2119 4354 eam
2165 4296 2338 4354 nobis
2382 4295 2765 4371 purissimam
2812 4299 2993 4370 atque

360 4387 699 4466 fulgentem
731 4386 1028 4445 restituit:
1075 4386 1163 4448 sic
1207 4389 1269 4448 et
1296 4390 1589 4467 *naturam
1622 4388 1880 4447 nostram
1920 4386 2079 4442 Deus
2111 4385 2334 4460 peccati
2365 4383 2645 4460 rubigine
2678 4382 2990 4450 foedatam,

362 4477 681 4551 multoque
711 4476 976 4534 affectam
1007 4475 1361 4536 delictorum
1391 4475 1552 4534 fumo
1598 4475 1703 4533 illa
1747 4473 2192 4550 pulchritudine
2238 4473 2603 4543 destitutam,
2653 4491 2829 4548 quam
2875 4469 2992 4546 ipsi

364 4565 445 4624 ab
476 4565 655 4623 initio
689 4563 1004 4632 indiderat,
1053 4563 1248 4623 denuo
1282 4563 1561 4624 conflavit
1605 4566 1665 4621 et
1710 4563 1773 4621 in
1819 4581 2008 4639 aquas
2043 4581 2150 4621 seu
2183 4562 2245 4620 in
2278 4561 2693 4620 conflatorium
2723 4561 2995 4636 injiciens

363 4657 432 4712 et
471 4672 580 4730 pro
626 4653 768 4730 igne
799 4654 1064 4731 *gratiam
1100 4653 1361 4728 Spiritus
1394 4653 1727 4725 inmittens,
1778 4653 1913 4710 hinc
1963 4654 2277 4711 renovatos
2310 4667 2441 4708 cum
2478 4650 2771 4708 solaribus
2803 4648 2994 4706 radiis

364 4742 688 4818 splendore
708 4742 1076 4801 decertantes
1105 4742 1325 4814 educit,
1359 4741 1619 4800 contrito
1652 4745 1848 4800 vetere
1881 4742 2134 4811 homine,
2170 4743 2552 4799 novo-autem
2588 4737 2992 4814 splendidiori,
