3538 5364
582 320 712 385 552
1087 313 1272 368 Tract.
1298 314 1391 366 LX.
1419 313 1487 366 de
1516 312 1903 368 matrimonio.
1937 312 2112 368 Notio
2140 314 2387 369 matrim.
2413 316 2471 368 et
2495 330 2727 369 errores

582 512 739 557 rom.
771 513 830 575 p.
863 493 912 556 II
944 510 994 556 c.
1018 500 1055 563 8
1091 514 1150 557 11.
1171 497 1246 562 5:
1288 493 1803 568 „Matrimonium
1838 500 1935 559 est
1957 495 2075 558 viri
2107 503 2172 560 et
2202 494 2485 559 mulieris
2504 496 2816 561 maritalis
2836 496 3192 578 conjunctio

582 601 747 664 inter
778 599 1089 682 legitimas
1119 618 1435 681 personas
1465 599 1862 664 individuam
1892 600 2062 666 vitae
2093 601 2623 666 consuetudinem
2654 602 2988 667 retinens‘

760 730 1132 806 Quapropter
1162 749 1311 789 uxor
1341 730 1564 789 dicitur
1599 731 1956 806 adjutorium
1989 730 2182 789 simile
2213 730 2361 800 viro,
2410 733 2472 789 et
2515 749 2636 789 non
2683 750 2811 789 esse
2841 731 3068 791 bonum
3099 733 3196 790 ho-

577 818 799 891 minem
833 837 960 878 esse
991 820 1177 878 solum
1197 820 1338 882 Gen.
1364 828 1418 890 2,
1452 830 1560 890 183
1595 821 1657 878 et
1687 819 1768 882 ib.
1804 839 1862 885 v.
1885 827 1965 882 24
1989 819 2274 878 dicuntur
2305 821 2419 878 duo
2448 822 2512 877 in
2544 838 2718 878 carne
2746 840 2886 897 una,
2922 820 3068 896 quia
3096 841 3195 879 na-

582 912 717 965 tura
749 908 1007 966 humana
1032 903 1361 982 ‚adaequate
1392 913 1455 966 et
1485 908 1660 983 plene
1690 908 1756 967 in
1787 909 2019 967 ratione
2047 908 2229 969 simul
2248 907 2533 984 principii
2563 908 2805 968 fecundi
2836 909 2910 969 ad
2941 910 3037 968 sui
3067 929 3196 985 pro·

581 997 953 1081 pagationem
973 990 1271 1073 reperitur
1301 1015 1494 1071 neque
1527 997 1588 1055 in
1620 997 1750 1056 viro
1785 998 2030 1056 seorsim
2061 1016 2255 1073 neque
2287 998 2351 1056 in
2380 998 2618 1069 femina,
2653 998 2755 1057 sed
2789 998 2854 1057 in
2885 999 3198 1075 utriusque

581 1086 1013 1160 conjunctione.
1074 1086 1220 1144 Inde
1265 1089 1483 1158 autem,
1531 1086 1691 1161 quod
1737 1084 1962 1145 femina
2006 1090 2100 1145 est
2132 1086 2242 1144 viri
2273 1088 2657 1146 connaturale
2688 1088 3196 1164 complementum,

582 1174 773 1234 oritur
801 1175 905 1233 ille
937 1172 1104 1234 nisus
1136 1175 1317 1234 unius
1349 1193 1521 1233 sexus
1552 1176 1618 1233 in
1647 1176 1922 1246 alterum,
1971 1175 2125 1234 sicut
2171 1175 2401 1234 animae
2445 1175 2510 1234 in
2554 1194 2785 1252 corpus,
2833 1178 3098 1253 corporis
3138 1175 3199 1234 in

582 1264 859 1327 membra.
908 1264 1088 1323 Porro
1120 1264 1459 1340 conjunctio
1491 1264 1633 1323 haec
1663 1265 2243 1323 matrimonium
2275 1264 2412 1323 inde
2444 1264 2678 1335 dicitur,
2713 1266 2873 1341 quod
2906 1267 3039 1341 ejus
3070 1264 3198 1324 finis

581 1356 692 1428 est,
727 1356 798 1411 ut
829 1370 1041 1411 uxores
1073 1355 1293 1412 matres
1326 1353 1500 1424 fiant3
1547 1354 1715 1429 conj
1735 1353 2000 1430 ugium
2046 1372 2115 1412 ex
2138 1354 2289 1431 jugo
2322 1371 2570 1413 onerum
2601 1357 2663 1412 et
2692 1354 3022 1415 officiorum
3053 1355 3199 1412 utri-

582 1460 698 1517 que
730 1441 791 1499 vi
823 1446 1163 1523 contractus
1192 1441 1492 1517 imposito,
1526 1442 1685 1517 quod
1705 1450 1919 1501 mutua
1937 1442 2182 1501 caritate
2213 1442 2372 1501 inter
2403 1461 2467 1501 se
2498 1443 2806 1518 conjuncti
2837 1447 3076 1519 portare
3107 1444 3200 1501 de-

583 1529 756 1601 bent3
808 1531 1278 1589 connubium
1296 1574 1311 1602 ‚
1362 1531 1521 1606 quod
1573 1531 1729 1606 apud
1777 1548 2047 1590 romanos
2093 1530 2312 1589 mulier
2355 1534 2547 1608 nupta
2584 1531 2938 1591 tradebatur
2971 1533 3097 1591 viro
3143 1532 3201 1589 in

582 1636 841 1689 uxorem,
875 1619 1014 1678 hinc
1044 1620 1270 1679 nubere
1302 1619 1452 1689 vire,
1487 1623 1549 1678 et
1579 1620 2038 1701 nupt-iarum
2070 1639 2305 1679 nomen.
2354 1621 2717 1690 ,Descendit
2748 1618 3077 1701 (Rebecca),
3122 1620 3200 1679 ita

583 1726 627 1766 s.
660 1709 1117 1768 Ambrosius
1150 1709 1222 1767 de
1242 1709 1457 1769 Abrah.
1477 1710 1524 1779 Ι,
1563 1720 1598 1770 9
1633 1729 1689 1772 n.
1716 1717 1816 1779 93,
1851 1712 1911 1767 et
1943 1717 2123 1786 caput
2152 1728 2328 1768 suum
2360 1710 2663 1769 obnubere
2695 1711 2893 1786 coepit
2910 1706 3080 1792 (Gen.
3105 1718 3197 1777 24,

586 1807 664 1859 64
689 1792 779 1881 5.),
811 1797 1027 1857 docens
1048 1797 1463 1857 verecundiam
1482 1798 1714 1874 nuptiis
1734 1798 1968 1873 praeire
1989 1798 2230 1863 debere;
2263 1799 2402 1856 inde
2434 1800 2592 1857 enim
2626 1802 2687 1858 et
2715 1800 2965 1875 nuptiae
2998 1799 3196 1867 dictae,

582 1887 742 1961 quod
772 1886 1027 1963 pudoris
1055 1887 1499 1964 gratia-puellae
1531 1905 1594 1946 se
1626 1886 2003 1948 obnuberent
2015 1885 2122 1968 ¹).‘
2158 1887 2238 1946 cf.
2256 1906 2301 1946 a.
2320 1888 2365 1945 T
2381 1888 2419 1945 h
2437 1906 2470 1946 o
2486 1907 2637 1947 mas
2668 1889 2865 1964 suppl.
2890 1898 2948 1951 9.
2973 1898 3055 1951 44
3079 1908 3126 1946 a.
3148 1896 3199 1949 2.

762 2010 909 2097 588.
958 2027 1242 2089 Errores.
1263 2065 1352 2073 -
1383 2024 1746 2105 Multiplicis
1779 2025 2033 2106 generis
2065 2025 2417 2088 adversarii
2449 2024 2836 2089 catholicam
2868 2025 2953 2091 de
2985 2023 3199 2088 matri-

584 2133 801 2197 monio
833 2133 1197 2197 doctrinam
1229 2133 1702 2215 impugnarunt.
1795 2132 1918 2194 Alii
1951 2132 2122 2196 enim
2154 2131 2544 2195 matrimonii
2585 2132 3048 2213 impugnarunt
3077 2129 3200 2194 ho·

587 2259 722 2303 nes
742 2247 767 2303 t
787 2247 998 2305 atem
1048 2239 1361 2316 ethicam3
1432 2239 1538 2302 alii
1588 2237 1968 2319 dignitatem
2018 2239 2580 2319 supernaturalem
2630 2246 2695 2303 et
2744 2256 3198 2302 sacramen-

588 2347 863 2423 talem3
910 2347 1017 2411 alii
1048 2345 1222 2411 reale
1254 2346 1565 2411 inducunt
1597 2345 1723 2409 dis
1742 2346 1996 2409 crime
2015 2364 2056 2407 n
2102 2345 2269 2409 inter
2315 2344 2797 2409 matrimonium
2835 2361 3199 2409 sacramen-

584 2461 721 2519 tum
753 2462 819 2518 et
850 2461 1257 2519 contractum
1289 2452 1830 2517 matrimonialem
1881 2452 2316 2515 christianum.
2351 2450 2527 2530 Quos
2563 2451 2910 2533 excipiunt,
2943 2452 3054 2534 qui
3075 2450 3199 2531 ejus
3231 2503 3242 2519 .

581 2561 1010 2643 proprietates
1042 2561 1425 2642 praecipuas
1456 2560 2059 2640 monogamiam
2093 2565 2157 2623 et
2206 2558 3066 2623 indissolubilitatem
3096 2574 3195 2620 ne-

585 2676 753 2748 gant„
804 2665 1176 2751 Sequuntur
1208 2668 1467 2734 demum
1486 2665 1592 2743 illi,
1628 2666 1737 2750 qui
1756 2666 2241 2731 matrimonium
2265 2665 2693 2747 jurisdictioni
2710 2665 3039 2731 Ecclesiae
3058 2663 3190 2728 sub·

585 2777 841 2840 trahere
875 2783 1069 2858 atque
1102 2775 1394 2841 societati
1426 2774 1594 2839 civili
1624 2773 1939 2855 subjicere
1972 2774 2275 2837 nituntur.
2296 2812 2383 2821 —-
2415 2773 2645 2837 Mirum
2677 2780 2896 2837 autem
2930 2772 3096 2838 forte
3116 2769 3195 2833 vi-

585 2882 840 2946 debitur
872 2889 967 2946 tot
996 2883 1304 2948 haereses
1330 2883 1467 2964 jam
1497 2883 1719 2965 primis
1751 2881 2077 2947 Ecclesiae
2109 2879 2341 2946 seculis
2374 2882 2790 2962 impugnasse
2821 2876 3201 2947 matrimonii

583 2990 716 3054 sive
752 2990 1161 3055 honestatem
1194 2991 1328 3054 sive
1361 2991 1766 3071 dignitatem:
1815 2990 1929 3054 sed
1967 2990 2033 3052 in
2064 2990 2188 3052 hoc
2220 3007 2290 3053 se
2321 2989 2556 3054 iterum
2603 2989 2883 3070 prodidit
2928 2990 3065 3064 ille,
3107 2985 3202 3068 qui

585 3095 895 3161 homicida
924 3104 1062 3161 erat
1095 3097 1172 3162 ab
1204 3099 1388 3160 initio
1436 3098 1553 3182 (Jo.
1592 3103 1647 3174 7,
1682 3091 1830 3182 44),
1883 3103 1947 3161 et
1979 3096 2089 3178 qui
2118 3114 2279 3176 prae
2310 3096 2554 3159 invidia
2585 3114 2717 3159 non
2749 3095 2964 3160 solum
2994 3094 3201 3159 nititur

586 3204 819 3268 inferre
852 3205 1138 3268 humano
1172 3205 1387 3284 generi
1419 3205 1728 3268 damnum
1761 3203 2108 3285 spirituale,
2155 3203 2269 3267 sed
2319 3202 2400 3268 ed
2445 3209 2759 3285 quantum
2804 3209 3026 3284 potest
3068 3217 3200 3283 per-

586 3310 819 3373 niciem
850 3310 1202 3391 physicam.
1294 3308 1476 3375 Sicut
1521 3312 1691 3376 enim
1738 3311 1807 3374 in
1852 3310 2075 3373 mundi
2119 3299 2301 3373 initio
2352 3309 2592 3373 invidia
2625 3309 2761 3390 ejus
2791 3310 3055 3373 intravit
3085 3323 3200 3370 non

584 3415 796 3482 solum
825 3409 1181 3499 peccatum,
1214 3418 1328 3483 sed
1365 3425 1430 3482 et
1460 3437 1637 3483 mors
1670 3416 2046 3498 temporalis
2079 3416 2146 3479 in
2178 3415 2402 3480 orbem
2449 3405 2764 3480 terrarum
2795 3412 2944 3497 Sap.
2981 3421 3050 3491 2,
3095 3416 3200 3481 24:

588 3526 677 3589 ita
709 3544 1013 3590 successu
1048 3526 1354 3607 temporis
1385 3544 1519 3590 non
1550 3525 1760 3589 solum
1794 3525 1876 3587 ad
1897 3523 2336 3588 idololatriam
2355 3523 2604 3587 induxit
2621 3523 2935 3597 homineS‚
2968 3521 3081 3587 sed
3099 3536 3200 3584 eos

589 3632 652 3695 in
685 3633 1041 3696 horrendas
1073 3639 1298 3697 mutuo
1333 3632 1749 3697 crudelitates
1784 3638 1847 3695 et
1880 3620 2116 3695 caedes
2147 3629 2454 3694 incitavit.
2521 3629 2845 3710 Reparato
2884 3648 3002 3711 per
3033 3625 3199 3691 Chri·

590 3748 759 3803 stum
794 3758 1026 3819 genere
1062 3740 1364 3815 humano,
1397 3738 1590 3820 huJus
1623 3739 1848 3802 nititur
1882 3736 1983 3801 vel
2013 3737 2390 3818 praepedire
2410 3754 2793 3818 venenoque
2813 3735 3069 3802 inficere
3099 3749 3198 3814 ge-

589 3823 995 3927 nerationem
1029 3854 1127 3910 tot
1160 3847 1475 3928 suggestis
1508 3845 1840 3910 erroribus
1875 3845 2186 3909 adversus
2207 3843 2721 3908 matrimonium:
2755 3862 2882 3925 quo
2902 3842 3199 3908 subverso

588 3954 686 4017 vel
720 3954 1024 4035 impedito
1058 3954 1410 4019 succedant
1454 3970 1620 4033 vaga
1669 3951 1869 4016 libido
1891 3951 2159 4034 aliaque
2192 3950 2473 4015 nefanda
2504 3950 2716 4013 carnis
2749 3950 2933 4027 vitia,
2985 3946 3199 4031 quibus

590 4059 677 4123 nil
710 4039 1134 4141 perniciosius
1165 4060 1614 4142 propagationi
1646 4060 1916 4123 humani
1948 4060 2231 4141 generiS‚
2279 4066 2355 4129 ut
2395 4059 2607 4139 proles
2658 4057 2741 4122 ab
2782 4058 2927 4139 ipsa
2972 4053 3200 4133 origine

590 4166 891 4246 langueat
923 4175 986 4232 et
1018 4168 1326 4232 tabescat.
1375 4165 1576 4231 Simili
1607 4166 1816 4230 fraudi
1848 4166 2085 4229 inimici
2117 4166 2381 4229 humani
2414 4165 2699 4246 generiS,
2744 4182 2911 4247 quae
2957 4160 3197 4245 quidem

594 4291 673 4336 ex
706 4275 1023 4338 sententia
1054 4274 1114 4354 ei
1145 4274 1463 4356 procedit,
1517 4272 1799 4337 adscribi
1845 4272 2038 4338 debet
2082 4278 2267 4336 tanta
2313 4271 2839 4337 adversariorum
2889 4266 3197 4333 Ecclesiae

591 4381 947 4446 catholicae
981 4389 1208 4446 nostra
1241 4388 1456 4446 aetate
1488 4380 1877 4461 conspiratio
1900 4380 1965 4443 in
1985 4379 2422 4461 impugnanda
2441 4377 2834 4444 matrimonii
2856 4377 2991 4441 sive
3010 4369 3194 4454 digni·

592 4494 723 4550 tate
757 4489 1209 4552 sacramentali
1242 4489 1375 4552 sive
1408 4487 1836 4569 dependentia
1868 4486 1952 4550 ab
1983 4486 2303 4552 Ecclesiae
2329 4486 2788 4567 jurisdictione.

813 4712 848 4778 ¹)
895 4709 1233 4761 Accuratam
1280 4708 1633 4763 matrimonii
1678 4706 2071 4762 definitionem
2117 4707 2188 4760 cf.
2233 4706 2389 4776 apud
2442 4705 2484 4757 P
2501 4706 2642 4759 alm
2659 4703 2678 4756 i
2695 4720 2724 4759 e
2741 4705 2805 4757 ri
2854 4703 2923 4757 de
2964 4698 3190 4756 matrim.

599 4788 792 4844 christ.
821 4790 901 4843 th.
937 4797 956 4842 l
990 4804 1135 4855 seq.;
1163 4787 1342 4842 Rive
1369 4788 1461 4841 die
1490 4788 1609 4842 Ehe
1637 4793 1772 4844 sect.
1802 4791 1834 4844 ’ἵ
1861 4797 1888 4854 5
1915 4795 1975 4849 3;
2005 4788 2388 4842 Scheeben
2415 4795 2442 4851 ξ
2475 4791 2590 4841 150.
