3538 5364
1143 290 1340 343 contra
1367 287 1738 343 confessionis
1767 287 2160 343 necessitatem
2187 288 2412 344 satisfit.
2943 296 3074 359 477

461 490 614 534 num
648 489 797 535 reos
829 470 993 534 adeo
1025 470 1400 545 hortantum
1433 470 1595 533 haec
1628 475 1846 533 autem
1868 476 1965 532 est
1983 470 2378 550 poenitentia
2410 470 2475 532 in
2508 469 2792 532 Ecclesia
2826 469 3075 549 agenda

464 584 528 642 et
560 576 876 641 confessio
909 576 1228 639 sacerdoti
1260 575 1569 639 facienda.

638 705 829 774 Quare
862 704 1377 763 Hildebertus
1411 723 1629 764 cenom.
1663 725 1837 768 serm.
1873 717 1987 769 30:
2055 705 2445 772 ‚Erubescite
2489 709 2725 781 peccata
2769 709 2968 763 vestra
3012 711 3073 762 et

458 793 820 852 confitemini
852 813 919 852 ea
950 794 1253 853 sacerdoti.
1305 795 1450 853 Sunt
1490 794 1749 869 quidam,
1786 795 1891 867 qui
1927 796 2134 853 dicunt
2166 814 2227 854 se
2260 813 2434 870 posse
2468 795 2776 870 poenitere
2808 794 2933 852 sine
2964 794 3075 851 rni-

457 883 649 942 nistro
680 883 1002 942 Ecclesiae:
1036 884 1134 942 sed
1171 885 1278 941 hoc
1309 884 1516 942 nullus
1549 883 1731 943 audet
1760 902 2154 959 praesumere.
2188 886 2320 943 Non
2353 885 2636 942 omnibus
2670 884 2811 942 data
2841 886 2936 942 est
2967 901 3071 958 po-

457 975 645 1031 testas
675 971 953 1042 solvendi,
987 973 1087 1031 sed
1121 973 1262 1031 solis
1297 973 1581 1048 apostolis
1601 976 1663 1032 et
1683 973 1918 1031 vicariis
1951 992 2174 1044 eorum,
2209 974 2430 1050 quibus
2464 974 2691 1032 dictum
2723 975 2845 1031 est:
2882 973 3074 1044 Quod·

458 1081 674 1138 cunque
703 1063 1019 1138 liyavera'tis
1048 1067 1198 1120 eta«
1265 1062 1579 1138 Colligitur
1622 1062 1804 1121 etiam
1837 1081 1904 1120 ex
1939 1080 2114 1138 scopo
2151 1062 2533 1122 confessionis
2568 1062 2747 1137 hujus
2780 1062 2899 1120 Deo
2932 1061 3074 1119 faci-

458 1151 657 1220 endae,
697 1170 874 1226 quem
927 1151 1476 1210 Tertullianus
1526 1151 1752 1209 indicat
1797 1151 1871 1209 de
1904 1151 2121 1227 poenit.
2172 1172 2228 1211 n.
2285 1165 2353 1214 9:
2428 1191 2455 1218 ‚
2476 1152 2768 1209 Delictum
2821 1151 3071 1208 Domino

457 1243 728 1298 nostrum
760 1239 1126 1309 confitemur,
1159 1259 1278 1299 non
1312 1240 1554 1315 quidem
1587 1243 1657 1298 ut
1675 1241 1901 1317 ignare,
1923 1241 2027 1299 sed
2050 1248 2344 1314 quatenus
2365 1240 2683 1299 satisfactio
2704 1240 3075 1299 confessione

457 1328 812 1405 disponitur,
846 1328 1211 1394 confessione
1243 1329 1614 1405 poenitentia
1644 1330 1913 1388 nascitur
1943 1332 2092 1391 etc.‘
2131 1330 2430 1389 Confessio
2460 1348 2600 1406 ergo
2621 1347 2860 1388 normae
2880 1329 3074 1386 instar

456 1421 601 1490 erat,
636 1417 964 1477 secundum
1015 1435 1193 1493 quam
1244 1418 1569 1477 satisfactio
1619 1418 2049 1494 disponebatur
2096 1424 2157 1478 et
2187 1418 2633 1495 imponebatur;
2681 1418 2848 1493 atqui
2895 1417 3071 1475 satis·

458 1506 767 1565 factionem
788 1506 1174 1582 imponebant
1191 1507 1481 1566 Ecclesiae
1501 1508 1779 1578 ministri,
1803 1508 2023 1582 quibus
2043 1508 2182 1567 data
2200 1515 2292 1567 est
2323 1511 2584 1583 potestas
2617 1508 2775 1567 sicut
2804 1506 3070 1565 solvendi

454 1595 542 1654 ita
569 1599 631 1654 et
661 1596 907 1671 ligandi.
970 1596 1076 1654 His
1126 1596 1314 1672 igitur
1363 1596 1631 1655 facienda
1680 1601 1808 1655 erat
1860 1598 2164 1661 confessio,
2229 1598 2310 1658 cf.
2345 1597 2523 1655 verba
2555 1616 2600 1655 s.
2634 1601 2850 1673 Augu
2871 1595 3073 1654 stini

453 1704 514 1746 n.
549 1688 712 1748 463⁴
745 1690 807 1743 et
838 1685 1208 1761 Origenis
1242 1704 1298 1748 n.
1334 1686 1514 1748 483⁶.

631 1804 694 1874 3.
727 1801 795 1867 Si
828 1823 976 1884 ergo
1009 1810 1224 1885 patres
1267 1810 1643 1885 peccatores
1688 1804 1907 1869 fideles
1954 1806 2313 1880 hortantur,
2360 1812 2432 1870 ut
2477 1804 2904 1869 confiteantur
2938 1803 3071 1867 Deo

454 1917 721 1992 peccata
752 1929 887 1987 sua,
921 1909 1312 1991 intelligendi
1344 1912 1444 1976 vel
1477 1911 1837 1993 exponendi
1884 1918 2035 1975 sunt
2067 1931 2144 1975 eo
2178 1931 2389 1988 sensu,
2423 1930 2612 1995 quem
2645 1911 2858 1993 plures
2890 1917 3071 1974 vete-

453 2036 617 2095 rum,
651 2018 758 2100 qui
790 2018 1021 2081 clarius
1055 2016 1418 2099 loquuntur,
1453 2018 1627 2081 hisce
1659 2018 2006 2100 subjiciunt
2039 2019 2269 2083 verbis.

632 2147 981 2217 ,Confitere
1013 2148 1212 2221 inquit
1242 2149 1712 2207 Anastasius
1746 2148 1965 2207 sinaita
2000 2145 2062 2231 (†
2098 2147 2252 2231 599)
2286 2151 2357 2208 de
2392 2169 2436 2209 s.
2470 2149 2675 2226 synaxi
2720 2143 2838 2228 (ap.
2872 2147 3071 2205 Com·

454 2235 829 2295 befisium
874 2237 1048 2295 Auct.
1093 2237 1179 2295 ed.
1227 2237 1399 2311 paris.
1444 2237 1490 2306 Ι,
1545 2232 1721 2319 890),
1774 2242 2013 2313 peccata
2055 2243 2166 2297 tua
2209 2239 2440 2298 Christo
2484 2257 2590 2314 per
2634 2236 3063 2296 sacerdotem.‘

453 2325 840 2402 Egbertus
873 2326 1240 2384 eboracensis
1270 2321 1331 2407 (†
1368 2323 1521 2407 767)
1557 2327 1929 2402 praescribit:
1996 2328 2399 2396 ,Confiteatur
2433 2329 2549 2387 Deo
2595 2326 2903 2385 malefacta
2935 2343 3060 2390 sua,

453 2418 524 2472 ut
553 2413 820 2472 sacerdos
840 2405 1003 2484 sciat,
1037 2434 1214 2490 quam
1235 2416 1661 2490 poenitentiam
1683 2415 1800 2490 ipsi
1823 2416 2120 2492 imponere
2142 2417 2354 2477 debeat
2387 2414 2471 2500 (M
2488 2436 2577 2475 an
2594 2417 2660 2474 si
2689 2415 2818 2486 XII,
2841 2409 3015 2496 235).
3032 2421 3059 2449 ‘

453 2503 523 2560 In
554 2502 929 2563 celeberrimo
960 2503 1118 2579 apud
1151 2522 1387 2581 graecos
1420 2504 1623 2563 libello
1654 2505 2088 2581 poenitentiali,
2136 2507 2241 2582 qui
2273 2508 2313 2565 J
2329 2506 2554 2565 oanni
2596 2502 2926 2581 jejunatori
2958 2522 3063 2578 pa-

451 2591 738 2650 triarchae
757 2593 863 2651 CP.
882 2588 943 2673 (†
967 2589 1119 2670 585)
1150 2593 1338 2651 tribui
1369 2593 1521 2652 solet
1554 2589 1738 2675 (apud
1769 2594 2146 2653 Morinum
2179 2600 2299 2656 ant.
2319 2596 2524 2671 poenit
2544 2615 2596 2671 p.
2625 2605 2699 2656 77
2727 2587 2821 2673 3.),
2858 2591 3061 2666 injun-

451 2681 618 2758 gitur
649 2681 955 2753 sacerdoti,
989 2685 1061 2741 ut
1090 2682 1175 2741 ita
1204 2686 1568 2759 peccatorem
1601 2682 1973 2758 alloquatur:
2028 2684 2413 2762 ,Spiritualis
2446 2685 2550 2753 fili,
2600 2701 2708 2761 ego
2744 2681 3061 2741 confessio·

452 2790 589 2829 nem
619 2774 784 2830 tuam
817 2771 1101 2846 primario
1132 2775 1194 2830 et
1222 2771 1541 2849 praecipue
1571 2792 1693 2831 non
1735 2773 1978 2849 recipie,
2024 2792 2132 2833 nec
2161 2775 2275 2833 tibi
2320 2774 2758 2833 absolutionem
2792 2770 3065 2840 concedo,

454 2859 558 2918 sed
588 2878 694 2935 per
724 2879 818 2919 me
851 2860 1007 2918 Deus
1051 2856 1243 2942 (illius
1276 2861 1433 2919 enim
1464 2866 1554 2920 est
1585 2880 1735 2937 opus
1767 2859 2085 2945 ejusmodi)
2131 2869 2509 2939 peccatorum
2557 2867 2800 2921 tuorum
2833 2860 3061 2918 conses-

453 2948 676 3008 sionem
708 2949 958 3024 suspicit
977 2954 1038 3007 et
1057 2968 1164 3026 per
1193 2954 1457 3009 nostram
1490 2968 1690 3011 vocem
1724 2951 1938 3010 horum
1968 2952 2380 3012 remissionem
2412 2952 2714 3029 dispensat
2728 2955 2790 3008 et
2807 2948 3066 3025 largitur

454 3086 467 3102 .
503 3085 516 3098 .
552 3082 566 3095 .
599 3038 811 3096 Revela
851 3038 1037 3114 igitur
1081 3043 1144 3096 et
1187 3038 1418 3103 declara
1462 3057 1657 3097 coram
1703 3041 1921 3099 sanctis
1967 3042 2213 3118 angeli8‚
2261 3042 2527 3117 nihilque
2560 3060 2653 3100 me
2685 3039 2810 3098 cela
2840 3057 3065 3105 eorum,

451 3145 604 3201 quae
636 3146 669 3184 a
697 3131 758 3186 te
790 3127 940 3185 clam
970 3127 1124 3186 facta
1155 3132 1317 3197 sunt,
1365 3130 1534 3186 velut
1577 3129 1626 3187 si
1659 3130 1779 3187 Deo
1828 3130 2058 3188 occulta
2091 3131 2357 3190 cordium
2407 3129 2783 3207 cognoscenti
2818 3126 3059 3186 confite-

452 3216 600 3275 reris
631 3220 783 3279 etc.‘
811 3250 896 3259 -
932 3216 1155 3276 Similis
1187 3217 1515 3276 exhortatio
1546 3217 1846 3293 reperitur
1875 3217 1955 3276 ib.
1989 3239 2046 3295 p.
2083 3229 2161 3282 38
2198 3220 2261 3278 in
2294 3219 2708 3296 poenitentiali
2741 3216 3061 3292 andega-

453 3305 674 3363 vensi
706 3323 812 3364 sec.
849 3305 951 3363 XI:
1017 3305 1204 3374 ,Cum
1256 3306 1468 3364 dixeris
1516 3325 1655 3365 vero
1701 3306 1989 3366 sacerdoti
2035 3312 2272 3383 peccata
2315 3314 2439 3379 tua,
2489 3328 2609 3366 non
2641 3306 2928 3366 sacerdoti
2961 3304 3060 3363 sed

454 3394 701 3463 Christe,
734 3394 842 3469 qui
872 3397 966 3452 est
998 3412 1171 3453 verus
1206 3395 1491 3453 sacerdos.
1523 3395 1661 3453 Ideo
1693 3395 1892 3464 debe8‚
1927 3396 2223 3456 carissime
2242 3400 2424 3456 frater
2445 3399 2540 3456 vel
2558 3397 2858 3455 carissima
2879 3412 3060 3462 soror,

450 3484 903 3558 compunctione
935 3485 994 3541 et
1025 3483 1255 3560 gemitu
1285 3484 1475 3542 cordis
1508 3487 1745 3559 peccata
1776 3490 1884 3542 tua
1914 3486 2033 3544 Deo
2066 3486 2335 3545 confiteri
2370 3490 2430 3544 et
2463 3486 2748 3545 sacerdoti
2801 3487 2925 3550 tue,
2961 3484 3065 3558 qui

452 3572 577 3630 vice
609 3572 825 3629 Christi
858 3571 1119 3630 officium
1150 3572 1319 3648 gerit,
1355 3574 1417 3630 et
1444 3592 1564 3631 non
1594 3573 1772 3631 debes
1805 3574 2132 3649 quidquam
2165 3576 2351 3634 celare
2372 3575 2444 3634 de
2464 3575 2813 3633 infirmitate
2833 3572 3063 3631 animae

451 3665 606 3730 tuae,
641 3665 711 3719 ut
741 3662 929 3736 possis
961 3662 1208 3723 sanari.‘
1250 3696 1334 3705 —
1368 3662 1541 3729 ,Mox
1574 3680 1710 3720 eum
1742 3663 1910 3721 suavi
1940 3682 2081 3722 voce
2112 3664 2459 3740 interroget,
2493 3665 2575 3722 ita
2608 3664 2671 3721 in
2704 3661 3062 3737 Euchologio

450 3767 658 3827 graeco
707 3745 890 3831 (apud
936 3752 1271 3809 Martene
1317 3751 1389 3809 de
1432 3754 1553 3813 ant.
1585 3751 1739 3809 Eccl.
1785 3752 1883 3809 rit.
1915 3773 1972 3827 p.
2010 3762 2042 3814 2
2080 3753 2118 3810 l.
2163 3766 2182 3815 l
2225 3772 2270 3812 c.
2307 3765 2341 3813 6
2376 3774 2425 3814 a.
2467 3764 2497 3814 7
2536 3752 2660 3810 ord.
2698 3746 2824 3832 20),
2860 3750 3060 3819 frater,

451 3843 524 3896 ut
554 3839 699 3914 quid
732 3840 804 3896 ad
840 3839 1026 3897 Deum
1058 3844 1121 3897 et
1150 3840 1225 3897 ad
1259 3859 1350 3898 me
1383 3840 1727 3898 accessisti?
1790 3840 1880 3898 Ne
1911 3843 2195 3900 verearis:
2243 3862 2363 3900 non
2394 3842 2553 3900 enim
2586 3840 2749 3909 mihi,
2785 3839 2887 3897 sed
2926 3840 3059 3907 Dec,

452 3945 646 3986 coram
679 3947 798 4003 quo
829 3932 967 3998 stas,
1016 3932 1257 4002 peccata
1299 3932 1405 3987 tua
1450 3930 1788 3988 enuncias«
1822 3964 1907 3973 —
1940 3931 2018 3988 Et
2049 3931 2145 3989 Go
2166 3932 2293 3990 def
2303 3931 2520 3989 ridus
2569 3930 2749 3987 abbas
2795 3927 3059 3986 vindoci-

452 4016 654 4075 nensis
685 4020 747 4074 et
777 4017 1090 4075 cardinalis
1123 4016 1184 4093 (†
1229 4031 1242 4077 1
1268 4020 1435 4097 129),
1468 4023 1785 4093 postquam
1818 4024 2074 4094 quatuor
2104 4021 2351 4079 crimina
2369 4020 2640 4095 graviora
2660 4018 2902 4093 publica
2923 4035 3058 4075 con-

452 4105 702 4164 fessione
733 4106 1049 4181 aperienda
1079 4107 1326 4182 excepit,
1361 4107 1570 4166 scribit
1599 4109 1636 4171 l,
1674 4118 1706 4169 5
1744 4127 1835 4184 ep.
1878 4118 1984 4171 16:
2039 4110 2287 4178 ,Cetera
2317 4128 2455 4168 vero
2490 4109 2652 4178 vitia,
2705 4107 2863 4165 sicut
2894 4106 3060 4175 dicis,

452 4214 557 4270 per
588 4196 974 4270 semetipsum
1023 4195 1310 4253 Dominus
1361 4201 1533 4256 sanat
1579 4201 1640 4255 et
1686 4197 1946 4273 corrigit.
2010 4197 2174 4256 Licet
2219 4198 2377 4255 enim
2422 4197 2639 4267 omnia,
2673 4213 3060 4270 quaecunque

454 4288 757 4353 sanantur,
790 4284 1076 4342 Dominus
1108 4289 1277 4342 sanet
1307 4288 1367 4343 et
1397 4286 1672 4362 corrigat,
1720 4287 2009 4361 quaedam
2053 4290 2255 4345 tamen
2300 4306 2405 4362 per
2437 4286 2822 4360 semetipsum
2855 4302 3060 4342 sanare

454 4377 631 4447 atque
663 4373 950 4449 corrigere
982 4373 1343 4447 perhibetur,
1379 4393 1446 4432 ea
1475 4375 1767 4445 videlicet,
1804 4394 1953 4449 quae
1986 4376 2097 4433 sibi
2131 4375 2362 4450 privata
2396 4376 2757 4434 confessione
2792 4374 3058 4432 revelan-

454 4464 572 4524 tur.
637 4462 760 4522 Sibi
792 4462 942 4529 dico,
978 4462 1120 4537 quia
1151 4463 1258 4529 illi,
1306 4463 1412 4539 qui
1459 4464 1522 4521 in
1553 4464 1681 4538 ejus
1732 4463 1859 4523 loco
1891 4482 2017 4522 esse
2048 4464 2434 4541 dignoscitur.
2499 4463 2736 4522 Certum
2769 4467 2877 4532 est,
2913 4462 3060 4520 nihil

453 4550 562 4608 hoc
590 4551 822 4620 certiuS,
855 4552 1053 4610 omnia
1083 4556 1320 4627 peccata
1351 4553 1446 4611 vel
1476 4553 1722 4611 crimina
1753 4552 2118 4611 confessione
2152 4554 2420 4629 indigere
2454 4557 2513 4611 et
2543 4552 2970 4629 poenitentia«

629 4653 696 4720 4.
732 4651 916 4732 Quod
949 4654 1001 4716 si
1034 4661 1182 4718 sunt
1212 4662 1466 4736 patrum
1498 4654 1685 4730 dicta,
1709 4674 1877 4737 quae
1897 4656 2238 4720 excludant
2258 4655 2610 4720 sacerdotis
2629 4654 3063 4736 praesentiam

454 4777 495 4821 a
525 4758 942 4835 confessione,
977 4778 1055 4825 ea
1086 4761 1183 4825 vel
1231 4761 1310 4825 de
1355 4762 1753 4825 confessione
1800 4769 2213 4843 peccatorum
2260 4762 2603 4827 venialium
2652 4767 2801 4824 sunt
2832 4760 3064 4824 intelli-
