3538 5364
1192 304 1348 355 extra
1377 304 1794 356 sacramentum
1815 303 2113 372 justificat.
2834 316 2959 376 44]·

341 492 760 566 peccatorum
792 482 1237 546 remissionem
1273 501 1388 546 seu
1420 483 1501 546 ad
1536 502 1680 548 eam
1713 504 1785 549 se
1817 485 2175 566 disponere,
2225 493 2403 552 certe
2438 487 2497 549 id
2531 492 2784 568 poterat
2816 495 2965 550 actu

342 593 628 655 omnium
662 588 1078 665 nobilissimo,
1133 588 1339 670 qualis
1390 598 1489 654 est
1539 592 1775 655 caritas
1826 591 2112 673 perfecta
2157 600 2221 657 et
2267 591 2662 675 poenitentia
2695 594 2963 656 caritate

342 696 635 761 formata.
698 696 860 775 Ergo
896 696 959 759 in
992 695 1064 759 V.
1098 694 1165 759 T.
1202 695 1432 759 saltem
1478 698 1714 760 caritas
1763 704 1829 761 et
1878 699 2177 763 contritio
2211 699 2480 764 caritate
2511 698 2795 781 perlecta
2827 706 2965 762 erat

342 806 675 887 dispositio
708 805 1000 886 proxima
1032 813 1095 870 et
1117 803 1437 869 sufficiens
1458 805 1539 868 ad
1563 805 2034 887 impetrandam
2057 806 2162 892 (de
2183 808 2497 891 congruo)
2520 804 2963 869 remissionem

343 918 773 993 peccatorum.
838 911 1033 993 Atqui
1065 912 1342 992 dignitas
1376 918 1441 977 et
1473 913 1772 976 meritum
1806 917 2068 975 actuum
2100 913 2167 975 in
2187 911 2258 976 N.
2280 912 2346 975 T.
2370 930 2502 977 non
2521 918 2821 988 mutatur,
2842 930 2962 976 nec

343 1019 742 1084 institutione
774 1019 1163 1083 sacramenti
1195 1025 1387 1082 aucta
1408 1025 1506 1082 est
1527 1018 1867 1082 difficultas
1901 1019 2291 1085 obtinendae
2311 1018 2555 1094 veniae,
2577 1019 2729 1101 quin
2747 1020 2963 1100 potius

342 1127 710 1202 imminuta;
745 1144 890 1189 cum
925 1126 1251 1190 mediante
1283 1134 1695 1189 sacramento
1718 1125 1996 1190 sufficiat
2015 1126 2364 1207 dispositio,
2398 1144 2564 1208 quae
2595 1145 2708 1206 per
2727 1144 2797 1190 se
2830 1144 2962 1189 non

337 1233 679 1298 suffecerat
708 1233 773 1295 in
804 1231 877 1296 V.
912 1231 979 1296 T.
1013 1230 1178 1311 Ergo
1211 1233 1411 1296 etiarn
1447 1233 1640 1296 modo
1674 1232 2048 1298 immediate
2079 1249 2225 1296 cum
2257 1233 2642 1297 contritione
2681 1231 2962 1314 perfecta

335 1340 561 1421 juncta
591 1339 713 1404 erit
743 1338 1035 1403 remissio
1068 1346 1502 1420 peccatorum.

442 1520 447 1525 ·
518 1488 725 1563 Neque
757 1486 973 1558 obstat,
1007 1486 1227 1545 similia
1259 1486 1330 1545 de
1365 1486 1477 1545 fide
1510 1486 1812 1557 affirmari,
1846 1486 1960 1545 etsi
1993 1487 2117 1545 sola
2147 1486 2291 1546 fides
2322 1505 2444 1545 non
2469 1487 2780 1563 justificat.
2829 1487 2960 1544 Dis-

341 1577 566 1636 crimen
596 1577 755 1636 enim
800 1580 895 1635 est
938 1577 1096 1635 inter
1139 1576 1312 1634 fidem
1362 1580 1422 1633 et
1466 1575 1803 1635 caritatem:
1854 1575 1997 1634 haec
2032 1576 2203 1634 fidem
2236 1576 2681 1652 praesupponit,
2733 1576 2851 1634 imo
2900 1580 2960 1634 et

340 1667 541 1741 plures
571 1666 714 1725 alios
746 1671 913 1724 actus
947 1665 1274 1735 salutares;
1320 1665 1446 1740 ipsa
1490 1668 1584 1724 est
1614 1664 2026 1740 dispositionis
2070 1683 2215 1740 apex
2260 1669 2323 1723 et
2368 1665 2793 1724 consummatio
2824 1670 2954 1723 tan·

339 1760 554 1830 tneque
588 1755 984 1831 perfectioni3‚
1029 1759 1100 1812 ut
1143 1772 1214 1812 ea
1258 1754 1466 1814 melior
1511 1773 1630 1813 non
1665 1756 1746 1812 sit
1778 1772 1965 1830 eaque
1998 1772 2133 1813 cum
2164 1758 2403 1831 peccato
2436 1755 2604 1831 gravi
2639 1754 2959 1813 consistere

338 1848 624 1920 nequeat;
657 1850 862 1904 contra
895 1844 1034 1902 fides
1066 1847 1156 1902 est
1187 1842 1592 1918 dispositionis
1624 1842 1942 1916 inchoati0‚
1978 1861 2113 1901 cum
2142 1846 2377 1919 peccato
2397 1844 2720 1902 consistere
2741 1846 2956 1919 potest,

340 1934 463 1992 sola
493 1933 565 1992 ad
590 1932 1080 2009 justificationem
1112 1951 1232 1991 non
1263 1932 1485 1991 sufficit
1515 1928 1625 2014 (th.
1657 1928 1818 2013 197),
1853 1936 1923 1991 01
1954 1932 2173 1991 diserte
2206 1950 2251 1990 0.
2272 1932 2532 1991 Jacobus
2566 1942 2621 1998 2.
2660 1941 2738 1995 24
2775 1935 2956 1991 testa-

339 2025 475 2081 tur:
530 2022 688 2097 quod
737 2022 811 2080 de
861 2022 1109 2081 caritate
1147 2040 1453 2096 nunquam
1499 2022 1862 2091 affirmatum
1909 2040 2060 2096 quae
2104 2021 2226 2079 imo
2272 2021 2491 2080 dicitur
2537 2022 2698 2080 Rom.
2745 2031 2838 2091 13,
2881 2032 2955 2083 10

336 2113 630 2188 plenitudo
661 2112 799 2188 leyis
829 2115 890 2170 et
922 2111 1140 2173 Coloss.
1177 2120 1232 2182 3,
1276 2120 1351 2173 14
1386 2112 1676 2170 vinculum
1703 2112 2074 2186 perfectionis
2105 2111 2140 2168 i.
2173 2129 2222 2169 e.
2257 2110 2585 2181 vinculum,
2637 2130 2756 2186 quo
2788 2109 2954 2169 colli-

346 2206 527 2279 gante
557 2199 841 2277 perfectio
873 2200 1143 2269 habetur,
1177 2199 1271 2258 vel
1304 2218 1421 2275 quo
1454 2199 1711 2276 perfecte
1743 2200 1902 2258 inter
1932 2219 2039 2258 nos
2072 2207 2133 2256 et
2165 2218 2296 2258 cum
2331 2199 2562 2258 Christo
2597 2201 2856 2259 unimur.

515 2320 582 2389 4.
613 2325 832 2384 Eadem
864 2329 957 2384 est
1001 2326 1269 2384 doctrina
1300 2330 1555 2401 patrum.
1621 2327 1713 2384 Ita
1758 2344 1805 2388 0.
1850 2326 1992 2385 Leo
2038 2327 2113 2385 M.
2146 2345 2236 2402 ep.
2278 2338 2431 2389 108:
2483 2324 2958 2394 ,Misericordiae

340 2415 449 2472 Dei
481 2433 586 2473 nec
617 2433 929 2473 mensuras
962 2432 1282 2491 possumus
1315 2433 1549 2490 ponere,
1594 2433 1703 2474 nec
1742 2420 2015 2491 tempora
2046 2415 2311 2485 definire,
2358 2414 2514 2491 apud
2551 2433 2727 2489 quem
2759 2412 2957 2472 nullas

344 2522 537 2563 moras
569 2504 798 2579 patitur
829 2505 1034 2562 veniae
1066 2522 1248 2562 vera
1280 2504 1603 2573 conversio,
1639 2504 1872 2563 dicente
1901 2505 2123 2580 spiritu
2146 2504 2248 2562 Dei
2272 2523 2375 2581 per
2395 2503 2775 2579 prophetam:
2813 2503 2958 2561 Cum

339 2595 705 2669 ingemino-ie,
751 2600 887 2651 tunc
916 2594 1111 2652 salvus
1140 2595 1297 2651 eris‘
1331 2593 1408 2653 Is.
1444 2603 1545 2663 30,
1588 2604 1659 2656 15
1710 2612 1824 2653 sec.
1856 2593 2038 2663 LXX;
2084 2593 2559 2671 Fulgentius
2591 2611 2682 2668 ep.
2719 2604 2748 2655 7
2787 2612 2846 2650 n.
2883 2602 2955 2654 3:

342 2682 627 2753 ,carius
662 2682 768 2742 ubi
800 2682 1070 2743 habitare
1100 2682 1377 2760 coeperit,
1412 2702 1530 2743 non
1561 2684 1860 2759 permittit
1890 2682 2181 2743 dominari
2200 2687 2527 2761 peccatum,
2562 2682 2666 2742 sed
2699 2681 2959 2758 cooperit

344 2772 794 2832 multitudinem
840 2777 1247 2848 peccatorum3
1314 2790 1421 2831 nec
1470 2774 1665 2833 solum
1710 2774 2048 2850 praesentia
2091 2776 2331 2849 peccata
2377 2773 2516 2833 facit
2563 2771 2757 2842 vitari,
2808 2772 2957 2848 quin

341 2861 521 2920 etiam
554 2863 874 2937 praeterita
906 2862 1046 2920 facit
1077 2862 1277 2922 omnia
1307 2862 1576 2925 relaxari.

520 2981 581 3049 ὅ.
614 2986 683 3044 10
715 2985 960 3045 eandem
993 2986 1353 3046 sententiam
1387 2987 1728 3063 conspirant
1760 2988 1997 3046 scholae
2027 2987 2313 3064 theologi,
2353 2991 2425 3046 ut
2455 2987 2527 3045 de
2559 2986 2767 3063 Lugo
2798 2985 2959 3044 dicat

336 3074 397 3132 d·
434 3084 467 3137 5
503 3093 550 3136 0.
585 3084 619 3138 8
654 3094 712 3136 n.
753 3086 894 3145 116,
940 3075 1145 3150 ,quod
1193 3076 1275 3134 sit
1304 3077 1601 3135 sententia
1633 3075 1859 3157 (Silvii)
1894 3081 2099 3135 contra
2129 3077 2439 3153 theologos
2471 3094 2692 3146 01111100,
2740 3075 2957 3134 01011110

339 3170 448 3235 001,
483 3183 658 3239 quam
692 3169 763 3223 ut
793 3165 1142 3240 probatione
1163 3165 1252 3223 vel
1277 3165 1972 3243 1111100110001111113001,.“ι
2009 3166 2164 3224 Nota
2185 3168 2328 3224 sunt
2351 3166 2528 3224 verba
2559 3185 2604 3225 0.
2636 3165 2957 3225 Thomae

339 3252 402 3311 in
436 3260 474 3314 4
507 3253 561 3312 d.
602 3264 673 3316 17
712 3274 766 3329 q.
804 3263 836 3316 2
876 3274 926 3312 a.
966 3265 1031 3317 5:
1079 3252 1663 3330 ,Quantumcunque
1695 3273 1916 3329 parvus
1949 3255 2029 3312 sit
2061 3255 2243 3324 dolor,
2277 3254 2594 3314 dummodo
2626 3254 2701 3313 ad
2734 3253 2956 3313 contri-

336 3341 521 3400 tionis
551 3342 841 3401 rationem
875 3341 1148 3414 sufficiat,
1182 3362 1416 3403 omnem
1449 3345 1680 3419 culpam
1712 3344 1934 3403 delet.‘

516 3464 583 3530 6.
631 3468 838 3543 Neque
884 3469 1051 3527 deest
1094 3469 1243 3528 ratio
1291 3470 1731 3546 congruentiae.
1795 3471 2110 3546 Supposita
2143 3469 2301 3527 enim
2333 3469 2812 3529 reconciliatione
2852 3489 2958 3546 per

337 3556 656 3628 Christum,
705 3559 1061 3616 conveniens
1094 3562 1200 3629 est,
1252 3563 1322 3617 01
1367 3559 1419 3616 01
1465 3559 1638 3617 homo
1669 3560 1866 3636 gratia
1899 3560 2141 3635 adjutus
2174 3563 2468 3633 quantum
2500 3562 2589 3616 est
2622 3577 2691 3617 ex
2725 3577 2788 3617 se
2819 3578 2956 3635 per-

339 3647 678 3705 versitatem
714 3650 947 3722 peccato
978 3647 1283 3707 inductam
1312 3648 1599 3706 rectificat
1632 3666 1814 3724 seque
1844 3648 2102 3724 perfecte
2133 3649 2205 3706 ad
2232 3650 2417 3707 Deum
2439 3650 2763 3718 convertat,
2798 3648 2955 3707 Deus

339 3735 573 3794 veniam
617 3736 779 3794 illico
824 3736 1164 3813 elargiatur,
1216 3754 1354 3795 cnm
1404 3741 1467 3795 et
1516 3739 1579 3795 in
1625 3737 1832 3796 ordine
1865 3740 2112 3796 naturae
2145 3737 2601 3814 dispositionem
2633 3735 2954 3812 perfectam

335 3829 734 3900 consequatur
766 3842 874 3883 sua
920 3825 1121 3887 forma.
1186 3826 1276 3883 Ita
1321 3825 1481 3885 enim
1528 3826 1889 3901 adimpletur
1919 3826 2101 3885 illud:
2152 3827 2560 3886 convertimini
2604 3827 2683 3882 ad
2727 3844 2814 3883 me
2846 3875 2859 3888 .
2896 3873 2907 3888 .
2942 3875 2954 3887 .

336 3921 387 3970 et
417 3921 718 3972 convertar
747 3916 825 3971 ad
856 3934 950 3972 vos
983 3909 1178 3996 (Zach.
1220 3926 1271 3980 1.
1308 3910 1391 3996 3).

519 4066 664 4119 461.
698 4058 1144 4132 Exceptionibus
1175 4060 1404 4132 satisfit.
1450 4094 1537 4103 -—
1591 4054 1648 4124 l.
1696 4059 2023 4118 Provocant
2068 4060 2390 4118 adversarii
2435 4059 2505 4117 ad
2555 4058 2691 4120 Luc.
2746 4067 2797 4124 7,
2852 4067 2952 4127 48,

332 4147 496 4204 unde
530 4145 615 4204 010
656 4151 946 4222 arguunt:
997 4148 1261 4207 Profecto
1295 4147 1639 4225 Magdalena
1669 4148 1992 4224 perfectam
2023 4148 2232 4206 habuit
2264 4148 2697 4216 contritionem,
2745 4146 2955 4205 dilexit

334 4235 495 4293 enim
530 4236 786 4293 multum.
832 4237 1018 4311 Atqui
1053 4256 1174 4296 non
1206 4240 1343 4295 ante
1374 4237 1619 4296 remissa
1650 4237 1704 4295 01
1737 4238 1902 4296 suere
1922 4243 2176 4313 peccata,
2211 4257 2390 4312 quam
2410 4237 2679 4295 Christus
2699 4234 2952 4294 diceret:

338 4325 733 4382 Remittuntur
763 4325 814 4382 ei
844 4334 1073 4400 peccata
1107 4327 1303 4383 multa.
1353 4326 1506 4402 Ergo
1540 4326 1822 4385 contritio
1845 4326 2092 4384 caritate
2113 4325 2367 4384 formata
2397 4346 2503 4402 per
2534 4344 2596 4384 se
2629 4343 2745 4383 non
2769 4326 2950 4400 justi-

335 4414 486 4472 ficat.
520 4447 604 4454 —
638 4412 809 4488 Resp.
842 4414 1018 4473 verba
1037 4415 1253 4473 Christi
1286 4434 1517 4490 semper
1547 4433 1686 4473 vera
1718 4433 1865 4483 esse,
1900 4416 2132 4474 etiamsi
2158 4416 2279 4491 jam
2314 4415 2536 4474 suerint
2568 4417 2805 4489 peccata
2837 4415 2952 4473 vir·

332 4507 467 4560 tute
487 4502 862 4562 contritionis
881 4504 1143 4573 remissa,
1168 4524 1299 4562 cum
1321 4503 1663 4562 contineant
1684 4505 2049 4563 remissionis
2070 4505 2473 4563 authenticam
2495 4504 2953 4563 declarationem

334 4595 397 4650 et
426 4590 954 4655 confirmationem.
997 4594 1081 4651 Ea
1112 4611 1314 4651 revera
1344 4593 1454 4651 hoc
1486 4611 1664 4651 sensu
1697 4611 1870 4668 posse
1889 4594 2092 4669 accipi,
2128 4597 2295 4671 patet
2314 4594 2468 4664 inde,
2504 4592 2657 4669 quod
2682 4593 2953 4651 Christus

335 4681 427 4738 bis
459 4699 528 4739 00
561 4679 741 4739 verba
772 4682 1104 4756 protulerit.
1155 4681 1233 4742 Cf.
1269 4682 1441 4744 Marc.
1466 4693 1519 4752 5,
1558 4691 1656 4744 34.
1690 4683 1966 4741 Ceterum
1997 4684 2262 4742 Christus
2294 4702 2440 4743 usus
2471 4687 2560 4742 est
2590 4683 2769 4741 verbo
2802 4685 2953 4740 tem-

334 4770 493 4845 poris
524 4769 833 4846 praeteriti
866 4769 1181 4853 ἆφὲωνταν..
1248 4771 1398 4828 Hinc
1430 4772 1597 4829 nulla
1627 4771 1962 4831 difficultas.
