3538 5364
1367 341 1816 414 Exceptionibus
1841 342 2062 398 satisfit.
2085 389 2089 393 .
2168 354 2171 355 ’
2879 349 3008 415 343

572 538 717 593 365.
751 524 1104 594 Scholion
1136 524 1196 591 I.
1230 530 1677 605 Exceptionibus
1704 530 1929 603 satisfit.
1962 563 2048 574 —
2084 525 2144 594 l.
2176 530 2397 588 Verum
2428 529 2674 606 quidem
2693 529 2786 586 est
2803 530 3007 603 patres

389 618 804 695 mutationem,
838 638 988 695 quae
1019 619 1084 677 in
1113 619 1474 677 eucharistia
1504 619 1700 678 locum
1732 619 1927 689 habet,
1965 619 2269 678 illustrare
2301 616 2736 677 mutationibus
2767 620 3006 675 tantum

388 707 873 778 accidentalibus,
907 708 1098 783 qualis
1129 726 1198 767 ea
1228 711 1321 767 est
1352 727 1439 768 ex.
1472 727 1580 784 gr„
1612 727 1733 784 qua
1764 728 1918 785 aqua
1949 708 2234 784 baptismi
2252 708 2347 767 vel
2366 708 2619 766 chrisma
2636 706 3009 766 invocatione

389 815 437 856 s.
470 797 729 873 Spiritus
760 797 827 856 fit
859 816 1091 856 sacrum
1120 801 1182 856 et
1215 798 1602 868 sanctificans,
1646 798 1742 856 vel
1773 816 1892 874 qua
1923 797 2193 857 homines
2225 797 2663 856 resurrectione
2694 798 3012 854 transeunt

389 886 455 944 in
484 886 826 963 angelicam,
859 887 1235 962 spiritualem
1254 887 1674 958 conditionem,
1706 887 1801 946 vel
1821 906 1941 963 qua
1959 888 2133 946 homo
2165 906 2278 963 ope
2307 886 2534 964 gratiae
2568 885 2632 944 in
2661 883 2840 943 alium
2875 902 3008 942 mu·

386 976 571 1047 tatur,
603 976 853 1052 angelus
884 975 967 1034 fit.
1000 975 1083 1034 Eo
1114 976 1244 1052 ipso
1275 976 1435 1035 enim
1466 991 1533 1039 a.
1566 976 1724 1051 quod
1756 976 1918 1035 hisce
1946 975 2489 1051 comparationibus
2509 972 2813 1034 rarissime
2832 976 3010 1032 utan—

385 1067 492 1123 tur
533 1064 607 1123 ad
652 1064 1113 1124 illustrationem
1159 1064 1560 1125 conversionis
1606 1065 2015 1137 eucharistiae,
2061 1066 2241 1143 longe
2285 1064 2659 1140 frequentius
2691 1065 3011 1139 provocent

387 1153 461 1212 ad
507 1154 776 1235 exempla
819 1154 1219 1213 mutationum
1265 1154 1772 1226 substantialium,
1818 1155 2161 1232 significant
2204 1154 2673 1230 comparationes
2711 1152 2848 1210 illas
2880 1168 3010 1210 esse

386 1242 839 1318 inadaequatas:
874 1243 1238 1302 conveniunt
1256 1243 1379 1303 scil.
1401 1245 1639 1302 tantum
1668 1263 1985 1321 genere,
2021 1244 2124 1302 sed
2143 1244 2431 1304 differunt
2461 1242 2755 1319 specie:
2791 1260 2925 1301 nam
2944 1240 3010 1299 in

387 1331 746 1391 eucharistia
776 1351 844 1391 ea
875 1336 969 1391 est
999 1332 1589 1403 substantialis,
1624 1331 1688 1390 in
1722 1332 1859 1392 aliis
1893 1333 2134 1393 casibus
2154 1337 2393 1393 tantum
2413 1331 2807 1392 accidentalis,
2842 1328 3009 1398 Quod

385 1423 584 1497 patres
626 1418 701 1485 b.
748 1422 905 1481 clare
951 1422 1181 1493 docent,
1230 1439 1366 1481 cum
1409 1420 1762 1481 mutationis
1808 1422 2234 1482 eucharisticae
2278 1421 2604 1480 terminum
2651 1419 2851 1478 dicant
2880 1436 3009 1478 esse

387 1510 588 1585 ipsum
634 1528 846 1587 corpus
893 1510 1112 1570 Christi
1160 1505 1307 1593 (351
1332 1507 1414 1593 ¹):
1465 1510 1601 1569 aliis
1639 1524 1789 1569 ‘vero
1840 1512 2275 1571 mutationibus
2325 1511 2637 1587 assignent
2680 1508 3008 1568 terminum

386 1598 824 1658 accidentalem.
892 1601 983 1658 Ita
1012 1617 1323 1675 nunquam
1353 1599 1565 1659 dicunt
1595 1618 1809 1676 aquam
1841 1600 1932 1660 vel
1963 1600 2218 1661 chrisma
2247 1599 2376 1660 fieri
2399 1600 2690 1675 Spiritum
2716 1602 3006 1668 sanctum,

387 1688 493 1747 sed
524 1688 753 1764 aliquid
786 1706 1035 1748 sacrum.
1103 1688 1259 1758 Quid
1304 1688 1523 1747 clarius
1571 1689 1766 1747 verbis
1814 1689 1855 1748 C
1867 1689 2102 1766 yrilli
2146 1691 2257 1749 cat.
2302 1692 2478 1766 myst.
2516 1699 2551 1752 3
2586 1707 2645 1751 n.
2680 1698 2751 1751 3:
2818 1686 3010 1755 ,Sicut

385 1777 558 1854 panis
589 1777 984 1837 eucharistiae
1017 1781 1153 1854 post
1182 1778 1615 1837 invocationem
1648 1778 1837 1837 sancti
1871 1777 2133 1854 Spiritus
2164 1798 2285 1838 non
2323 1781 2416 1837 est
2461 1777 2789 1838 communis
2818 1775 3007 1852 panis,

387 1866 491 1925 sei
524 1884 738 1943 corpus
772 1867 1020 1926 Christi:
1055 1867 1139 1926 ita
1169 1872 1231 1926 et
1263 1869 1535 1926 sanctum
1566 1866 1732 1926 istud
1764 1870 2142 1945 unguentum
2176 1886 2297 1927 non
2328 1866 2867 1944 ampliusnudum,
2901 1883 3007 1923 ne-

386 1974 504 2030 que
537 1955 589 2013 si
619 1956 756 2031 quis
787 1957 872 2014 ita
900 1957 1201 2032 appellare
1220 1956 1518 2025 maluerit,
1555 1974 1865 2018 commune
1886 1961 2266 2033 unguentum
2286 1959 2380 2016 est
2401 1959 2538 2033 post
2556 1955 3005 2024 invocationem,

387 2043 493 2102 sed
527 2044 814 2102 charisma
832 2045 1051 2104 Christi
1078 2049 1140 2104 et
1169 2045 1429 2121 Spiritus
1451 2044 1640 2104 sancti
1657 2046 1996 2122 praesentia
2014 2045 2208 2121 ipsius
2229 2045 2479 2105 Deitatis
2498 2045 2720 2104 factum
2740 2042 2960 2101 efficax.
2976 2052 3004 2081 ‘

389 2132 559 2202 Quod
603 2147 666 2197 c.
715 2134 960 2192 alteram
1007 2134 1504 2210 comparationem
1535 2133 1771 2203 attinet,
1819 2135 2150 2194 notandum
2181 2139 2291 2207 est,
2340 2154 2467 2194 eam
2498 2133 2841 2211 exigendam
2877 2150 3007 2191 esse

388 2221 463 2280 ad
494 2221 709 2299 dogma
739 2223 980 2281 aliunde
1012 2224 1415 2282 certissimum
1460 2222 1532 2282 de
1576 2223 1893 2282 identitate
1938 2224 2136 2283 carnis
2169 2243 2277 2284 seu
2308 2223 2682 2283 substantiae
2712 2222 3006 2281 humanae

387 2311 452 2369 in
479 2312 946 2371 resurrectione:
993 2313 1230 2371 nullum
1276 2317 1476 2372 autem
1520 2315 1715 2372 exstat
1759 2312 1975 2390 dogma
2019 2313 2091 2373 de
2136 2314 2452 2372 identitate
2495 2312 2666 2389 panis
2710 2329 2817 2370 seu
2862 2310 3004 2369 sub-

385 2400 640 2460 stantiae
673 2401 736 2459 in
768 2401 1024 2460 termino
1055 2421 1090 2459 a
1119 2420 1238 2477 quo
1270 2404 1333 2460 et
1364 2402 1429 2460 in
1459 2401 1713 2461 termino
1745 2402 1820 2461 ad
1853 2421 2031 2477 quem
2061 2406 2339 2479 respectu
2371 2400 2777 2461 eucharistiae.
2816 2399 3008 2469 Quare

386 2489 448 2547 in
479 2490 591 2548 illa
624 2491 1057 2567 comparatione
1077 2490 1371 2550 terminus
1393 2491 1743 2550 mutationis
1775 2510 1896 2549 non
1925 2494 2049 2549 tam
2083 2492 2430 2569 designatur
2458 2490 2697 2550 nomine
2729 2490 3008 2547 substan-

383 2579 509 2637 tivo
531 2579 923 2649 substantiae,
954 2582 1218 2648 naturae,
1253 2580 1354 2639 sed
1374 2579 1713 2656 praedicato
1744 2580 2188 2658 angelicae,
2224 2580 2589 2658 spiritualis:
2622 2596 2740 2654 quo
2769 2580 3009 2637 tantum

385 2687 541 2727 nova
585 2668 842 2745 qualitas
886 2667 1238 2746 designatur
1282 2688 1592 2746 corporum
1639 2663 1819 2752 (quae
1851 2670 2047 2746 quoad
2080 2670 2478 2730 substantiam
2510 2664 2778 2746 manent)
2810 2686 3007 2728 resur-

384 2758 675 2834 gentium.
737 2757 953 2817 Eadem
1001 2758 1122 2817 fere
1169 2754 1236 2823 (l.
1282 2759 1529 2819 dicenda
1560 2762 1704 2818 sunt
1735 2755 1809 2819 de
1838 2759 2018 2818 tertia
2048 2760 2500 2831 comparatione.
2565 2757 2817 2817 Mutatio
2849 2756 3007 2815 enim

387 2847 641 2905 hominis
674 2864 783 2922 ope
814 2847 1039 2924 gratiae
1070 2847 1133 2906 in
1167 2849 1447 2925 angelum
1478 2848 1791 2907 evidenter
1821 2850 1913 2906 est
1942 2849 2319 2908 accidentalis
2350 2851 2410 2908 et
2440 2865 2659 2907 nomen
2690 2845 2905 2923 angeli,
2936 2848 3010 2903 ut

393 2952 556 3010 saepe
586 2935 748 3004 alias,
795 2936 1055 2996 sumitur
1093 2937 1522 3012 metaphorice:
1569 2937 1709 2996 hinc
1752 2956 2066 3013 nunquam
2109 2942 2308 3013 patres
2354 2937 2426 2996 ad
2472 2956 2602 2995 eam
2647 2934 3009 2994 suadendam

393 3027 708 3097 provocant
753 3025 828 3083 ad
873 3025 1173 3094 miracula,
1225 3026 1445 3101 quibus
1475 3027 1737 3085 utuntur
1767 3026 1840 3085 ad
1872 3026 2379 3102 comprobandum
2407 3025 2625 3103 dogma
2655 3023 3010 3084 catholicum

389 3111 465 3170 de
495 3113 860 3173 eucharistia.
894 3114 1059 3183 ,Nec
1091 3113 1347 3183 dubitet,
1382 3114 1582 3189 inquit
1611 3115 1976 3174 Isidorus
2009 3114 2162 3191 hisp.
2194 3116 2258 3174 in
2291 3134 2461 3174 serm.
2496 3113 2653 3191 (opp.
2688 3113 2816 3184 VII,
2853 3108 3007 3194 316)

388 3200 481 3259 ed.
513 3199 867 3284 Arevali),
901 3203 1238 3278 quisquam,
1271 3203 1584 3280 primarias
1616 3206 1917 3263 creaturas
1949 3207 2106 3262 nutu
2137 3205 2441 3281 potentiae
2459 3203 2793 3280 praesentia
2824 3202 3005 3276 maje-

388 3290 565 3349 statis
598 3290 661 3348 in
691 3292 971 3351 dominici
1000 3293 1262 3369 corporis
1293 3293 1549 3351 transire
1581 3295 1876 3365 naturam,
1909 3311 2044 3351 cum
2075 3293 2276 3369 ipsum
2307 3293 2602 3352 hominem
2634 3291 2833 3350 videat
2862 3291 3006 3349 arti·

382 3378 517 3438 ficio
561 3380 829 3439 coelestis
872 3381 1306 3441 misericordiae
1338 3381 1557 3440 Christi
1588 3398 1801 3458 corpus
1847 3381 2140 3441 effectum.
2207 3382 2375 3441 Sicut
2419 3384 2619 3441 autem
2665 3379 3007 3457 quicunque

381 3469 453 3526 ad
502 3468 677 3528 fidem
723 3470 967 3529 veniens
1008 3473 1146 3528 ante
1176 3471 1358 3529 verba
1387 3470 1667 3546 baptismi
1698 3470 1891 3529 adhuc
1923 3471 1987 3528 in
2018 3471 2257 3530 vinculo
2290 3475 2383 3530 est
2412 3470 2632 3530 veteris
2665 3469 2865 3540 debiti,
2912 3468 3006 3527 his

380 3576 521 3617 vero
553 3559 1023 3618 commemoratis
1057 3579 1189 3618 mox
1221 3560 1462 3618 exuitur
1491 3559 1653 3618 omni
1684 3559 1843 3619 faece
1874 3559 2129 3635 peccati:
2185 3560 2271 3618 ita
2302 3560 2538 3636 quando
2570 3558 3004 3619 benedicendae

380 3647 579 3706 verbis
626 3648 981 3707 coelestibus
1029 3651 1329 3707 creaturae
1375 3649 1554 3707 sacris
1603 3648 1894 3707 altaribus
1941 3649 2352 3724 imponuntur,
2402 3650 2721 3723 antequam
2767 3647 3003 3705 invoca-

383 3736 544 3794 tione
579 3737 795 3794 summi
841 3737 1096 3797 nominis
1142 3741 1579 3809 consecrentur,
1633 3737 1976 3796 substantia
2022 3737 2147 3796 illic
2198 3741 2292 3796 est
2340 3739 2511 3814 panis
2562 3739 2623 3795 et
2673 3736 2816 3807 vini,
2867 3741 3005 3812 post

382 3824 561 3883 verba
591 3827 793 3883 autem
825 3826 1042 3885 Christi
1074 3845 1288 3903 corpus
1321 3831 1384 3886 et
1415 3827 1658 3904 sanguis
1688 3830 1782 3885 est
1812 3826 2050 3885 Christi.
2118 3825 2274 3895 Quid
2307 3830 2508 3885 autem
2538 3826 2761 3884 mirum
2792 3827 2900 3895 est,
2951 3824 3003 3883 si

382 3931 464 3983 ea,
511 3932 664 3990 quae
694 3915 877 3973 verbo
907 3916 1110 3991 potuit
1141 3934 1353 3987 creare,
1401 3916 1582 3975 verbo
1624 3915 1815 3992 possit
1846 3919 2042 3975 creata
2072 3919 2474 3978 convertere.‘
2541 3914 2771 3984 Quibus
2802 3913 3000 3972 verbis

365 4005 659 4078 ,accurate
690 4003 1034 4080 assignatur
1064 4005 1230 4073 ratio,
1264 4008 1512 4081 propter
1532 4024 1709 4079 quam
1730 4005 1983 4064 conferri
2002 4005 2193 4082 possit
2210 4005 2465 4063 mutatio
2483 4003 2781 4079 baptismo
2802 4002 3005 4061 effecta

378 4110 516 4149 cum
560 4092 895 4152 mutatione
940 4093 1345 4164 eucharistica,
1392 4094 1692 4171 simulque
1739 4093 2114 4171 significatur
2153 4112 2434 4170 magnum
2482 4093 2642 4151 inter
2685 4094 3003 4167 utramque

378 4179 716 4242 discrimen.
779 4181 858 4242 Cf.
905 4183 1246 4259 Perpetuite
1293 4184 1364 4243 de
1410 4184 1469 4241 la
1498 4183 1580 4241 foi
1611 4183 1667 4241 d.
1705 4193 1738 4246 2
1776 4184 1814 4246 l.
1851 4194 1885 4246 6
1921 4202 1968 4243 c.
2008 4196 2029 4247 1
2075 4202 2186 4252 ss.;
2234 4201 2345 4240 em.
2391 4184 2544 4241 card.
2591 4181 3001 4240 Franzelin

379 4267 552 4328 docte
581 4269 666 4333 th.
706 4279 782 4333 14
819 4289 896 4329 ss.
928 4271 1334 4348 disputantem
1364 4272 1649 4332 adversus
1685 4273 1930 4349 Pusey
1978 4273 2081 4330 the
2125 4272 2399 4330 Doctrins
2446 4270 2513 4330 of
2549 4271 2651 4329 the
2689 4269 2832 4330 Real
2859 4271 3002 4328 Pre-

380 4375 554 4417 sence
587 4377 652 4418 ac
681 4360 996 4419 contained
1027 4362 1091 4419 in
1123 4361 1225 4420 the
1253 4362 1516 4420 Fathers.
1548 4370 1731 4432 1855,
1767 4361 1872 4436 qui
1903 4361 2118 4419 misere
2150 4360 2310 4419 hisce
2342 4364 2402 4419 et
2433 4359 2732 4419 similibus
2763 4362 2999 4434 patrum

377 4446 784 4507 locutionibus
817 4449 1106 4508 abutitur.
1172 4450 1254 4511 Cf.
1289 4451 1469 4509 etiam
1503 4468 1702 4526 opusc.
1734 4450 1866 4528 VII,
1912 4461 2051 4513 101.

557 4568 625 4636 2.
658 4572 864 4632 Patres
899 4573 949 4632 si
979 4574 1204 4645 dicunt,
1239 4575 1414 4634 aDeo
1439 4575 1685 4634 immitti
1701 4574 1874 4633 donis
1893 4573 2216 4650 propositis
2249 4574 2395 4631 vim
2430 4573 2585 4631 vitae
2616 4575 2678 4632 et
2708 4591 2776 4631 ea
2805 4574 3000 4631 trans-

377 4661 601 4719 mutari
631 4661 695 4719 in
727 4661 1104 4722 virtutem
1136 4664 1329 4723 carnis
1362 4664 1594 4735 Christi,
1642 4664 1748 4722 hac
1794 4663 2076 4739 loquendi
2109 4662 2340 4721 ratione
2371 4681 2490 4721 non
2522 4664 2743 4739 negant
2775 4661 2869 4719 vel
2901 4679 2999 4718 ex-

377 4749 653 4822 cludunt,
688 4751 847 4827 quod
868 4753 1089 4812 centies
1109 4752 1420 4824 affirmant,
1456 4753 1611 4811 dona
1629 4753 1939 4830 proposita
1956 4751 2178 4810 mutari
2200 4752 2263 4810 in
2290 4752 2490 4828 ipsum
2512 4768 2726 4826 corpus
2748 4749 2965 4810 Christi
2987 4770 2999 4818 ;
