3538 5364
521 241 601 303 12
779 232 962 285 Tract.
991 231 1138 285 VIII.
1166 231 1235 284 de
1262 230 1467 301 gratia.
1495 230 1692 285 'rhesis
1719 229 2007 284 CLXXIII.
2034 231 2102 284 de
2129 231 2349 286 ratione
2376 231 2596 301 gratiae
2622 232 2867 287 actualis

513 423 682 478 actus
728 418 944 476 liberos
992 417 1390 493 praeveniens
1439 416 1630 476 omnis
1677 417 1874 493 gratia
1916 422 2078 477 esset
2099 418 2222 494 jam
2258 419 2333 477 ab
2365 418 2539 477 initio
2572 420 2765 495 gratia
2793 437 3130 494 cooperans,

515 508 672 567 nulli
704 507 931 585 gratiae
961 506 1366 582 praevenienti
1397 509 1458 564 et
1488 506 1766 564 excitanti
1799 507 2180 565 resisteretur
2210 510 2340 578 etc„
2388 526 2540 582 quae
2584 508 2976 568 adversantur
3008 528 3128 568 om-

515 599 655 656 nino
689 596 988 656 doctrinae
1020 595 1358 657 catholicae.
1421 596 1681 670 Ideoque
1713 595 1894 653 etiam
1927 595 2147 655 dicitur
2177 600 2346 655 actus
2393 597 2496 655 ille
2541 597 2967 657 illustrationis
3003 597 3131 656 fieri

515 687 686 745 sine
730 686 920 755 nobiS,
970 684 1094 743 scil.
1140 683 1395 742 libere
1441 684 1917 759 cooperantibus,
1966 684 2068 742 sed
2101 688 2301 745 tamen
2336 685 2399 743 in
2430 685 2622 757 nobie,
2656 687 2798 761 quia
2828 691 2996 745 actus
3029 687 3133 745 ille

516 775 958 845 illustrationis,
991 774 1133 832 licet
1161 772 1605 841 indeliberatus,
1641 775 1732 831 est
1763 772 2078 844 vitalis,
2112 774 2361 849 proinde
2391 775 2629 833 elicitur
2660 775 2901 851 quidem
2934 776 3007 834 ab
3039 775 3132 834 in-

514 866 776 935 tellectu,
797 882 917 922 non
936 866 1134 921 tamen
1153 862 1378 921 virtute
1396 880 1505 920 sua
1521 862 1799 932 naturali,
1831 862 1932 921 sed
1953 862 2352 933 obedientiali,
2387 883 2539 939 quae
2575 864 2915 924 assistentia
2933 864 3136 924 divina

518 951 963 1028 supernaturali
997 952 1068 1010 ad
1101 970 1240 1010 eum
1257 950 1617 1009 eliciendum
1639 951 2071 1010 determinatur
2092 948 2176 1032 (n.
2200 950 2327 1035 97).
2360 953 2690 1012 Illustratio
2711 973 2848 1014 vero
2879 955 3133 1013 active

513 1045 779 1119 spectata
821 1046 914 1101 est
955 1040 1062 1099 illa
1104 1041 1231 1116 ipsa
1276 1041 1540 1115 operatio
1575 1040 1675 1099 Dei
1722 1043 1971 1100 naturae
2002 1041 2284 1114 indebita,
2332 1041 2428 1101 cui
2474 1043 2797 1117 respondet
2827 1047 3135 1119 tamquam

516 1132 809 1191 terminus
857 1149 964 1189 seu
994 1129 1238 1188 effectus
1269 1129 1591 1189 illustratio
1621 1130 1857 1204 passive
1887 1136 2140 1207 accepta,
2188 1150 2364 1208 quam
2412 1131 2847 1207 descripsimus,
2895 1151 3000 1190 seu
3046 1136 3136 1191 est

514 1221 799 1297 operatiO,
849 1239 967 1294 qua
1002 1219 1156 1277 Deus
1202 1217 1287 1275 ita
1330 1218 1532 1277 influit
1562 1219 1626 1276 in
1659 1217 2045 1291 intellectum,
2095 1222 2165 1278 ut
2209 1222 2273 1279 in
2318 1240 2386 1280 eo
2431 1220 2703 1279 oriantur
2746 1221 3134 1298 cogitationes

519 1314 753 1369 sanctae
784 1321 893 1372 etc.
940 1303 1008 1369 4.
1043 1307 1189 1366 Cum
1209 1307 1465 1366 dicimus
1486 1307 1735 1384 grat-iam
1756 1309 2049 1368 actualem
2072 1311 2391 1369 consistere
2423 1309 2488 1368 in
2520 1309 2922 1369 illustratione
2954 1316 3134 1386 atque

515 1398 928 1474 inspiratione,
963 1396 1103 1472 quia
1121 1397 1428 1472 loquimur
1459 1396 1531 1455 de
1564 1398 1754 1473 gratia
1774 1399 1993 1457 actuali
2023 1403 2204 1474 prout
2233 1420 2268 1458 a
2297 1399 2468 1459 nobis
2497 1399 2804 1474 recipitur,
2835 1399 3009 1458 nobis
3041 1400 3134 1458 in-

518 1492 627 1559 est,
661 1505 771 1546 nos
805 1486 1022 1545 excitat
1053 1487 1179 1553 etc„
1213 1485 1543 1545 illustratio
1574 1489 1635 1543 et
1666 1485 1979 1561 inspiratio
2012 1489 2321 1563 passive
2352 1488 2538 1563 accipi
2559 1487 2751 1547 debet.
2784 1489 2918 1547 Non
2937 1492 3136 1547 tamen

517 1576 931 1635 contendimus
977 1570 1039 1639 5.
1071 1574 1143 1632 ad
1175 1574 1397 1650 gratias
1428 1574 1693 1633 actuales
1726 1594 1807 1633 ex
1826 1576 2025 1635 clusi
2046 1596 2128 1635 ve
2161 1581 2426 1653 spectare
2458 1577 2886 1636 illustrationes
2919 1578 3137 1636 mentis

520 1670 583 1725 et
612 1665 937 1724 voluntatis
967 1663 1405 1739 inspirationesq
1438 1667 1570 1722 tum
1601 1665 1743 1739 quia
1774 1665 2055 1724 nolumus
2086 1685 2300 1743 negare
2332 1666 2624 1725 rationem
2643 1667 2867 1743 gratiae
2887 1666 3137 1725 actualis

519 1755 952 1831 quadamtenus
985 1751 1221 1811 extendi
1254 1770 1491 1827 quoque
1522 1770 1692 1828 posse
1725 1753 1796 1811 ad
1829 1757 1993 1813 actus
2024 1755 2448 1814 indeliberatos
2482 1773 2694 1814 sensus
2740 1759 2802 1814 et
2833 1755 3137 1831 appetitus

521 1843 807 1910 sensitivi,
855 1843 960 1918 qui
992 1841 1320 1899 certissime
1352 1860 1386 1899 a
1416 1843 1535 1900 Deo
1567 1841 1630 1899 in
1661 1842 1834 1901 nobis
1866 1843 2124 1903 excitari·
2141 1863 2368 1921 nosque
2393 1845 2605 1920 juvare
2634 1845 2698 1902 in
2731 1844 3010 1920 operibus
3044 1863 3136 1903 sa-

521 1933 669 1991 lut-is
689 1936 943 2008 possunt
975 1929 1072 2010 (cf.
1093 1931 1225 1988 Pal
1243 1930 1465 1988 mieri
1498 1931 1581 1989 th.
1608 1941 1639 1994 ’7
1664 1927 1800 2013 sS.);
1834 1935 1962 1990 tum
1997 1935 2138 2009 quia
2169 1934 2240 1991 de
2271 1934 2502 1992 ratione
2522 1933 2748 2010 gratiae
2767 1933 3017 1992 actualis
3047 1936 3141 1992 est

521 2040 644 2080 non
676 2021 864 2080 solum
887 2020 1189 2079 illustrare
1213 2022 1469 2077 mentem
1504 2024 1564 2078 et
1596 2020 1890 2096 inspirare
1923 2023 2308 2093 voluntatem,
2343 2023 2444 2082 sed
2477 2024 2656 2080 etiam
2688 2022 3142 2081 subministrare

522 2110 810 2168 virtutem
841 2109 914 2167 ad
950 2108 1271 2168 eliciendos
1301 2111 1468 2166 actus
1502 2109 1811 2180 salutareS,
1847 2109 1919 2168 de
1951 2130 2068 2185 quo
2088 2115 2288 2170 tamen
2307 2130 2554 2170 munere
2574 2111 2972 2186 opportunius
3005 2131 3140 2189 age-

520 2203 624 2257 tur
653 2218 699 2260 c.
736 2208 790 2260 3.
854 2197 1066 2256 Notari
1099 2195 1163 2261 6.
1195 2196 1388 2267 debet,
1435 2199 1682 2257 concilia
1725 2202 1787 2257 et
1831 2203 2030 2275 patres
2061 2201 2301 2259 nomine
2333 2200 2929 2259 illustrationis
2963 2218 3139 2276 saepe

522 2288 834 2363 complecti
855 2287 1035 2345 simul
1055 2286 1381 2345 voluntatis
1402 2286 1882 2363 inspirationem:
1915 2291 1976 2346 et
2007 2288 2270 2363 vicissim
2303 2289 2367 2347 in
2399 2289 2726 2347 voluntatis
2747 2289 3139 2365 inspiratione

524 2376 970 2452 subintelligere
1003 2375 1220 2434 mentis
1252 2393 1491 2450 quoque
1511 2376 1995 2447 illustrationem,
2029 2378 2170 2451 quia
2200 2377 2502 2436 indivulso
2534 2396 2691 2436 nexu
2720 2378 2807 2436 ita
2840 2383 2984 2438 sunt
3003 2397 3141 2438 con-

524 2484 704 2524 nexae
735 2468 808 2524 ut
837 2466 938 2524 lux
971 2467 1032 2523 et
1063 2465 1218 2524 calor
1248 2463 1311 2523 in
1341 2465 1545 2523 eodem
1579 2465 1721 2523 solis
1751 2465 1937 2524 radio.

714 2591 808 2653 16.
842 2585 1388 2653 Demonstratio
1423 2605 1495 2670 p.
1533 2586 1589 2655 Ι.
1651 2585 1751 2648 Ad
1806 2587 2080 2665 gratiam
2114 2586 2435 2651 actualem
2465 2587 2818 2667 generatim
2850 2591 3141 2667 spectare

528 2694 1019 2758 illustrationem
1052 2693 1408 2757 intellectus
1441 2693 1917 2776 voluntatisque
1949 2694 2434 2775 inspirationem
2466 2692 2648 2757 facile
2680 2693 2993 2773 colligitur

707 2802 769 2869 1.
805 2819 885 2865 ex
918 2800 1204 2880 ejusdem
1235 2800 1508 2865 deseri
1528 2800 1649 2880 pti
1670 2800 1982 2876 onibuS,
2016 2818 2183 2883 quae
2216 2819 2413 2882 saepe
2445 2802 2511 2864 in
2542 2800 2771 2863 divinis
2790 2799 3005 2876 literiS,
3025 2816 3140 2879 pa-

524 2915 695 2972 trum
745 2907 1064 2989 operibuS,
1114 2906 1438 2971 Ecclesiae
1488 2906 1967 2971 definitionibus
2019 2913 2082 2973 et
2132 2907 2429 2988 precibus
2475 2912 2837 2981 occurrunt,
2872 2924 3144 2988 quarum

524 3015 830 3096 plurimas
864 3016 928 3078 in
959 3016 1098 3095 ipso
1133 3020 1412 3079 tractatu
1444 3016 1744 3097 reperies.
1811 3014 1971 3079 Cum
2019 3016 2191 3079 enim
2236 3033 2449 3079 sermo
2502 3019 2602 3080 est
2633 3014 2714 3078 de
2746 3013 2852 3077 illo
2886 3012 3141 3088 auxilio,

527 3140 652 3203 quo
686 3122 1042 3202 indigemus
1076 3121 1157 3184 ad
1189 3123 1292 3203 pie
1323 3123 1669 3187 vivendum
1716 3123 2118 3205 salutemque
2170 3123 2710 3204 consequendam,
2758 3120 3032 3202 ideoque
3064 3119 3143 3183 de

524 3230 734 3310 gratia
767 3229 1022 3306 actuali,
1050 3229 1284 3309 jugiter
1322 3230 1565 3293 mentio
1597 3228 1667 3291 fit
1685 3228 2125 3292 illustrationis
2148 3228 2505 3292 intellectus
2527 3233 2719 3310 atque
2741 3227 3143 3292 excitationis

526 3336 891 3401 voluntatis.
924 3335 1018 3398 Ita
1051 3341 1196 3399 orat
1227 3334 1428 3399 David
1461 3335 1560 3398 Ps.
1604 3341 1745 3411 118,
1781 3340 1899 3405 34:
1945 3334 2055 3400 Da
2101 3334 2254 3398 mihi
2299 3333 2688 3417 intellectum,
2735 3341 2790 3397 et
2820 3332 3146 3398 scrutabor

524 3443 713 3526 leqem
745 3449 920 3507 tuam
952 3450 1008 3506 et
1040 3446 1393 3508 custodiam
1440 3444 1618 3508 illam
1666 3446 1731 3508 in
1767 3451 1888 3507 toto
1919 3444 2100 3508 corde
2131 3463 2260 3506 meo
2276 3465 2302 3522 ;
2334 3462 2390 3505 v.
2425 3447 2542 3511 32:
2603 3441 2785 3505 Viam
2817 3441 3144 3504 mandato·

526 3571 668 3612 rum
700 3558 950 3613 tuorum
981 3553 1251 3633 cucurri,
1286 3571 1424 3613 cum
1458 3550 1743 3614 dilatasti
1776 3570 1882 3614 cor
1913 3570 2132 3615 meum.
2164 3549 2303 3612 Huc
2337 3555 2636 3630 spectant
2661 3548 2815 3629 Eph.
2855 3552 2908 3622 1,
2949 3553 3026 3616 17
3068 3565 3142 3609 S.:

527 3658 699 3723 Deus
732 3658 811 3722 D.
846 3659 924 3725 N.
956 3657 1021 3727 J.
1058 3658 1314 3742 Christi,
1347 3659 1542 3723 Pater
1568 3658 1831 3742 ylariae,
1865 3658 1965 3721 det
1995 3659 2162 3720 vobis
2191 3658 2484 3741 spiritum
2517 3655 2865 3740 sapientiae
2896 3659 2952 3716 et
2980 3673 3144 3715 reve-

526 3767 784 3829 lationis
814 3767 883 3827 in
916 3768 1228 3849 aqnitione
1260 3768 1429 3848 ejus:
1480 3765 1870 3829 illuminatos
1915 3763 2120 3827 oculos
2149 3765 2356 3828 cordis
2385 3763 2590 3844 vestri,
2635 3770 2703 3825 ut
2746 3758 2960 3824 sciatis
2989 3780 3147 3843 quae

527 3874 610 3934 sit
641 3892 778 3958 spes
808 3875 1149 3936 vocationis
1182 3874 1317 3956 ejus
1349 3879 1501 3947 etc.;
1536 3877 1576 3940 2
1610 3870 1751 3935 Cor.
1784 3878 1845 3948 4,
1878 3878 1918 3940 6
1953 3872 2077 3957 (pg.
2112 3876 2152 3939 2
2185 3870 2447 3956 annot).

706 4001 839 4060 Huc
867 4002 1129 4077 pertinet
1159 4020 1317 4063 conc.
1350 3977 1999 4078 carthaginensis
2033 4019 2154 4060 can.
2191 4009 2260 4061 4:
2297 3999 2452 4067 ,Per
2482 3998 2673 4074 ipsam
2704 3990 3007 4077 (gratiam)
3041 4012 3144 4052 no-

528 4091 620 4149 bis
651 4092 951 4149 revelatur
981 4096 1041 4149 et
1071 4092 1338 4167 aperitur
1369 4090 1772 4167 intelligentia
1804 4089 2236 4156 mandatorum,
2268 4091 2338 4146 ut
2369 4088 2641 4156 sciamus,
2690 4084 2835 4161 quid
2868 4086 3145 4159 appetere

530 4185 591 4239 et
621 4179 765 4255 quid
797 4179 983 4238 vitare
1015 4180 1406 4252 debeamus‘3
1440 4180 1545 4238 ubi
1564 4179 1742 4238 etiam
1762 4179 2076 4237 anathema
2096 4177 2315 4237 dicitur
2346 4177 2409 4236 in
2441 4194 2560 4247 eoa,
2594 4174 2698 4252 qui
2728 4175 2966 4250 negent,
3001 4191 3148 4247 ‚per

529 4270 696 4329 illam
727 4268 900 4327 nobis
929 4270 1235 4344 praestari,
1270 4273 1341 4327 ut
1372 4268 1527 4344 quod
1550 4268 1882 4327 faciendum
1901 4269 2370 4345 cognoverimus,
2404 4266 2579 4326 etiam
2613 4264 2802 4322 facere
2823 4261 3144 4337 diligamus

530 4361 710 4434 atque
743 4358 1041 4417 valeamus
1076 4403 1088 4416 .
1122 4404 1134 4417 .
1170 4403 1182 4416 .
1230 4358 1373 4418 Cum
1419 4357 1576 4416 enim
1610 4357 1771 4416 dicat
1800 4357 2120 4432 Apostolus
2154 4350 2238 4438 (1.
2271 4355 2397 4419 Cor.
2432 4365 2487 4426 8,
2530 4349 2620 4437 l):
2671 4352 2922 4411 Scientia
2953 4350 3143 4424 inflat,

526 4451 752 4506 caritas
786 4466 910 4505 vero
942 4448 1242 4521 aedificat:
1273 4447 1443 4505 valde
1482 4448 1735 4522 impium
1766 4449 1877 4515 est,
1928 4448 2000 4504 ut
2030 4444 2351 4513 credamus,
2384 4443 2457 4502 ad
2490 4463 2619 4502 eam
2653 4460 2804 4517 quae
2835 4440 3008 4498 inflat
3037 4455 3144 4496 nos

533 4538 745 4596 habere
774 4536 1022 4613 gratiam
1057 4536 1307 4606 Christi;
1353 4536 1425 4594 ad
1472 4554 1600 4594 eam
1631 4555 1785 4610 quae
1816 4534 2084 4593 aedificat
2114 4552 2233 4591 non
2264 4533 2494 4602 habere,
2541 4551 2675 4591 cum
2709 4530 2790 4589 sit
2820 4531 3147 4603 utrumque

532 4626 755 4686 donum
787 4627 911 4697 Dei,
959 4631 1019 4685 et
1064 4626 1210 4685 scire
1243 4624 1389 4702 quid
1418 4625 1604 4683 facere
1638 4624 1972 4691 debeamus,
2019 4624 2081 4680 et
2124 4622 2372 4697 diligere
2403 4622 2475 4679 ut
2504 4620 2819 4678 faciamus:
2867 4620 2940 4675 ut
2983 4615 3144 4674 aedi-

530 4715 743 4775 ficante
793 4716 1056 4787 caritate,
1108 4714 1357 4773 scientia
1385 4733 1504 4774 non
1537 4713 1731 4788 possit
1759 4713 1982 4774 inflare.
2045 4711 2213 4770 Sicut
2243 4714 2440 4769 autem
2475 4710 2546 4768 de
2577 4710 2699 4768 Deo
2731 4706 3021 4781 scriptum
3055 4706 3149 4762 est
