3538 5364
1287 260 1366 314 De
1392 259 1615 316 actibus
1640 259 2006 315 salutaribus.
2867 272 2951 336 21

341 458 458 504 suo
490 439 750 517 effectu:
802 448 870 505 et
902 440 1126 506 efficax
1157 442 1323 508 solet
1352 442 1621 507 subinde
1670 443 2030 525 praedicari
2081 443 2338 526 aliquod
2369 444 2668 519 medium,
2703 443 2955 510 etiamsi

343 547 446 610 hic
476 555 540 611 et
570 565 745 612 nunc
776 557 999 614 careat
1028 549 1273 626 effectu,
1305 555 1378 613 ut
1405 549 1623 632 aliqua
1654 549 2002 626 medicina:
2036 555 2101 615 et
2133 550 2378 616 eodem·
2396 549 2526 616 fere
2553 551 2697 631 jure
2727 568 2954 633 posse·

341 672 484 718 mus
517 663 926 721 sacramenta
958 656 1208 739 aliaque
1240 655 1464 720 salutis
1496 656 1708 721 media
1740 657 2128 738 distinguere
2161 657 2226 721 in
2248 657 2532 722 efficacia
2552 664 2617 722 et
2636 657 2955 723 sufficien-

342 763 452 835 tia,
480 764 696 843 prouti
727 762 1023 827 effectum
1052 762 1296 828 habent
1323 764 1425 828 vel
1444 781 1523 827 eo
1544 771 1800 829 carent:
1832 764 2003 845 quod
2035 770 2255 829 tamen
2285 764 2628 828 insolitum.
2660 762 2729 829 Si
2749 784 2815 833 c.
2835 783 2954 828 no·-

339 868 512 933 mine
545 869 789 948 gratiae
821 868 1190 935 sufficientis
1222 888 1303 936 ea
1333 870 1718 952 designatur,
1752 888 1920 952 quae
1940 888 2018 935 ex
2040 889 2183 936 sese
2203 888 2449 953 suaque
2469 870 2683 936 indole
2703 889 2957 953 semper

334 992 379 1036 a
413 974 587 1038 bono
621 993 816 1057 opere
849 982 949 1042 est
978 977 1199 1054 divisa,
1232 995 1313 1042 ea
1344 976 1664 1041 distinctio
1698 977 1888 1059 plane
1918 976 2094 1059 rejici
2125 977 2332 1042 debet„
2397 976 2586 1041 Nulla
2637 979 2808 1042 enim
2859 985 2957 1043 est

331 1082 549 1162 gratia
579 1080 869 1159 actuaIiS,
902 1101 1094 1165 quam
1129 1082 1417 1148 Christus
1447 1084 1912 1165 pretiosissimo
1960 1103 2077 1149 suo
2125 1085 2434 1165 sanguine
2467 1085 2635 1161 emit,
2677 1063 2844 1167 quae
2875 1103 2955 1150 ex

331 1206 484 1253 sese
515 1207 762 1271 suaque
794 1196 1028 1254 natura
1058 1207 1099 1253 a
1128 1189 1301 1254 bono
1335 1207 1531 1272 opere
1563 1191 1647 1254 sit
1676 1190 1897 1267 divisa,
1931 1209 2224 1274 quaeque
2275 1209 2407 1255 non
2438 1192 2504 1255 in
2537 1209 2699 1272 opus
2732 1192 2956 1257 tendat

328 1301 403 1358 et
436 1294 625 1359 insito
658 1295 854 1360 veluti
885 1296 1168 1378 pondere
1201 1295 1454 1362 feratur.
1520 1297 1677 1360 Hinc
1724 1297 2021 1363 absentia
2064 1297 2327 1363 effectus
2351 1298 2586 1380 Jugiter
2628 1299 2693 1361 in
2726 1298 2954 1363 divinis

333 1400 536 1466 literis
569 1409 634 1466 et
665 1420 704 1465 a
733 1402 1024 1483 patribus
1055 1402 1529 1486 cooperationis
1563 1403 1837 1470 defectui
1870 1404 2266 1469 adscribitur.

1465 1601 1837 1684 caputii

828 1723 933 1788 De
980 1725 1300 1804 gratiae
1350 1724 1709 1789 actualis
1755 1724 2446 1807 proprietatibus.

515 1853 623 1915 24.
655 1847 813 1912 Tres
856 1849 1241 1930 praecipuae
1288 1850 1607 1914 recenseri
1653 1849 1863 1914 solent
1906 1850 2150 1931 gratiae
2195 1849 2462 1913 actualis
2508 1851 2951 1931 proprietateS,

322 1954 470 2035 ejus
502 1953 749 2020 scilicet
779 1955 1264 2031 necessitaS,
1295 1956 1714 2036 gratuitas
1747 1962 1814 2020 et
1846 1955 2484 2021 universalitas:
2518 1974 2718 2039 quare
2739 1957 2952 2022 intres

324 2060 642 2124 articulos
673 2061 802 2125 hoc
832 2069 1026 2143 caput
1055 2062 1425 2128 dividemus

1326 2260 1847 2326 Articulus
1892 2259 1957 2326 Ι.

915 2382 1021 2450 De
1067 2384 1389 2465 gratiae
1438 2385 1800 2448 actualis
1846 2382 2387 2448 necessitate.

514 2511 620 2575 25.
654 2506 747 2572 De
780 2509 1021 2588 gratiae
1054 2508 1324 2572 actualis
1355 2528 1397 2571 n
1415 2528 1450 2573 e
1467 2527 1501 2571 c
1518 2527 1554 2572 e
1570 2528 1600 2571 s
1619 2529 1649 2572 s
1667 2509 1686 2571 i
1702 2516 1728 2573 t
1743 2514 1825 2571 at
1842 2528 1879 2574 e
1925 2507 2395 2590 disputantibus
2427 2514 2654 2571 contra
2685 2507 2950 2588 duplicis

325 2612 587 2694 generis
621 2613 1025 2679 adversarios
1058 2615 1179 2680 erit
1209 2615 1544 2697 agendum,
1577 2633 1850 2699 quorum
1885 2615 1991 2678 alii
2020 2633 2135 2697 per
2179 2612 2507 2679 defectu
2524 2633 2606 2692 m,
2658 2632 2772 2696 per
2823 2632 2950 2678 ex-

321 2738 516 2786 cess
537 2740 662 2785 um
695 2721 800 2785 alii
830 2729 1116 2804 peccant.

347 2917 382 2983 fi
435 2918 490 2973 1.
531 2917 783 2972 Gratiae
822 2917 1075 2972 actualis
1112 2919 1443 2975 necessitas
1479 2920 1696 2974 contra
1732 2933 1859 2990 eos,
1898 2919 1999 2988 qui
2033 2918 2218 2973 liberi
2255 2917 2499 2973 arbitrii
2537 2917 2697 2972 vires
2733 2916 2912 2972 nimis

1329 3007 1655 3079 extollunt,
1693 3009 1953 3064 asserta.

509 3134 615 3200 26.
649 3129 900 3216 Duplaz:
933 3138 1183 3197 actuum
1209 3154 1421 3215 yenus.
1454 3172 1542 3181 —-
1574 3132 1822 3215 Duplex
1868 3139 2128 3197 actuum
2175 3152 2373 3215 genus
2424 3133 2726 3214 distingui
2757 3131 2948 3196 debet

316 3255 448 3317 pro
481 3236 717 3318 duplici
749 3236 891 3312 fine,
925 3236 1009 3301 ad
1039 3255 1229 3319 quem
1262 3237 1431 3302 Deus
1483 3238 1811 3303 hominem
1863 3238 2201 3315 destinare,
2252 3246 2316 3302 et
2363 3237 2514 3301 hinc
2565 3257 2680 3319 pro
2715 3235 2948 3319 duplici

313 3349 502 3407 statu
538 3350 604 3407 et
634 3344 875 3421 ordine,
906 3344 973 3407 in
1004 3362 1131 3426 quo
1162 3344 1359 3409 homo
1411 3344 1808 3409 considerari
1858 3351 2088 3426 potest,
2141 3344 2510 3408 naturali
2559 3344 2799 3409 scilicet
2847 3343 2949 3408 vel

315 3451 978 3533 supernaturali.
1049 3450 1276 3527 ,Finis‚
1308 3450 1511 3533 inquit
1540 3470 1587 3514 s.
1622 3450 1973 3514 Thomas
2030 3459 2080 3519 1.
2114 3471 2171 3534 q.
2205 3455 2290 3520 23
2324 3469 2379 3514 a
2420 3457 2474 3527 1,
2505 3450 2589 3514 ad
2621 3468 2812 3532 quem
2841 3467 2947 3513 res

315 3563 591 3621 creatae
622 3556 999 3621 ordinantur
1047 3575 1088 3620 a
1136 3556 1289 3635 De0,
1341 3563 1440 3622 est
1489 3558 1739 3639 duplex.
1803 3555 1997 3633 Unus,
2048 3558 2156 3640 qui
2188 3557 2437 3623 excedit
2466 3557 2947 3639 proportionem

320 3669 605 3727 naturae
638 3670 897 3729 creatae
929 3670 995 3729 et
1026 3663 1424 3729 facultatem:
1457 3671 1522 3729 et
1553 3665 1657 3729 hic
1689 3664 1830 3728 finis
1865 3671 1964 3729 est
1995 3665 2124 3728 vita
2157 3671 2439 3742 aeterna,
2462 3663 2712 3746 quaein
2732 3662 2947 3726 divina

319 3770 575 3833 visione
621 3770 930 3847 consistit,
976 3788 1143 3853 quae
1188 3776 1287 3835 est
1317 3789 1511 3852 supra
1545 3776 1846 3834 naturam
1877 3770 2211 3852 cujuslibet
2257 3776 2592 3834 creaturae
2626 3819 2638 3832 .
2673 3819 2684 3830 .
2722 3819 2733 3831 .
2768 3768 2945 3832 Alius

318 3883 552 3942 autem
582 3876 724 3941 finis
757 3885 857 3942 est
880 3885 1150 3942 naturae
1174 3885 1430 3944 creatae
1450 3879 1992 3961 proportionatuS,
2015 3897 2206 3959 quem
2225 3877 2354 3941 scil.
2376 3896 2477 3941 res
2497 3882 2717 3941 creata
2734 3881 2947 3958 potest

318 3984 644 4064 attingere
676 3983 1029 4049 secundum
1060 3982 1357 4048 virtutem
1389 4001 1548 4048 suae
1581 3989 1907 4050 naturae«
1977 3982 2067 4047 llli
2111 3990 2312 4059 actuS,
2358 3983 2466 4065 qui
2499 3982 2743 4047 homini
2786 4000 2942 4047 con-

320 4091 594 4154 veniunt
627 4090 693 4153 in
725 4090 948 4155 ordine
980 4090 1366 4166 naturali,
1420 4091 1650 4172 quibus
1682 4091 1820 4172 ipse
1851 4090 2163 4155 satisfacit
2194 4091 2313 4170 legi
2345 4096 2616 4154 naturae
2649 4096 2714 4153 et
2745 4088 2945 4154 tendit

319 4197 387 4259 in
422 4196 619 4262 finem
650 4197 1028 4273 naturalem,
1061 4196 1356 4260 dicuntur
1388 4205 1570 4262 actus
1604 4198 1881 4262 ethice
1912 4197 2081 4261 boni.
2113 4196 2205 4259 Illi
2237 4213 2390 4260 vero
2425 4202 2623 4271 actuS,
2657 4196 2764 4278 qui
2786 4214 2942 4259 con-

320 4304 596 4369 veniunt
627 4304 871 4367 homini
902 4304 967 4366 in
1000 4303 1223 4368 ordine
1268 4321 1569 4385 supern
1589 4304 1931 4379 aturali‚
1977 4310 2291 4386 quatenus
2337 4303 2691 4368 destinatus
2733 4308 2830 4366 est
2861 4300 2945 4365 ad

323 4410 525 4475 finem
556 4418 856 4474 naturam
889 4409 1324 4486 excedentem,
1358 4410 1588 4491 quibus
1620 4409 1933 4474 satisfacit
1977 4410 2098 4490 legi
2128 4408 2314 4491 hujus
2349 4409 2587 4473 ordinis
2619 4415 2682 4473 et
2713 4408 2942 4490 quibus

321 4517 504 4581 velut
535 4516 803 4582 totidem
834 4515 1156 4596 gressibus
1188 4517 1251 4579 in
1283 4516 1476 4580 finem
1529 4517 1731 4581 tendit
1781 4516 2353 4598 supernaturalem,
2404 4534 2531 4598 quo
2582 4516 2943 4580 continetur

325 4623 469 4703 ejus
487 4623 679 4699 saluS,
699 4623 995 4687 dicuntur
1025 4622 1462 4705 theologice
1494 4624 1666 4699 boni,
1698 4623 2137 4699 salutareS,
2172 4623 2290 4698 vel,
2325 4630 2395 4687 ut
2431 4629 2648 4705 patres
2666 4622 2939 4705 loquun-

331 4735 452 4804 tur,
483 4735 665 4793 actus
697 4736 768 4793 ut
818 4736 1169 4811 oportet,
1219 4738 1289 4795 ut
1341 4730 1611 4813 expedit,
1662 4729 1769 4812 qui
1821 4729 1905 4794 ad
1953 4748 2173 4793 veram
2203 4731 2509 4812 pietatem
2541 4734 2608 4794 et
2629 4730 2939 4811 justitiam
