3538 5364
1069 294 1147 347 De
1177 291 1464 365 baptismo
1489 293 1788 363 sanguinis
1815 309 1913 347 seu
1940 293 2233 362 martyrio.
2830 304 2958 368 279

327 483 525 559 nibus,
556 483 862 556 confitebor
893 489 943 540 et
975 500 1071 558 eyo
1102 501 1231 540 eum
1261 501 1456 541 coram
1490 481 1664 539 Patre
1696 500 1837 555 mec,
1872 482 1971 557 qui
2004 481 2064 538 in
2096 480 2265 538 coelis
2295 487 2375 538 est
2405 475 2638 560 (Matth.
2682 493 2775 551 10,
2815 477 2955 564 22);

328 578 400 630 et
443 572 560 630 alio
606 572 766 631 loco:
825 573 938 644 Qui
973 572 1298 644 perdiderit
1330 572 1591 629 animam
1623 588 1794 628 suam
1815 576 2062 645 propter
2092 588 2200 641 me,
2231 570 2472 627 inveniet
2501 589 2628 629 eam
2660 566 2791 651 (16,
2828 567 2956 653 32).

328 662 494 720 Hinc
539 666 648 732 est,
697 662 859 736 quod
906 662 1196 735 scriptum
1243 663 1364 719 est:
1415 659 1677 717 Pretiosa
1721 661 1785 717 in
1831 666 2128 733 conspectu
2159 659 2397 718 Domini
2442 677 2598 718 mors
2627 667 2959 733 sanctorum

331 753 460 825 ejus
491 745 610 832 (ΡΒ.
643 761 782 821 115,
823 749 970 830 15)·ι
1005 756 1114 808 etc.
1162 750 1242 809 cf.
1275 750 1348 807 de
1379 750 1542 824 bapt.
1575 748 1673 817 1v,
1711 756 1826 820 223
1860 747 2417 806 Tertullianus
2451 747 2523 806 de
2555 749 2717 825 bapt.
2749 768 2805 806 n.
2845 760 2958 820 163

329 839 784 899 Bernardus
817 840 856 897 l.
889 858 935 898 c.
968 857 1012 902 c.
1052 848 1119 907 23
1161 839 1496 916 Algerus
1526 838 1562 897 1.
1594 856 1642 896 c.
1675 837 1780 908 ΙΙΙ,
1819 848 1887 908 7;
1920 837 2236 896 Thomas
2269 837 2403 896 lect.
2444 848 2467 899 1
2508 837 2571 895 in
2605 856 2651 896 c.
2689 848 2723 900 6
2760 857 2850 913 ep.
2884 838 2955 895 ad

331 930 546 998 Hebr.;
578 929 774 1005 quodl.
799 938 835 992 6
856 948 906 992 a.
930 938 986 990 4.
1019 929 1367 1004 Martyrium
1387 931 1584 987 autem
1604 926 1919 985 definitur:
1954 926 2265 1002 Perpessio
2283 925 2498 986 mortis
2529 926 2624 985 vel
2656 927 2957 985 cruciatus

331 1019 536 1078 letalis
568 1037 674 1095 pro
706 1018 925 1077 Christi
969 1017 1083 1076 fide
1128 1020 1234 1076 aut
1270 1017 1495 1076 virtute
1527 1016 1881 1076 christianae
1912 1016 2046 1075 fidei
2078 1015 2374 1091 patienter
2404 1016 2686 1074 tolerata:
2733 1035 2853 1091 qua
2896 1016 2961 1075 in

333 1107 683 1166 definitione
729 1108 990 1166 virtus
1036 1106 1390 1166 christianae
1419 1106 1555 1165 fidei
1587 1105 1879 1165 latissime
1910 1105 2173 1181 intelligi
2205 1104 2399 1174 debet,
2446 1107 2516 1163 ut
2563 1123 2607 1163 s.
2641 1105 2963 1164 Thomas

335 1198 640 1272 praeclare
671 1196 914 1272 exponit
948 1206 1004 1258 2.
1039 1206 1074 1258 2
1109 1216 1165 1272 p.
1200 1216 1254 1272 q.
1295 1205 1414 1259 124
1447 1216 1499 1254 a.
1537 1206 1604 1258 5:
1642 1195 1775 1264 ,Ad
1808 1194 1945 1252 fidei
1979 1194 2289 1254 veritatem
2321 1212 2440 1252 non
2474 1194 2666 1254 solum
2698 1194 2963 1269 pertinet

336 1287 474 1362 ipsa
503 1285 823 1345 credulitas
857 1285 1070 1356 cordis,
1118 1285 1223 1345 sed
1253 1286 1433 1344 etiam
1465 1284 1720 1344 exterior
1752 1284 2122 1359 protestatio,
2156 1302 2308 1359 quae
2340 1282 2581 1358 quidem
2614 1284 2682 1340 fit
2714 1300 2836 1341 non
2869 1302 2962 1342 so-

335 1376 466 1433 lum
498 1394 607 1451 per
636 1375 832 1446 verba,
866 1375 1087 1450 quibus
1109 1375 1326 1450 aliquis
1348 1374 1667 1433 confitetur
1685 1372 1878 1443 fidem,
1912 1373 2013 1431 sed
2045 1374 2222 1432 etiam
2254 1391 2361 1448 per
2391 1372 2562 1442 facta,
2598 1372 2819 1446 quibus
2851 1373 2961 1430 ali-

337 1466 478 1540 quis
509 1464 691 1522 fidem
724 1483 787 1523 se
818 1464 1031 1523 habere
1063 1463 1338 1534 ostendit,
1375 1463 1701 1522 secundum
1733 1461 1888 1521 illud
1921 1462 2128 1521 Jacobi
2165 1472 2222 1531 2,
2260 1472 2329 1525 8:
2378 1462 2502 1539 Eyo
2533 1463 2829 1520 ostendam
2861 1461 2965 1520 tibi

337 1572 411 1612 ex
439 1555 709 1634 operibus
737 1554 906 1627 fidem
939 1572 1137 1613 meam.
1201 1552 1367 1611 Unde
1398 1554 1460 1611 et
1489 1552 1561 1610 de
1594 1551 1953 1627 quibusdam
1988 1551 2210 1610 dicitur
2239 1546 2338 1632 (ad
2372 1551 2485 1611 Tit.
2527 1562 2578 1621 l,
2622 1546 2758 1632 16):
2811 1551 2959 1609 Con-

334 1646 577 1718 fitentur
607 1643 806 1702 verbis
835 1661 894 1700 se
922 1661 1085 1701 nosse
1116 1642 1325 1718 Deum,
1366 1643 1541 1716 factis
1572 1648 1761 1700 autem
1792 1648 2015 1718 neqeunt.
2082 1641 2160 1700 Et
2202 1639 2335 1699 ideo
2366 1640 2632 1699 omnium
2664 1639 2963 1698 virtutum

338 1752 535 1808 opera,
572 1731 898 1791 secundum
929 1732 1087 1807 quod
1119 1731 1463 1791 referuntur
1492 1731 1564 1789 ad
1598 1731 1805 1801 Deum,
1840 1735 1985 1789 sunt
2003 1730 2294 1805 quaedam
2314 1728 2774 1805 protestationes
2806 1729 2961 1799 fidei,

336 1841 448 1897 per
480 1840 659 1896 quam
689 1821 863 1880 nobis
887 1821 1227 1891 innotescit,
1263 1820 1421 1896 quod
1442 1820 1601 1879 Deus
1622 1819 1959 1894 hujusmodi
1993 1837 2171 1895 opera
2200 1839 2234 1877 a
2263 1819 2438 1877 nobis
2470 1818 2731 1893 requirit
2764 1821 2826 1876 et
2855 1836 2964 1877 nos

337 1930 450 1987 pro
487 1911 572 1969 eis
614 1914 970 1980 remunerat,
1017 1913 1080 1969 et
1123 1909 1444 1969 secundum
1478 1909 1587 1967 hoc
1620 1911 1871 1984 possunt
1902 1926 2029 1967 esse
2060 1908 2335 1985 martyrii
2367 1916 2603 1966 causa.‘
2669 1907 2823 1966 Hinc
2852 1908 2963 1965 Ec-

341 2000 526 2059 clesia
556 2003 626 2058 ut
656 2001 946 2076 martyres
978 1999 1138 2073 colit,
1160 1999 1265 2074 qui
1294 2017 1401 2075 pro
1431 1998 1656 2058 tuenda
1674 1997 1966 2067 castitate,
1992 1997 2236 2072 juribus
2257 1997 2569 2068 Ecclesiae,
2603 1995 2965 2055 matrimonii

343 2090 662 2148 sanctitate
696 2085 794 2170 (ut
825 2107 870 2147 s.
902 2089 1160 2148 «Ioannes
1193 2084 1305 2169 B.),
1348 2107 1457 2164 pro
1489 2086 1879 2147 confessionis
1914 2087 2115 2164 sigillo
2148 2090 2349 2145 sancte
2380 2086 2669 2145 servando
2701 2089 2810 2147 etc.
2843 2087 2963 2145 for-

342 2179 490 2237 titer
521 2178 819 2237 obierunt.
856 2213 933 2222 —
970 2177 1050 2236 Ut
1080 2196 1217 2237 vero
1247 2177 1533 2253 martyrio
1567 2176 1707 2235 haec
1737 2176 1925 2236 tribui
1954 2176 2145 2253 possit
2169 2175 2600 2252 praerogativa,
2636 2176 2968 2251 requiritur

345 2286 414 2326 ex
447 2271 617 2343 parte
647 2267 842 2325 adulti
873 2282 938 2330 a.
974 2285 1297 2326 consensus
1329 2268 1392 2325 in
1423 2265 1779 2342 martyrium
1811 2265 1938 2323 sive
1969 2266 2291 2342 acceptatio
2310 2265 2521 2323 mortis
2554 2265 2764 2324 saltem
2797 2264 2964 2322 habi-

345 2357 598 2415 tualiter
627 2357 966 2415 voluntaria
995 2375 1064 2415 ex
1096 2356 1322 2416 motivo
1354 2355 1811 2431 supernaturali,
1844 2351 1916 2417 b.
1949 2354 2170 2430 absque
2202 2353 2563 2423 resistentia,
2599 2353 2777 2412 debet
2806 2353 2966 2412 enim

347 2465 478 2505 esse
509 2445 767 2504 imitatio
799 2446 1008 2505 mortis
1042 2446 1286 2515 Christi3
1334 2448 1397 2503 et
1442 2459 1500 2508 c.
1547 2445 1599 2503 si
1644 2445 1713 2515 is,
1762 2443 1867 2519 qui
1913 2442 2221 2514 occiditur,
2270 2445 2363 2501 est
2406 2442 2469 2501 in
2513 2442 2737 2517 peccati
2770 2442 2969 2519 gravis

348 2538 531 2606 statu,
574 2535 957 2610 poenitentia,
1004 2554 1154 2611 quae
1200 2535 1283 2594 sit
1327 2534 1537 2594 saltem
1583 2533 1834 2592 attritio.
1896 2532 2200 2592 Justificat
2229 2534 2428 2591 autem
2462 2531 2818 2607 martyrium
2849 2550 2972 2590 non

348 2644 416 2684 ex
463 2643 642 2701 opere
688 2629 944 2701 operam,
992 2625 1093 2684 sed
1139 2644 1206 2684 ex
1254 2624 1569 2702 privilegio
1614 2642 1722 2701 per
1763 2623 2008 2681 modum
2041 2622 2235 2699 operis
2267 2621 2497 2699 operati
2543 2639 2649 2679 seu
2695 2620 2868 2697 quasi
2901 2639 2968 2679 ex

351 2733 523 2790 opere
555 2719 811 2790 operate,
859 2734 977 2773 non
1023 2714 1321 2773 mediante
1353 2717 1492 2772 actu
1523 2713 1788 2772 caritatis
1821 2713 2130 2788 perfectae,
2179 2731 2313 2771 cum
2346 2710 2441 2770 hic
2471 2730 2578 2787 per
2610 2729 2672 2769 se
2703 2728 2971 2769 necessa-

349 2805 474 2863 rius
505 2822 627 2863 non
658 2807 767 2863 est.
831 2804 1356 2862 cf.H01tzelau
1388 2803 1568 2862 theol.
1599 2801 1833 2861 wirceb.
1868 2801 1918 2859 V
1950 2801 2023 2860 de
2054 2802 2216 2878 bapt.
2250 2820 2297 2860 c.
2334 2811 2367 2863 2
2404 2820 2452 2859 a.
2490 2810 2560 2868 33
2597 2798 2970 2859 Heinrich

350 2895 545 2970 dogm.
578 2893 777 2952 Theol.
810 2894 837 2951 I
865 2896 901 2965 ἓ
938 2902 1036 2955 52.
2908 2902 2929 2910 '

530 3035 678 3099 318.
711 3028 1283 3097 Demonstratio.
1343 3029 1400 3096 1.
1451 3026 1762 3108 Baptismi
1815 3027 2165 3091 necessitas
2213 3025 2526 3107 colligitur
2570 3045 2649 3091 ex
2696 3026 2973 3090 verbis

354 3136 586 3200 Christi
617 3136 801 3201 Joan.
838 3141 896 3212 3,
931 3139 1002 3203 5:
1053 3137 1277 3216 Amen,
1310 3154 1489 3198 amen
1523 3134 1658 3197 dico
1691 3135 1819 3212 tibi,
1860 3135 1982 3196 nisi
2011 3135 2150 3219 quis
2179 3141 2440 3198 renatus
2470 3135 2665 3217 fuerit
2695 3156 2770 3197 ex
2804 3155 2972 3218 aqua

354 3251 408 3306 et
458 3241 704 3327 Spiritu
749 3249 985 3325 sancte,
1031 3262 1153 3304 non
1198 3248 1394 3325 potest
1443 3241 1703 3303 introire
1749 3241 1819 3303 in
1865 3260 2123 3322 reynum
2156 3239 2313 3304 Dei:
2363 3258 2529 3322 quae
2575 3240 2775 3304 verba
2808 3240 2973 3306 adeo

354 3351 723 3415 solemniter
772 3351 1026 3432 prolata
1057 3369 1122 3417 a.
1157 3356 1306 3413 sunt
1336 3349 1525 3432 plane
1557 3348 1975 3423 universalia3
2021 3366 2151 3412 non
2196 3348 2623 3411 enuncientur
2667 3349 2737 3417 b.
2770 3347 2977 3412 forma

353 3459 785 3540 praeceptiva,
831 3456 944 3520 sed
993 3475 1057 3524 c.
1102 3455 1461 3537 significant
1490 3455 1744 3544 {nexum
1798 3454 2185 3535 objectivum
2217 3454 2601 3518 conditionis
2634 3474 2749 3520 seu
2782 3455 2973 3519 medii

354 3564 438 3627 ad
470 3563 693 3629 finem:
726 3564 906 3645 cujus
938 3582 1139 3628 nexus
1173 3564 1244 3629 d.
1279 3562 1564 3627 redditur
1594 3563 1759 3626 ratio
1794 3583 1847 3625 v.
1882 3569 1954 3633 6:
2018 3562 2198 3642 Quod
2240 3567 2461 3626 natum
2508 3568 2593 3625 est
2644 3583 2717 3624 ea:
2767 3583 2975 3645 carne,

355 3691 502 3734 caro
540 3679 663 3734 est:
697 3678 751 3734 et
782 3671 948 3756 quod
979 3677 1199 3735 natu-m
1230 3677 1316 3734 est
1348 3693 1423 3734 ea:
1462 3671 1714 3754 spiritu,
1734 3671 1996 3754 spiritus
2015 3677 2101 3732 est
2121 3693 2138 3731 .·
2175 3670 2293 3733 col.
2324 3667 2537 3736 1.Cor.
2564 3672 2665 3742 15,
2686 3671 2788 3736 50.
2808 3668 2973 3747 Ergo

357 3777 715 3858 baptismus
749 3776 1048 3841 omnibus
1079 3777 1482 3842 necessarius
1516 3782 1614 3840 est
1646 3783 1709 3841 et
1740 3776 2000 3858 quidem
2044 3776 2429 3841 necessitate
2461 3773 2653 3838 medii
2685 3775 2767 3837 ad
2800 3775 2973 3838 salu-

356 3893 503 3950 tem.
567 3883 752 3964 Quod
799 3884 854 3947 si
903 3884 1099 3948 dubia
1145 3883 1396 3949 videtur
1443 3882 1658 3959 illatio,
1707 3884 1918 3947 omnis
1964 3882 2139 3947 dubii
2184 3882 2287 3948 vel
2338 3881 2570 3946 umbra
2619 3881 2975 3946 excluditur

359 3992 702 4055 traditione
735 3991 1062 4071 exegetica
1095 3997 1160 4055 et
1191 3991 1478 4073 practica
1508 3990 1848 4055 Ecclesiae.
1882 4029 1968 4038 -
1995 3989 2213 4054 Matth.
2237 3995 2340 4066 28,
2371 3995 2480 4059 19:
2513 3988 2738 4052 Docete
2770 4008 2976 4052 omnes

356 4105 566 4181 yentes
612 4099 1005 4182 bapte‘zantes
1053 4120 1152 4161 eos
1203 4105 1353 4174 etc.;
1416 4097 1605 4161 Marc.
1659 4104 1756 4174 16,
1800 4103 1909 4167 16:
1973 4097 2095 4176 Qui
2140 4098 2467 4162 crediderit
2511 4103 2566 4160 et
2617 4095 2976 4182 baptizatus

364 4207 572 4283 fuerit,
603 4205 815 4270 salvus
846 4208 996 4269 erit:
1047 4206 1278 4288 quibus
1323 4205 1534 4271 verbis
1584 4205 1871 4287 profecto
1922 4206 2234 4286 significat
2266 4205 2570 4280 Christus7
2623 4221 2789 4286 quae
2820 4221 2976 4284 prae

364 4313 592 4378 ceteris
624 4313 752 4378 sint
783 4313 1150 4377 necessaria
1181 4313 1263 4376 ad
1297 4313 1588 4387 salutem,
1619 4313 1750 4376 scil.
1786 4312 1993 4388 fidem,
2027 4331 2155 4394 qua
2189 4312 2376 4375 simul
2409 4310 2855 4393 complectitur
2872 4328 2975 4374 re-

361 4420 567 4500 liquas
599 4420 1069 4501 dispositiones
1091 4438 1273 4502 quae,
1295 4420 1416 4484 nisi
1450 4419 1909 4501 impedimenta
1930 4426 2272 4501 ponuntur,
2307 4419 2627 4483 fructuum
2661 4420 2863 4482 instar
2895 4438 2975 4483 ex

360 4525 465 4590 illa
496 4526 995 4608 progerminant‚
1029 4533 1094 4591 et
1125 4527 1532 4608 baptismum.
1568 4527 1676 4590 Est
1709 4545 1861 4606 ergo
1896 4527 2254 4608 baptismus
2286 4533 2543 4607 praeter
2562 4525 2775 4600 fidem,
2808 4543 2974 4606 quae

361 4634 728 4698 necessaria
760 4641 858 4699 est
889 4635 1273 4699 necessitate
1321 4634 1512 4700 medii
1560 4633 1658 4720 (cf.
1693 4654 1751 4697 n.
1796 4637 1963 4718 141),
2012 4652 2205 4715 quam
2254 4634 2528 4696 maxime
2575 4632 2975 4697 necessarius

361 4741 441 4803 ad
473 4741 767 4806 salutem.
