3538 5364
597 304 682 369 98
835 294 1021 371 'staca
1052 294 1197 348 VIII.
1224 293 1292 348 de
1319 292 1525 364 gratia,
1553 292 1753 348 'rhesis
1781 293 1993 348 CXCII.
2021 291 2220 347 Gratia
2237 291 2634 347 necessitatem
2648 308 2765 346 non
2785 290 2978 346 infert.

595 501 751 541 nam.
800 482 937 540 Sine
970 481 1076 540 hac
1105 480 1295 557 igitur
1324 480 1520 557 gratia
1550 482 1749 556 potest
1777 479 2018 555 quidem
2050 480 2312 556 cogitare
2343 482 2403 538 et
2435 478 2760 538 desiderare
2791 478 3068 547 humana,
3101 499 3223 539 non

596 573 799 629 autem
828 574 1026 646 potest
1055 570 1315 646 cogitare
1346 574 1409 629 et
1439 570 1592 628 velle
1624 573 1730 627 aut
1763 568 2099 628 desiderare
2130 568 2393 627 divina.‘
2446 567 2573 637 Quo
2606 569 2669 626 in
2703 567 3001 627 doctrinae
3033 570 3224 644 capite

597 659 896 719 consentit
930 660 1177 718 ecclesia
1207 678 1414 734 graeca
1446 659 1824 718 schismatica
1853 677 1989 717 cum
2021 658 2282 717 Ecclesia
2311 657 2616 716 catholica.
2664 658 2815 715 Nam
2848 658 2910 715 in
2944 658 3222 716 orthodo-

598 768 702 808 xae
734 748 873 807 fidei
906 748 1266 809 confessione
1297 748 1579 807 ecclesiae
1611 747 1916 806 orientalis
1948 767 1982 805 a
2014 747 2332 806 Parthenio
2364 747 2697 823 patriarcha
2723 747 2827 807 ΟΡ.
2849 747 3227 822 comprobata

596 840 668 897 ad
701 857 756 913 q.
794 846 871 901 27
907 837 994 896 ita
1024 838 1343 896 statuitur:
1400 836 1724 906 ,Quamvis
1776 840 1838 894 et
1888 837 2018 911 ipsa
2063 836 2317 895 hominis
2362 836 2641 895 voluntas
2688 839 2927 912 peccato
2973 835 3225 912 originis

599 927 810 985 misere
840 926 1193 985 'labefactata
1239 926 1437 997 fuerit,
1486 925 1880 985 nihilominus
1914 925 2091 984 etiam
2123 926 2425 1001 praesenti
2471 924 2578 983 hoc
2623 928 2888 1000 tempore
2927 925 2990 982 in
3023 928 3224 1001 cujus-

598 1035 714 1091 que
745 1016 991 1075 arbitrio
1014 1016 1279 1091 positum
1310 1034 1457 1085 esse,
1492 1018 1563 1072 ut
1593 1014 1790 1073 bonus
1824 1015 2050 1089 Deique
2083 1014 2242 1073 filius
2275 1014 2356 1074 sit
2386 1017 2492 1073 aut
2522 1033 2554 1071 e
2584 1014 2881 1073 contrario
2914 1014 3224 1090 improbus

598 1105 878 1180 filiusque
911 1104 1147 1164 diaboli.
1212 1104 1337 1163 Hoc
1369 1123 1559 1175 omne,
1592 1103 1858 1178 inquam,
1904 1104 1969 1162 in
1999 1123 2177 1162 manu
2208 1108 2388 1179 atque
2419 1107 2715 1178 potestate
2749 1103 3005 1161 hominis
3039 1104 3224 1162 situm

597 1197 715 1253 est:
754 1195 843 1253 ita
873 1198 1089 1264 tamen,
1124 1200 1195 1252 ut
1225 1194 1288 1252 in
1321 1193 1542 1254 bonum
1576 1193 1781 1252 divina
1811 1194 2005 1269 gratia
2037 1192 2295 1252 hominis
2327 1193 2589 1266 adjutrix
2635 1193 2730 1264 sit,
2779 1211 3034 1266 eumque
3081 1194 3224 1252 item

597 1305 631 1340 a
676 1284 832 1342 malo
876 1284 1155 1352 retrahat,
1204 1294 1266 1341 at
1311 1302 1432 1341 non
1478 1286 1550 1341 ut
1596 1282 1914 1341 arbitrium
1961 1281 2218 1341 hominis
2252 1282 2602 1341 necessitate
2635 1281 2802 1339 illata
2845 1282 3221 1357 compellat.‘

596 1373 738 1444 Nae,
771 1372 873 1431 ille
907 1391 981 1430 ne
1014 1371 1566 1431 tenuissimam
1597 1371 1840 1448 quidem
1873 1372 2100 1447 gratiae
2132 1371 2326 1429 ideam
2360 1370 2553 1439 habet,
2587 1370 2694 1445 qui
2725 1389 2853 1428 eam
2886 1372 3220 1430 necessi·

596 1463 893 1520 tantem
926 1461 1129 1538 fingit!

784 1586 924 1649 110.
958 1578 1351 1643 Nominatim
1383 1584 1613 1643 contra
1655 1580 1690 1644 J
1707 1580 2144 1645 ansenium
2188 1597 2489 1659 urgemus
2535 1595 2674 1642 can.
2709 1585 2752 1646 4
2784 1598 2937 1645 sess.
2972 1585 3012 1648 6
3046 1596 3223 1643 conc.

599 1686 1045 1753 tridentini
1078 1688 1163 1773 (n.
1203 1688 1377 1772 108),
1429 1686 1613 1767 quus
1662 1688 1793 1749 vim
1843 1685 2078 1750 frustra
2128 1686 2405 1751 evadere
2455 1691 2728 1749 conatur
2771 1685 2990 1766 inepto
3036 1686 3225 1768 plane

598 1795 1081 1869 commentarIO,
1116 1792 1361 1858 definiri
1394 1794 1700 1857 nimirum
1732 1793 1844 1857 illo
1877 1811 2147 1869 canone,
2180 1792 2509 1857 hominem
2529 1791 2866 1857 dissentire
2886 1811 3095 1874 posse,
3137 1793 3226 1867 ,si

597 1900 802 1977 velit,«
843 1920 975 1964 non
1012 1907 1226 1966 tamen
1257 1919 1449 1984 posse
1484 1901 1816 1967 hominem
1848 1901 1968 1965 sub
2002 1902 2209 1983 gratia
2241 1900 2662 1965 constitutum
2690 1899 2851 1964 velle
2872 1900 3224 1965 dissentire.

598 2006 764 2071 Nam
784 2028 850 2074 a.
874 2008 1038 2072 haec
1058 2009 1409 2090 sophistica
1429 2009 1720 2090 exceptio
1758 2008 2140 2073 adversatur
2161 2007 2304 2072 usui
2319 2007 2638 2089 loquendi,
2661 2009 3014 2071 secundum
3034 2026 3225 2090 quem

598 2114 852 2196 phrasis
876 2132 1103 2195 ,posse
1124 2115 1402 2198 aliquem
1423 2114 1662 2197 aliquid
1683 2114 1913 2192 facere,
1931 2114 2204 2191 sivelit‘
2230 2115 2358 2178 duo
2375 2114 2714 2194 significat:
2731 2114 3226 2196 dependentiam

600 2222 870 2285 actionis
903 2240 944 2285 a
975 2222 1306 2288 voluntate
1359 2228 1425 2288 et
1473 2224 1831 2306 potentiam
1885 2222 2350 2304 expeditam
2401 2221 2656 2285 volendi
2701 2241 2818 2304 pro
2866 2221 3087 2286 lubitu.
3150 2222 3227 2287 Et

598 2346 756 2393 sane
791 2330 858 2400 b.
890 2330 1230 2394 concilium
1261 2331 1315 2393 si
1345 2330 1655 2394 voluisset
1686 2330 1950 2395 definire
1982 2328 2262 2392 hominis
2294 2327 2414 2392 sub
2448 2328 2657 2408 gratia
2677 2329 3056 2405 libertatem,
3079 2348 3225 2393 eam

595 2434 830 2498 clarius
862 2436 1095 2501 docere
1130 2455 1263 2500 non
1294 2437 1625 2518 potuisset.
1661 2435 1760 2500 Ad
1794 2436 1957 2499 haec
1989 2454 2048 2504 c.
2084 2435 2366 2498 admissa
2392 2435 2779 2515 Janseniana
2799 2436 3222 2518 explicatione

595 2540 833 2605 inutilis
866 2547 1036 2607 esset
1069 2561 1281 2607 canon
1315 2551 1545 2607 contra
1577 2542 2027 2606 Lutherum
2062 2547 2126 2604 et
2158 2540 2589 2605 Calvinum
2621 2548 2916 2607 statutus.
2951 2544 3028 2606 Hi
3057 2544 3225 2608 enim

598 2666 726 2711 non
757 2649 1084 2730 negabant
1119 2650 1640 2732 cooperationem
1675 2649 2065 2714 necessitate
2088 2654 2432 2725 extortam,
2467 2649 2592 2722 sed,
2613 2649 2724 2714 lib
2743 2669 2963 2716 eram
2997 2668 3038 2715 a
3068 2660 3228 2716 nutu

595 2756 945 2820 voluntatis
977 2756 1385 2838 pendentem.
1452 2756 1798 2821 Praeterea
1832 2757 1904 2824 d.
1940 2755 2296 2820 secundum
2341 2756 2518 2819 illam
2552 2756 3044 2838 explicationem
3074 2759 3225 2825 lice·

596 2869 695 2927 ret
724 2864 967 2944 pariter
998 2863 1228 2938 dicere,
1266 2863 1468 2927 Deum
1501 2881 1693 2945 posse
1725 2881 2015 2945 peccare,
2061 2863 2117 2926 si
2163 2863 2317 2927 velit
2359 2862 2634 2945 ideoque
2667 2882 2809 2930 esse
2840 2865 3110 2930 liberum
3144 2868 3226 2932 ad

595 2969 1026 3051 peccandum:
1062 2989 1229 3052 quae
1248 2970 1552 3052 loquendi
1570 2972 1735 3034 ratio
1769 2972 2032 3035 omnino
2065 2971 2373 3036 abhorret
2394 2970 2476 3034 ab
2500 2972 2762 3035 auribus
2778 2973 3140 3038 christianis
3158 2980 3222 3062 ¹).

596 3076 809 3154 Quare
842 3096 907 3143 e.
942 3077 1007 3139 in
1040 3094 1177 3157 cap.
1215 3080 1256 3144 5
1291 3078 1376 3162 (n.
1418 3077 1567 3164 101)
1603 3077 1913 3159 parallelo
1948 3079 2328 3142 omittuntur
2358 3076 2558 3142 verba
2589 3077 2661 3153 ,si
2693 3078 2877 3144 velit‘.
2925 3079 3020 3144 Ita
3052 3081 3223 3144 enim

596 3182 892 3261 legimus:
948 3202 1195 3265 „neque
1240 3183 1440 3246 homo
1488 3184 1624 3265 ipse
1671 3184 1827 3248 nihil
1879 3185 2142 3248 omnino
2176 3184 2306 3265 agit
2336 3184 2820 3265 inspirationem
2852 3186 3027 3250 illam
3060 3190 3222 3253 reci·
3277 3261 3280 3264 ,

594 3289 793 3369 pienS,
826 3290 1060 3372 quippe
1106 3290 1215 3372 qui
1249 3290 1423 3354 illam
1457 3297 1521 3356 et
1551 3291 1831 3371 abjicere
1865 3296 2198 3373 potest.⁴¹
2269 3290 2433 3370 Ergo
2485 3290 2782 3355 absolute
2832 3310 3058 3357 verum
3109 3302 3224 3370 est,

596 3395 923 3462 hominem
957 3396 1076 3460 sub
1113 3399 1320 3478 gratia
1351 3399 1774 3462 constitutum
1822 3416 2014 3480 posse
2046 3398 2402 3474 dissentire,
2453 3398 2625 3480 quod
2657 3399 3009 3463 secundum
3041 3402 3076 3466 J
3094 3420 3225 3466 an-

595 3503 812 3566 senii
843 3503 1336 3586 explicationem
1370 3504 1599 3569 falsum
1650 3512 1762 3570 est.
1827 3505 1989 3587 Ergo
2039 3504 2393 3570 secundum
2443 3522 2622 3568 conc.
2676 3505 3224 3572 tridentinum

598 3609 804 3688 gratia
834 3611 1291 3677 necessitatem
1323 3630 1455 3676 non
1487 3612 1692 3676 infert.
1758 3612 1846 3677 Cf.
1882 3612 2224 3676 Bastida
2256 3611 2430 3694 apud
2462 3611 2733 3694 Meyer
2765 3612 2862 3687 VI,
2897 3621 2955 3682 9.

777 3759 921 3824 111.
971 3757 1229 3826 'rhesis
1281 3755 1604 3827 CXCIII.
1633 3780 1875 3832 Nemus
1900 3781 2088 3833 inter
2113 3784 2424 3847 aratiam
2454 3783 2618 3835 boni
2640 3782 2874 3847 operis
2892 3781 3226 3833 liberam-

594 3878 726 3930 que
764 3878 1036 3932 eorum,
1072 3871 1197 3934 qui
1234 3870 1403 3922 bene
1443 3872 1857 3935 operantur,
1895 3869 2350 3936 voluntatem,
2385 3875 2646 3924 nonest
2668 3883 2756 3921 ex
2786 3882 2932 3922 sese
2950 3870 3227 3933 infalli-

593 3953 779 4019 bilis,
810 3958 933 4010 sed
960 3956 1329 4022 ejusmodi,
1363 3959 1487 4024 qui
1521 3971 1683 4011 cum
1727 3959 1814 4011 de
1843 3958 2037 4020 facto
2074 3960 2284 4024 adsit,
2321 3960 2555 4013 abesse
2591 3972 2862 4026 quoque
2897 3960 3227 4025 potuerit.

818 4211 853 4279 ¹)
875 4207 1031 4262 Belle
1051 4207 1176 4277 jam
1200 4207 1305 4262 Th.
1335 4208 1734 4265 Waldensis
1755 4209 2001 4266 doctrin.
2030 4215 2070 4270 t.
2105 4220 2129 4268 1
2160 4213 2197 4267 l.
2231 4220 2255 4268 1
2283 4229 2334 4268 c.
2364 4220 2426 4268 15
2453 4210 2640 4267 simile
2667 4210 2955 4283 sophisma
2976 4211 3227 4267 wicleffi-

596 4289 784 4341 tarum
806 4287 1038 4343 irridet:
1081 4288 1234 4352 „Sub
1272 4291 1380 4344 hac
1420 4290 1611 4360 glossa
1652 4291 1947 4346 communi
1975 4295 2182 4363 ,potest
2205 4291 2252 4346 si
2281 4293 2425 4347 vult‘
2455 4291 2655 4346 sedent
2679 4308 2876 4348 omnes
2902 4292 3227 4348 wicleffitae

595 4366 796 4432 securi,
827 4383 941 4420 non
968 4371 1162 4422 tamen
1189 4368 1342 4424 sicut
1368 4369 1523 4426 Elias
1541 4372 1651 4426 sub
1662 4371 1928 4442 juniperi
1945 4374 2164 4437 umbra,
2186 4372 2282 4427 sed
2305 4373 2458 4427 sicut
2475 4372 2652 4427 Jonas
2672 4373 2779 4427 sub
2801 4373 3029 4428 hedera.
3058 4375 3227 4428 Acce·

595 4447 697 4501 dat
720 4446 905 4518 igitur
928 4448 1139 4505 vermis
1164 4448 1281 4516 ille,
1309 4451 1412 4521 qui
1441 4455 1527 4506 est
1553 4452 1741 4523 prima
1771 4452 2000 4518 veritas,
2029 4453 2290 4517 mentiar,
2335 4453 2384 4508 si
2410 4454 2628 4510 radices
2653 4455 2831 4525 hujus
2857 4454 3081 4523 glossae
3109 4472 3225 4511 non

595 4527 871 4594 comedat,
898 4530 1052 4584 unde
1079 4530 1260 4586 herba
1298 4533 1622 4587 marcescat.
1677 4532 1794 4587 Cur
1831 4549 2006 4604 negas
2033 4532 2211 4588 Deum
2248 4551 2411 4605 posse
2437 4534 2714 4604 maj0rare
2740 4535 3040 4598 mundum,
3069 4536 3223 4603 quod

595 4610 787 4664 tamen
815 4612 1004 4681 potest
1028 4611 1075 4664 si
1099 4612 1265 4665 vult?
1291 4614 1383 4665 An
1404 4614 1544 4666 tunc
1564 4629 1679 4666 non
1702 4615 1908 4684 potest,
1930 4613 1975 4667 si
1999 4630 2129 4667 cum
2150 4615 2280 4669 vult
2295 4616 2518 4685 potest?
2544 4615 2692 4680 Non,
2713 4615 2925 4685 inquis.
2956 4616 3070 4671 Cur
3084 4617 3227 4672 hoc?

596 4687 742 4752 Quia
769 4707 883 4746 non
911 4691 1039 4745 vult
1065 4693 1122 4743 et
1149 4690 1297 4746 nihil
1323 4695 1515 4761 potest
1539 4692 1652 4748 nisi
1675 4693 1890 4749 volens.
1917 4693 2047 4748 Jam
2081 4710 2206 4749 ecce
2241 4695 2523 4765 supposui
2549 4696 2659 4750 tibi
2685 4696 2839 4765 quod
2868 4696 3051 4753 velit?
3078 4697 3227 4762 Non,

595 4768 807 4838 inquit,
834 4774 1025 4841 potest
1049 4771 1215 4837 velle,
1244 4772 1341 4827 sed
1368 4774 1415 4827 si
1446 4773 1574 4829 tult
1599 4776 1840 4843 pot-esta⁶
