3538 5364
571 324 699 388 368
809 315 993 368 Tract.
1024 316 1114 367 lx.
1145 315 1212 367 de
1241 313 1601 367 eucharistia.
1628 313 1826 366 Thesis
1854 312 2112 367 CCXXX.
2134 315 2203 365 de
2226 311 2603 366 eucharistiae
2624 311 2939 366 effectibus,

565 498 707 580 quis
738 516 909 559 meus
939 518 1074 560 vere
1105 504 1191 559 est
1218 503 1401 580 potus
1434 496 1553 581 (Jo.
1596 502 1654 572 6,
1675 496 1805 579 56).
1841 493 2034 558 Cibus
2067 500 2285 558 autem
2317 495 2781 577 praesupponit
2811 494 3029 571 vitam,
3063 515 3180 562 nec

570 604 760 668 datur
791 603 876 667 ad
906 604 1104 666 vitam
1138 602 1755 677 communicandam,
1803 602 1917 666 sed
1964 602 2046 664 ad
2093 602 2261 664 hanc
2306 602 2821 666 conservandam
2867 602 3180 667 roboran-

570 711 864 793 damque.
928 710 1205 791 Ideoque
1238 707 1526 773 Christus
1573 710 1709 789 eJus
1742 707 2016 772 fructum
2049 707 2363 787 significat
2407 709 2650 772 verbis:
2696 730 2823 771 non
2868 712 3182 794 morietur,

570 820 724 881 vivet
754 821 821 881 in
857 823 1197 899 aeternum,
1247 816 1478 898 quibus
1528 834 1661 880 non
1709 817 1880 879 vitae
1930 814 2276 891 inchoatio,
2322 814 2435 879 sed
2482 817 2966 896 perseverantia
2996 818 3061 882 in
3106 836 3185 882 ea

571 924 958 1005 exprimitur.
1022 922 1237 1003 Quare
1270 924 1323 986 si
1354 922 1650 1005 liturgiae
1697 932 1762 988 et
1807 930 2025 1004 patres
2070 931 2487 1004 peccatorum
2532 922 2976 989 remissionem
3022 925 3184 990 inter

571 1030 996 1095 eucharistiae
1026 1036 1368 1095 numerant
1388 1030 1665 1103 effectuS,
1687 1030 1859 1093 illam
1882 1030 2172 1094 tribuunt
2191 1028 2500 1093 sacrificio
2523 1030 2967 1094 eucharistico,
3000 1030 3185 1110 Quod

570 1138 623 1200 si
656 1135 1001 1219 loquuntur
1044 1138 1126 1203 de
1172 1138 1309 1218 ipso
1356 1144 1784 1211 sacramentO,
1829 1136 2089 1217 intelligi
2134 1136 2373 1200 debent
2419 1137 2516 1200 vel
2563 1137 2643 1202 de
2692 1138 3183 1219 consumptione

570 1244 1148 1324 concupiscentiae,
1184 1245 1282 1309 vel
1314 1245 1393 1310 de
1425 1244 1947 1326 praeservatione
1983 1263 2022 1307 a
2046 1245 2347 1325 peccatiS,
2380 1244 2480 1309 vel
2513 1245 2592 1308 de
2625 1245 3002 1309 remissione
3034 1264 3184 1326 pec-

570 1357 863 1414 catorum
894 1350 1415 1431 quotidianorum
1447 1352 1484 1413 i.
1518 1369 1569 1414 e.
1612 1350 1978 1425 venialium,
2019 1350 2119 1414 vel
2155 1351 2351 1416 etiam
2383 1351 2690 1431 gravium,
2722 1352 2834 1416 sed
2869 1371 2983 1433 per
3016 1352 3184 1415 acci-

570 1457 730 1520 dens
756 1456 942 1538 juxta
974 1457 1146 1521 dicta
1178 1478 1235 1520 n.
1271 1463 1454 1527 267⁴.

748 1569 895 1634 386.
929 1565 1475 1633 Demonstratio
1509 1585 1576 1650 Ρ.
1609 1567 1711 1632 ΙΙ.
1743 1565 1904 1629 Cum
1936 1572 2347 1630 sacramenta
2379 1566 2600 1629 omnia
2630 1584 2762 1629 non
2793 1565 3179 1647 ponentibus

571 1669 823 1734 obicem
856 1670 1128 1751 gratiam
1161 1670 1514 1746 conferant,
1548 1679 1613 1736 et
1643 1690 1791 1735 cum
1838 1673 1963 1736 hoc
2011 1679 2486 1737 sacramentum
2532 1672 2894 1738 institutum
2942 1692 3073 1736 non
3103 1674 3187 1736 sit

570 1776 654 1840 ad
685 1776 1140 1842 conferendam
1173 1779 1444 1859 gratiam
1476 1779 1766 1861 primam,
1800 1779 2114 1861 reliquum
2147 1786 2262 1855 est,
2312 1786 2383 1843 ut
2415 1778 2704 1843 conferat
2749 1780 3023 1860 gratiam
3067 1799 3183 1845 se·

570 1884 777 1947 cund
796 1902 914 1947 am
945 1904 1059 1949 seu
1092 1886 1337 1965 gratiae
1368 1892 1799 1967 augmentum.
1863 1885 2210 1965 Quaeritur
2242 1893 2459 1950 autem

751 1990 811 2061 l.
856 2016 995 2055 num
1038 1999 1140 2056 hoc
1183 2007 1611 2057 sacramentum
1659 2000 1870 2058 saltem
1904 2017 2009 2075 per
2041 1998 2310 2057 accidens
2342 2000 2600 2071 conferat
2625 2001 2884 2075 qratiam
2907 2000 3187 2073 primam.

569 2084 661 2143 Ad
693 2086 843 2144 hanc
874 2088 1281 2161 quaestionem
1312 2088 1726 2164 respondimus
1760 2107 1943 2164 supra
1973 2108 2034 2151 n.
2071 2089 2249 2150 2674.
2317 2086 2639 2156 Quaeritur

747 2169 811 2240 2.
856 2194 997 2233 num
1043 2177 1392 2236 eucharistia
1422 2179 1682 2251 conferat
1710 2181 1969 2254 qratiam
2001 2179 2174 2235 etiam
2205 2177 2546 2253 infantibus,
2596 2176 2647 2236 si
2690 2177 2776 2236 eis
2816 2176 3188 2253 praebeatur.

568 2264 807 2340 Negant
834 2266 1129 2337 nonnulli,
1171 2266 1330 2325 inter
1360 2283 1509 2342 quos
1539 2270 1601 2325 et
1633 2266 1679 2324 Ο
1699 2266 1935 2325 swald
1970 2261 2102 2345 (qui
2134 2268 2332 2324 tamen
2366 2285 2486 2324 non
2518 2269 2698 2343 negat
2727 2266 2876 2324 alios
2927 2266 3190 2335 effectuS,

570 2352 777 2427 quales
821 2372 907 2411 ex.
953 2373 1041 2431 gr.
1088 2356 1534 2414 sacramentalia
1580 2349 1938 2439 conferunt).
2002 2355 2307 2414 Sententia
2350 2357 2549 2413 tamen
2580 2354 2946 2431 probabilior
2977 2373 3191 2413 secun-

572 2441 714 2500 dum
748 2441 1024 2501 Suarez
1056 2444 1203 2521 disp.
1232 2453 1310 2505 62
1348 2463 1394 2507 ε.
1428 2454 1485 2516 4,
1518 2444 1759 2503 omnino
1791 2464 1932 2503 vera
1963 2446 2286 2503 secundum
2319 2444 2526 2521 Lugo
2559 2444 2709 2519 disp.
2751 2452 2824 2507 13
2861 2461 2906 2502 a.
2944 2453 3000 2514 2,
3032 2449 3196 2502 certa

570 2531 894 2590 secundum
927 2533 1264 2591 Perrone
1297 2553 1355 2595 n.
1379 2543 1522 2602 220,
1556 2533 1828 2604 affirmat,
1861 2535 1993 2591 tum
2023 2534 2166 2608 quia
2197 2548 2258 2597 a.
2294 2537 2657 2592 sacramenta
2687 2552 2804 2591 non
2824 2532 3192 2608 ponentibus

571 2620 796 2679 obicem
829 2620 1143 2680 conferunt
1172 2623 1454 2700 gratiam3
1500 2626 1632 2680 tum
1678 2619 1749 2686 b.
1798 2625 2040 2699 propter
2083 2622 2313 2699 praxim
2353 2622 2633 2699 antiquae
2665 2621 2957 2681 Ecclesiae
2989 2622 3190 2681 confe-

570 2710 741 2769 rendi
773 2710 895 2769 illis
928 2712 1366 2781 eucharistiam,
1402 2715 1464 2769 et
1496 2727 1556 2775 (3.
1590 2716 1834 2787 propter
1864 2711 2193 2788 analogiam
2225 2731 2360 2771 cum
2393 2711 2854 2771 confirmatione.

748 2795 815 2863 3.
864 2799 1198 2872 Quaeritur,
1246 2803 1485 2878 quinam
1529 2803 1646 2859 sint
1691 2801 1926 2873 effectus
1961 2803 2202 2877 proprii
2232 2801 2404 2875 hujus
2434 2804 2802 2864 sacramenti.
2865 2802 2934 2859 In
2979 2801 3191 2876 primis

570 2907 709 2966 ergo
740 2889 1068 2949 tenendum
1100 2893 1205 2959 est,
1241 2891 1371 2965 ejus
1403 2890 1645 2948 effectus
1677 2890 1852 2965 plane
1886 2909 2012 2949 esse
2033 2893 2419 2966 praestantes»,
2456 2893 2526 2948 ut
2556 2894 2721 2966 patet
2751 2895 2880 2949 tum
2914 2909 2986 2948 ex
3018 2890 3194 2949 dictis

570 2997 628 3040 ιι
664 2987 809 3048 326,
841 2981 973 3036 ιιιιιι
1006 2997 1074 3036 ex
1108 2979 1182 3036 iis
1215 2997 1365 3079 quae
1398 2978 1570 3038 docet
1601 2980 1992 3038 catechismus
2024 2980 2201 3037 trid.
2234 3000 2290 3055 p.
2329 2989 2362 3041 2
2399 2998 2444 3038 c.
2479 2990 2517 3042 4
2550 2999 2607 3037 ιι.
2645 2989 2758 3042 48:
2810 2979 3001 3047 ,Vere
3031 2979 3189 3037 enim

571 3084 638 3123 ac
670 3066 997 3126 necessario
1029 3067 1161 3125 fons
1194 3067 1457 3127 omnium
1492 3068 1821 3145 gratiarum
1865 3068 2111 3128 dicenda
2154 3076 2246 3127 est
2296 3063 2739 3151 (eucharistia):
2787 3086 2920 3126 cum
2967 3067 3190 3126 fontem

573 3157 770 3229 ipsum
802 3156 1147 3214 coelestium
1180 3156 1598 3216 charismatum
1632 3163 1692 3216 et
1724 3158 2015 3216 donorum
2047 3158 2433 3232 omniumque
2455 3161 2953 3216 sacramentorum
2985 3161 3190 3215 aucto-

570 3263 696 3301 rem
715 3244 1015 3302 Christum
1035 3245 1350 3304 Dominum
1368 3246 1703 3305 admirabili
1721 3247 1930 3306 modo
1915 3247 1995 3305 ιιι·
2001 3265 2064 3306 se
2082 3248 2398 3316 contineat,
2432 3267 2467 3304 a
2497 3265 2617 3322 quo
2647 3249 2934 3320 tanquam
2967 3265 3001 3303 a
3029 3245 3191 3305 fonte

572 3334 645 3392 ad
676 3334 794 3392 alia
825 3339 1189 3393 sacramenta
1218 3335 1509 3412 quidquid
1539 3336 1682 3395 boni
1710 3342 1774 3395 et
1801 3336 2181 3412 perfectionis
2214 3335 2437 3395 habent
2455 3335 2819 3394 derivata<
2868 3335 3194 3393 Recensitis

574 3441 711 3481 vero
741 3423 1045 3482 nonnullis
1076 3424 1384 3483 effectibus
1416 3425 1718 3484 concludit
1748 3446 1807 3488 n.
1845 3435 1957 3488 56:
2008 3427 2194 3495 ,Cum
2240 3444 2340 3484 eos
2379 3426 2518 3501 jure
2563 3443 2630 3482 ac
2676 3423 2887 3482 merito
2919 3424 3190 3484 beatissi-

573 3530 697 3570 mos
730 3512 917 3571 fuisse
949 3513 1373 3583 existimamus,
1407 3514 1469 3572 in
1505 3533 1756 3588 quorum
1792 3517 1949 3572 tecta
1978 3515 2250 3574 mortalis
2282 3516 2555 3589 receptus
2587 3517 2679 3571 est
2711 3509 3048 3593 (Christus),
3096 3514 3189 3571 vel

571 3601 678 3676 qui
708 3601 874 3660 illius
907 3602 1088 3660 vestis
1123 3605 1227 3661 aut
1258 3602 1525 3661 fimbriae
1544 3607 1710 3663 tactu
1730 3604 2044 3662 sanitatem
2066 3606 2523 3679 recuperarunt:
2557 3602 2749 3660 multo
2768 3620 2877 3660 nos
2898 3602 3187 3661 beatiores

572 3694 633 3749 et
677 3691 969 3750 feliciores
1015 3710 1162 3762 esse,
1210 3692 1272 3750 in
1318 3711 1572 3766 quorum
1605 3693 1860 3751 animam
1891 3693 2210 3751 immortali
2241 3692 2433 3769 gloria
2464 3691 2772 3766 praeditus
2806 3692 3041 3768 ingredi
3072 3709 3191 3751 non

572 3784 873 3857 gravatur,
908 3785 981 3839 ut
1011 3782 1141 3856 ejus
1173 3782 1422 3839 vulnera
1454 3785 1624 3839 sanet
1656 3782 1858 3840 omnia
1888 3801 2134 3856 eamque
2155 3781 2538 3856 amplissimis
2556 3780 2907 3838 muneribus
2927 3783 3192 3839 ornatam

573 3870 690 3927 sibi
735 3871 1118 3946 conjungat<
1185 3870 1396 3928 Merito
1443 3870 1559 3928 huo
1604 3871 1820 3930 referes
1852 3870 2024 3928 Pauli
2056 3870 2236 3929 verba
2267 3871 2428 3929 Rom.
2465 3879 2522 3940 8,
2575 3878 2687 3931 32:
2738 3869 3028 3941 Quomodo
3077 3888 3193 3928 non

572 3962 745 4018 etiam
774 3979 904 4017 cum
934 3961 1031 4017 illo
1063 3955 1264 4040 (Filio)
1299 3961 1494 4017 omnia
1527 3960 1689 4017 nobis
1718 3959 1997 4018 donavit?
2044 3959 2106 4017 Si
2151 3959 2420 4017 Christus
2465 3976 2527 4016 se
2559 3958 2754 4034 ipsum
2786 3958 2956 4016 nobis
2987 3959 3052 4017 in
3083 3959 3194 4018 hoc

574 4055 936 4107 sacramento
969 4049 1167 4118 donat,
1204 4047 1452 4106 donabit
1482 4049 1744 4124 profecto
1779 4052 1840 4106 et
1871 4048 2001 4107 alia.
2065 4048 2146 4109 Cf.
2179 4067 2222 4106 s,
2256 4047 2505 4106 Thomas
2543 4057 2576 4110 3
2614 4067 2668 4121 q.
2706 4057 2782 4109 79
2819 4067 2869 4108 a.
2911 4060 2962 4110 1.

750 4156 897 4218 387.
933 4149 1012 4214 Ut
1046 4158 1264 4214 autem
1294 4151 1360 4213 in
1392 4150 1762 4230 particulari
1791 4151 2095 4231 proprios
2118 4149 2434 4232 quosdam
2455 4150 2646 4230 hujus
2665 4151 3057 4213 sacramenti
3089 4169 3193 4215 re-

574 4276 955 4323 censeamus
988 4257 1268 4334 ess'ectuS,
1301 4275 1446 4322 cum
1479 4258 1844 4338 Eugenio
1878 4257 1977 4320 IV.
2011 4257 2078 4320 in
2111 4255 2288 4320 instr.
2321 4275 2439 4338 pro
2473 4275 2628 4320 arm.
2664 4255 2981 4319 affirmare
3014 4257 3195 4320 licet:

582 4360 891 4437 ‚Omnem
924 4364 1234 4440 effectum,
1268 4383 1460 4448 quem
1493 4364 1840 4429 materialis
1874 4364 2055 4427 cibus
2077 4370 2140 4428 et
2164 4371 2353 4445 potus
2376 4364 2590 4446 quoad
2612 4364 2810 4426 vitam
2832 4370 3029 4443 agunt
3048 4380 3192 4426 cor·

573 4472 862 4552 poralem
893 4473 1333 4549 sustentando,
1380 4471 1693 4552 augendO,
1740 4469 2105 4552 reparando
2155 4478 2218 4535 et
2267 4470 2665 4546 delectandO,
2711 4459 3190 4534 sacramentum

575 4579 705 4664 hoc·
729 4579 945 4661 quoad
976 4580 1175 4644 vitam
1210 4582 1462 4662 operari
1496 4581 1950 4662 spiritualem«
2022 4579 2239 4660 Quare

756 4685 820 4754 1.
854 4687 1043 4768 hujus
1075 4689 1464 4752 sacramenti
1497 4694 1594 4752 est
1628 4690 1822 4752 vitam
1855 4704 2365 4751 conservare
2416 4684 2842 4767 spiritualem:
2887 4702 3040 4748 nam
3087 4685 3195 4768 qui

576 4795 915 4857 manducat
945 4801 1103 4858 hemo
1122 4816 1376 4880 panem,
1410 4798 1563 4857 vivet
1593 4798 1661 4857 in
1695 4803 2012 4859 aeternum
2034 4796 2126 4859 Jo.
2151 4800 2208 4870 6,
2231 4798 2333 4862 59.
2369 4793 2725 4857 Conservat
2757 4799 2975 4856 autem
3006 4809 3193 4872 prae-
