3538 5364
330 2084 462 2234 <fia

447 2100 823 2171 Jstffaztatth.
856 2113 944 2172 ed.
976 2114 1152 2215 lqu
1173 2115 1301 2172 Bat.
1345 2124 1506 2178 1706
1542 2133 1678 2190 opp.
1711 2116 1752 2173 t.
1792 2125 1822 2176 7
1874 2114 2117 2172 innixus
2160 2113 2477 2189 principi0,
2524 2114 2822 2173 neminem
2855 2113 3115 2174 invitum
3164 2115 3235 2172 ad

622 263 751 327 276
1179 254 1363 309 Tract.
1390 256 1483 308 IX.
1508 255 1578 309 de
1608 254 1910 326 baptismo.
1937 251 2136 306 'rhesis
2164 251 2400 307 CCXVI.
2428 254 2684 308 Infantes

619 444 830 500 zantur
859 441 974 501 fide
1006 442 1245 500 omnino
1278 444 1534 511 careant,
1582 441 1710 499 sine
1755 458 1875 515 qua
1918 439 2288 514 impossibile
2333 442 2427 498 est
2470 441 2566 498 vel
2612 440 2771 515 ipsos
2819 440 3055 515 placere
3090 441 3244 499 Deo:

619 530 720 589 sed
740 531 1052 590 salvantur
1082 534 1144 589 et
1173 531 1289 606 ipsi
1319 550 1424 607 per
1451 529 1645 600 fidem,
1679 547 1797 587 non
1819 532 2020 588 tamen
2038 547 2222 599 suam,
2257 529 2359 587 sed
2380 528 2633 587 alienam
2648 524 2713 608 1).
2746 528 3011 604 Dignum
3033 548 3249 605 nempe

619 622 710 678 est
738 622 801 679 et
829 619 904 678 ad
934 620 1042 679 Dei
1075 621 1306 697 spectat
1335 619 1791 696 benignitatem,
1837 621 1909 676 ut
1952 618 2172 692 quibus
2217 617 2393 676 fidem
2437 619 2599 677 aetas
2631 617 2888 694 denegat
2916 620 3245 693 propriam,

619 709 812 785 gratia
853 709 1135 783 prodesse
1179 708 1462 768 concedat
1505 708 1776 766 alienam.
1838 706 1962 766 Nec
2005 707 2167 765 enim
2198 706 2638 783 omnipotentis
2662 706 2909 782 justitia
2939 707 3243 783 propriam

616 801 794 873 putat
837 798 911 856 ab
956 798 1049 856 his
1096 798 1445 875 exigendam
1489 796 1685 873 fidem,
1735 814 1883 869 quos
1928 796 2099 854 novit
2142 797 2445 872 propriam
2477 796 2704 854 nullam
2737 796 2954 854 babere
2988 796 3246 872 culpam.

618 886 799 946 Porro
829 888 1024 946 aliena
1053 905 1202 963 opus
1232 891 1326 946 est
1355 886 1486 958 fide,
1534 904 1669 946 cum
1715 886 1843 944 sine
1877 885 2048 944 sorde
2078 903 2200 943 non
2230 888 2551 944 nascantur
2581 885 2775 943 aliena
2807 929 2820 941 .
2855 928 2869 941 .
2904 929 2916 942 .
2964 885 3090 944 Nec
3136 886 3245 943 du-

615 975 803 1045 bium,
850 976 1006 1052 quod
1038 976 1271 1034 macula
1302 978 1603 1035 contracta
1646 976 1720 1033 ab
1766 972 1918 1047 aliis,
1964 974 2219 1032 aliorum
2266 992 2504 1049 quoque
2533 973 2648 1034 fide
2678 974 2876 1033 valeat
2904 974 3001 1032 vel
3031 974 3250 1033 debeat

617 1065 988 1126 emundari}
1028 1099 1108 1108 —
1141 1064 1620 1140 Paedobaptismi
1654 1063 1880 1140 praxim
1912 1066 2221 1129 testantur
2264 1063 2360 1121 vel
2406 1063 2822 1140 inscriptiones
2857 1063 3244 1139 sepulcr-alea,

617 1172 867 1228 quarum
902 1155 1224 1230 specimina
1254 1153 1494 1213 exhibet
1513 1153 1885 1212 Kirchenlex.
1911 1162 1941 1215 7
1959 1152 2001 1223 ²,
2030 1162 2172 1216 791.
2207 1151 2286 1211 Cf.
2316 1152 2595 1229 egregius
2629 1171 2821 1211 sermo
2847 1162 2879 1215 7
2916 1152 2964 1210 Ε
2982 1153 3070 1211 cb
3088 1154 3246 1211 erti

617 1242 937 1320 schonaug.
975 1239 1112 1324 (sec.
1132 1243 1245 1301 XII
1267 1242 1441 1320 Mig.
1469 1252 1611 1312 195,
1646 1238 1755 1323 41)
1788 1241 2076 1300 adversus
2108 1241 2410 1311 catharos;
2443 1241 2579 1304 Nat.
2612 1242 2908 1299 Alexan
2930 1241 3066 1299 der
3097 1240 3245 1300 diss,

625 1340 699 1394 13
733 1331 797 1390 in
829 1350 940 1390 sec.
973 1333 1100 1390 XII.
1132 1336 1194 1391 et
1224 1333 1380 1390 XIII.
1421 1332 1494 1390 de
1538 1332 1699 1407 bapt.
1731 1330 2053 1389 infantium
2085 1333 2294 1389 contra
2324 1330 2848 1406 petrobrussianos
2880 1330 2944 1388 in
2977 1331 3243 1389 walden-

524 1447 542 1465 ι
618 1420 785 1479 sibus
818 1424 925 1481 ete.
959 1421 1275 1481 redivivos.
1337 1421 1420 1480 Cf.
1452 1441 1498 1479 s.
1529 1420 1852 1479 Thomas
1887 1428 1923 1481 3
1960 1438 2016 1495 q.
2052 1429 2131 1483 68
2167 1438 2215 1480 a.
2254 1430 2309 1481 9.

798 1554 941 1607 314.
975 1545 1121 1604 Cum
1153 1563 1293 1621 ergo
1324 1544 1583 1603 infantes
1615 1543 1811 1602 valide
1842 1544 2234 1619 baptizentur,
2281 1561 2404 1602 non
2450 1544 2592 1602 licet
2630 1562 2749 1614 eos,
2797 1562 2934 1603 cum
2965 1544 3242 1603 adoleve-

615 1632 755 1703 rint,
788 1633 1180 1708 rebaptizare3
1211 1653 1348 1692 nam
1381 1633 1644 1693 Ecclesia
1674 1633 1888 1708 quovis
1917 1637 2181 1708 tempore
2213 1632 2496 1708 baptismi
2529 1633 2901 1692 iterationem
2933 1633 3243 1693 exhorruit

617 1716 700 1801 (n.
726 1718 932 1803 2702).
980 1722 1119 1782 Ideo
1150 1740 1307 1782 conc.
1341 1723 1519 1782 trid.
1551 1722 1769 1782 statuit
1800 1740 1942 1783 sess,
1984 1732 2014 1784 7
2051 1740 2175 1780 can.
2220 1733 2283 1785 11
2312 1742 2326 1780 ε
2362 1722 2467 1790 ,Si
2501 1722 2637 1796 quis
2671 1721 2903 1793 dixerit,
2936 1742 3148 1781 verum
3182 1726 3245 1781 et

614 1809 729 1869 rite
761 1811 1045 1870 collatum
1075 1812 1442 1887 baptismum
1473 1811 1813 1871 iterandum
1845 1829 1974 1870 esse
2005 1811 2110 1881 illi,
2159 1811 2265 1886 qui
2311 1811 2467 1887 apud
2507 1810 2775 1869 infideles
2813 1811 3029 1870 Christi
3062 1811 3235 1870 fidem

614 1899 921 1976 negaverit
950 1903 1012 1959 et
1043 1900 1116 1958 ad
1146 1901 1572 1977 poenitentiam
1604 1901 1949 1971 revertitur,
1985 1901 2054 1958 A.
2087 1900 2186 1960 S.‘

796 2032 941 2087 315.
986 2021 1533 2089 Demonstratlo
1565 2040 1636 2106 1).
1671 2019 1777 2088 II.
1842 2025 2200 2083 Erasmus
2248 2023 2312 2082 in
2359 2024 2541 2099 praef.
2585 2025 2659 2083 ad
2703 2026 2976 2101 paraphr.
3027 2024 3090 2082 in
3136 2026 3237 2088 Ev,

615 2202 845 2278 aliquid
889 2204 963 2261 ab
1008 2204 1124 2262 alio
1168 2205 1298 2278 ejus
1338 2203 1577 2262 nomine
1607 2204 1965 2280 promissum
1997 2202 2351 2261 servandum
2384 2202 2637 2280 obligari
2669 2220 2860 2279 posse,
2908 2204 3234 2269 contendit,

612 2291 1065 2369 interrogandos
1097 2310 1226 2351 esse
1257 2293 1556 2368 parvulOS,
1592 2311 1727 2351 cum
1761 2292 1836 2350 ad
1868 2310 2052 2351 annos
2084 2290 2463 2350 discretionis
2480 2292 2881 2366 pervenerint,
2919 2295 3238 2361 ,ratumne

614 2380 887 2452 habeant,
921 2380 1083 2456 quod
1102 2383 1471 2457 susceptores
1490 2382 1727 2441 illorum
1749 2381 1991 2440 nomine
2012 2380 2262 2457 polliciti
2283 2383 2430 2439 sunt
2456 2381 2519 2438 in
2543 2380 2869 2457 baptismo:
2906 2382 2959 2440 si
2989 2399 3239 2457 respon-

614 2469 810 2539 deant,
845 2488 907 2529 se
940 2473 1136 2529 ratum
1170 2471 1399 2538 habere,
1432 2473 1579 2529 tunc
1607 2471 1844 2547 publice
1872 2472 2194 2529 renovetur
2223 2488 2292 2529 ea
2320 2468 2682 2544 professi03‘¹
2718 2469 2877 2545 quod
2913 2471 2964 2529 si
2997 2475 3236 2546 negent,

615 2558 893 2618 omnibus
923 2559 1136 2619 mediis
1166 2559 1391 2618 frustra
1421 2559 1727 2637 adhibitis,
1762 2559 2096 2618 concludit:
2129 2558 2463 2634 ,Expediet
2494 2558 2631 2617 illos
2662 2577 2783 2617 non
2814 2559 2961 2635 cogi,
2996 2559 3098 2618 sed
3130 2579 3242 2618 suo

612 2646 874 2724 relinqui
894 2648 1109 2720 anim0,
1143 2649 1329 2709 donec
1347 2647 1728 2726 resipiscant:
1761 2666 1871 2708 nec
1901 2648 1974 2707 ad
2005 2648 2181 2707 aliam
2213 2647 2455 2707 interim
2484 2648 2681 2708 vocari
2715 2667 2980 2725 poenam,
3015 2648 3137 2707 nisi
3168 2653 3243 2708 ut

612 2737 686 2795 ab
717 2738 1078 2797 eucharistia
1109 2738 1397 2797 sumenda
1427 2738 1799 2814 reliquisque
1830 2738 2216 2798 sacramentis
2249 2741 2575 2801 arceantur.
2593 2746 2619 2775 ‘
2683 2738 2900 2797 Verum
2943 2757 3072 2797 eam
3103 2758 3238 2814 pra-

611 2826 729 2884 xim
763 2827 1069 2886 damnavit
1112 2827 1428 2887 concilium
1472 2827 1651 2885 trid.
1699 2845 1837 2887 sess,
1875 2838 1906 2891 7
1944 2845 2068 2885 can.
2110 2836 2215 2889 14:
2271 2826 2375 2895 ,Si
2424 2828 2561 2902 quis
2613 2827 2843 2896 dixerit,
2890 2828 3237 2902 hujusmodi

614 2915 891 2991 parvulos
938 2916 1287 2991 baptizatos,
1340 2934 1475 2974 cum
1519 2915 1903 2987 adoleverint,
1951 2915 2403 2992 interrogandos
2450 2934 2589 2987 esse,
2643 2936 2718 2974 an
2768 2919 2966 2975 ratum
3021 2916 3239 2976 habere

610 3005 818 3076 velint,
849 3004 1009 3079 quod
1042 3003 1266 3080 patrini
1298 3022 1505 3063 eorum
1536 3004 1793 3076 nomine,
1827 3005 1969 3063 dum
2005 3003 2468 3080 baptizarentur,
2501 3005 2755 3081 polliciti
2790 3009 2965 3064 sunt:
3020 3009 3081 3063 et
3129 3007 3237 3065 ubi

613 3111 674 3152 se
708 3094 866 3151 nolle
885 3093 1319 3168 responderint,
1355 3111 1463 3152 suo
1495 3111 1623 3153 esse
1654 3094 1902 3152 arbitrio
1920 3093 2349 3169 relinquendos
2382 3112 2490 3152 nec
2520 3095 2637 3152 alia
2668 3094 2911 3153 interim
2942 3112 3133 3170 poena
3164 3095 3235 3153 acl

612 3181 994 3240 christianam
1012 3182 1196 3241 vitam
1217 3183 1532 3259 cogendos,
1566 3183 1686 3242 nisi
1718 3186 1790 3241 ut
1820 3184 1894 3242 ab
1925 3183 2315 3243 eucharistiae
2334 3183 2711 3259 aliorumque
2732 3187 3233 3242 sacramentorum

610 3270 988 3346 perceptione
1018 3274 1350 3342 arceantur,
1381 3272 1566 3331 donec
1594 3272 1964 3348 resipiscant,
1997 3275 2064 3334 A.
2100 3273 2198 3336 S,‹
2248 3272 2329 3330 Cf.
2362 3267 2542 3330 etiam
2574 3290 2696 3331 can.
2733 3282 2767 3337 8
2804 3276 2865 3331 et
2896 3273 3237 3331 Perrone

611 3358 768 3416 VIII.
802 3358 874 3417 de
905 3358 1068 3434 bapt.
1102 3379 1148 3424 0.
1185 3370 1242 3421 4.

788 3482 934 3546 316.
971 3477 1034 3545 1.
1069 3477 1347 3544 Infantes
1377 3499 1605 3545 revera
1633 3481 1758 3543 hac
1792 3481 1996 3545 teneri
2027 3480 2392 3562 sponsione,
2425 3480 2736 3561 probatur
2767 3500 2848 3546 ex
2891 3483 3038 3563 jure
3092 3502 3225 3546 na-

610 3589 867 3649 turae.
932 3583 1238 3651 Parentes
1280 3588 1450 3652 enim
1494 3593 1794 3652 tenentur
1837 3588 1938 3651 vel
1977 3588 2120 3668 jure
2166 3594 2439 3651 naturae
2484 3586 2833 3652 infantibus
2863 3589 3217 3653 consulere.

610 3692 914 3774 quamdiu
945 3693 1065 3756 sibi
1096 3693 1217 3775 ipsi
1246 3694 1584 3777 providere
1616 3702 1941 3777 nequeant
1974 3714 2069 3772 ea,
2105 3712 2272 3777 quae
2301 3695 2667 3758 necessaria
2687 3701 2836 3758 sunt
2856 3695 2937 3759 ad
2957 3695 3231 3760 salutem

608 3804 744 3863 turn
777 3800 1084 3881 eorporiS‚
1117 3807 1255 3865 tum
1286 3802 1559 3866 animae.
1591 3802 1785 3885 Atqui
1817 3803 1899 3865 ad
1932 3802 2208 3866 salutem
2228 3800 2484 3865 animae
2503 3800 2800 3866 absolute
2820 3803 3237 3866 necessarius

609 3913 707 3971 est
738 3906 1112 3988 baptismus.
1175 3909 1358 3972 Hunc
1401 3927 1552 3990 ergo
1586 3916 1887 3990 parentes
1936 3907 2286 3972 infantibus
2335 3928 2685 3990 procurare
2717 3908 2969 3973 debent.
3031 3908 3228 3990 Atqui

600 4015 745 4096 ,iure
777 4021 1047 4080 naturae
1080 4020 1381 4080 tenentur
1412 4017 1676 4097 parvuli,
1709 4034 1855 4080 curn
1890 4016 2309 4094 adoleverint,
2358 4036 2437 4082 ea
2482 4035 2741 4081 servare
2774 4022 2967 4096 pacta
3000 4023 3065 4079 et
3094 4014 3230 4078 sol-

608 4141 757 4186 vere
790 4121 1023 4198 debita,
1057 4141 1223 4205 quae
1257 4122 1322 4186 in
1353 4123 1691 4189 utilitatem
1738 4124 2164 4205 temporalem
2215 4143 2330 4205 pro
2379 4126 2533 4206 ipsis
2578 4124 2859 4187 inierunt
2902 4129 3227 4202 parentes,

830 4328 864 4394 ¹)
892 4324 1040 4377 Hinc
1068 4324 1337 4380 dicuntur
1364 4325 1613 4380 infantes
1658 4325 1749 4388 „in
1776 4326 1885 4378 fide
1914 4325 2228 4380 Ecclesiae-⁴
2264 4326 2563 4397 baptizari,
2606 4327 2759 4394 quod
2808 4324 3025 4396 triplici
3055 4343 3221 4378 sensu

609 4404 795 4472 accipi
820 4406 1039 4475 potest:
1081 4407 1134 4462 1.
1175 4422 1204 4459 e
1222 4406 1248 4458 f
1259 4405 1316 4458 fi
1333 4405 1444 4460 cie
1461 4425 1498 4459 n
1517 4408 1585 4459 te
1602 4424 1646 4468 r,
1687 4407 1826 4475 quia
1866 4406 2005 4459 fides
2034 4406 2314 4461 Ecclesiae
2342 4408 2411 4460 de
2440 4407 2793 4468 necessitate,
2835 4405 3091 4458 efficacia
3119 4411 3225 4459 etc.

610 4484 880 4555 baptismi
907 4489 990 4539 est
1016 4504 1203 4551 causa,
1225 4505 1324 4541 cur
1339 4487 1508 4541 etiam
1538 4487 1768 4557 parvuli
1799 4488 2186 4557 baptizentur:
2211 4489 2269 4545 2.
2292 4488 2624 4558 dispositi
2641 4504 2733 4551 ve,
2761 4486 2900 4555 quia
2924 4487 3061 4540 fides
3083 4504 3222 4555 quo·

609 4565 852 4618 rundam
879 4568 1258 4621 membrorum
1285 4566 1564 4623 Ecclesiae
1592 4570 1678 4622 est
1703 4567 1849 4621 ratio
1877 4584 2107 4622 movens
2135 4584 2244 4631 eos,
2274 4570 2341 4621 ut
2366 4568 2614 4621 infantes
2656 4568 2900 4621 offerant
2934 4566 3227 4636 baptizan-

608 4647 709 4699 dos
727 4667 738 4706 ;
764 4649 823 4703 3.-
851 4647 921 4700 fo
936 4664 964 4698 r
980 4666 1034 4700 m
1052 4663 1084 4700 a
1101 4648 1122 4700 1
1139 4647 1160 4701 i
1177 4652 1200 4701 t
1217 4664 1245 4701 e
1262 4666 1289 4701 r
1316 4650 1601 4717 quatenus
1629 4649 1949 4717 baptismus
1971 4651 2056 4701 est
2076 4651 2486 4703 sacramentum
2520 4647 2652 4701 fidei
2678 4647 2715 4699 i.
2743 4662 2789 4702 e.
2817 4645 3069 4716 practica
3100 4664 3226 4715 pro·

611 4726 777 4781 fessio
808 4725 938 4780 fidei
965 4730 1023 4781 et
1048 4727 1324 4797 sigillum,
1353 4745 1465 4796 quo
1494 4728 1623 4796 quis
1650 4728 1722 4781 ad
1749 4728 1918 4781 fidem
1947 4727 2160 4782 Christi
2187 4728 2564 4798 profitendam
2592 4726 2904 4797 obligatur,
