3538 5364
1018 289 1216 345 'rhesis
1243 288 1549 345 CCLXXV.
1579 289 1739 346 Beati
1766 294 2064 358 nequeunt
2088 307 2340 362 peccare.
2852 302 2981 367 641

357 473 512 546 vio,
562 473 776 534 Gotti
808 476 917 538 eto.
949 479 1190 552 negant,
1223 476 1328 535 alii
1357 495 1494 536 cum
1526 478 1805 537 Suarez
1840 479 2101 538 tuentur.
2165 478 2246 538 Cf.
2279 479 2715 543 Mazzellal.
2745 499 2791 539 c.
2823 479 2979 557 disp.

359 573 398 625 4
431 582 483 626 a
521 560 775 716 76.§All·ia
803 652 1042 712 demum
1073 656 1167 712 est
1196 655 1467 730 quaestio
1498 654 1743 732 majoris
1777 657 2081 728 momenti,
2113 656 2186 716 de
2218 675 2339 734 qua
2370 656 2452 715 sit

536 792 684 858 685
716 790 973 857 'rhesis
1004 788 1701 867 ochxv.1·ama
1741 818 1842 868 est
1878 814 2341 871 amandino
2390 817 2721 870 aeternae
2748 817 2984 880 soua-

355 903 487 965 ωε,
522 903 603 954 ut
638 899 825 955 boati
856 912 1150 966 peccare
1189 916 1335 957 mm
1366 904 1659 968 posunt.

535 1022 1110 1093 Demonstratlo.
1145 1019 1506 1106 Opponitur
1539 1024 1739 1089 thesis
1761 1024 1981 1101 errori,
2015 1024 2126 1106 qui
2158 1019 2212 1087 Ο
2232 1043 2266 1088 r
2283 1024 2304 1088 i
2318 1045 2357 1106 g
2373 1044 2408 1090 e
2425 1025 2505 1090 ni
2535 1026 2857 1103 tribuitur,
2876 1046 2981 1092 se-

357 1128 640 1192 cundum
670 1148 862 1212 quem
901 1175 928 1205 ,
936 1129 1242 1212 possibile
1273 1131 1544 1210 videtur,
1588 1137 1661 1195 ut
1693 1130 2113 1196 rationabiles
2158 1137 2448 1208 naturae,
2482 1150 2523 1195 a
2552 1133 2783 1217 quibus
2814 1152 2980 1198 nun-

358 1256 555 1321 quam
586 1238 870 1304 aufertur
898 1239 1082 1304 liberi
1114 1239 1359 1304 arbitrii
1412 1240 1702 1317 facultas,
1752 1240 2004 1323 possint
2052 1241 2287 1306 iterum
2336 1240 2656 1324 aliquibus
2701 1239 2980 1304 motibus

356 1344 711 1427 subjacere,
742 1345 1109 1427 indulgente
1137 1348 1262 1411 hoc
1293 1348 1505 1429 ipsum
1535 1346 1830 1425 Domino,
1861 1365 1943 1412 ne
1968 1346 2157 1433 forte,
2204 1346 2259 1411 si
2303 1345 2696 1413 immobilem
2727 1365 2983 1429 semper

361 1458 622 1517 teneant
652 1459 911 1530 statum,
944 1452 1239 1533 ignorent
1271 1472 1341 1519 se
1374 1453 1489 1520 Dei
1522 1455 1730 1535 gratia
1763 1461 1830 1519 et
1859 1472 1992 1518 non
2021 1472 2144 1518 sua
2162 1453 2393 1518 virtute
2413 1452 2479 1516 in
2499 1451 2607 1516 illo
2627 1452 2753 1518 fine
2772 1453 2979 1519 beati-

357 1558 594 1623 tudinis
626 1559 1006 1624 constitisse.
1068 1558 1244 1641 Quos
1276 1546 1493 1626 motus
1539 1562 1678 1626 sine
1709 1561 1907 1626 dubio
1940 1581 2195 1626 rursum
2227 1562 2509 1627 varietas
2540 1577 2883 1642 corporum
2916 1567 2980 1626 et

355 1666 696 1732 diversitas
726 1675 1170 1749 prosequetur,
1204 1686 1285 1733 ex
1315 1687 1444 1751 qua
1475 1669 1753 1735 mundus
1786 1688 2040 1752 semper
2072 1670 2469 1734 adornatur‘
2505 1676 2625 1733 etc.

540 1794 603 1860 1.
636 1791 957 1858 Probatur
987 1811 1069 1857 ex
1118 1794 1638 1860 aeternitate
1668 1792 2099 1859 beatitudinis.
2140 1793 2234 1857 Ea
2267 1794 2438 1859 enim
2469 1811 2601 1857 non
2633 1793 2843 1856 minus
2876 1802 2974 1858 est

357 1905 626 1963 aeterna
657 1918 855 1982 quam
887 1900 1217 1965 damnatio
1231 1902 1296 1987 ¹).
1360 1900 1603 1965 Dicitur
1649 1900 1821 1966 enim
1852 1901 1987 1966 vita
2018 1907 2304 1975 aeterna,
2336 1899 2881 1965 immarcescibilis
2916 1909 2980 1965 et

356 2005 853 2088 incorruptibilis
884 2023 1126 2072 corona
1176 2014 1372 2090 atque
1416 2007 1760 2083 hereditas,
1809 2007 2178 2071 substantia
2224 2024 2511 2083 manenS,
2558 2023 2755 2088 quam
2786 2024 2977 2071 nemo

363 2114 560 2189 tollet,
592 2111 903 2178 duratura
932 2114 999 2177 in
1028 2114 1249 2180 secula
1268 2114 1658 2189 seculorum,
1680 2115 2040 2191 thesauruS,
2062 2133 2255 2197 quem
2276 2131 2484 2196 neque
2506 2130 2746 2195 aerugo
2768 2131 2980 2195 neque

356 2221 533 2285 tinea
562 2220 918 2285 demolitur.
981 2220 1177 2303 Atqui
1226 2220 1402 2287 beati
1450 2222 1506 2285 si
1550 2239 1823 2303 peccare
1867 2227 2149 2302 possent,
2195 2220 2409 2301 gloria·
2429 2238 2686 2302 quoque
2715 2226 2982 2302 possent

357 2326 670 2403 excidere,
702 2345 854 2391 nam
888 2327 1086 2410 iniqui
1115 2345 1383 2408 regnum
1415 2327 1693 2393 coeleste
1724 2346 1857 2392 non
1887 2326 2220 2408 possident
2253 2327 2339 2413 (1.
2372 2325 2517 2390 Cor.
2552 2331 2610 2403 6,
2644 2327 2730 2413 9).
2763 2325 2979 2406 Quare

353 2450 503 2497 cum
536 2431 900 2498 felicissima
930 2433 1037 2498 illa
1067 2440 1242 2500 sorte
1273 2433 1664 2515 possibilitas
1696 2433 2009 2517 peccandi
2056 2452 2188 2497 non
2220 2432 2559 2509 cohaeret,
2607 2439 2671 2497 et
2702 2433 2867 2497 sicut
2897 2451 2977 2497 ex

355 2539 602 2604 inferno
635 2539 809 2605 nulla
831 2541 1217 2623 redemptio,
1250 2542 1341 2606 ita
1372 2560 1408 2606 e
1429 2539 1825 2606 beatitudine
1859 2541 2067 2605 nullus
2103 2541 2339 2622 lapsus,
2372 2539 2533 2603 Hinc
2554 2540 2750 2622 Apoc.
2772 2545 2875 2617 21,
2897 2544 2974 2607 4:

359 2648 441 2713 Et
457 2648 757 2734 absteryet
773 2649 947 2714 Deus
964 2669 1201 2715 omnem
1215 2648 1564 2736 lacrymam
1585 2648 1809 2737 (etiam
1827 2648 2346 2732 compunctionis
2362 2653 2426 2713 et
2446 2646 2709 2734 doloris)
2728 2645 2805 2711 ab
2822 2666 2969 2711 ocu-

354 2756 436 2820 lis
467 2777 699 2841 eorum,
731 2763 786 2820 et
816 2777 985 2820 mors
1017 2757 1173 2843 (qua
1201 2757 1331 2822 late
1362 2763 1561 2839 patet,
1608 2757 1672 2821 in
1704 2757 1924 2839 primis
1957 2775 2131 2820 mors
2162 2755 2407 2820 tristior
2439 2753 2713 2829 animae,
2744 2770 2977 2835 pecca-

355 2864 520 2950 tum)
554 2867 729 2928 ultra
760 2883 881 2927 non
916 2865 1054 2946 erit,
1073 2884 1266 2949 neque
1288 2863 1492 2927 luctus
1512 2863 1734 2949 (etiam
1754 2862 2235 2948 poenitentiae),
2270 2881 2463 2947 neque
2481 2860 2754 2925 clamor:
2786 2881 2979 2945 neque

356 2971 538 3035 dolor
568 2971 940 3057 (punitionis
972 2989 1088 3052 pro
1121 2971 1417 3056 peccato)
1451 2972 1569 3034 erit
1600 2970 1796 3054 ultra,
1829 2973 1979 3056 quia
2006 2971 2228 3054 prima
2261 2969 2566 3034 abierunt.
2618 2967 2813 3050 Atqui
2845 2986 2977 3031 non

356 3078 684 3152 abiissent,
716 3077 774 3141 si
805 3078 1036 3142 iterum
1067 3084 1426 3159 peccatum,
1476 3083 1541 3142 et
1571 3084 1834 3158 propter
1864 3081 2203 3158 peccatum
2237 3075 2466 3150 luctus,
2497 3075 2760 3150 clamor,
2793 3073 2980 3138 dolor

355 3185 493 3249 sive
522 3185 953 3267 poenitentiae
986 3184 1121 3248 sive
1152 3183 1584 3248 damnationis
1615 3183 1827 3247 locum
1859 3183 2144 3249 haberet.
2177 3182 2392 3263 Quare
2423 3182 2504 3246 de
2524 3181 2716 3247 beato
2749 3180 2980 3246 dicitur

359 3292 438 3356 ib.
474 3297 533 3368 3,
573 3297 682 3361 12:
746 3293 870 3372 Qui
901 3292 1132 3373 vicerit,
1162 3290 1405 3372 faciam
1436 3291 1613 3353 illum
1646 3288 1998 3354 columnam
2031 3291 2100 3353 in
2131 3288 2355 3372 templo
2386 3288 2510 3354 Dei
2539 3290 2678 3363 mei,
2710 3295 2765 3352 et
2796 3288 2979 3372 fmus

358 3419 483 3463 non
515 3399 863 3484 eqredietur
892 3399 1180 3484 amplius.

535 3525 603 3590 2.
637 3521 810 3587 Idem
829 3522 1002 3586 clare
1030 3521 1265 3586 docent
1284 3528 1523 3602 patreS,
1544 3522 1678 3587 sive
1698 3539 1845 3585 cum
1866 3517 2160 3603 Origenis
2193 3526 2563 3585 commenta
2582 3521 2974 3605 impugnant,

358 3638 431 3694 ut
475 3628 989 3711 Augustinus
1034 3629 1114 3693 de
1160 3630 1275 3693 civ,
1308 3628 1424 3693 Dei
1454 3628 1556 3706 XI,
1591 3634 1673 3698 11
1708 3647 1826 3703 ss.;
1876 3626 2003 3703 XII,
2038 3632 2155 3702 203
2202 3626 2354 3703 XIII,
2388 3633 2461 3702 83
2508 3626 2669 3702 XXI,
2711 3630 2786 3695 17
2822 3632 2976 3700 etc.;

357 3739 494 3802 sive
524 3754 672 3802 cum
702 3743 1050 3819 praeeunte
1083 3736 1517 3817 Fulgentio
1551 3736 1631 3801 de
1663 3735 1787 3800 fide
1818 3755 1879 3798 n.
1912 3739 1999 3805 64
2031 3735 2292 3798 docent:
2365 3732 2795 3808 ,Firmissime
2827 3740 2975 3797 tene

360 3851 423 3909 et
453 3844 819 3910 nullatenus
851 3844 1122 3921 dubiteS,
1154 3862 1414 3908 omnem
1446 3848 1812 3909 creaturam
1842 3841 2220 3906 naturaliter
2241 3840 2615 3904 mutabilem
2648 3857 2688 3902 a
2719 3838 2854 3903 Deo
2876 3839 2974 3903 in-

358 3951 797 4016 commutabili
829 3951 1086 4027 factam,
1134 3970 1256 4016 nec
1306 3958 1527 4016 tamen
1569 3950 1706 4032 jam
1756 3968 1950 4031 posse
1982 3947 2333 4030 quemlibet
2363 3966 2446 4011 ss,
2503 3947 2877 4027 angelorum
2911 3947 2977 4009 in

358 4059 641 4123 deterius
671 4059 1085 4123 commutari:
1118 4059 1269 4141 quia
1299 4058 1392 4122 sic
1423 4063 1812 4139 acceperunt
1833 4063 2164 4122 aeternam
2183 4053 2664 4130 beatitudinem,
2687 4071 2816 4135 qua
2838 4052 2974 4117 Deo

362 4166 673 4230 stabiliter
702 4165 1129 4248 perfruuntur,
1161 4173 1234 4230 ut
1265 4184 1345 4231 ea
1375 4182 1595 4229 carere
1628 4182 1760 4228 non
1792 4163 2095 4246 possint<

538 4292 605 4360 3.
640 4288 812 4355 Sane
844 4277 1175 4356 beatitudo
1206 4291 1503 4355 coelestis
1535 4290 1870 4354 beatitudo
1904 4296 2003 4353 est
2033 4287 2349 4369 perfecta3
2404 4289 2581 4368 atqui
2612 4284 2692 4349 de
2722 4285 2974 4350 ratione

361 4396 682 4479 perfectae
714 4396 1126 4462 beatitudinis
1158 4405 1272 4474 est,
1307 4404 1379 4461 ut
1411 4396 1707 4462 excludat
1753 4415 1946 4461 omne
1989 4396 2250 4471 malum,
2296 4394 2461 4458 illius
2492 4410 2644 4472 ergo
2680 4390 2974 4455 amissio-

585 4677 621 4746 1)
650 4674 733 4731 Cf.
761 4674 895 4729 Luc.
927 4681 1007 4738 10,
1037 4682 1101 4730 25
1129 4675 1236 4730 col.
1264 4681 1363 4734 282
1419 4680 1500 4738 12,
1527 4679 1627 4730 33:
1677 4670 1844 4724 Joan.
1872 4678 1923 4734 8,
1952 4678 2014 4724 51
2040 4691 2052 4730 ς
2084 4674 2165 4736 16,
2193 4675 2293 4728 22ς
2348 4674 2395 4722 1.
2424 4667 2549 4722 Cor.
2575 4673 2626 4732 9,
2653 4674 2752 4726 25;
2804 4665 2978 4719 Hebr.

365 4759 448 4817 10,
475 4758 577 4811 34:
604 4753 809 4807 Matth.
836 4759 886 4817 6,
915 4760 1013 4812 20:
1041 4761 1127 4819 25,
1155 4761 1253 4813 46:
1283 4761 1331 4808 1.
1357 4752 1551 4806 Thess.
1575 4759 1629 4817 4,
1658 4758 1724 4809 16
1752 4754 1858 4806 etc.
1909 4750 1992 4805 Cf.
2014 4750 2324 4805 Thomas
2350 4765 2397 4802 c.
2424 4747 2489 4803 G.
2516 4748 2613 4812 III,
2641 4754 2725 4806 62.

577 4853 847 4912 Hui-ter,
886 4852 1138 4913 Compend.
1177 4853 1438 4909 theologiae
1475 4851 1558 4912 111,
1604 4853 1685 4899 11.
1724 4852 1799 4900 ed.
2586 4843 2654 4892 41
