3538 5364
519 283 649 348 312
823 274 1008 328 'l'ract.
1035 274 1126 329 IX.
1156 273 1224 327 de
1252 272 1619 329 eucharistia.
1645 273 1844 328 Thesis
1871 272 2131 328 CCXXH.
2163 273 2406 344 Figurae
2433 275 2831 329 eucharistiae.

699 469 846 533 346.
879 464 1135 531 'rhesis
1166 460 1522 533 CCXXII.
1565 484 1628 537 Α
1667 486 1876 539 verbo
1904 485 2041 539 Dei
2058 487 2317 553 scripto
2336 489 2436 542 ad
2454 488 2802 541 traditum
2826 490 3139 554 aradum

512 579 854 642 facientes
891 588 976 629 ea
1010 576 1217 629 initio
1242 587 1577 641 uraemus
1603 575 1839 641 effata,
1853 576 2106 643 quibus
2113 579 2361 642 patres
2378 576 2645 640 docent,
2663 577 2853 629 inter
2862 576 3141 643 [lauras

519 668 984 721 eucharistiae
1021 666 1101 718 in
1156 665 1223 717 V.
1271 666 1339 717 Τ.
1377 668 1445 718 et
1482 665 1712 730 ipsam
1756 669 2041 719 tantum
2076 667 2408 718 interesse
2434 666 2842 731 discrimen,
2866 680 3139 734 „quan-

519 763 671 811 tum
706 759 896 811 inter
929 756 1263 809 umbram
1302 758 1367 808 et
1404 769 1730 821 corpora,
1765 756 1957 809 inter
1991 755 2382 821 imaainem
2420 758 2487 808 et
2522 755 2913 820 veritatem,
2949 757 3140 809 inter

518 846 967 911 eoeemplaria
992 844 1414 907 futurorum
1451 848 1516 896 et
1554 857 1640 896 ca
1676 844 1862 909 ipsa,
1897 856 2080 910 quae
2103 855 2235 907 per
2258 844 2707 909 exemplaria
2716 842 3138 909 Mur-aban-

520 930 706 988 tur.“
755 934 947 988 Unde
966 934 1440 998 consequitur,
1458 934 1969 987 eucharistiam
2002 946 2147 987 non
2166 946 2310 988 esse
2317 933 2635 1000 flauram
2669 939 2949 989 tantum
2986 949 3140 989 cor-

512 1024 717 1090 poris
754 1026 820 1076 et
868 1023 1244 1089 sanquinis
1284 1022 1564 1088 Christi,
1611 1024 1733 1077 sed
1783 1024 1956 1076 haec
1993 1036 2152 1076 vere
2203 1026 2270 1076 et
2318 1024 2885 1078 substantialiter
2920 1025 3141 1078 conti-

519 1126 725 1166 nere.-
759 1114 943 1179 quod
981 1112 1194 1165 etiam
1214 1115 1463 1177 patres
1483 1125 1571 1165 ea
1596 1113 1972 1166 verborum
1989 1113 2319 1176 fatentur
2344 1111 2688 1177 claritate,
2711 1126 2892 1179 quae
2917 1112 3141 1166 nullis

517 1202 883 1255 obscurari
915 1201 1138 1264 possit
1175 1199 1470 1253 cavillis.

697 1320 1248 1390 Demonstrati«)
1283 1342 1353 1407 p.
1387 1321 1452 1389 1.
1486 1320 1609 1385 Tot
1639 1326 1987 1403 suppetunt
2017 1319 2352 1402 splendida
2370 1320 2732 1385 traditionis
2752 1320 3140 1391 testimonia.

518 1436 590 1494 ut
620 1446 928 1510 cogamur
960 1446 1037 1495 ea
1069 1429 1380 1493 claritatis
1412 1427 1621 1510 gratia
1651 1427 2031 1493 distribuere
2063 1428 2128 1491 in
2160 1427 2416 1492 classes.
2451 1426 2734 1492 Primum
2767 1447 2880 1493 eos
2913 1448 2991 1494 ex
3022 1448 3141 1512 pa-

523 1534 726 1599 tribus
776 1534 1131 1614 audiemuS,
1182 1536 1293 1618 qui
1345 1536 1597 1611 docent,
1651 1535 2112 1601 eucharistiam
2162 1535 2599 1618 multipliciter
2647 1536 3139 1618 praefiguratam

519 1641 714 1708 fuisse
734 1643 800 1706 in
819 1642 893 1706 V.
914 1642 981 1706 T.
1003 1641 1397 1725 Praecipuae
1417 1642 1659 1723 figurae
1679 1641 1856 1707 fuere
1887 1642 1956 1706 fr
1969 1662 2012 1705 u
2028 1648 2162 1706 ctu
2180 1661 2211 1705 s
2243 1642 2492 1707 arboris
2527 1642 2699 1708 vitae
2736 1643 2799 1705 in
2820 1642 3141 1725 paradise,

520 1767 830 1826 manna,
861 1767 1065 1832 panes
1096 1750 1733 1831 propositionis,
1782 1768 2040 1831 agnus
2071 1747 2411 1831 paschalis
2458 1750 2789 1830 sanguis,
2822 1769 2949 1832 quo
2981 1768 3139 1815 con·

517 1856 843 1920 firmatum
870 1856 984 1919 fuit
1002 1856 1157 1933 V,T.
1177 1857 1285 1921 Ex.
1303 1861 1406 1931 24,
1426 1863 1465 1927 8
1495 1859 1579 1942 (n.
1594 1860 1762 1927 338³
1778 1857 1890 1943 e.),
1917 1874 1955 1920 o
1972 1856 2014 1920 b
2029 1856 2050 1919 l
2068 1874 2109 1919 a
2127 1863 2151 1919 t
2169 1856 2188 1918 i
2205 1874 2243 1919 o
2276 1853 2745 1921 Melchisedech
2761 1854 2917 1922 Gen.
2939 1861 3040 1933 14,
3063 1855 3143 1925 18

521 1962 620 2048 (cf.
653 1983 703 2027 S.
734 1963 898 2028 Tho
917 1982 1084 2028 mas
1117 1969 1158 2033 3
1189 1983 1247 2046 p.
1283 1985 1339 2048 q.
1377 1969 1461 2033 73
1492 1982 1549 2027 a.
1590 1965 1675 2050 6).
1740 1963 1937 2046 Atqui
1967 1963 2136 2028 inter
2165 1964 2285 2027 has
2315 1963 2555 2044 figuras
2587 1971 2653 2029 et
2684 1964 3142 2029 eucharistiam

518 2076 770 2135 tantum
800 2072 1129 2149 interesse,
1180 2077 1492 2155 quantum
1542 2072 1709 2136 inter
1739 2071 2038 2136 umbram
2070 2077 2137 2136 et
2168 2089 2458 2153 corpora,
2494 2076 2564 2135 ut
2593 2071 2953 2152 Hierony
2972 2089 3144 2134 mus

519 2178 608 2240 ait
638 2178 703 2241 in
736 2197 831 2260 ep.
866 2179 948 2242 ad
979 2178 1097 2243 Tit.
1130 2196 1181 2242 c.
1222 2187 1275 2255 1,
1310 2180 1555 2260 passim
1587 2179 1841 2244 docent.

695 2329 788 2386 Ita
819 2327 1241 2387 Salvianus
1282 2328 1411 2391 adv.
1445 2327 1651 2386 avarit.
1686 2328 1760 2399 11,
1800 2338 1869 2390 6:
1924 2326 2179 2395 ,Judaei
2213 2325 2509 2386 habebant
2538 2327 2838 2403 quondam
2871 2325 3143 2385 umbram

516 2435 734 2488 rerum,
766 2436 874 2476 nos
903 2417 1248 2488 veritatem3
1293 2416 1492 2494 judaei
1524 2416 1773 2474 fuerunt
1805 2416 1980 2486 servi,
2028 2434 2134 2474 nos
2181 2416 2445 2492 adoptivi
2479 2461 2492 2474 .
2526 2460 2539 2475 .
2574 2460 2587 2473 .
2636 2415 2675 2473 J
2679 2416 2882 2474 udaeis
2932 2433 3144 2474 servus

517 2506 799 2584 magister
843 2506 1062 2565 missus
1111 2509 1221 2576 est,
1271 2504 1446 2564 nobis
1477 2504 1697 2575 Filius3
1740 2504 1947 2581 judaei
1993 2524 2098 2581 per
2141 2523 2306 2564 mare
2349 2505 2722 2564 transierunt
2751 2504 2825 2563 ad
2857 2523 3142 2574 eremum,

516 2614 626 2655 nos
658 2615 767 2672 per
812 2594 1107 2672 baptisma
1153 2594 1472 2653 introimus
1519 2593 1582 2651 in
1624 2612 1908 2671 regnum3
1946 2594 2154 2669 judaei
2198 2613 2415 2653 manna
2460 2594 2984 2663 manducaverunt,
3037 2611 3147 2653 nos

520 2686 849 2756 Christum;
892 2685 1100 2761 judaei
1145 2701 1350 2743 carnes
1394 2681 1616 2754 avium,
1666 2702 1777 2743 nos
1823 2702 2039 2760 corpus
2073 2684 2210 2755 Dei;
2254 2685 2456 2760 judaei
2504 2684 2778 2759 pruinam
2811 2684 2980 2756 coeli,
3032 2701 3144 2742 nos

521 2777 712 2835 Deum
756 2775 961 2838 coeli.‘
1007 2808 1096 2817 -—
1139 2775 1232 2832 Ita
1269 2772 1871 2849 Chrysostomus
1903 2772 2058 2833 hom.
2090 2773 2163 2832 de
2194 2773 2361 2850 prod.
2393 2773 2586 2832 Judae
2618 2773 2783 2851 (Mig.
2819 2783 2921 2844 43,
2960 2769 3142 2853 379):

523 2866 674 2935 ,Ille
706 2864 929 2940 quippe
961 2880 1152 2940 agnus
1185 2858 1508 2943 (paschalis
1538 2861 1642 2923 Ex.
1684 2872 1779 2933 12,
1821 2858 1925 2943 12)
1958 2862 2150 2940 figura
2178 2867 2307 2921 erat
2336 2863 2582 2922 alterius
2613 2862 2752 2939 agni
2786 2863 3144 2938 spiritualia,

521 2957 583 3013 ct
613 2954 741 3012 ovis
775 2972 941 3012 ovem
974 2951 1380 3028 praenotabat.
1445 2952 1643 3026 Atque
1675 2952 1830 3011 illud
1862 2952 2105 3027 quidem
2136 2952 2364 3022 umbra,
2397 2952 2506 3012 boc
2538 2952 2759 3011 veritas
2791 2956 2933 3014 erat.
2999 2952 3145 3010 Cum

521 3042 901 3118 apparuisset
932 3042 1022 3099 sol
1046 3039 1342 3117 justitiae,
1387 3038 1602 3098 umbra
1634 3041 1906 3111 cessavit,
1951 3041 2181 3101 oriente
2213 3041 2435 3118 quippe
2467 3042 2589 3100 sole
2624 3041 2882 3100 solvitur
2912 3040 3142 3102 umbra.

522 3131 661 3189 ideo
706 3131 771 3189 in
815 3130 1016 3189 eadem
1061 3130 1195 3206 ipsa
1238 3147 1445 3188 mensa
1487 3131 1815 3206 utrumque
1861 3130 2081 3206 pascha
2113 3130 2416 3206 perficitur
2458 3133 2519 3189 et
2566 3129 2699 3206 typi
2750 3132 2811 3188 et
2856 3129 3144 3189 veritatis.

520 3219 1025 3288 Quemadmodum
1059 3218 1216 3278 enim
1249 3218 1502 3294 pictores
1533 3219 1597 3277 in
1628 3218 1832 3278 eadem
1862 3219 1994 3295 ipsa
2025 3218 2232 3278 tabula
2276 3224 2339 3278 et
2379 3219 2566 3279 lineas
2598 3219 3054 3278 circumducunt
3084 3222 3147 3276 et

522 3307 795 3366 umbram
825 3307 1164 3385 depingunt
1192 3311 1455 3384 tuncque
1487 3309 1752 3368 colorum
1785 3308 2094 3367 veritatem
2115 3311 2445 3384 apponunt,
2479 3308 2562 3367 sic
2592 3310 2655 3366 et
2674 3307 2947 3367 Christus
2979 3307 3144 3366 fecit:

519 3390 585 3454 in
616 3396 816 3454 eadem
851 3397 978 3473 ipsa
1006 3415 1212 3456 mensa
1241 3398 1513 3473 typicum
1545 3397 1765 3474 pascha
1795 3397 2110 3474 descripsit
2140 3400 2202 3456 et
2230 3416 2442 3456 verum
2460 3396 2694 3455 addidit
2713 3441 2727 3455 .
2748 3442 2761 3456 .
2783 3444 2797 3458 .
2828 3397 2975 3456 Erat
3004 3396 3145 3456 olim

519 3485 736 3562 pascha
758 3487 1084 3561 judaicum,
1133 3487 1235 3546 sed
1282 3506 1443 3546 nunc
1488 3488 1754 3547 solutum
1800 3489 1894 3545 est
1938 3487 2297 3561 advenitque
2344 3486 2658 3562 spirituale
2703 3486 2937 3561 pascha,
2985 3485 3145 3562 quod

520 3592 682 3633 nunc
711 3575 960 3633 tradidit
990 3576 1279 3635 Christus.
1343 3577 1474 3635 Illis
1505 3576 1666 3635 enim
1698 3576 2195 3636 manducantibus
2227 3594 2293 3634 ac
2322 3575 2691 3646 bibentibus,
2737 3575 2956 3651 inquit,
2991 3576 3145 3634 acci·

519 3664 687 3741 piens
733 3683 947 3741 panem
992 3665 1172 3743 fregit
1215 3669 1278 3724 et
1323 3666 1503 3725 dixit:
1556 3665 1680 3724 Hoc
1729 3673 1811 3724 est
1860 3685 2071 3742 corpus
2117 3685 2306 3724 meum
2357 3667 2466 3724 etc.
2530 3665 2752 3724 Aderat
2783 3664 2973 3723 Judas
3005 3665 3147 3723 haec

520 3753 753 3812 Christo
785 3753 1035 3814 dicente.
1074 3754 1200 3812 Hoc
1230 3758 1324 3813 est
1354 3773 1586 3830 corpus,
1619 3754 1782 3830 quod
1813 3755 2158 3827 vendidisti,
2190 3754 2366 3826 Juda,
2400 3753 2656 3830 triginta
2686 3754 3018 3831 argenteis3
3052 3753 3147 3812 hic

521 3844 615 3900 est
644 3842 904 3920 sanguis,
951 3862 1058 3918 pro
1100 3861 1217 3919 quo
1245 3861 1439 3919 nuper
1468 3846 1644 3919 pacta
1675 3844 2061 3919 impudenter
2090 3844 2283 3903 inibas
2317 3862 2450 3904 cum
2484 3843 2774 3915 improbis
2806 3842 3173 3918 pharisaeis..

521 3930 568 3989 Ο
602 3931 820 3991 Christi
848 3932 1312 4009 benignitatem!
1348 3951 1382 3990 o
1402 3932 1441 3991 J
1444 3932 1596 3991 udae
1628 3933 1986 3991 dementiam
2020 3935 2082 3991 et
2112 3933 2432 3992 insaniam!
2465 3933 2577 3990 Ille
2599 3950 2854 4008 namque
2874 3931 3149 3991 vendidit

519 4018 691 4078 illum
722 4021 974 4098 triginta
1003 4021 1280 4092 denariis,
1329 4021 1598 4080 Christus
1646 4040 1786 4080 vero
1830 4025 2039 4099 postea
2081 4040 2202 4081 non
2246 4022 2545 4080 recusavit
2586 4021 2744 4080 hunc
2774 4021 2973 4096 ipsum
3004 4040 3146 4080 san-

519 4109 764 4185 guinem
797 4110 1104 4169 venditum
1138 4110 1421 4169 vendenti
1453 4110 1591 4168 dare
1622 4110 1687 4170 in
1717 4111 2128 4171 remissionem
2161 4116 2553 4188 peccatorum,
2589 4109 2885 4186 siquidem
2916 4111 3146 4169 voluis-

521 4201 627 4256 set.
693 4198 919 4257 Aderat
947 4198 1135 4258 Judas
1165 4202 1226 4258 et
1260 4218 1456 4258 sacrae
1488 4219 1722 4259 mensae
1753 4201 2048 4276 particeps
2078 4203 2266 4264 erat.‘
2333 4199 2413 4259 Cf.
2447 4200 2511 4258 in
2549 4212 2603 4263 l.
2636 4201 2760 4259 Cor.
2797 4209 2853 4271 4,
2891 4208 2992 4262 23.
3030 4208 3140 4268 24;

520 4287 585 4344 in
616 4288 713 4345 Ps.
745 4296 882 4350 133.
929 4288 1019 4346 Ita
1050 4289 1403 4365 Cyrillus
1435 4290 1580 4350 alex.
1612 4290 1741 4348 adv.
1776 4289 1943 4349 Nest.
1973 4289 2070 4361 IV,
2108 4300 2178 4353 5:
2216 4289 2697 4358 ,Conservabant
2727 4288 2889 4364 ipsae
2921 4289 3147 4365 figurae

521 4393 640 4446 eoa,
676 4375 784 4450 qui
816 4379 952 4435 ante
984 4395 1092 4436 nos
1124 4377 1364 4437 fuerant
1396 4374 1523 4460 (Ex.
1566 4388 1659 4449 12,
1698 4377 1823 4455 24).
1890 4378 2125 4448 Quanto
2166 4379 2356 4456 igitur
2387 4397 2479 4437 res
2508 4380 2750 4438 nostrae
2782 4380 2928 4436 sunt
2958 4377 3146 4436 excel-

521 4464 819 4536 lentiores,
853 4465 1075 4541 quibus
1108 4467 1239 4543 ipsa
1268 4467 1489 4526 veritas
1522 4467 1560 4530 i.
1591 4487 1640 4526 e.
1672 4467 1945 4526 Christus
1968 4468 2172 4526 illuxit
2192 4470 2572 4543 sanctamque
2603 4486 2770 4526 suam
2803 4484 3039 4525 carnem
3071 4466 3146 4524 ad

519 4552 996 4628 participandum
1029 4557 1348 4632 apposuit?
1414 4556 1717 4626 Quomodo
1762 4556 1826 4614 id
1870 4574 1985 4615 non
2037 4557 2119 4614 sit
2157 4556 2434 4615 omnibus
2465 4557 2888 4632 perspicuum?
2956 4555 3146 4614 Multo

520 4660 778 4717 namque
812 4645 956 4702 sunt
987 4646 1195 4720 procul
1227 4646 1410 4704 dubio
1442 4646 1905 4722 praestantiores
1937 4663 2003 4704 ac
2035 4646 2383 4721 superiores,
2430 4646 2629 4720 Atque
2662 4644 2844 4720 hujus
2877 4644 3148 4721 mysterii

520 4731 639 4788 vim
662 4734 734 4790 ut
753 4731 1079 4791 declararet
1108 4735 1174 4798 D,
1197 4735 1266 4793 N.
1290 4735 1344 4793 J.
1369 4734 1639 4793 Christus
1672 4735 1790 4793 ait:
1825 4737 2011 4793 Amen
2045 4736 2171 4793 dico
2204 4734 2376 4811 vobis,
2411 4736 2511 4811 qui
2540 4735 2721 4792 credit
2750 4735 2813 4792 in
2845 4752 2949 4805 mc,
2984 4733 3149 4792 habet
