3538 5364
616 330 741 394 182
906 320 1090 374 Tract.
1119 319 1267 373 V111.
1295 320 1365 374 de
1383 318 1814 390 justificatione.
1842 312 2249 375 Thesis'CCVI.
2279 317 2476 372 Gratia
2503 322 2691 389 potest
2714 318 2919 384 amitti,

607 506 966 566 certitudine
997 505 1154 570 fidei.
1188 507 1358 582 cujus
1388 505 1684 581 objectum
1714 523 1835 563 non
1866 507 1960 563 est
1989 505 2255 580 propri
2275 525 2309 563 a
2339 505 2630 581 cujusque
2653 506 3022 581 justificatio,
3054 508 3201 582 quod

605 600 806 657 tamen
834 595 1230 654 necessarium
1264 598 1436 666 esset,
1480 597 1553 653 nt
1583 594 1703 653 vim
1735 593 2026 669 probandi
2057 593 2373 654 haberent:
2421 593 2525 652 sed
2569 595 3005 670 propositiones
3036 597 3202 655 uni-

606 686 972 754 versales,
1007 703 1091 747 ex.
1125 704 1244 761 gn:
1294 683 1407 752 Qui
1437 686 1554 742 rite
1586 688 1674 743 est
1705 683 2052 758 dispositus,
2076 683 2545 758 justificabitur;
2592 702 2698 758 per
2728 684 3088 761 baptismum
3117 704 3201 744 re·

606 774 768 833 mitti
800 778 1064 850 peccata3
1112 791 1222 831 nos
1266 792 1386 835 non
1431 772 1644 857 debere
1675 772 1878 831 anxios
1911 775 1975 831 et
2004 772 2294 831 sollicitos
2326 791 2472 843 esse,
2518 792 2595 831 ne
2640 772 2798 831 Deus
2827 780 3065 850 peccata
3095 793 3203 834 non

604 864 873 921 remittat
902 868 1011 921 etc.
1044 860 1268 921 scilicet
1300 862 1639 937 dispositis:
1683 880 1834 936 quae
1866 861 2151 920 veritates
2184 867 2393 937 utpote
2425 863 2716 920 revelatae
2748 863 3010 938 profecto
3042 864 3205 921 certi-

605 952 817 1010 tudine
847 951 985 1010 fidei
1017 954 1162 1009 sunt
1194 950 1545 1009 credendae:
1593 950 1696 1008 sed
1743 969 1944 1008 earum
1992 950 2310 1026 applicatio
2359 950 2431 1009 ad
2477 969 2587 1008 nos
2631 954 2841 1025 utpote
2887 951 3147 1027 pendens
3176 971 3210 1009 a

605 1040 1048 1099 conditionibus
1078 1032 1197 1099 non
1229 1041 1403 1115 plane
1434 1039 1612 1098 certis
1641 1056 1762 1097 non
1791 1042 1885 1097 est
1916 1038 1989 1097 de
2021 1039 2151 1097 fide.

786 1182 933 1247 218-
966 1178 1222 1245 ΤΙΙΘδῙΒ
1255 1175 1485 1243 CCVI·
1539 1168 1540 1175 ἵ
1564 1197 1822 1251 Gratia
1876 1197 2396 1261 iustificationis
2446 1211 2559 1250 am
2571 1182 2682 1250 au
2724 1202 2955 1264 potest
3008 1200 3207 1251 etiam

606 1291 1116 1353 inperpetuum
1135 1305 1161 1353 ,·
1198 1288 1560 1340 amittitur
1585 1291 1824 1340 autem
1850 1288 2153 1354 quolibet
2174 1290 2455 1352 peccato
2480 1278 2790 1352 mortali,
2806 1292 2870 1340 et
2886 1301 3038 1341 una
3058 1300 3205 1340 oum

603 1379 734 1433 illa
773 1382 1207 1433 amittuntur
1241 1378 1520 1444 reliqua
1556 1380 1743 1432 dona
1780 1377 2049 1441 infusa,
2084 1391 2229 1430 mm
2266 1383 2508 1431 tamen
2536 1376 2714 1440 fides
2741 1382 2805 1430 et
2831 1392 3011 1444 spes,
3037 1392 3216 1446 quae

605 1470 833 1522 solum
864 1483 1001 1536 per
1036 1472 1236 1521 actuo
1273 1469 1449 1534 ipsis
1484 1468 1744 1520 directe
1783 1470 2136 1533 oppositos
2175 1468 2630 1520 amittumwr.

783 1591 1357 1658 Demonstratio.
1412 1589 1473 1655 1.
1525 1587 1745 1653 Justos
1792 1589 2086 1653 amittere
2134 1607 2327 1670 posse
2360 1589 2629 1669 gratiam
2661 1589 2967 1653 statuitur
2997 1596 3215 1652 contra

605 1694 1154 1771 Jovinianum‚
1189 1696 1296 1778 qui
1327 1701 1490 1760 teste
1523 1694 2027 1778 Hieronymo
2062 1696 2097 1758 l.
2132 1702 2171 1764 2
2206 1695 2346 1758 adv.
2382 1695 2656 1759 eundem
2689 1715 2748 1758 n.
2788 1701 2816 1764 1
2859 1695 3214 1760 asserebat:

615 1803 793 1879 ,Eos
828 1804 935 1886 qui
966 1803 1221 1867 suerunt
1251 1801 1575 1883 baptizati,
1622 1819 1662 1865 a
1706 1802 1966 1865 diabolo
2014 1820 2146 1865 non
2176 1821 2368 1883 posse
2400 1802 2668 1877 tentari:
2720 1803 2957 1884 quique
3008 1809 3215 1867 autem

608 1911 834 1997 tentati
866 1909 1099 1973 fuerint
1131 1909 1397 1983 ostendi,
1432 1927 1542 1973 eos
1575 1926 1745 1990 aqua
1791 1914 1855 1973 et
1900 1926 2033 1972 non
2065 1906 2304 1990 Spiritu
2350 1907 2543 1972 fuisse
2577 1908 3008 1989 baptizatos;‘
3050 1908 3212 1991 quod

608 2024 819 2081 tuetur
851 2016 1046 2080 etiam
1080 2015 1487 2080 Calvinus.
1552 2013 1793 2080 Contra
1837 2034 1999 2098 quos
2032 2015 2111 2079 de
2142 2015 2266 2079 fide
2301 2023 2416 2092 est,
2449 2016 2723 2097 gratiam
2747 2016 3216 2098 justificationis

595 2124 812 2188 'amitti
843 2142 1050 2205 posse,
1082 2129 1155 2187 ut
1184 2128 1439 2187 constat
1471 2141 1549 2187 ex
1581 2122 1831 2185 concilii
1863 2121 2037 2186 trid.
2071 2141 2225 2187 sess.
2247 2128 2286 2192 6
2321 2140 2372 2186 c.
2414 2130 2493 2192 14
2527 2130 2592 2188 et
2623 2142 2760 2187 can.
2796 2130 2915 2193 23:
2958 2120 3061 2198 ‚Si
3083 2123 3214 2205 quis

605 2231 931 2295 hominem
964 2229 1163 2294 semel
1188 2228 1602 2311 justificatum
1653 2228 1882 2293 dixerit
1933 2229 2204 2310 amplius
2253 2248 2523 2311 peccare
2574 2249 2706 2294 non
2752 2249 2969 2315 posse,
3015 2247 3216 2312 neque

605 2337 876 2418 gratiam
909 2337 1218 2412 amittere,
1268 2341 1459 2418 atque
1504 2335 1647 2400 ideo
1696 2354 1861 2412 eum,
1908 2336 2016 2417 qui
2047 2336 2280 2399 labitur
2312 2343 2375 2401 et
2408 2345 2652 2418 peccat,
2704 2356 3041 2419 nunquam
3072 2354 3214 2400 vere

603 2443 798 2508 fuisse
822 2442 1256 2526 justificatum,
1290 2443 1360 2506 A.
1395 2440 1494 2505 S}
1553 2442 1840 2506 Assertio
1874 2441 2037 2505 haec
2070 2442 2233 2506 adeo
2268 2449 2365 2508 est
2398 2443 2676 2521 evidenS,
2709 2450 2782 2507 ut
2814 2444 3214 2508 demonstra-

589 2550 777 2615 ·tione
809 2570 938 2614 non
970 2550 1267 2630 indigeat,
1300 2566 1446 2613 cum
1479 2569 1525 2611 s,
1562 2547 1893 2630 Scriptura
1926 2550 2167 2630 passim
2199 2550 2509 2626 hortetur,
2542 2558 2614 2615 ut
2647 2551 2755 2634 qui
2787 2569 2856 2615 se
2890 2550 3209 2614 existimat

603 2664 794 2736 stare,
825 2657 1041 2722 videat
1071 2675 1152 2721 ne
1184 2655 1377 2720 cadat
1415 2661 1467 2724 1.
1502 2654 1646 2720 Cor.
1689 2662 1786 2732 10,
1827 2661 1936 2733 12;
1973 2663 2036 2721 et
2065 2655 2286 2721 Ezech.
2324 2661 2425 2732 33,
2467 2662 2545 2727 12
2578 2678 2626 2721 s.
2661 2663 2965 2724 testetur:
2998 2655 3215 2720 „Iustus

605 2785 726 2828 non
752 2751 983 2849 'poter-it
1027 2767 1227 2826 vc'vere
1272 2765 1340 2824 in
1377 2765 1633 2845 justitia
1677 2783 1819 2844 sua,
1870 2766 1937 2826 in
1968 2785 2333 2849 quacunque
2363 2765 2463 2829 die
2483 2767 2849 2850 peccaverit.
2913 2764 3131 2828 Etiam
3162 2765 3212 2824 si

603 2872 818 2934 dixero
844 2874 1036 2952 justO,
1069 2871 1233 2953 quod
1264 2872 1389 2932 vita
1422 2871 1608 2952 vivat,
1641 2876 1698 2932 et
1728 2869 1995 2952 confisus
2025 2870 2095 2933 in
2120 2872 2371 2953 justitia
2401 2893 2519 2935 sua
2552 2870 2768 2953 fecerit
2788 2873 3214 2955 iniquilatem:

603 2998 807 3040 omnes
834 2979 1115 3055 justitiae
1146 2979 1279 3056 ejus
1310 2976 1597 3040 oblivioni
1615 2980 1970 3060 tradentur,
2003 2986 2058 3041 et
2096 2981 2163 3041 in
2182 2980 2512 3063 iniquitate
2544 2997 2680 3054 sua,
2712 3000 2900 3063 quam
2924 2983 3211 3063 operatus

603 3092 710 3167 est,
743 3087 806 3146 in
843 3087 978 3168 ipsa
1010 3086 1326 3150 morietur.

777 3208 843 3277 2.
881 3205 1136 3272 Certum
1172 3212 1286 3283 est,
1313 3207 1522 3288 justos
1555 3208 1617 3270 in
1663 3214 2093 3272 aeternum
2139 3208 2433 3273 amittere
2463 3207 2655 3289 posse
2701 3208 3009 3289 gratiam:
3057 3225 3208 3290 quo-

601 3314 771 3376 circa
802 3320 1102 3378 monetur
1127 3315 1338 3394 justus
1370 3313 1566 3396 Apoc.
1603 3318 1659 3390 3,
1700 3320 1811 3383 ll:
1871 3315 2030 3379 Tene
2062 3316 2226 3399 quod
2256 3315 2462 3400 habes,
2510 3323 2577 3377 ut
2610 3335 2784 3378 nemo
2818 3317 3087 3399 accipiat
3118 3333 3207 3377 co-

601 3440 823 3484 ronam
855 3426 1068 3499 tuam,·
1098 3420 1280 3485 Joan.
1323 3425 1418 3498 15,
1453 3426 1524 3489 6:
1559 3422 1629 3486 Si
1660 3423 1799 3505 quis
1832 3424 1897 3485 in
1930 3442 2024 3484 me
2056 3442 2178 3486 non
2210 3425 2532 3505 manserit,
2565 3424 2843 3485 mittetur
2858 3423 3044 3504 foras
3061 3422 3209 3484 simet

593 3528 857 3610 palmea,
889 3533 944 3590 et
978 3534 1230 3604 arescet,
1263 3535 1319 3590 et
1350 3527 1629 3610 colliqent
1663 3548 1803 3591 eum
1834 3535 1889 3591 et
1924 3529 1985 3592 in
2022 3530 2221 3612 iqnem
2254 3530 2492 3592 mittent
2523 3535 2579 3592 et
2612 3528 2792 3592 ardet
2807 3551 2834 3608 ‚·
2896 3537 2944 3596 1.
2982 3527 3119 3592 Cor.
3152 3529 3208 3599 9,

600 3639 717 3703 27:
754 3633 1001 3719 Castiqo
1034 3655 1261 3720 corpus
1291 3654 1492 3698 meum
1523 3641 1577 3699 et
1609 3636 1675 3697 in
1706 3636 2055 3697 servitutem
2087 3641 2316 3718 redi90‚
2348 3655 2424 3698 ne
2453 3636 2616 3720 forte
2659 3655 2800 3698 cum
2847 3635 2996 3698 aliis
3024 3654 3206 3719 prae-

599 3742 956 3821 dicavere'm,
988 3743 1120 3825 ipse
1151 3742 1449 3828 reprobus
1479 3742 1765 3824 efficIar,·
1797 3741 1986 3805 Hebr.
2029 3745 2125 3818 10,
2162 3749 2277 3817 26;
2314 3749 2370 3811 2.
2406 3741 2569 3808 Petr.
2606 3749 2664 3819 2,
2699 3748 2802 3811 21.

777 3887 964 3956 Quam
996 3890 1289 3964 paradoxa
1318 3891 1379 3946 et
1410 3889 1798 3970 improbanda
1842 3890 1965 3948 sint
2011 3890 2151 3948 haec
2196 3892 2257 3948 et
2300 3890 2523 3949 similia
2568 3890 2873 3950 doctrinae
2912 3891 3110 3966 capita
3140 3889 3208 3945 de

590 3977 1017 4051 justificatione
1049 3997 1082 4035 a
1113 3978 1498 4036 novatoribus
1532 3996 1640 4037 sec.
1660 3978 1809 4038 XVI.
1844 3979 2167 4054 proposita,
2202 3980 2475 4038 sentiunt
2505 3979 2621 4055 ipsi
2652 3985 3072 4056 protestantes,
3107 3977 3205 4053 qui

601 4083 743 4122 sane
775 4066 914 4124 haec
933 4085 1050 4124 non
1072 4066 1328 4142 amplius
1351 4066 1504 4125 serio
1523 4071 1801 4125 tuentur:
1838 4066 2123 4126 viderunt
2144 4069 2271 4143 jam
2304 4069 2350 4126 G
2370 4069 2632 4126 rotius
2664 4072 2724 4127 et
2756 4068 3209 4127 Leibnitius

598 4155 660 4211 in
695 4158 1015 4230 systemate
1047 4155 1226 4217 theol.
1259 4175 1318 4231 p.
1358 4167 1457 4226 47,
1495 4153 1755 4231 ‘quorum
1792 4157 1894 4215 ille
1926 4157 2011 4214 ita
2043 4157 2249 4215 scribit
2279 4157 2343 4214 in
2376 4156 2746 4216 discussione
2778 4157 3083 4235 apologiae
3116 4155 3207 4213 Ri-

597 4243 718 4300 veti
751 4263 806 4319 p.
845 4253 999 4306 217:
1043 4244 1402 4312 ,Christiani
1435 4245 1690 4320 pectoris
1723 4249 1814 4303 est
1846 4246 2178 4304 horrescere
2210 4249 2278 4304 ea
2310 4247 2601 4322 dogmata,
2650 4265 2802 4322 quae
2847 4246 3059 4322 pietati
3106 4262 3205 4302 no·

600 4335 750 4403 cent,
785 4333 959 4408 quale
991 4333 1141 4390 illud
1175 4337 1269 4391 est
1298 4353 1332 4391 a
1362 4333 1668 4394 nonnullis
1689 4334 2027 4393 defensum:
2061 4353 2233 4410 pecca
2265 4336 2517 4407 fortiter,
2552 4335 2653 4394 sed
2686 4334 2857 4393 crede
2890 4334 3118 4403 fortius,
3151 4335 3209 4390 et

597 4421 751 4479 nihil
781 4422 1084 4481 nocebunt
1115 4422 1228 4480 tibi
1260 4426 1498 4481 centum
1521 4422 1839 4482 homicidia
1869 4425 1930 4482 et
1961 4423 2127 4481 mille
2159 4427 2384 4500 stupra.
2416 4423 2493 4481 Hi
2528 4429 2672 4482 sunt
2702 4424 2951 4502 genuini
2983 4424 3205 4482 fructus

598 4509 764 4568 illius
797 4511 1109 4588 dogmatis,
1144 4511 1378 4570 credere
1399 4513 1737 4588 quempiam
1759 4512 1972 4571 debere
1994 4512 2298 4587 justitiam
2321 4513 2537 4571 Christi
2571 4512 2686 4571 sibi
2708 4513 3008 4589 imputari,
3041 4508 3203 4587 quasi

597 4599 726 4674 ipse
758 4618 885 4658 eam
918 4600 1344 4676 praestitisset3
1378 4604 1539 4659 certo
1571 4620 1632 4659 se
1664 4620 1793 4659 esse
1825 4604 2376 4677 perseveraturum3
2409 4605 2566 4660 certe
2588 4606 2649 4660 et
2666 4602 2937 4661 absolute
2958 4601 3201 4661 salutem

598 4687 711 4745 sibi
744 4690 1127 4758 destinatam:
1174 4694 1411 4765 peccata
1442 4689 1725 4759 fidelium,
1760 4693 1904 4749 utut
1933 4708 2149 4766 magna
2177 4694 2239 4748 et
2269 4691 2473 4767 gravia
2502 4709 2633 4750 esse
2663 4692 2915 4767 possint,
2951 4709 3064 4749 non
3099 4689 3201 4746 im·

597 4777 796 4852 putari
829 4779 977 4854 ipsis
1008 4782 1251 4854 propter
1295 4777 1469 4836 fidem
1514 4779 1577 4835 in
1622 4778 1832 4836 Jesum
1866 4778 2200 4849 Christum3
2252 4797 2427 4854 posse
2476 4798 2573 4839 eos
2622 4779 2826 4840 cadere
2877 4781 2940 4838 in
2986 4780 3200 4837 crimen
