3538 5364
1176 283 1471 349 Quomodo
1497 283 1653 356 ignis
1680 284 1900 339 cruciet
1921 280 2176 353 spiritus.
2832 238 2933 355 ο61
2948 289 2980 353 1

543 478 689 534 654.
722 462 1070 533 Scholion
1091 464 1157 532 I.
1188 468 1394 528 Gravis
1424 472 1519 528 est
1547 469 1966 539 controversia,
1999 486 2112 547 quo
2133 474 2307 545 pacto
2337 469 2490 545 iynis
2520 475 2784 545 tot-qaaere
2800 470 2984 546 poss-ic

359 563 666 621 daemones
711 564 774 617 et
816 557 1046 617 animas
1083 560 1222 617 ante
1251 575 1567 633 corporum
1596 557 2106 618 resurrectionem.
2171 557 2301 629 Qua
2349 556 2424 617 de
2471 575 2538 617 re
2585 558 2790 633 plures
2839 559 2985 616 sunt

360 649 777 725 theologorum
826 646 1158 706 sententiae
1172 642 1235 726 ¹).
1317 646 1569 723 Aliquae
1616 647 1796 724 plane
1845 646 2273 723 inadaequatas
2321 646 2504 705 refert
2563 664 2608 708 8.
2663 646 2710 705 Τ
2725 647 2764 705 h
2779 665 2889 706 om
2903 666 2939 705 a
2954 664 2982 705 8

362 738 656 815 supplem.
702 754 758 811 q.
796 745 876 799 70
924 754 974 798 a.
1010 743 1079 797 3:
1132 733 1430 805 ‚Quidam
1474 735 1771 805 dixerunt,
1822 735 1982 812 quod
2032 735 2144 795 hoc
2194 735 2393 811 ipsum
2438 735 2600 811 quod
2645 738 2737 795 est
2779 735 2983 813 ignem

361 827 577 898 videre,
626 825 708 883 sit
751 823 1010 884 animam
1050 823 1173 883 ab
1157 843 1298 901 igne
1328 824 1502 900 pati.
1581 824 1767 889 ‚Alii
1811 824 2109 895 dixerunt,
2155 824 2316 901 quod
2361 824 2633 901 quamvis
2665 824 2824 901 ignis
2855 842 2983 883 cor-

362 933 577 994 poreus
609 932 731 973 non
760 913 954 989 possit
981 912 1237 973 animam
1269 931 1528 985 exurere,
1575 918 1780 973 tamen
1808 913 2008 973 anima
2039 912 2478 990 apprehendit
2463 931 2663 989 ipsum
2707 916 2779 974 ut
2820 912 2986 973 noci-

364 1024 510 1065 vum
542 1003 678 1074 sibi,
708 1004 771 1061 et
800 1002 873 1061 ad
901 1002 1087 1062 talem
1117 1002 1645 1078 apprehensionem
1674 1002 1937 1063 afficitur
1965 1002 2178 1063 timore
2208 1005 2272 1062 et
2301 1002 2518 1073 dolore,
2552 1005 2626 1062 ut
2655 1003 2722 1061 in
2751 1002 2837 1062 818
2869 1002 2982 1062 im-

364 1095 605 1170 pleatur
633 1091 714 1162 id,
747 1091 907 1169 quod
938 1090 1189 1150 dicitur:
1234 1091 1690 1168 stupidant-unt
1717 1093 1941 1167 timore,
1973 1092 2074 1151 ubi
2101 1110 2216 1152 mm
2248 1099 2376 1151 erat
2405 1093 2580 1150 timor
2611 1091 2704 1156 Ps.
2749 1101 2844 1161 13,
2881 1100 2980 1155 5.‘

371 1183 467 1241 Ita
496 1179 921 1240 Guibertus
949 1179 1043 1239 ab.
1076 1175 1140 1261 (†
1179 1182 1372 1256 1124)
1403 1180 1477 1241 de
1507 1180 1864 1259 pignoribus
1892 1178 2107 1252 ss.1v,
2144 1190 2184 1245 4
2219 1176 2498 1265 (Migne
2541 1188 2679 1252 156,
2720 1190 2845 1245 673
2879 1176 2988 1261 88.)

370 1275 434 1331 et
462 1270 675 1347 Hugo
718 1288 754 1327 a
794 1287 841 1333 8.
886 1268 1120 1329 Victore
1166 1288 1224 1344 q.
1259 1279 1298 1335 4
1344 1270 1408 1329 in
1444 1278 1479 1332 2
1513 1288 1603 1346 ep.
1636 1270 1712 1330 ad
1743 1270 2029 1340 Thessal.;
2075 1270 2257 1329 simili
2302 1269 2423 1329 sere
2465 1268 2696 1329 ratione
2728 1268 2988 1329 Schell

370 1359 544 1418 Kath.
576 1358 781 1436 Dogm.
799 1357 889 1416 111
920 1377 978 1433 p.
1015 1367 1050 1421 2
1084 1377 1218 1435 pag.
1250 1367 1375 1423 892
1412 1376 1487 1421 88.
1518 1353 1617 1442 (cf.
1649 1359 1932 1419 Katholik
1961 1369 2120 1423 1901
2147 1359 2223 1430 H,
2261 1353 2436 1441 313).
2487 1358 2836 1434 Sequuntur
2857 1359 2983 1434 jam

370 1447 701 1507 sententiae
731 1446 1180 1524 probabiliores,
1211 1466 1321 1524 pro
1353 1448 1576 1523 quibus
1608 1451 1773 1508 stant
1802 1467 2011 1525 graves
2040 1447 2322 1525 theologi.

552 1547 614 1617 l.
666 1552 974 1615 Sententia
1018 1551 1178 1629 apud
1222 1553 1456 1614 scholae
1497 1556 1807 1632 theologos
1850 1557 1942 1613 sat
1985 1554 2234 1632 vulgata
2276 1553 2511 1622 statuit,
2562 1553 2878 1614 daemones
2926 1556 2991 1613 et

367 1643 594 1702 animas
627 1645 928 1718 separatas
971 1643 1046 1701 ab
1091 1641 1231 1719 igne
1260 1644 1528 1719 torqueri
1560 1644 2041 1722 alligatione
2086 1644 2158 1701 ad
2204 1642 2460 1702 eundem
2491 1642 2712 1720 ignem,
2758 1642 2823 1703 in
2868 1661 2989 1719 quo

367 1737 675 1807 tamquam
706 1731 772 1790 in
801 1748 1030 1791 carcere
1060 1731 1238 1790 inviti
1271 1735 1603 1805 teneantur,
1643 1733 1730 1792 ita
1757 1736 1831 1792 ut
1861 1750 2056 1808 neque
2087 1751 2149 1791 88
2179 1732 2320 1792 inde
2351 1731 2622 1803 liberare,
2664 1749 2775 1791 1188
2802 1731 2991 1791 libere

368 1820 630 1881 actiones
664 1838 821 1889 suas,
868 1819 975 1881 ubi
1020 1823 1083 1879 et
1125 1821 1420 1895 quomodo
1451 1822 1773 1893 voluerint,
1806 1839 2027 1897 ponere
2056 1822 2319 1898 possint:
2363 1821 2524 1880 unde
2553 1820 2808 1879 maxime
2838 1819 2991 1880 affli-

373 1911 621 1987 guntur.
667 1910 760 1968 Ita
790 1927 837 1968 8.
867 1909 1184 1969 Thomas
1217 1909 1257 1967 l.
1289 1928 1369 1981 c.;
1400 1929 1449 1969 8.
1480 1914 1688 1989 gentes
1718 1911 1818 1982 IV,
1856 1920 1970 1981 903
2003 1928 2191 1987 comp.
2223 1910 2405 1973 theol.
2435 1929 2483 1968 8.
2526 1919 2677 1982 18ος
2711 1910 2784 1969 de
2815 1911 2988 1971 verit.

375 2018 432 2073 q.
466 2006 544 2061 26
578 2017 630 2057 a.
670 2010 737 2069 13
783 1997 857 2057 de
889 1998 1085 2057 anima
1114 2017 1167 2062 a.
1202 2008 1274 2061 21
1303 2019 1317 2058 :
1366 2000 1626 2068 ‚Anima
1666 2001 1845 2072 enim,
1890 2000 2107 2076 inquit,
2155 2009 2217 2059 et
2263 1998 2567 2076 quaelibet
2595 1999 2988 2075 incorporalis

374 2086 726 2157 substantia,
761 2090 1055 2162 quantum
1084 2090 1175 2147 est
1206 2087 1279 2147 de
1311 2088 1407 2148 sui
1435 2092 1666 2159 natura,
1713 2107 1837 2149 non
1866 2091 1961 2148 est
1990 2088 2256 2166 obligata
2283 2087 2466 2148 alicui
2498 2089 2642 2159 1000,
2685 2088 2791 2147 sed
2823 2090 2988 2146 tran-

376 2176 606 2235 scendit
622 2177 821 2236 totum
838 2176 1108 2237 ordinem
1129 2177 1536 2253 corporalium.
1568 2178 1738 2250 Quod
1768 2196 1911 2256 ergo
1942 2178 2226 2254 alligetur
2255 2177 2433 2237 alicui
2464 2179 2528 2236 et
2557 2176 2990 2238 determinetur

372 2265 450 2324 ad
480 2264 740 2340 aliquem
773 2265 966 2324 locum
998 2284 1104 2342 per
1135 2265 1432 2340 quandam
1460 2268 1892 2338 necessitatem,
1933 2269 2026 2327 est
2055 2271 2260 2326 contra
2289 2267 2419 2343 ejus
2448 2267 2729 2326 naturam
2758 2270 2820 2324 et
2849 2284 2991 2327 8811-

372 2354 628 2413 trarium
658 2354 956 2431 appetitui
986 2354 1277 2415 naturali:
1323 2358 1385 2414 et
1425 2357 1536 2414 hoc
1580 2356 1712 2416 dieo
1749 2356 1871 2416 nisi
1902 2355 1967 2416 in
1997 2358 2289 2432 quantum
2319 2355 2707 2433 conjungitur
2736 2355 2991 2431 corpori,

376 2443 549 2519 cujus
595 2446 689 2502 est
731 2442 920 2502 forma
963 2443 1275 2515 naturalis,
1325 2444 1390 2502 in
1439 2464 1557 2521 quo
1600 2445 1865 2522 aliquam
1895 2444 2316 2522 perfectionem
2348 2444 2754 2520 consequitur.
2821 2443 2993 2515 Quod

374 2535 577 2591 autem
606 2531 807 2607 aliqua
837 2532 1167 2608 spiritualis
1199 2532 1539 2593 substantia
1568 2534 1746 2594 alicui
1779 2533 2011 2610 corpori
2042 2533 2360 2611 obligetur,
2392 2552 2509 2593 non
2541 2536 2635 2592 est
2664 2552 2733 2593 ex
2765 2533 2995 2593 virtute

374 2621 642 2697 corporis
673 2622 935 2698 potentis
969 2621 1366 2682 substantiam
1405 2623 1811 2701 incorpoream
1856 2622 2140 2694 detinere,
2194 2621 2297 2682 sed
2348 2640 2417 2681 ex
2465 2622 2689 2682 virtute
2737 2622 2996 2699 alicujus

376 2710 704 2786 superioris
736 2711 1109 2771 substantiae
1140 2712 1362 2789 alligan'
1363 2712 1445 2772 tis
1483 2713 1862 2789 spiritualem
1906 2713 2303 2772 substantiam
2352 2712 2462 2771 tali
2515 2713 2744 2788 corpori
2773 2756 2788 2771 .
2820 2756 2834 2771 .
2867 2756 2881 2771 .
2932 2716 2998 2771 et

375 2818 484 2874 per
514 2798 672 2859 hunc
703 2800 947 2860 modum
976 2801 1206 2860 ammae‘
1236 2804 1297 2861 et
1327 2801 1638 2862 daemones
1666 2802 1997 2881 alligantur
2027 2802 2254 2862 virtute
2283 2801 2490 2861 divina
2519 2801 2585 2860 in
2615 2801 2711 2861 sui
2742 2818 2993 2877 poenam

380 2906 653 2963 corporeo
672 2888 875 2968 igni3‘
909 2892 970 2949 et
998 2890 1197 2949 citatis
1228 2890 1661 2967 Augustini
1692 2892 1894 2952 verbis
1924 2911 1981 2950 n.
2006 2899 2131 2955 653
2152 2891 2371 2963 allatis,
2402 2890 2817 2968 prosequitur:
2853 2889 2996 2959 ,Sic

382 2995 586 3036 verum
619 2980 726 3048 est,
761 2978 921 3054 quod
952 2978 1111 3057 ignis
1142 2978 1265 3049 ille,
1311 2979 1376 3037 in
1421 2983 1713 3055 quantum
1746 2980 1971 3040 virtute
2003 2979 2208 3039 divina
2237 2979 2468 3040 detinet
2496 2978 2756 3038 animam
2786 2979 2992 3057 alliga-

381 3067 522 3138 tam,
554 3066 681 3144 agit
711 3067 776 3125 in
806 3067 1062 3126 animam
1094 3072 1166 3127 ut
1195 3068 1453 3127 mstrum'
1454 3072 1662 3128 entum
1694 3069 1930 3129 divinae
1953 3069 2244 3146 justitiae,
2278 3072 2340 3128 et
2370 3070 2433 3128 in
2464 3071 2758 3145 quantum
2781 3087 2994 3144 appre-

380 3154 589 3213 hendit
615 3155 790 3216 illum
821 3156 1022 3234 ignem
1051 3160 1123 3216 ut
1151 3156 1264 3217 sibi
1294 3157 1591 3230 nocivum,
1623 3157 1896 3218 interiori
1926 3158 2178 3217 tristitia
2205 3158 2515 3236 affligitur.
2561 3157 2723 3229 Quae
2751 3157 2994 3234 quidem

381 3242 635 3302 maxima
676 3248 783 3315 est,
829 3264 964 3305 cum
1009 3245 1344 3306 considerat
1390 3265 1452 3306 se
1497 3246 1718 3306 infimis
1748 3246 1929 3306 rebus
1962 3247 2157 3318 subdi,
2204 3265 2356 3323 quae
2401 3250 2543 3307 nata
2587 3246 2707 3305 fuit
2737 3247 2860 3305 Deo
2888 3265 2996 3323 per

379 3330 726 3393 fruitionem
756 3334 935 3398 uniri.
948 3343 978 3374 ‘

560 3432 625 3502 2.
659 3440 940 3499 Suarez
970 3440 1043 3498 de
1074 3459 1208 3518 ang.
1228 3439 1385 3510 VIII,
1429 3450 1503 3503 14
1537 3459 1595 3499 11.
1618 3450 1692 3503 41
1723 3458 1802 3505 ss.
1832 3444 2056 3513 tuetur,
2092 3441 2460 3512 ,terminum
2493 3442 2616 3503 scil.
2635 3442 2992 3519 productum

377 3547 414 3586 a
454 3528 773 3605 gehennali
817 3530 955 3607 igne
1000 3529 1062 3588 in
1107 3529 1386 3589 daemone
1430 3547 1538 3589 seu
1581 3529 1805 3607 spiritu
1845 3533 2112 3606 separato
2156 3549 2285 3590 esse
2314 3531 2667 3607 qualitatem
2697 3531 2995 3607 quandam

380 3617 755 3695 spiritualem
787 3617 852 3677 in
882 3636 991 3678 suo
1021 3618 1227 3677 ordine
1255 3618 1650 3690 doloriferam,
1681 3618 1879 3678 dolore
1899 3619 2112 3694 utique
2130 3619 2431 3696 spirituali
2462 3638 2529 3679 88
2558 3620 2805 3696 proinde
2823 3622 2995 3678 tanto

379 3707 621 3783 majore,
654 3710 878 3782 quanto
911 3706 1252 3785 spiritualia
1282 3710 1567 3782 superant
1596 3707 1985 3769 materialia.‘
2034 3707 2096 3766 Si
2129 3709 2330 3767 autem
2361 3726 2628 3784 quaeras,
2660 3707 2994 3784 cujusmodi

382 3795 460 3854 sit
489 3795 631 3854 haec
662 3796 916 3871 qualitas
947 3795 1278 3866 dolorifera,
1314 3795 1651 3872 respondet,
1700 3795 1940 3856 difficile
1971 3814 2098 3856 esse
2130 3815 2258 3855 eam
2291 3797 2636 3868 describere,
2682 3796 2835 3856 forte
2865 3813 2995 3855 esse

379 3885 644 3961 aliquam
674 3885 1022 3960 qualitatem
1051 3885 1404 3955 foedantem,
1437 3884 1862 3944 deformantem
1888 3886 2147 3945 animam
2178 3886 2351 3961 eique
2398 3885 2992 3955 ,disconvenientem‘,

381 3977 455 4033 ut
485 3973 756 4050 loquitur
785 3975 1098 4035 Maurus
1127 3993 1225 4051 qq.
1256 3975 1434 4038 theol.
1464 3973 1554 4033 111
1582 3994 1642 4051 q.
1682 3983 1824 4046 192,
1870 3974 1966 4034 cui
2008 3975 2150 4034 haec
2187 3974 2486 4034 sententia
2514 3973 2752 4034 arridet.
2817 3974 2995 4044 ,Non

379 4062 538 4121 enim
570 4061 809 4122 videtur
839 4063 1244 4140 improbabile,
1289 4063 1671 4140 prosequitur
1715 4065 1752 4123 S
1769 4082 1860 4123 ua
1873 4084 1904 4122 r
1918 4081 1993 4122 ez
2008 4107 2024 4135 ,
2074 4064 2234 4141 quod
2282 4063 2440 4123 sicut
2486 4064 2665 4124 datur
2715 4063 2991 4139 qualitas,

604 4265 639 4332 ¹)
665 4260 958 4326 suarez,
986 4260 1056 4316 de
1081 4259 1302 4332 augelis
1327 4260 1477 4327 VIII,
1509 4268 1573 4318 12
1600 4279 1701 4321 88.;
1729 4260 2091 4316 Mazzella
2116 4261 2186 4315 de
2212 4260 2330 4318 Deo
2360 4263 2584 4316 creante
2610 4260 2757 4331 disp.
2795 4265 2829 4316 6
2866 4269 2894 4328 5
2936 4268 2997 4315 1:

379 4339 563 4396 Sche
578 4357 609 4395 e
626 4342 706 4397 be
722 4359 763 4396 n
786 4340 1090 4411 Mysterien
1118 4340 1217 4395 des
1242 4339 1703 4396 Christenthums
1728 4350 1754 4408 5
1781 4343 1868 4406 97,
1908 4340 2009 4396 ubi
2035 4340 2109 4394 ad
2135 4341 2284 4396 hanc
2323 4356 2564 4411 poenam
2590 4339 2994 4396 illustrandam

382 4423 549 4476 notat
572 4439 632 4480 a.
656 4423 956 4492 peccatum
979 4422 1042 4476 in
1068 4421 1269 4477 ordine
1295 4421 1721 4493 supernaturali
1756 4420 2040 4476 malitiam
2080 4420 2371 4491 quandam
2396 4419 2636 4475 induere
2661 4422 2996 4490 supernatu-

380 4503 589 4565 ralem,
615 4500 858 4573 ideoque
882 4503 945 4560 b.
972 4518 1213 4572 poenam
1240 4501 1578 4573 respondere
1606 4501 1806 4556 ordine
1830 4501 2056 4556 inverso
2082 4500 2299 4572 gloriae
2343 4499 2787 4572 supernaturali.
2836 4499 3000 4556 Sicut

382 4599 520 4653 ergo
546 4601 601 4642 c.
627 4581 876 4638 elevatio
902 4582 967 4637 fit
990 4598 1093 4654 per
1118 4582 1311 4637 lumen
1336 4585 1773 4653 supernaturale
1801 4580 2044 4637 maxime
2071 4581 2403 4653 spirituale:
2429 4580 2512 4635 ita
2537 4596 2781 4651 poenam
2807 4579 2998 4652 infligi

382 4679 486 4734 per
509 4661 857 4719 elementum
883 4662 1195 4729 materiale,
1221 4663 1373 4732 quod
1400 4664 1592 4715 tamen
1619 4664 1679 4720 «1.
1707 4677 1823 4716 non
1848 4662 1987 4731 agat
2009 4660 2122 4716 nisi
2161 4663 2230 4715 ut
2265 4662 2714 4716 instrumentum
2740 4658 2997 4731 justitiae

381 4741 637 4816 divinae.
685 4742 921 4798 Bautz
947 4753 975 4811 ξ
1002 4749 1069 4798 10
1095 4761 1138 4803 8.

2565 4832 2661 4889 39·
