3538 5364
1305 327 1751 400 Exceptionibus
1778 328 1999 383 satisfit.
2619 287 2623 292 ‘
2822 333 2948 399 521

343 535 408 575 ex
441 514 748 572 voluntate
781 513 902 577 Dei.
951 513 1160 588 Itaque
1192 515 1448 590 acceptis
1480 515 1777 573 mandatis
1812 559 1825 573 .
1860 557 1873 572 .
1906 558 1920 572 .
1953 514 2174 592 egressi
2209 518 2352 572 sunt
2385 513 2689 592 (apostoli)
2721 531 2953 572 annun-

344 605 562 663 ciantes
595 602 764 679 regni
783 602 889 660 Dei
909 602 1248 662 adventum.
1295 604 1409 662 Per
1438 604 1711 682 regiones
1743 604 1935 680 igitur
1965 608 2027 661 et
2056 603 2234 662 urbes
2269 603 2514 661 verbum
2547 602 2952 678 praedicantes

342 691 632 768 primitias
664 709 870 749 eorum
903 691 1120 766 spiritu
1149 710 1286 750 cum
1319 693 1688 767 probassent,
1737 692 2179 752 constituerunt
2223 691 2527 768 episcopos
2573 697 2634 750 et
2680 691 2955 749 diaconos

342 800 557 847 eorum,
591 780 695 856 qui
730 779 1017 838 credituri
1046 785 1234 839 erant.
1281 782 1488 857 Neque
1521 782 1631 841 hoc
1661 781 1905 858 quidem
1936 800 2158 840 novum
2183 781 2536 840 institutum
2568 781 2702 838 fuit.
2749 779 2954 838 Multis

342 868 497 929 enim
527 874 686 928 retro
719 870 937 928 seculis
968 869 1042 927 de
1074 870 1367 946 episcopis
1399 876 1460 930 et
1490 870 1753 930 diaconis
1787 871 2077 946 scriptum
2108 873 2216 929 est.
2265 870 2357 928 Sic
2388 870 2549 928 enim
2567 868 2790 929 alicubi
2810 868 2955 926 dicit

341 960 641 1034 Scriptura
674 955 835 1040 (Isai.
873 969 972 1029 60,
1017 953 1158 1040 17):
1210 959 1567 1019 Constituam
1611 963 1904 1036 episcopos
1946 978 2148 1018 eorum
2197 962 2258 1017 in
2301 960 2537 1033 justitia
2586 966 2636 1017 et
2685 959 2956 1017 diaconos

341 1067 532 1107 eorum
563 1050 626 1105 in
653 1048 780 1120 fide.
848 1047 923 1106 Et
957 1047 1101 1121 quid
1134 1049 1354 1108 mirum
1386 1067 1501 1119 eos,
1548 1050 1768 1125 quibus
1817 1050 1878 1108 in
1917 1049 2151 1108 Christo
2184 1069 2219 1107 a
2252 1049 2371 1106 Deo
2402 1049 2511 1106 hoc
2541 1067 2761 1107 munus
2795 1064 2953 1106 com-

338 1138 590 1196 missum
621 1136 754 1206 fuit,
788 1136 1123 1211 praedictos
1155 1138 1622 1197 constituisse?‘

518 1288 663 1342 546.
696 1273 1068 1344 Scholion.
1099 1279 1546 1356 Exceptionibus
1574 1282 1799 1354 satisfit.
1833 1314 1915 1325 —-
1951 1279 2086 1339 Tria
2118 1279 2444 1339 adversarii
2472 1279 2785 1355 opponunt
2815 1295 2954 1336 con-

335 1373 427 1426 tra
458 1367 720 1427 divinam
751 1368 853 1443 huj
865 1386 932 1426 us
963 1367 1322 1428 discriminis
1352 1369 1672 1448 originem:

521 1489 581 1555 l.
613 1491 806 1551 Verba
837 1493 1006 1552 Pauli
1034 1494 1108 1551 ad
1140 1494 1330 1555 Galat.
1366 1505 1422 1565 3,
1460 1504 1573 1558 28:
1624 1495 1758 1553 Non
1790 1502 1871 1553 est
1888 1495 2163 1569 judaeus,
2198 1511 2375 1570 neque
2402 1510 2685 1569 praecus:
2730 1510 2844 1549 non
2877 1497 2955 1549 est

245 1577 259 1590 ⁶
336 1600 558 1655 servus,
607 1600 785 1658 neque
829 1582 1006 1640 liber:
1055 1602 1169 1642 non
1221 1588 1303 1642 est
1348 1586 1657 1660 masculus,
1705 1603 1880 1661 neque
1920 1585 2159 1657 femina.
2225 1583 2434 1641 Omnes
2464 1583 2613 1640 enim
2649 1599 2744 1639 vos
2774 1599 2954 1638 unum

334 1673 467 1729 estis
499 1672 564 1728 in
600 1670 830 1729 Christo
862 1671 1041 1729 Jesu:
1087 1672 1308 1746 quibus
1352 1673 1656 1748 apostolus
1685 1691 1919 1731 omnem
1950 1675 2131 1749 negat
2161 1671 2510 1730 servitutem
2543 1673 2604 1729 et
2635 1668 2955 1745 subiectio-

332 1779 467 1818 nem
498 1760 661 1818 inter
691 1759 912 1828 fideles,
945 1758 1195 1837 ideoque
1226 1780 1457 1820 omnem
1490 1761 1752 1820 excludit
1772 1762 2274 1838 superioritatem,
2304 1779 2425 1836 qua
2445 1760 2583 1834 jure
2616 1757 2817 1816 divino
2852 1757 2955 1816 alii

331 1850 391 1907 in
425 1847 689 1908 Ecclesia
721 1849 853 1907 aliis
886 1847 1168 1924 praesint.
1200 1884 1287 1893 ——
1319 1851 1477 1909 Haec
1506 1853 1704 1910 tamen
1737 1851 1813 1908 ad
1842 1870 1965 1909 rem
1999 1869 2120 1909 non
2157 1851 2317 1909 sunt.
2384 1848 2599 1908 Eodem
2634 1847 2791 1906 enim
2817 1847 2954 1922 jure

333 1941 705 2013 sequeretur,
739 1938 1076 2014 apostolum
1108 1957 1324 2016 negare
1355 1939 1765 1998 diversitatem
1797 1958 1989 2008 sexus,
2036 1958 2187 2014 quae
2234 1938 2316 1996 sit
2360 1956 2428 1995 ex
2474 1935 2809 1996 conditione
2846 1954 2954 1994 na-

330 2033 518 2097 turae,
555 2026 911 2086 conditionis
943 2026 1388 2087 distinctionem
1418 2030 1528 2090 etc.
1559 2030 1622 2087 in
1654 2028 1931 2097 Ecclesia,
1966 2027 2126 2103 quod
2158 2031 2253 2086 est
2283 2026 2625 2086 absurdum.
2664 2025 2732 2083 Id
2764 2044 2954 2083 unum

331 2116 542 2174 docere
574 2116 852 2186 intendit,
901 2117 1006 2174 has
1052 2117 1412 2177 differentias
1451 2136 1571 2176 non
1603 2118 1967 2176 constituere
1997 2116 2478 2191 inaequalitatem
2522 2115 2587 2172 in
2632 2114 2837 2172 ordine
2883 2113 2954 2171 ad

326 2204 834 2278 justificationem,
868 2205 1140 2274 salutem,
1172 2206 1444 2282 gratiam,
1477 2207 1553 2264 ad
1584 2225 1762 2283 qnam
1786 2224 1990 2265 omnes
2013 2209 2317 2274 vocantur,
2349 2210 2411 2263 et
2441 2224 2474 2262 a
2505 2222 2622 2279 qua
2651 2221 2824 2262 nemo
2855 2220 2952 2261 ex-

331 2293 613 2364 cluditur,
647 2312 714 2351 eo
747 2293 907 2370 quod
939 2294 1019 2352 sit
1048 2313 1255 2354 servus
1288 2296 1384 2353 vel
1414 2295 1632 2354 femina
1663 2299 1773 2354 etc.
1805 2295 2034 2371 Religio
2073 2293 2413 2363 christiana,
2447 2294 2494 2350 si
2531 2292 2641 2362 vis,
2674 2291 2952 2361 excludit,

330 2387 398 2440 ut
425 2383 584 2441 bene
617 2386 788 2441 notat
818 2400 864 2443 s.
897 2382 1214 2442 Thomas
1246 2386 1440 2460 suppl.
1472 2403 1529 2458 q.
1563 2393 1643 2446 34
1678 2404 1725 2442 a.
1752 2396 1803 2456 1,
1836 2384 2265 2460 subjectionem
2299 2381 2626 2454 servitutis,
2661 2399 2782 2438 non
2811 2397 2950 2438 vero

327 2472 762 2548 subjectionem
792 2471 1094 2534 utilitatis.

502 2593 577 2659 2.
607 2595 816 2670 Neque
848 2595 922 2653 ad
953 2614 1078 2653 rem
1109 2599 1255 2654 sunt
1285 2596 1464 2654 verba
1503 2607 1557 2659 1.
1587 2596 1751 2654 Petri
1787 2604 1843 2666 2,
1882 2606 1951 2658 5:
1997 2595 2076 2654 Et
2120 2597 2236 2670 ipsi
2265 2602 2562 2671 tamquam
2592 2594 2816 2668 lapides
2845 2595 2955 2650 vivi

327 2686 901 2759 superaedificamini
943 2685 1147 2744 domias
1190 2686 1542 2761 spiritualis,
1602 2686 1986 2745 sacerdotium
2030 2693 2309 2761 sanctum,
2359 2684 2571 2757 offerre
2614 2682 2961 2757 spirituales

332 2775 555 2833 hostias
570 2795 598 2845 ,·
630 2793 683 2831 v.
707 2783 777 2836 9:
825 2773 933 2833 Vos
951 2782 1142 2833 autem
1158 2793 1337 2851 penus
1355 2776 1606 2851 electum,
1637 2776 1827 2852 reqale
1855 2776 2256 2850 sacerdotium,
2285 2793 2423 2851 qens
2452 2781 2671 2849 sancta,
2698 2773 2953 2848 populus

331 2865 734 2940 acquisitionis
744 2885 769 2938 ,·
800 2865 978 2940 Apoc.
1008 2875 1058 2934 1,
1083 2874 1152 2925 ὅτ
1185 2863 1341 2922 Fecit
1371 2882 1475 2923 uos
1507 2864 1585 2943 (J.
1607 2860 1903 2945 Christus)
1938 2883 2174 2941 reynum
2206 2870 2259 2921 et
2287 2863 2610 2923 sacerdotes
2627 2863 2748 2921 Deo
2772 2861 2953 2919 Patri.

333 2952 392 3009 Si
424 2954 593 3011 enim
626 2967 688 3017 a.
720 2955 1032 3028 urgentur,
1066 2951 1377 3011 deduxeris
1410 2971 1614 3012 omnes
1648 2951 1850 3011 fideles
1869 2953 2049 3011 etiam
2070 2952 2309 3029 proprie
2329 2951 2520 3010 dictos
2551 2968 2679 3009 esse
2713 2968 2953 3026 reges.

332 3041 523 3111 Quare
579 3037 648 3103 b.
697 3040 856 3100 sicut
897 3040 1099 3099 fideles
1145 3044 1290 3100 sunt
1319 3061 1572 3119 regnum
1605 3060 1787 3100 sensu
1817 3042 2125 3112 translato,
2174 3041 2321 3116 quin
2353 3039 2743 3099 excludantur
2785 3056 2953 3115 reges

332 3131 584 3207 proprie
615 3128 791 3189 dicti:
839 3130 925 3188 ita
955 3129 1239 3189 dicuntur
1271 3148 1454 3190 sensu
1486 3131 1790 3207 spirituali
1820 3129 2167 3199 sacerdotes,
2201 3148 2322 3189 non
2354 3129 2606 3188 exclusis
2639 3126 2955 3187 sacerdoti-

330 3220 445 3279 bus
479 3236 673 3279 sensu
701 3218 957 3296 proprio.
1008 3219 1158 3278 Sane
1191 3234 1252 3284 c.
1285 3220 1425 3279 haec
1454 3220 1829 3279 affirmantur
1859 3219 1932 3278 de
1964 3218 2324 3289 christiania,
2360 3222 2430 3278 ut
2460 3218 2601 3277 olim
2633 3216 2706 3276 de
2736 3217 2954 3294 populo

331 3308 666 3368 israelitico
686 3308 866 3367 Exod.
897 3317 991 3370 19.
1015 3318 1070 3378 6,
1103 3308 1209 3383 qui
1229 3308 1540 3368 dicebatur
1558 3328 1810 3386 regnum
1829 3308 2185 3367 sacerdotale
2215 3327 2338 3367 non
2365 3306 2599 3367 excluso
2619 3305 2955 3365 discrimine

331 3397 632 3457 divinitus
665 3399 890 3456 statuto
921 3397 1081 3455 inter
1123 3396 1334 3456 levitas
1381 3400 1441 3456 et
1484 3398 1785 3475 reliquum
1832 3397 2135 3473 populum.
2202 3395 2371 3465 Quod
2402 3393 2470 3462 (l.
2501 3396 2724 3473 passim
2756 3398 2956 3471 patres

333 3487 693 3563 significant.
760 3487 853 3544 Ita
896 3486 1161 3563 Augus
1180 3487 1395 3545 tinus
1442 3486 1515 3544 de
1545 3486 1655 3545 civ.
1687 3485 1798 3544 Dei
1828 3485 1948 3557 XX,
1988 3497 2097 3549 10:
2148 3486 2388 3554 ,Erunt
2417 3487 2737 3545 sacerdotes
2768 3485 2877 3543 Dei
2908 3491 2957 3541 et

337 3576 559 3634 Christi
590 3583 643 3633 et
675 3575 991 3652 reynabunt
1020 3593 1149 3633 cum
1178 3593 1240 3633 eo
1272 3576 1423 3634 mille
1454 3577 1628 3634 aunis
1659 3569 1864 3654 (Apoc.
1903 3584 2003 3645 20,
2040 3572 2124 3656 6),
2159 3593 2279 3634 non
2309 3574 2521 3650 utique
2553 3575 2625 3632 de
2658 3574 2799 3633 solis
2829 3573 2955 3649 epi-

333 3666 528 3742 scopis
563 3667 626 3724 et
657 3664 1022 3741 presbyteris
1052 3663 1279 3723 dictum
1310 3668 1419 3736 est,
1466 3665 1569 3740 qui
1601 3666 1851 3740 proprie
1885 3665 2013 3740 jam
2057 3666 2344 3722 vocantur
2380 3663 2443 3721 in
2474 3663 2737 3722 Ecclesia
2766 3680 2954 3720 sacer-

332 3754 530 3813 dotes:
567 3753 672 3812 sed
706 3753 864 3811 sicut
893 3770 1096 3812 omnes
1127 3753 1481 3813 christianos
1511 3753 1765 3812 dicimus
1797 3757 2038 3829 propter
2055 3753 2377 3829 mysticum
2408 3751 2679 3821 chrisma,
2714 3750 2799 3809 sic
2830 3768 2955 3808 om-

331 3862 436 3902 nes
470 3840 830 3913 sacerdotes,
878 3842 1160 3917 quoniam
1191 3843 1454 3901 membra
1486 3844 1631 3901 sunt
1663 3842 1842 3918 hujus
1874 3842 2213 3909 sacerdotis,
2265 3841 2337 3900 de
2383 3840 2603 3915 quibus
2646 3838 2954 3915 apostolus

331 3931 568 4002 Petrus,
593 3931 773 4007 plebs,
809 3931 1025 4005 inquit,
1058 3938 1279 4003 sancta,
1311 3929 1502 4009 reqale
1531 3926 1939 3989 sacerdotium.
1959 3938 1986 3967 ¹
2031 3932 2115 3989 De
2146 3932 2256 3989 hoc
2286 3928 2592 4006 duplici
2626 3927 2954 3987 sacerdotio

332 4019 774 4097 improprie
819 4037 927 4078 seu
960 4020 1141 4078 latius
1173 4020 1331 4079 dicto
1364 4024 1425 4079 et
1467 4021 1720 4089 interno,
1774 4023 1835 4078 et
1879 4020 1950 4078 de
1997 4019 2324 4079 sacerdotio
2370 4018 2605 4094 proprie
2650 4021 2712 4076 et
2757 4035 2955 4093 presse

332 4109 493 4169 dicto
527 4112 592 4168 et
623 4111 865 4168 externo
895 4108 969 4166 cf.
999 4108 1224 4171 Catech.
1256 4128 1400 4173 rom.
1430 4129 1489 4185 p.
1521 4110 1576 4167 II
1608 4127 1655 4168 c.
1693 4119 1726 4172 7
1759 4128 1819 4168 n.
1853 4119 1933 4171 44
1968 4128 2042 4169 ss.

515 4231 582 4300 3.
618 4233 964 4292 Difficiliora
993 4233 1275 4292 videntur
1306 4234 1487 4293 verba
1517 4234 2003 4293 Tertulliani
2050 4232 2122 4291 de
2154 4233 2377 4292 exhort.
2411 4236 2550 4290 cast.
2583 4248 2629 4288 c.
2669 4241 2735 4291 7:
2786 4229 2953 4297 ,Dif-

331 4323 655 4382 ferentiam
699 4324 857 4381 inter
907 4322 1176 4381 ordinem
1226 4326 1286 4382 et
1333 4324 1565 4400 plebem
1611 4323 1930 4381 constituit
1959 4321 2249 4381 Ecclesiae
2294 4321 2616 4379 auctoritas
2652 4368 2665 4382 .
2696 4367 2711 4383 .
2746 4366 2760 4381 .
2792 4318 2953 4387 adeo,

331 4413 439 4471 ubi
474 4412 859 4471 ecclesiastici
891 4411 1118 4470 ordinis
1150 4430 1270 4471 non
1302 4415 1394 4470 est
1425 4430 1751 4481 consessus,
1801 4415 1863 4468 et
1908 4411 2082 4470 offers
2128 4413 2189 4468 et
2232 4410 2459 4487 tinguis
2496 4416 2559 4468 et
2591 4408 2859 4467 sacerdos
2891 4426 2954 4465 es

331 4502 447 4559 tibi
482 4502 709 4560 solus.‘
745 4500 855 4559 Sed
890 4501 1036 4558 scias
1067 4516 1132 4562 a.
1172 4501 1307 4558 haec
1337 4520 1465 4559 esse
1486 4501 1707 4576 scripta
1738 4500 2157 4558 aTertulliano
2170 4501 2294 4575 jam
2335 4499 2693 4558 montanista
2724 4500 2784 4556 et
2816 4516 2954 4556 con-

329 4591 527 4649 tinere
562 4587 634 4654 b.
667 4589 996 4664 sophisma:
1032 4589 1164 4647 ideo
1198 4589 1428 4647 scilicet
1460 4591 1618 4647 laicis
1651 4609 1768 4647 non
1802 4589 1977 4646 licere
1999 4589 2283 4646 secundas
2316 4587 2465 4645 inire
2498 4588 2758 4663 nuptiaS,
2793 4587 2954 4662 quod

331 4679 456 4737 sint
490 4678 846 4744 sacerdotes,
882 4678 1102 4753 quibus
1123 4680 1366 4753 nuptiae
1389 4679 1676 4736 secundae
1711 4689 1855 4736 sunt
1888 4677 2253 4735 interdictae.
2302 4676 2468 4745 Quod
2502 4679 2554 4736 si
2585 4698 2653 4736 ea
2684 4692 2745 4742 c.
2777 4676 2954 4734 nimis

331 4787 571 4845 urgeas,
610 4767 886 4843 sequitur
917 4787 983 4825 ex
1019 4768 1145 4825 loco
1177 4768 1471 4826 consimili
1504 4786 1706 4825 omnes
1734 4767 2090 4824 christianos
2123 4784 2247 4824 esse
2281 4766 2437 4824 inter
2468 4784 2530 4826 se
2562 4767 2798 4845 proprie
2830 4766 2953 4823 dic-
