3538 5364
503 277 639 349 648
854 267 1039 321 Tract.
1065 268 1130 320 Χ.
1158 266 1227 319 de
1255 266 1371 320 Deo
1398 266 1870 322 consummatore.
1897 263 1978 317 De
2004 262 2209 317 mundi
2234 262 2423 316 durat.
2450 262 2766 334 opiniones,

508 458 802 532 tempore
821 448 952 512 scil.
974 447 1218 523 ultimo,
1251 446 1424 528 quod
1456 446 1523 509 in
1555 445 1784 509 divinis
1814 444 2014 510 literis
2045 444 2171 508 dici
2190 442 2482 509 soletilla
2516 445 2668 529 dies,
2695 446 2828 509 dies
2844 445 3127 530 Domini,

506 558 639 621 dies
671 555 925 639 Christi,
957 555 1086 620 dies
1115 551 1269 617 Filii
1299 554 1586 636 hominis,
1621 554 1992 617 novissimus
2035 552 2188 634 dies,
2227 552 2397 634 fini-e,
2447 553 2896 617 consummatio
2926 552 3125 618 seculi.

506 659 695 742 Quae
727 667 946 727 autem
978 662 1148 727 diem
1167 661 1341 726 illam
1360 659 1769 742 praecedent,
1791 658 2275 723 comitabuntur
2295 665 2361 723 et
2379 665 2875 741 consequentur,
2906 661 3129 742 paucis

510 775 807 835 recenset
836 768 1352 850 Augustinus
1398 767 1479 833 de
1523 767 1640 830 civ.
1674 766 1791 832 Dei
1820 765 1957 842 XX,
1993 769 2079 834 30
2110 784 2170 828 n.
2202 768 2278 835 5:
2348 764 2454 840 ,ln
2498 763 2606 829 illo
2637 764 2862 848 utique
2886 766 3129 848 judicio

506 874 612 943 vel
645 876 820 940 circa
849 875 1003 940 illud
1030 874 1342 958 judicium
1372 875 1496 938 has
1527 892 1631 940 res
1664 872 2007 937 didicimus
2028 890 2170 937 esse
2189 870 2468 937 futuras:
2498 870 2702 937 Eliam
2718 872 3131 956 Thesbytem,

509 983 701 1049 fidem
743 983 1149 1065 judaeorum,
1213 981 1661 1046 antichristum
1723 985 2233 1063 persecuturum,
2296 978 2622 1045 Christum
2674 979 3131 1062 judicaturum,

511 1097 917 1155 mortuorum
950 1089 1509 1165 resurrectionem,
1542 1087 1864 1152 bonorum
1896 1087 2344 1169 malorumque
2375 1086 2885 1168 diremptionem,
2909 1087 3131 1152 mundi

506 1194 1086 1278 conflagrationem
1120 1194 1535 1278 ejusdemque
1565 1193 2070 1260 renovationem.
2104 1192 2285 1273 Quae
2317 1193 2538 1257 omnia
2568 1192 2828 1275 quidem
2859 1200 3131 1259 ventura

507 1322 657 1369 esse
689 1303 1081 1369 credendum
1114 1308 1231 1378 est,
1261 1301 1376 1367 sed
1410 1301 1641 1384 quibus
1673 1301 1883 1364 modis
1916 1306 1979 1364 et
2011 1318 2138 1382 quo
2173 1299 2398 1366 ordine
2428 1300 2710 1375 veniant,
2740 1300 2946 1383 magis
2978 1307 3130 1365 tunc

506 1407 771 1475 docebit
800 1428 1015 1476 rerum
1047 1410 1458 1491 experientia,
1491 1427 1690 1492 quam
1708 1426 1881 1473 nunc
1912 1408 1996 1472 ad
2026 1408 2382 1490 perfectum
2411 1408 2746 1473 hominum
2775 1407 3130 1491 intelligen-

513 1516 603 1580 tia
634 1517 808 1581 valet
839 1517 1202 1599 consequi<K
1251 1516 1498 1595 Quibus
1529 1516 1777 1581 addunt
1808 1515 1916 1579 alii
1946 1514 2494 1597 praedicationem
2524 1515 2850 1596 Evangelii
2878 1535 2995 1598 per
3025 1534 3131 1580 or-

511 1623 662 1687 bem
692 1623 1048 1688 secundum
1088 1623 1290 1689 verba
1320 1622 1553 1688 Christi
1583 1622 1803 1688 Matth.
1838 1627 1943 1699 24,
1981 1627 2093 1690 14:
2156 1621 2241 1685 Εἰ
2258 1623 2746 1704 praedicabitur
2775 1625 2885 1687 hoc
2916 1623 3131 1688 Evan-

505 1729 738 1815 qelium
781 1732 960 1814 requi
1006 1733 1074 1794 in
1119 1733 1406 1794 universo
1450 1730 1595 1794 orbe
1640 1736 1705 1794 in
1748 1731 2167 1793 testimonium
2212 1729 2495 1793 omnibus
2532 1730 2819 1813 pentibus
2832 1750 2853 1791 .·
2898 1737 2954 1794 et
2986 1737 3135 1795 tunc

507 1840 704 1902 veniet
733 1839 1201 1902 consummatio,

687 1968 773 2026 De
805 1967 1061 2045 singulis
1080 1967 1262 2038 hisce,
1297 1986 1447 2043 quae
1467 1968 1736 2027 omnium
1754 1968 2327 2027 consummationem
2344 1966 2716 2042 praecedent,
2750 1966 2952 2043 aliqua
2970 1968 3135 2027 dica-

505 2073 644 2115 mus
676 2056 1114 2131 praetermissis
1143 2059 1348 2115 tamen
1377 2057 1454 2115 iis
1486 2056 1963 2132 quaestionibus,
2002 2076 2154 2133 quae
2184 2056 2435 2115 minoris
2467 2057 2614 2124 sunt
2642 2056 2928 2115 momenti
2957 2057 3135 2116 theo·

510 2145 708 2222 logici,
756 2164 1026 2220 quaeque
1070 2145 1243 2205 modo
1275 2145 1542 2205 nondum
1573 2146 1725 2205 solvi
1755 2149 2015 2222 possunt
2043 2145 2159 2204 nisi
2187 2144 2548 2222 conjecturis
2580 2162 2753 2221 saepe
2784 2145 2882 2204 vix
2914 2146 3136 2221 proba·

509 2234 763 2293 bilibus:
797 2234 1133 2310 cujusmodi
1163 2253 1249 2293 ex.
1268 2255 1354 2311 gr.
1375 2237 1470 2294 est
1499 2235 1771 2308 quaestio
1803 2235 1874 2293 de
1903 2234 2115 2293 mundi
2148 2233 2600 2304 duratione,
2634 2232 2708 2292 de
2740 2251 2860 2308 qua
2892 2234 3136 2310 sapiens

507 2326 600 2381 est
642 2324 934 2383 monitum
980 2323 1414 2400 Augustini
1462 2322 1536 2382 de
1580 2323 1742 2383 civit.
1774 2324 1882 2382 Dei
1910 2323 2119 2394 XVIII,
2171 2332 2283 2387 53:
2334 2322 2593 2393 ,Quaeri
2642 2322 2826 2381 solet:
2879 2322 3132 2392 Quando

507 2412 670 2470 istud
718 2413 873 2471 erit?
937 2414 1285 2489 Importune
1316 2413 1588 2472 omnino!
1656 2412 1719 2471 Si
1763 2413 1925 2471 enim
1971 2413 2080 2472 hoc
2123 2412 2296 2471 nobis
2340 2430 2516 2471 nosse
2546 2411 2873 2488 prodesset,
2923 2432 2959 2471 a
3009 2431 3133 2488 quo

509 2500 743 2572 melius,
777 2520 958 2577 quam
991 2502 1065 2560 ab
1098 2501 1233 2577 ipso
1267 2501 1519 2561 Domino
1550 2501 1838 2578 magistro
1868 2502 2383 2578 interrogantibus
2416 2501 2725 2577 discipulis
2759 2499 3133 2561 disceretur?

509 2591 645 2649 Non
688 2590 849 2649 enim
893 2590 1195 2650 siluerunt
1236 2590 1377 2649 inde
1421 2591 1581 2667 apud
1624 2610 1781 2663 eum,
1833 2591 1938 2649 sed
1989 2610 2025 2649 a
2072 2593 2385 2665 praesente
2416 2589 2805 2666 quaesierunt
2836 2590 3131 2650 dicentes:

510 2679 775 2756 Domine,
809 2682 862 2739 si
891 2681 995 2740 hoe
1024 2689 1275 2757 tempore
1300 2680 1763 2757 praesentaberis
1792 2688 1844 2739 et
1873 2681 2108 2758 quando
2138 2699 2376 2758 reqnum
2410 2679 2598 2739 Israel
2614 2678 2644 2739 ‚2
2697 2681 2780 2738 At
2811 2678 2949 2740 ille:
2997 2681 3135 2741 Non

510 2777 609 2844 est,
655 2770 873 2847 inquit,
920 2778 1171 2829 vestrum
1214 2773 1362 2829 scire
1404 2777 1681 2847 tempora,
1731 2789 1879 2847 quae
1908 2769 2087 2829 Pater
2121 2772 2186 2829 in
2216 2788 2328 2829 sua
2349 2772 2552 2844 posuit
2571 2776 2849 2846 potestate
2879 2765 3037 2852 (Act.
3076 2782 3132 2842 1,

514 2867 549 2920 6
586 2861 656 2934 s.)
689 2904 704 2917 .
737 2904 750 2918 .
784 2909 796 2920 .
830 2860 1076 2919 Frustra
1095 2859 1286 2936 igitur
1303 2877 1509 2932 annos,
1542 2860 1648 2935 qui
1679 2859 1821 2918 huic
1839 2860 2038 2919 seculo
2058 2862 2383 2930 remanent,
2418 2861 2760 2935 computare
2791 2877 2858 2918 ac
2887 2858 3135 2919 definire

510 2965 808 3023 conamur,
841 2967 976 3008 cum
1008 2949 1117 3008 hoc
1149 2948 1301 3008 scire
1331 2967 1452 3008 non
1483 2966 1612 3008 esse
1642 2952 1918 3008 nostrum
1949 2967 2021 3007 ex
2052 2968 2150 3008 ore
2173 2948 2459 3008 Veritatis
2492 2947 2819 3010 audiamus.
2833 2956 2862 2987 ⁸
2911 2949 3135 3008 Recen-

510 3036 626 3095 sita
656 3056 796 3096 vero
826 3038 1054 3114 triplici
1083 3038 1154 3097 de
1185 3037 1398 3096 mundi
1429 3038 1543 3097 fine
1575 3037 1857 3115 opinione
1888 3037 2125 3097 subdit:
2161 3037 2713 3107 ,Quemadmodum
2742 3037 3001 3114 quisque
3032 3056 3134 3097 eo-

510 3143 645 3184 rum
675 3125 952 3185 adstruat
981 3126 1326 3203 opinionem
1357 3146 1541 3199 suam,
1589 3127 1836 3204 longum
1883 3131 1977 3186 est
2021 3128 2426 3187 demonstrare
2468 3129 2530 3185 et
2559 3144 2680 3185 non
2710 3127 3135 3186 necessarium.

510 3213 879 3289 conjecturis
911 3216 1134 3292 quippe
1163 3217 1425 3275 utuntur
1456 3216 1749 3287 humanis,
1784 3234 1904 3276 non
1936 3216 2011 3274 ab
2043 3216 2131 3275 eis
2161 3218 2390 3275 certum
2422 3215 2653 3291 aliquid
2684 3216 2758 3274 de
2791 3215 3136 3293 Scripturas

511 3303 827 3363 canonicae
858 3304 1214 3364 auctoritate
1245 3305 1565 3381 profertur.
1631 3305 1914 3365 Omnium
1946 3324 2084 3364 vero
2116 3305 2187 3364 de
2217 3306 2325 3364 hac
2354 3322 2420 3363 re
2451 3304 2878 3364 calculantium
2910 3305 3137 3383 digitos

510 3392 757 3451 resolvit
800 3395 863 3452 et
907 3394 1210 3470 quiescere
1237 3394 1412 3470 jubet
1441 3394 1562 3466 ille,
1611 3394 1717 3470 qui
1761 3394 1943 3454 dixit:
1991 3395 2125 3453 Non
2171 3402 2250 3452 est
2291 3401 2540 3453 vestrum
2571 3396 2720 3453 scire
2750 3397 2860 3452 etc.
2877 3402 2905 3432 ⁴¹
2974 3393 3132 3464 Qua-

512 3484 761 3556 propter
809 3482 1136 3558 prudenter
1182 3483 1499 3543 concilium
1546 3483 2130 3543 mediolanense
2180 3503 2230 3541 a.
2284 3493 2448 3547 1365
2496 3502 2555 3558 p.
2598 3493 2623 3546 1
2678 3500 2726 3543 c.
2772 3495 2807 3547 6
2856 3484 3138 3542 hortatur

511 3570 967 3643 concionatores,
1005 3591 1122 3641 ,ne
1154 3575 1382 3632 certum
1414 3575 1651 3648 tempus
1681 3572 2019 3631 antichristi
2036 3572 2332 3631 adventus
2363 3574 2424 3630 et
2454 3571 2705 3631 extremi
2728 3571 2947 3648 judicii
2978 3571 3134 3631 diem

512 3659 873 3734 praedicent,
907 3680 1042 3720 cum
1072 3662 1229 3720 illud
1260 3661 1476 3720 Christi
1508 3661 1745 3720 Domini
1777 3679 1877 3719 ore
1906 3664 2194 3720 testatum
2227 3661 2339 3720 sit:
2388 3661 2522 3721 Non
2566 3668 2647 3720 est
2690 3668 2943 3720 vestrum
2972 3679 3140 3721 nosse

510 3755 774 3821 tempora
816 3752 903 3809 vel
946 3758 1252 3810 momenta.
1318 3750 1481 3809 Neve
1513 3749 1844 3826 quidquam
1873 3751 2175 3826 praeterea
2205 3750 2480 3809 futurum
2509 3769 2580 3808 ex
2611 3750 2794 3810 sacris
2824 3751 3018 3810 literis
3048 3751 3137 3809 di-

518 3837 721 3897 vinare
753 3839 927 3915 eique
957 3840 1203 3899 eventui
1234 3841 1456 3898 certam
1501 3838 1655 3897 diem
1703 3838 2015 3914 praefinire
2050 3838 2323 3903 audeant.
2385 3838 2595 3914 Neque
2640 3841 2864 3899 temere
2909 3839 2974 3898 id
3021 3839 3140 3899 sibi

512 3924 808 3986 divinitus
840 3929 1170 3988 revelatum
1201 3947 1332 3988 esse
1362 3927 1718 3986 affirment.‘
1751 3928 1847 3986 Ita
1876 3931 1939 3986 et
1968 3927 2232 4006 synodus
2251 3929 2641 3988 lateranensis
2674 3929 2788 3988 sub
2820 3930 2912 3988 Le
2929 3948 3019 3988 on
3034 3947 3069 3987 e
3087 3929 3140 3987 X

514 4015 829 4089 prohibuit
860 4020 1140 4095 ,tempus
1171 4062 1186 4076 .
1222 4062 1236 4077 .
1267 4061 1282 4075 .
1313 4015 1654 4076 antichristi
1684 4016 1979 4076 adventus
2025 4021 2132 4076 aut
2176 4020 2405 4077 certum
2444 4016 2604 4077 diem
2626 4017 2844 4093 judicii
2875 4036 3141 4077 asserere

514 4104 612 4162 vel
656 4106 997 4181 praedicare
1011 4114 1061 4171 ⁴¹.
1126 4106 1449 4181 Nunquam
1478 4108 1681 4164 tamen
1724 4106 2061 4186 defuerunt,
2111 4107 2217 4182 qui
2260 4125 2380 4166 non
2425 4106 2699 4166 obstante
2743 4110 2867 4166 tam
2912 4106 3143 4167 diserta

514 4191 734 4253 Christi
766 4195 1164 4255 declaratione
1196 4194 1328 4254 ausi
1361 4194 1484 4253 sint
1513 4194 1724 4254 mundi
1757 4194 2151 4257 determinare
2183 4195 2363 4254 finem
2379 4192 2447 4276 ¹).

731 4421 770 4489 ¹)
798 4418 885 4472 Ita
910 4435 1041 4473 eum
1068 4418 1388 4490 assignavit
1412 4418 1585 4473 initio
1612 4435 1720 4472 sec.
1746 4420 1845 4473 111.
1870 4420 1960 4492 Jju
1977 4420 2014 4473 d
2030 4436 2064 4473 a
2081 4438 2105 4473 s
2147 4419 2386 4488 quidam
2413 4421 2557 4474 teste
2583 4418 2718 4474 Hie
2734 4437 2763 4474 r
2778 4436 2811 4475 o
2827 4438 2866 4474 n
2881 4437 2919 4490 y
2936 4437 2993 4473 m
3011 4437 3044 4475 o
3072 4420 3145 4475 de

515 4494 657 4549 viris
682 4496 891 4551 illustr.
918 4515 964 4552 c.
991 4506 1091 4561 52:
1131 4498 1237 4553 alii
1261 4500 1575 4554 secundum
1602 4498 1646 4553 P
1662 4499 1701 4553 h
1718 4500 1776 4554 il
1793 4516 1826 4553 a
1843 4500 1987 4554 stri
2005 4519 2043 4555 u
2060 4520 2116 4554 m
2143 4501 2299 4554 haer.
2330 4506 2431 4558 106
2455 4516 2507 4554 a.
2534 4507 2673 4562 365:
2714 4500 2817 4556 alii
2843 4502 2986 4555 teste
3012 4501 3145 4555 Au·

515 4592 608 4646 gu
626 4574 831 4631 stino
856 4578 894 4632 1.
921 4595 967 4632 c.
994 4595 1043 4632 a.
1070 4585 1204 4640 400:
1247 4579 1441 4650 plures
1481 4581 1795 4650 praeeunte
1811 4581 1935 4650 Jam
1962 4579 2385 4652 Hippolyto
2427 4578 2490 4633 in
2516 4578 2661 4634 Dan.
2688 4579 2727 4637 1.
2750 4586 2788 4635 4
2826 4580 2918 4651 (cf.
2943 4578 3144 4634 Theol.

516 4652 759 4721 Qtlschr.
787 4662 927 4714 1893
951 4675 1008 4727 p.
1040 4661 1160 4730 119)
1205 4673 1356 4714 anno
1383 4658 1612 4713 circiter
1638 4664 1759 4726 500,
1800 4658 1989 4715 innixi
2027 4658 2294 4732 opinioni
2330 4675 2366 4713 a
2404 4658 2605 4716 multis
2642 4661 2903 4730 receptae
2942 4661 3001 4712 et
3038 4674 3145 4730 per

514 4734 738 4804 Syriam
764 4732 938 4790 etiam
965 4736 1235 4808 vulgatae
1260 4737 1355 4809 (cf.
1374 4736 1646 4793 zeitschr.
1670 4737 1984 4811 Oeniponti
2010 4747 2144 4799 1892
2165 4759 2222 4811 p.
2242 4741 2367 4811 275)
2394 4738 2465 4793 de
2492 4737 2796 4794 duratione
2813 4737 3019 4793 mundi
3037 4753 3145 4809 per
