<?xml version="1.0" encoding="UTF-8"?>
<!DOCTYPE html PUBLIC "-//W3C//DTD XHTML 1.0 Transitional//EN"
    "http://www.w3.org/TR/xhtml1/DTD/xhtml1-transitional.dtd">
<html xmlns="http://www.w3.org/1999/xhtml" xml:lang="en" lang="en">
 <head>
  <title>
</title>
<meta http-equiv="Content-Type" content="text/html;charset=utf-8" />
  <meta name='ocr-system' content='tesseract 3.04.00' />
  <meta name='ocr-capabilities' content='ocr_page ocr_carea ocr_par ocr_line ocrx_word'/>
</head>
<body>
  <div class='ocr_page' id='page_1' title='image "./theologiaedogma00hurtgoog_0227.png"; bbox 0 0 3538 5364; ppageno 0'>
   <div class='ocr_carea' id='block_1_1' title="bbox 1070 296 3010 370">
    <p class='ocr_par' dir='ltr' id='par_1_1' title="bbox 1070 296 3010 370">
     <span class='ocr_line' id='line_1_1' title="bbox 1070 296 3010 370; baseline 0.003 -19"><span class='ocrx_word' id='word_1_1' title='bbox 1070 297 1268 353; x_wconf 85' lang='lat' dir='ltr'>Thesis</span> <span class='ocrx_word' id='word_1_2' title='bbox 1295 296 1399 353; x_wconf 87' lang='lat' dir='ltr'>CC.</span> <span class='ocrx_word' id='word_1_3' title='bbox 1427 297 1575 352; x_wconf 85' lang='lat' dir='ltr'><strong>VIII.</strong></span> <span class='ocrx_word' id='word_1_4' title='bbox 1602 296 2101 352; x_wconf 88' lang='lat' dir='ltr'>Sacramentorum</span> <span class='ocrx_word' id='word_1_5' title='bbox 2127 296 2327 351; x_wconf 85' lang='lat' dir='ltr'>virtus.</span> <span class='ocrx_word' id='word_1_6' title='bbox 2881 305 3010 370; x_wconf 78' lang='lat'>215</span> 
     </span>
    </p>
   </div>
   <div class='ocr_carea' id='block_1_2' title="bbox 383 483 3010 650">
    <p class='ocr_par' dir='ltr' id='par_1_2' title="bbox 383 483 3010 650">
     <span class='ocr_line' id='line_1_2' title="bbox 383 483 3010 561; baseline -0.001 -18"><span class='ocrx_word' id='word_1_7' title='bbox 383 486 617 545; x_wconf 86' lang='lat' dir='ltr'>tionem</span> <span class='ocrx_word' id='word_1_8' title='bbox 649 485 808 561; x_wconf 90' lang='lat' dir='ltr'>apud</span> <span class='ocrx_word' id='word_1_9' title='bbox 840 503 981 543; x_wconf 89' lang='lat' dir='ltr'>suos</span> <span class='ocrx_word' id='word_1_10' title='bbox 1011 485 1271 543; x_wconf 88' lang='lat' dir='ltr'>cultores</span> <span class='ocrx_word' id='word_1_11' title='bbox 1303 483 1557 551; x_wconf 79' lang='lat' dir='ltr'>induxit,</span> <span class='ocrx_word' id='word_1_12' title='bbox 1609 487 1681 542; x_wconf 91' lang='lat' dir='ltr'>ut</span> <span class='ocrx_word' id='word_1_13' title='bbox 1729 486 1898 542; x_wconf 90' lang='lat' dir='ltr'>notat</span> <span class='ocrx_word' id='word_1_14' title='bbox 1943 483 2499 542; x_wconf 74' lang='lat' dir='ltr'><strong>Tertullianus</strong></span> <span class='ocrx_word' id='word_1_15' title='bbox 2547 483 2619 542; x_wconf 90' lang='lat' dir='ltr'>de</span> <span class='ocrx_word' id='word_1_16' title='bbox 2664 484 3010 560; x_wconf 79' lang='lat' dir='ltr'>praescript.</span> 
     </span>
     <span class='ocr_line' id='line_1_3' title="bbox 385 572 2416 650; baseline -0 -18"><span class='ocrx_word' id='word_1_17' title='bbox 385 578 429 637; x_wconf 88' lang='lat' dir='ltr'>t.</span> <span class='ocrx_word' id='word_1_18' title='bbox 467 585 573 638; x_wconf 79' lang='lat'>40.</span> <span class='ocrx_word' id='word_1_19' title='bbox 641 574 722 636; x_wconf 90' lang='lat' dir='ltr'>Cf.</span> <span class='ocrx_word' id='word_1_20' title='bbox 757 574 1038 633; x_wconf 86' lang='lat' dir='ltr'>Suarez</span> <span class='ocrx_word' id='word_1_21' title='bbox 1068 573 1125 634; x_wconf 82' lang='lat' dir='ltr'>d.</span> <span class='ocrx_word' id='word_1_22' title='bbox 1163 584 1189 636; x_wconf 92' lang='lat'>1</span> <span class='ocrx_word' id='word_1_23' title='bbox 1231 591 1275 631; x_wconf 79' lang='lat' dir='ltr'>s,</span> <span class='ocrx_word' id='word_1_24' title='bbox 1313 584 1381 643; x_wconf 80' lang='lat'>33</span> <span class='ocrx_word' id='word_1_25' title='bbox 1416 572 1603 631; x_wconf 87' lang='lat' dir='ltr'>Gibr</span> <span class='ocrx_word' id='word_1_26' title='bbox 1632 573 1726 632; x_wconf 91' lang='lat' dir='ltr'>die</span> <span class='ocrx_word' id='word_1_27' title='bbox 1759 572 1855 631; x_wconf 86' lang='lat' dir='ltr'>bh.</span> <span class='ocrx_word' id='word_1_28' title='bbox 1890 575 2260 633; x_wconf 72' lang='lat' dir='ltr'><strong>Sacramenta</strong></span> <span class='ocrx_word' id='word_1_29' title='bbox 2290 573 2326 650; x_wconf 65' lang='grc' dir='ltr'><strong><em>ξ</em></strong></span> <span class='ocrx_word' id='word_1_30' title='bbox 2361 582 2416 635; x_wconf 88' lang='grc'>6.</span> 
     </span>
    </p>
   </div>
   <div class='ocr_carea' id='block_1_3' title="bbox 1081 765 2326 955">
    <p class='ocr_par' dir='ltr' id='par_1_3' title="bbox 1081 765 2326 955">
     <span class='ocr_line' id='line_1_4' title="bbox 1385 765 2020 833; baseline 0 -2"><span class='ocrx_word' id='word_1_31' title='bbox 1385 765 1868 833; x_wconf 79' lang='lat' dir='ltr'>Artlculus</span> <span class='ocrx_word' id='word_1_32' title='bbox 1916 765 2020 831; x_wconf 92' lang='grc' dir='ltr'>ΙΙ.</span> 
     </span>
     <span class='ocr_line' id='line_1_5' title="bbox 1081 864 2326 955; baseline -0.001 -2"><span class='ocrx_word' id='word_1_33' title='bbox 1081 890 1184 953; x_wconf 92' lang='lat' dir='ltr'>De</span> <span class='ocrx_word' id='word_1_34' title='bbox 1231 864 1950 955; x_wconf 19' lang='lat' dir='ltr'>sacrament-orum</span> <span class='ocrx_word' id='word_1_35' title='bbox 1998 889 2326 953; x_wconf 81' lang='lat' dir='ltr'>virtute.</span> 
     </span>
    </p>
   </div>
   <div class='ocr_carea' id='block_1_4' title="bbox 381 1014 3016 1633">
    <p class='ocr_par' dir='ltr' id='par_1_4' title="bbox 381 1014 3016 1633">
     <span class='ocr_line' id='line_1_6' title="bbox 570 1014 3013 1095; baseline -0.004 -11"><span class='ocrx_word' id='word_1_36' title='bbox 570 1021 721 1084; x_wconf 82' lang='lat'>253.</span> <span class='ocrx_word' id='word_1_37' title='bbox 752 1016 898 1080; x_wconf 87' lang='lat' dir='ltr'>Jam</span> <span class='ocrx_word' id='word_1_38' title='bbox 921 1016 1285 1079; x_wconf 80' lang='lat' dir='ltr'>accuratius</span> <span class='ocrx_word' id='word_1_39' title='bbox 1307 1016 1368 1078; x_wconf 91' lang='lat' dir='ltr'>in</span> <span class='ocrx_word' id='word_1_40' title='bbox 1391 1022 1945 1081; x_wconf 88' lang='lat' dir='ltr'>sacramentorum</span> <span class='ocrx_word' id='word_1_41' title='bbox 1967 1035 2009 1078; x_wconf 93' lang='lat' dir='ltr'>n</span> <span class='ocrx_word' id='word_1_42' title='bbox 2025 1021 2165 1079; x_wconf 88' lang='lat' dir='ltr'>atu</span> <span class='ocrx_word' id='word_1_43' title='bbox 2180 1032 2268 1079; x_wconf 88' lang='lat' dir='ltr'>ra</span> <span class='ocrx_word' id='word_1_44' title='bbox 2284 1034 2348 1077; x_wconf 91' lang='lat' dir='ltr'>m</span> <span class='ocrx_word' id='word_1_45' title='bbox 2380 1014 2794 1095; x_wconf 79' lang='lat' dir='ltr'>inquiramuS,</span> <span class='ocrx_word' id='word_1_46' title='bbox 2817 1030 3013 1094; x_wconf 86' lang='lat' dir='ltr'>quam</span> 
     </span>
     <span class='ocr_line' id='line_1_7' title="bbox 382 1120 3014 1204; baseline -0.001 -19"><span class='ocrx_word' id='word_1_47' title='bbox 382 1121 694 1203; x_wconf 83' lang='lat' dir='ltr'>colligere</span> <span class='ocrx_word' id='word_1_48' title='bbox 729 1120 882 1186; x_wconf 83' lang='lat' dir='ltr'>licet</span> <span class='ocrx_word' id='word_1_49' title='bbox 915 1140 993 1187; x_wconf 84' lang='lat' dir='ltr'>ex</span> <span class='ocrx_word' id='word_1_50' title='bbox 1026 1141 1249 1186; x_wconf 85' lang='lat' dir='ltr'>eorum</span> <span class='ocrx_word' id='word_1_51' title='bbox 1281 1122 1381 1187; x_wconf 76' lang='lat' dir='ltr'>vel</span> <span class='ocrx_word' id='word_1_52' title='bbox 1414 1122 1627 1186; x_wconf 85' lang='lat' dir='ltr'>causis</span> <span class='ocrx_word' id='word_1_53' title='bbox 1658 1121 1758 1186; x_wconf 80' lang='lat' dir='ltr'>vel</span> <span class='ocrx_word' id='word_1_54' title='bbox 1793 1122 2026 1204; x_wconf 84' lang='lat' dir='ltr'>agendi</span> <span class='ocrx_word' id='word_1_55' title='bbox 2058 1123 2292 1191; x_wconf 83' lang='lat' dir='ltr'>virtute</span> <span class='ocrx_word' id='word_1_56' title='bbox 2325 1128 2389 1187; x_wconf 84' lang='lat' dir='ltr'>et</span> <span class='ocrx_word' id='word_1_57' title='bbox 2421 1121 2766 1186; x_wconf 78' lang='lat' dir='ltr'>effectibus.</span> <span class='ocrx_word' id='word_1_58' title='bbox 2832 1120 3014 1184; x_wconf 81' lang='lat' dir='ltr'>Hanc</span> 
     </span>
     <span class='ocr_line' id='line_1_8' title="bbox 385 1228 3016 1311; baseline -0.001 -18"><span class='ocrx_word' id='word_1_59' title='bbox 385 1228 821 1310; x_wconf 80' lang='lat' dir='ltr'>posteriorem</span> <span class='ocrx_word' id='word_1_60' title='bbox 867 1229 1039 1293; x_wconf 82' lang='lat' dir='ltr'>viam</span> <span class='ocrx_word' id='word_1_61' title='bbox 1083 1230 1258 1311; x_wconf 89' lang='lat' dir='ltr'>prius</span> <span class='ocrx_word' id='word_1_62' title='bbox 1301 1229 1747 1308; x_wconf 85' lang='lat' dir='ltr'>ingrediamur.</span> <span class='ocrx_word' id='word_1_63' title='bbox 1811 1228 2025 1308; x_wconf 84' lang='lat' dir='ltr'>Quare</span> <span class='ocrx_word' id='word_1_64' title='bbox 2070 1230 2136 1293; x_wconf 89' lang='lat' dir='ltr'>in</span> <span class='ocrx_word' id='word_1_65' title='bbox 2186 1235 2740 1295; x_wconf 85' lang='lat' dir='ltr'>sacramentorum</span> <span class='ocrx_word' id='word_1_66' title='bbox 2786 1228 3016 1309; x_wconf 85' lang='lat' dir='ltr'>agendi</span> 
     </span>
     <span class='ocr_line' id='line_1_9' title="bbox 381 1335 3013 1419; baseline 0.001 -23"><span class='ocrx_word' id='word_1_67' title='bbox 381 1355 426 1396; x_wconf 83' lang='lat' dir='ltr'>v</span> <span class='ocrx_word' id='word_1_68' title='bbox 442 1336 464 1399; x_wconf 91' lang='lat' dir='ltr'>i</span> <span class='ocrx_word' id='word_1_69' title='bbox 483 1355 517 1400; x_wconf 91' lang='lat' dir='ltr'>r</span> <span class='ocrx_word' id='word_1_70' title='bbox 532 1343 618 1400; x_wconf 90' lang='lat' dir='ltr'>tu</span> <span class='ocrx_word' id='word_1_71' title='bbox 634 1343 660 1400; x_wconf 90' lang='lat' dir='ltr'>t</span> <span class='ocrx_word' id='word_1_72' title='bbox 675 1355 712 1401; x_wconf 93' lang='lat' dir='ltr'>e</span> <span class='ocrx_word' id='word_1_73' title='bbox 729 1356 795 1398; x_wconf 90' lang='lat' dir='ltr'>m</span> <span class='ocrx_word' id='word_1_74' title='bbox 828 1354 1180 1419; x_wconf 91' lang='lat' dir='ltr'>eorumque</span> <span class='ocrx_word' id='word_1_75' title='bbox 1214 1356 1250 1402; x_wconf 93' lang='lat' dir='ltr'>e</span> <span class='ocrx_word' id='word_1_76' title='bbox 1266 1336 1373 1402; x_wconf 87' lang='lat' dir='ltr'>sse</span> <span class='ocrx_word' id='word_1_77' title='bbox 1390 1343 1523 1401; x_wconf 90' lang='lat' dir='ltr'>ctu</span> <span class='ocrx_word' id='word_1_78' title='bbox 1539 1357 1570 1400; x_wconf 91' lang='lat' dir='ltr'>s</span> <span class='ocrx_word' id='word_1_79' title='bbox 1603 1336 2085 1417; x_wconf 81' lang='lat' dir='ltr'>indagabimus:</span> <span class='ocrx_word' id='word_1_80' title='bbox 2118 1337 2267 1400; x_wconf 90' lang='lat' dir='ltr'>hinc</span> <span class='ocrx_word' id='word_1_81' title='bbox 2289 1335 2525 1417; x_wconf 81' lang='lat' dir='ltr'>duplex</span> <span class='ocrx_word' id='word_1_82' title='bbox 2545 1336 2667 1401; x_wconf 84' lang='lat' dir='ltr'>erit</span> <span class='ocrx_word' id='word_1_83' title='bbox 2686 1335 3013 1417; x_wconf 79' lang='lat' dir='ltr'>quaestio:</span> 
     </span>
     <span class='ocr_line' id='line_1_10' title="bbox 385 1442 3013 1526; baseline -0.001 -19"><span class='ocrx_word' id='word_1_84' title='bbox 385 1462 716 1525; x_wconf 82' lang='lat' dir='ltr'>quosnam</span> <span class='ocrx_word' id='word_1_85' title='bbox 747 1444 1015 1508; x_wconf 81' lang='lat' dir='ltr'>effectus</span> <span class='ocrx_word' id='word_1_86' title='bbox 1045 1451 1453 1508; x_wconf 88' lang='lat' dir='ltr'>sacramenta</span> <span class='ocrx_word' id='word_1_87' title='bbox 1472 1444 1849 1525; x_wconf 84' lang='lat' dir='ltr'>producant,</span> <span class='ocrx_word' id='word_1_88' title='bbox 1883 1450 1947 1508; x_wconf 89' lang='lat' dir='ltr'>et</span> <span class='ocrx_word' id='word_1_89' title='bbox 1966 1443 2294 1526; x_wconf 90' lang='lat' dir='ltr'>quomodo</span> <span class='ocrx_word' id='word_1_90' title='bbox 2328 1443 2469 1507; x_wconf 90' lang='lat' dir='ltr'>illos</span> <span class='ocrx_word' id='word_1_91' title='bbox 2491 1449 2856 1524; x_wconf 82' lang='lat' dir='ltr'>operentur.</span> <span class='ocrx_word' id='word_1_92' title='bbox 2888 1442 3013 1505; x_wconf 93' lang='lat' dir='ltr'>Ini-</span> 
     </span>
     <span class='ocr_line' id='line_1_11' title="bbox 388 1549 2789 1633; baseline -0 -21"><span class='ocrx_word' id='word_1_93' title='bbox 388 1551 554 1613; x_wconf 87' lang='lat' dir='ltr'>tium</span> <span class='ocrx_word' id='word_1_94' title='bbox 586 1549 879 1614; x_wconf 84' lang='lat' dir='ltr'>ducimus</span> <span class='ocrx_word' id='word_1_95' title='bbox 912 1569 953 1615; x_wconf 97' lang='lat' dir='ltr'>a</span> <span class='ocrx_word' id='word_1_96' title='bbox 983 1551 1344 1632; x_wconf 77' lang='lat' dir='ltr'>posteriori,</span> <span class='ocrx_word' id='word_1_97' title='bbox 1375 1569 1505 1633; x_wconf 93' lang='lat' dir='ltr'>qua</span> <span class='ocrx_word' id='word_1_98' title='bbox 1536 1552 1749 1616; x_wconf 79' lang='lat' dir='ltr'>soluta</span> <span class='ocrx_word' id='word_1_99' title='bbox 1782 1569 1861 1615; x_wconf 86' lang='lat' dir='ltr'>ex</span> <span class='ocrx_word' id='word_1_100' title='bbox 1894 1557 2077 1632; x_wconf 87' lang='lat' dir='ltr'>parte</span> <span class='ocrx_word' id='word_1_101' title='bbox 2110 1550 2321 1615; x_wconf 88' lang='lat' dir='ltr'>soluta</span> <span class='ocrx_word' id='word_1_102' title='bbox 2353 1550 2474 1615; x_wconf 88' lang='lat' dir='ltr'>erit</span> <span class='ocrx_word' id='word_1_103' title='bbox 2505 1557 2569 1614; x_wconf 87' lang='lat' dir='ltr'>et</span> <span class='ocrx_word' id='word_1_104' title='bbox 2599 1550 2789 1631; x_wconf 88' lang='lat' dir='ltr'>prior.</span> 
     </span>
    </p>
   </div>
   <div class='ocr_carea' id='block_1_5' title="bbox 980 1745 2423 1818">
    <p class='ocr_par' dir='ltr' id='par_1_5' title="bbox 980 1745 2423 1818">
     <span class='ocr_line' id='line_1_12' title="bbox 980 1745 2423 1818; baseline 0.001 -18"><span class='ocrx_word' id='word_1_105' title='bbox 980 1745 1014 1814; x_wconf 61' lang='grc'>5</span> <span class='ocrx_word' id='word_1_106' title='bbox 1055 1748 1108 1801; x_wconf 84' lang='lat'>1.</span> <span class='ocrx_word' id='word_1_107' title='bbox 1147 1747 1231 1800; x_wconf 82' lang='lat' dir='ltr'>De</span> <span class='ocrx_word' id='word_1_108' title='bbox 1271 1749 1788 1802; x_wconf 84' lang='lat' dir='ltr'>sacramentorum</span> <span class='ocrx_word' id='word_1_109' title='bbox 1828 1748 2125 1818; x_wconf 79' lang='lat' dir='ltr'>operandi</span> <span class='ocrx_word' id='word_1_110' title='bbox 2162 1747 2423 1802; x_wconf 79' lang='lat' dir='ltr'>ratione.</span> 
     </span>
    </p>
   </div>
   <div class='ocr_carea' id='block_1_6' title="bbox 381 1852 3014 2207">
    <p class='ocr_par' dir='ltr' id='par_1_6' title="bbox 381 1852 3014 2207">
     <span class='ocr_line' id='line_1_13' title="bbox 575 1852 3014 1941; baseline -0 -13"><span class='ocrx_word' id='word_1_111' title='bbox 575 1857 721 1922; x_wconf 77' lang='lat'>254-</span> <span class='ocrx_word' id='word_1_112' title='bbox 754 1855 1009 1921; x_wconf 70' lang='lat' dir='ltr'>TheSiS</span> <span class='ocrx_word' id='word_1_113' title='bbox 1059 1852 1377 1922; x_wconf 71' lang='lat' dir='ltr'>CCVIII·</span> <span class='ocrx_word' id='word_1_114' title='bbox 1425 1875 1661 1929; x_wconf 72' lang='lat' dir='ltr'>Virtus</span> <span class='ocrx_word' id='word_1_115' title='bbox 1698 1878 2170 1930; x_wconf 69' lang='lat' dir='ltr'>sacramentis</span> <span class='ocrx_word' id='word_1_116' title='bbox 2208 1889 2427 1929; x_wconf 72' lang='lat' dir='ltr'>novae</span> <span class='ocrx_word' id='word_1_117' title='bbox 2464 1875 2677 1941; x_wconf 67' lang='lat' dir='ltr'>Leuis</span> <span class='ocrx_word' id='word_1_118' title='bbox 2709 1875 3014 1940; x_wconf 67' lang='lat' dir='ltr'>propria</span> 
     </span>
     <span class='ocr_line' id='line_1_14' title="bbox 383 1963 3013 2032; baseline -0.001 -15"><span class='ocrx_word' id='word_1_119' title='bbox 383 1968 515 2028; x_wconf 68' lang='lat' dir='ltr'>ost,</span> <span class='ocrx_word' id='word_1_120' title='bbox 551 1969 628 2017; x_wconf 77' lang='lat' dir='ltr'>ut</span> <span class='ocrx_word' id='word_1_121' title='bbox 662 1978 793 2029; x_wconf 81' lang='lat' dir='ltr'>per</span> <span class='ocrx_word' id='word_1_122' title='bbox 827 1977 913 2018; x_wconf 78' lang='lat' dir='ltr'>ea</span> <span class='ocrx_word' id='word_1_123' title='bbox 948 1969 1312 2032; x_wconf 76' lang='lat' dir='ltr'>tamquam</span> <span class='ocrx_word' id='word_1_124' title='bbox 1347 1978 1481 2031; x_wconf 80' lang='lat' dir='ltr'>per</span> <span class='ocrx_word' id='word_1_125' title='bbox 1516 1978 1775 2018; x_wconf 78' lang='lat' dir='ltr'>causas</span> <span class='ocrx_word' id='word_1_126' title='bbox 1813 1965 2395 2018; x_wconf 70' lang='lat' dir='ltr'>instrumentales</span> <span class='ocrx_word' id='word_1_127' title='bbox 2434 1963 2833 2018; x_wconf 69' lang='lat' dir='ltr'>hominibus</span> <span class='ocrx_word' id='word_1_128' title='bbox 2869 1974 3013 2015; x_wconf 77' lang='lat' dir='ltr'>non</span> 
     </span>
     <span class='ocr_line' id='line_1_15' title="bbox 381 2053 3013 2119; baseline -0.001 -14"><span class='ocrx_word' id='word_1_129' title='bbox 381 2055 808 2117; x_wconf 72' lang='lat' dir='ltr'>ponentibus</span> <span class='ocrx_word' id='word_1_130' title='bbox 835 2054 1094 2107; x_wconf 73' lang='lat' dir='ltr'>obicem</span> <span class='ocrx_word' id='word_1_131' title='bbox 1118 2055 1353 2118; x_wconf 69' lang='lat' dir='ltr'>qratia</span> <span class='ocrx_word' id='word_1_132' title='bbox 1379 2055 1449 2105; x_wconf 78' lang='lat' dir='ltr'>vi</span> <span class='ocrx_word' id='word_1_133' title='bbox 1475 2054 1697 2117; x_wconf 68' lang='lat' dir='ltr'>ipsius</span> <span class='ocrx_word' id='word_1_134' title='bbox 1736 2054 1923 2118; x_wconf 65' lang='lat' dir='ltr'>sioni</span> <span class='ocrx_word' id='word_1_135' title='bbox 1948 2053 2303 2107; x_wconf 71' lang='lat' dir='ltr'>sensibilis</span> <span class='ocrx_word' id='word_1_136' title='bbox 2330 2054 2655 2119; x_wconf 75' lang='lat' dir='ltr'>sacrique</span> <span class='ocrx_word' id='word_1_137' title='bbox 2680 2053 2864 2105; x_wconf 66' lang='lat' dir='ltr'>ram</span> <span class='ocrx_word' id='word_1_138' title='bbox 2891 2064 3013 2104; x_wconf 72' lang='grc' dir='ltr'>εω-</span> 
     </span>
     <span class='ocr_line' id='line_1_16' title="bbox 385 2142 2371 2207; baseline 0 -10"><span class='ocrx_word' id='word_1_139' title='bbox 385 2145 582 2197; x_wconf 70' lang='lat' dir='ltr'>terni</span> <span class='ocrx_word' id='word_1_140' title='bbox 621 2143 828 2207; x_wconf 67' lang='lat' dir='ltr'>§uxta</span> <span class='ocrx_word' id='word_1_141' title='bbox 870 2142 1128 2196; x_wconf 71' lang='lat' dir='ltr'>Christi</span> <span class='ocrx_word' id='word_1_142' title='bbox 1163 2144 1563 2197; x_wconf 74' lang='lat' dir='ltr'>institutum</span> <span class='ocrx_word' id='word_1_143' title='bbox 1602 2145 1901 2198; x_wconf 66' lang='lat' dir='ltr'>adhibiti</span> <span class='ocrx_word' id='word_1_144' title='bbox 1941 2144 2371 2207; x_wconf 66' lang='lat' dir='ltr'>conferatur.</span> 
     </span>
    </p>
   </div>
   <div class='ocr_carea' id='block_1_7' title="bbox 385 2264 3022 4843">
    <p class='ocr_par' dir='ltr' id='par_1_7' title="bbox 385 2264 3022 4843">
     <span class='ocr_line' id='line_1_17' title="bbox 571 2264 3013 2347; baseline -0.001 -16"><span class='ocrx_word' id='word_1_145' title='bbox 571 2264 1016 2333; x_wconf 62' lang='lat' dir='ltr'>Declamatio.</span> <span class='ocrx_word' id='word_1_146' title='bbox 1076 2264 1140 2329; x_wconf 93' lang='grc'>1.</span> <span class='ocrx_word' id='word_1_147' title='bbox 1174 2269 1373 2328; x_wconf 86' lang='lat' dir='ltr'>Obex</span> <span class='ocrx_word' id='word_1_148' title='bbox 1406 2273 1499 2329; x_wconf 91' lang='lat' dir='ltr'>est</span> <span class='ocrx_word' id='word_1_149' title='bbox 1528 2270 1766 2346; x_wconf 81' lang='lat' dir='ltr'>aliquod</span> <span class='ocrx_word' id='word_1_150' title='bbox 1800 2270 2308 2347; x_wconf 80' lang='lat' dir='ltr'>impedimentum.</span> <span class='ocrx_word' id='word_1_151' title='bbox 2358 2269 2562 2328; x_wconf 85' lang='lat' dir='ltr'>Potest</span> <span class='ocrx_word' id='word_1_152' title='bbox 2591 2271 2792 2327; x_wconf 89' lang='lat' dir='ltr'>autem</span> <span class='ocrx_word' id='word_1_153' title='bbox 2823 2287 3013 2328; x_wconf 90' lang='lat' dir='ltr'>sacra-</span> 
     </span>
     <span class='ocr_line' id='line_1_18' title="bbox 389 2357 3018 2436; baseline 0 -20"><span class='ocrx_word' id='word_1_154' title='bbox 389 2360 666 2416; x_wconf 89' lang='lat' dir='ltr'>mentum</span> <span class='ocrx_word' id='word_1_155' title='bbox 697 2358 784 2416; x_wconf 89' lang='lat' dir='ltr'>ita</span> <span class='ocrx_word' id='word_1_156' title='bbox 814 2378 848 2416; x_wconf 89' lang='lat' dir='ltr'>a</span> <span class='ocrx_word' id='word_1_157' title='bbox 879 2357 1244 2434; x_wconf 71' lang='lat' dir='ltr'>suscipiente</span> <span class='ocrx_word' id='word_1_158' title='bbox 1277 2358 1570 2436; x_wconf 86' lang='lat' dir='ltr'>impediri,</span> <span class='ocrx_word' id='word_1_159' title='bbox 1604 2363 1674 2417; x_wconf 91' lang='lat' dir='ltr'>ut</span> <span class='ocrx_word' id='word_1_160' title='bbox 1706 2360 1856 2419; x_wconf 88' lang='lat' dir='ltr'>nihil</span> <span class='ocrx_word' id='word_1_161' title='bbox 1888 2378 2131 2435; x_wconf 89' lang='lat' dir='ltr'>prorsus</span> <span class='ocrx_word' id='word_1_162' title='bbox 2153 2360 2450 2435; x_wconf 85' lang='lat' dir='ltr'>operetur,</span> <span class='ocrx_word' id='word_1_163' title='bbox 2484 2358 2746 2432; x_wconf 83' lang='lat' dir='ltr'>adeoque</span> <span class='ocrx_word' id='word_1_164' title='bbox 2779 2360 2852 2415; x_wconf 92' lang='lat' dir='ltr'>ut</span> <span class='ocrx_word' id='word_1_165' title='bbox 2880 2358 3018 2416; x_wconf 88' lang='lat' dir='ltr'>nul·</span> 
     </span>
     <span class='ocr_line' id='line_1_19' title="bbox 388 2446 3018 2524; baseline -0 -19"><span class='ocrx_word' id='word_1_166' title='bbox 388 2448 522 2505; x_wconf 90' lang='lat' dir='ltr'>lum</span> <span class='ocrx_word' id='word_1_167' title='bbox 569 2446 650 2505; x_wconf 84' lang='lat' dir='ltr'>sit</span> <span class='ocrx_word' id='word_1_168' title='bbox 695 2450 873 2522; x_wconf 84' lang='lat' dir='ltr'>atque</span> <span class='ocrx_word' id='word_1_169' title='bbox 923 2447 1283 2506; x_wconf 84' lang='lat' dir='ltr'>invalidum:</span> <span class='ocrx_word' id='word_1_170' title='bbox 1332 2452 1392 2506; x_wconf 92' lang='lat' dir='ltr'>et</span> <span class='ocrx_word' id='word_1_171' title='bbox 1441 2449 1734 2524; x_wconf 90' lang='lat' dir='ltr'>ejusmodi</span> <span class='ocrx_word' id='word_1_172' title='bbox 1780 2448 2274 2524; x_wconf 85' lang='lat' dir='ltr'>impedimentum</span> <span class='ocrx_word' id='word_1_173' title='bbox 2307 2447 2528 2506; x_wconf 88' lang='lat' dir='ltr'>dicitur</span> <span class='ocrx_word' id='word_1_174' title='bbox 2564 2446 2711 2505; x_wconf 82' lang='lat' dir='ltr'>obex</span> <span class='ocrx_word' id='word_1_175' title='bbox 2758 2465 3018 2505; x_wconf 88' lang='lat' dir='ltr'>sacra-</span> 
     </span>
     <span class='ocr_line' id='line_1_20' title="bbox 386 2535 3020 2613; baseline -0 -19"><span class='ocrx_word' id='word_1_176' title='bbox 386 2536 637 2594; x_wconf 88' lang='lat' dir='ltr'>menti</span> <span class='ocrx_word' id='word_1_177' title='bbox 685 2539 748 2595; x_wconf 89' lang='lat' dir='ltr'>et</span> <span class='ocrx_word' id='word_1_178' title='bbox 794 2537 1069 2595; x_wconf 71' lang='lat' dir='ltr'>consistit</span> <span class='ocrx_word' id='word_1_179' title='bbox 1115 2537 1177 2594; x_wconf 91' lang='lat' dir='ltr'>in</span> <span class='ocrx_word' id='word_1_180' title='bbox 1224 2536 1627 2613; x_wconf 89' lang='lat' dir='ltr'>ineptitudine</span> <span class='ocrx_word' id='word_1_181' title='bbox 1676 2538 1749 2596; x_wconf 86' lang='lat' dir='ltr'>ad</span> <span class='ocrx_word' id='word_1_182' title='bbox 1797 2541 2227 2597; x_wconf 90' lang='lat' dir='ltr'>sacramentum</span> <span class='ocrx_word' id='word_1_183' title='bbox 2281 2536 2747 2610; x_wconf 87' lang='lat' dir='ltr'>suscipiendum.</span> <span class='ocrx_word' id='word_1_184' title='bbox 2813 2535 3020 2595; x_wconf 91' lang='lat' dir='ltr'>Potest</span> 
     </span>
     <span class='ocr_line' id='line_1_21' title="bbox 390 2624 3019 2703; baseline 0 -19"><span class='ocrx_word' id='word_1_185' title='bbox 390 2641 533 2686; x_wconf 81' lang='lat' dir='ltr'>vero</span> <span class='ocrx_word' id='word_1_186' title='bbox 564 2627 915 2685; x_wconf 84' lang='lat' dir='ltr'>sacramenti</span> <span class='ocrx_word' id='word_1_187' title='bbox 948 2626 1143 2686; x_wconf 81' lang='lat' dir='ltr'>virtus</span> <span class='ocrx_word' id='word_1_188' title='bbox 1174 2626 1262 2686; x_wconf 84' lang='lat' dir='ltr'>ita</span> <span class='ocrx_word' id='word_1_189' title='bbox 1292 2626 1587 2703; x_wconf 88' lang='lat' dir='ltr'>impediri,</span> <span class='ocrx_word' id='word_1_190' title='bbox 1621 2630 1694 2686; x_wconf 88' lang='lat' dir='ltr'>ut</span> <span class='ocrx_word' id='word_1_191' title='bbox 1724 2646 1843 2687; x_wconf 91' lang='lat' dir='ltr'>non</span> <span class='ocrx_word' id='word_1_192' title='bbox 1876 2646 2110 2687; x_wconf 90' lang='lat' dir='ltr'>omnem</span> <span class='ocrx_word' id='word_1_193' title='bbox 2142 2629 2374 2686; x_wconf 85' lang='lat' dir='ltr'>exserat</span> <span class='ocrx_word' id='word_1_194' title='bbox 2391 2626 2695 2695; x_wconf 80' lang='lat' dir='ltr'>virtutem,</span> <span class='ocrx_word' id='word_1_195' title='bbox 2731 2624 2869 2682; x_wconf 87' lang='lat' dir='ltr'>hinc</span> <span class='ocrx_word' id='word_1_196' title='bbox 2899 2644 3019 2685; x_wconf 91' lang='lat' dir='ltr'>non</span> 
     </span>
     <span class='ocr_line' id='line_1_22' title="bbox 389 2715 3016 2794; baseline -0.001 -19"><span class='ocrx_word' id='word_1_197' title='bbox 389 2715 662 2775; x_wconf 80' lang='lat' dir='ltr'>conserat</span> <span class='ocrx_word' id='word_1_198' title='bbox 690 2717 974 2792; x_wconf 80' lang='lat' dir='ltr'>gratiam:</span> <span class='ocrx_word' id='word_1_199' title='bbox 1021 2719 1082 2774; x_wconf 89' lang='lat' dir='ltr'>et</span> <span class='ocrx_word' id='word_1_200' title='bbox 1127 2717 1235 2775; x_wconf 88' lang='lat' dir='ltr'>hoc</span> <span class='ocrx_word' id='word_1_201' title='bbox 1282 2717 1775 2792; x_wconf 87' lang='lat' dir='ltr'>impedimentum</span> <span class='ocrx_word' id='word_1_202' title='bbox 1808 2717 2029 2776; x_wconf 84' lang='lat' dir='ltr'>dicitur</span> <span class='ocrx_word' id='word_1_203' title='bbox 2073 2717 2219 2776; x_wconf 86' lang='lat' dir='ltr'>obex</span> <span class='ocrx_word' id='word_1_204' title='bbox 2266 2716 2605 2794; x_wconf 86' lang='lat' dir='ltr'>gratiae,</span> <span class='ocrx_word' id='word_1_205' title='bbox 2651 2718 2834 2789; x_wconf 83' lang='lat' dir='ltr'>atque</span> <span class='ocrx_word' id='word_1_206' title='bbox 2878 2733 3016 2774; x_wconf 88' lang='lat' dir='ltr'>con-</span> 
     </span>
     <span class='ocr_line' id='line_1_23' title="bbox 390 2804 3018 2881; baseline 0 -19"><span class='ocrx_word' id='word_1_207' title='bbox 390 2804 557 2862; x_wconf 81' lang='lat' dir='ltr'>sistit</span> <span class='ocrx_word' id='word_1_208' title='bbox 603 2805 666 2862; x_wconf 91' lang='lat' dir='ltr'>in</span> <span class='ocrx_word' id='word_1_209' title='bbox 710 2805 893 2863; x_wconf 88' lang='lat' dir='ltr'>animi</span> <span class='ocrx_word' id='word_1_210' title='bbox 925 2805 1331 2880; x_wconf 77' lang='lat' dir='ltr'>dispositione,</span> <span class='ocrx_word' id='word_1_211' title='bbox 1380 2824 1529 2880; x_wconf 89' lang='lat' dir='ltr'>quae</span> <span class='ocrx_word' id='word_1_212' title='bbox 1574 2806 1669 2864; x_wconf 86' lang='lat' dir='ltr'>vel</span> <span class='ocrx_word' id='word_1_213' title='bbox 1714 2807 1988 2866; x_wconf 88' lang='lat' dir='ltr'>absolute</span> <span class='ocrx_word' id='word_1_214' title='bbox 2021 2806 2115 2865; x_wconf 84' lang='lat' dir='ltr'>vel</span> <span class='ocrx_word' id='word_1_215' title='bbox 2149 2805 2474 2865; x_wconf 89' lang='lat' dir='ltr'>secundum</span> <span class='ocrx_word' id='word_1_216' title='bbox 2506 2806 2879 2881; x_wconf 82' lang='lat' dir='ltr'>praesentem</span> <span class='ocrx_word' id='word_1_217' title='bbox 2910 2804 3018 2863; x_wconf 92' lang='lat' dir='ltr'>Dei</span> 
     </span>
     <span class='ocr_line' id='line_1_24' title="bbox 390 2893 3018 2972; baseline -0.001 -20"><span class='ocrx_word' id='word_1_218' title='bbox 390 2893 829 2969; x_wconf 82' lang='lat' dir='ltr'>providentiam</span> <span class='ocrx_word' id='word_1_219' title='bbox 860 2898 1155 2971; x_wconf 82' lang='lat' dir='ltr'>repugnat</span> <span class='ocrx_word' id='word_1_220' title='bbox 1174 2894 1463 2954; x_wconf 87' lang='lat' dir='ltr'>infusioni</span> <span class='ocrx_word' id='word_1_221' title='bbox 1483 2897 1724 2971; x_wconf 78' lang='lat' dir='ltr'>gratiae.</span> <span class='ocrx_word' id='word_1_222' title='bbox 1771 2895 2078 2970; x_wconf 89' lang='lat' dir='ltr'>Ejusmodi</span> <span class='ocrx_word' id='word_1_223' title='bbox 2110 2895 2504 2972; x_wconf 83' lang='lat' dir='ltr'>repugnantia</span> <span class='ocrx_word' id='word_1_224' title='bbox 2534 2896 2742 2969; x_wconf 75' lang='lat' dir='ltr'>utpote</span> <span class='ocrx_word' id='word_1_225' title='bbox 2773 2894 3018 2951; x_wconf 86' lang='lat' dir='ltr'>moralis</span> 
     </span>
     <span class='ocr_line' id='line_1_25' title="bbox 389 2981 3018 3061; baseline -0.001 -20"><span class='ocrx_word' id='word_1_226' title='bbox 389 2986 596 3057; x_wconf 83' lang='lat' dir='ltr'>potest</span> <span class='ocrx_word' id='word_1_227' title='bbox 624 2986 862 3041; x_wconf 89' lang='lat' dir='ltr'>tantum</span> <span class='ocrx_word' id='word_1_228' title='bbox 894 2983 1028 3042; x_wconf 86' lang='lat' dir='ltr'>tolli</span> <span class='ocrx_word' id='word_1_229' title='bbox 1058 2983 1288 3043; x_wconf 89' lang='lat' dir='ltr'>actibus</span> <span class='ocrx_word' id='word_1_230' title='bbox 1321 2983 1524 3043; x_wconf 88' lang='lat' dir='ltr'>liberis</span> <span class='ocrx_word' id='word_1_231' title='bbox 1557 2984 1748 3060; x_wconf 90' lang='lat' dir='ltr'>ipsius</span> <span class='ocrx_word' id='word_1_232' title='bbox 1784 2985 2038 3043; x_wconf 88' lang='lat' dir='ltr'>hominis</span> <span class='ocrx_word' id='word_1_233' title='bbox 2071 2985 2291 3044; x_wconf 86' lang='lat' dir='ltr'>auxilio</span> <span class='ocrx_word' id='word_1_234' title='bbox 2337 2984 2564 3061; x_wconf 88' lang='lat' dir='ltr'>gratiae</span> <span class='ocrx_word' id='word_1_235' title='bbox 2608 2982 2862 3041; x_wconf 90' lang='lat' dir='ltr'>actualis</span> <span class='ocrx_word' id='word_1_236' title='bbox 2908 2981 3018 3040; x_wconf 89' lang='lat' dir='ltr'>eli-</span> 
     </span>
     <span class='ocr_line' id='line_1_26' title="bbox 391 3069 3018 3150; baseline 0 -21"><span class='ocrx_word' id='word_1_237' title='bbox 391 3071 550 3130; x_wconf 82' lang='lat' dir='ltr'>citis.</span> <span class='ocrx_word' id='word_1_238' title='bbox 616 3072 797 3131; x_wconf 85' lang='lat' dir='ltr'>Hisce</span> <span class='ocrx_word' id='word_1_239' title='bbox 827 3091 966 3149; x_wconf 89' lang='lat' dir='ltr'>ergo</span> <span class='ocrx_word' id='word_1_240' title='bbox 997 3073 1394 3132; x_wconf 87' lang='lat' dir='ltr'>constituitur</span> <span class='ocrx_word' id='word_1_241' title='bbox 1424 3075 1752 3132; x_wconf 82' lang='lat' dir='ltr'>necessaria</span> <span class='ocrx_word' id='word_1_242' title='bbox 1783 3073 1856 3131; x_wconf 90' lang='lat' dir='ltr'>ad</span> <span class='ocrx_word' id='word_1_243' title='bbox 1900 3078 2268 3132; x_wconf 85' lang='lat' dir='ltr'>sacramenta</span> <span class='ocrx_word' id='word_1_244' title='bbox 2299 3072 2630 3150; x_wconf 80' lang='lat' dir='ltr'>dispositio,</span> <span class='ocrx_word' id='word_1_245' title='bbox 2694 3069 2761 3135; x_wconf 74' lang='lat'>2.</span> <span class='ocrx_word' id='word_1_246' title='bbox 2810 3071 2879 3129; x_wconf 93' lang='lat' dir='ltr'>In</span> <span class='ocrx_word' id='word_1_247' title='bbox 2926 3070 3018 3130; x_wconf 91' lang='lat' dir='ltr'>in-</span> 
     </span>
     <span class='ocr_line' id='line_1_27' title="bbox 391 3160 3019 3239; baseline -0 -20"><span class='ocrx_word' id='word_1_248' title='bbox 391 3161 664 3220; x_wconf 84' lang='lat' dir='ltr'>fantibus</span> <span class='ocrx_word' id='word_1_249' title='bbox 694 3162 880 3221; x_wconf 86' lang='lat' dir='ltr'>relate</span> <span class='ocrx_word' id='word_1_250' title='bbox 911 3162 984 3220; x_wconf 90' lang='lat' dir='ltr'>ad</span> <span class='ocrx_word' id='word_1_251' title='bbox 1017 3163 1220 3238; x_wconf 88' lang='lat' dir='ltr'>aliqua</span> <span class='ocrx_word' id='word_1_252' title='bbox 1251 3168 1616 3221; x_wconf 82' lang='lat' dir='ltr'>sacramenta</span> <span class='ocrx_word' id='word_1_253' title='bbox 1647 3164 1853 3222; x_wconf 89' lang='lat' dir='ltr'>nullus</span> <span class='ocrx_word' id='word_1_254' title='bbox 1884 3167 1979 3222; x_wconf 88' lang='lat' dir='ltr'>est</span> <span class='ocrx_word' id='word_1_255' title='bbox 2008 3163 2234 3239; x_wconf 87' lang='lat' dir='ltr'>gratiae</span> <span class='ocrx_word' id='word_1_256' title='bbox 2257 3164 2435 3221; x_wconf 84' lang='lat' dir='ltr'>obex:</span> <span class='ocrx_word' id='word_1_257' title='bbox 2469 3163 2622 3221; x_wconf 89' lang='lat' dir='ltr'>circa</span> <span class='ocrx_word' id='word_1_258' title='bbox 2653 3160 2769 3220; x_wconf 88' lang='lat' dir='ltr'>alia</span> <span class='ocrx_word' id='word_1_259' title='bbox 2799 3163 2894 3219; x_wconf 88' lang='lat' dir='ltr'>est</span> <span class='ocrx_word' id='word_1_260' title='bbox 2927 3160 3019 3219; x_wconf 89' lang='lat' dir='ltr'>in-</span> 
     </span>
     <span class='ocr_line' id='line_1_28' title="bbox 391 3249 3019 3327; baseline -0.001 -19"><span class='ocrx_word' id='word_1_261' title='bbox 391 3250 691 3326; x_wconf 88' lang='lat' dir='ltr'>eptitud0‚</span> <span class='ocrx_word' id='word_1_262' title='bbox 725 3254 796 3309; x_wconf 92' lang='lat' dir='ltr'>ut</span> <span class='ocrx_word' id='word_1_263' title='bbox 824 3254 1061 3310; x_wconf 89' lang='lat' dir='ltr'>constat</span> <span class='ocrx_word' id='word_1_264' title='bbox 1090 3271 1158 3310; x_wconf 89' lang='lat' dir='ltr'>ex</span> <span class='ocrx_word' id='word_1_265' title='bbox 1191 3252 1517 3311; x_wconf 84' lang='lat' dir='ltr'>universali</span> <span class='ocrx_word' id='word_1_266' title='bbox 1547 3252 1866 3311; x_wconf 84' lang='lat' dir='ltr'>traditione</span> <span class='ocrx_word' id='word_1_267' title='bbox 1897 3252 2234 3311; x_wconf 85' lang='lat' dir='ltr'>christiana.</span> <span class='ocrx_word' id='word_1_268' title='bbox 2301 3249 2365 3315; x_wconf 80' lang='lat'>3.</span> <span class='ocrx_word' id='word_1_269' title='bbox 2414 3252 2483 3310; x_wconf 94' lang='lat' dir='ltr'>In</span> <span class='ocrx_word' id='word_1_270' title='bbox 2530 3250 2752 3310; x_wconf 89' lang='lat' dir='ltr'>adultis</span> <span class='ocrx_word' id='word_1_271' title='bbox 2797 3268 3019 3327; x_wconf 88' lang='lat' dir='ltr'>repug-</span> 
     </span>
     <span class='ocr_line' id='line_1_29' title="bbox 389 3339 3019 3418; baseline -0.001 -19"><span class='ocrx_word' id='word_1_272' title='bbox 389 3339 603 3399; x_wconf 87' lang='lat' dir='ltr'>nantia</span> <span class='ocrx_word' id='word_1_273' title='bbox 633 3340 778 3398; x_wconf 87' lang='lat' dir='ltr'>haec</span> <span class='ocrx_word' id='word_1_274' title='bbox 807 3345 899 3398; x_wconf 88' lang='lat' dir='ltr'>est</span> <span class='ocrx_word' id='word_1_275' title='bbox 929 3340 1384 3416; x_wconf 83' lang='lat' dir='ltr'>impoenitentia</span> <span class='ocrx_word' id='word_1_276' title='bbox 1414 3341 1486 3399; x_wconf 90' lang='lat' dir='ltr'>de</span> <span class='ocrx_word' id='word_1_277' title='bbox 1517 3347 1753 3417; x_wconf 85' lang='lat' dir='ltr'>peccato</span> <span class='ocrx_word' id='word_1_278' title='bbox 1786 3341 2119 3412; x_wconf 85' lang='lat' dir='ltr'>commisse,</span> <span class='ocrx_word' id='word_1_279' title='bbox 2167 3342 2217 3399; x_wconf 90' lang='lat' dir='ltr'>si</span> <span class='ocrx_word' id='word_1_280' title='bbox 2261 3341 2463 3418; x_wconf 83' lang='lat' dir='ltr'>agitur</span> <span class='ocrx_word' id='word_1_281' title='bbox 2506 3340 2579 3398; x_wconf 90' lang='lat' dir='ltr'>de</span> <span class='ocrx_word' id='word_1_282' title='bbox 2612 3339 3019 3409; x_wconf 87' lang='lat' dir='ltr'>sacramentis,</span> 
     </span>
     <span class='ocr_line' id='line_1_30' title="bbox 392 3427 3022 3507; baseline -0 -20"><span class='ocrx_word' id='word_1_283' title='bbox 392 3448 548 3504; x_wconf 84' lang='lat' dir='ltr'>qnae</span> <span class='ocrx_word' id='word_1_284' title='bbox 579 3429 865 3487; x_wconf 89' lang='lat' dir='ltr'>instituta</span> <span class='ocrx_word' id='word_1_285' title='bbox 895 3432 1041 3488; x_wconf 91' lang='lat' dir='ltr'>sunt</span> <span class='ocrx_word' id='word_1_286' title='bbox 1071 3429 1144 3487; x_wconf 90' lang='lat' dir='ltr'>ad</span> <span class='ocrx_word' id='word_1_287' title='bbox 1174 3429 1581 3489; x_wconf 87' lang='lat' dir='ltr'>remissionem</span> <span class='ocrx_word' id='word_1_288' title='bbox 1615 3434 2018 3507; x_wconf 75' lang='lat' dir='ltr'>peccatorum:</span> <span class='ocrx_word' id='word_1_289' title='bbox 2052 3430 2327 3505; x_wconf 89' lang='lat' dir='ltr'>quocirca</span> <span class='ocrx_word' id='word_1_290' title='bbox 2358 3429 2663 3504; x_wconf 88' lang='lat' dir='ltr'>dispositio</span> <span class='ocrx_word' id='word_1_291' title='bbox 2694 3427 3022 3487; x_wconf 88' lang='lat' dir='ltr'>necessaria</span> 
     </span>
     <span class='ocr_line' id='line_1_31' title="bbox 391 3517 3019 3596; baseline -0.001 -20"><span class='ocrx_word' id='word_1_292' title='bbox 391 3518 469 3576; x_wconf 86' lang='lat' dir='ltr'>ad</span> <span class='ocrx_word' id='word_1_293' title='bbox 515 3518 939 3577; x_wconf 84' lang='lat' dir='ltr'>removendum</span> <span class='ocrx_word' id='word_1_294' title='bbox 972 3519 1198 3577; x_wconf 89' lang='lat' dir='ltr'>obicem</span> <span class='ocrx_word' id='word_1_295' title='bbox 1231 3520 1571 3578; x_wconf 85' lang='lat' dir='ltr'>continetur</span> <span class='ocrx_word' id='word_1_296' title='bbox 1609 3519 1841 3579; x_wconf 88' lang='lat' dir='ltr'>actibus</span> <span class='ocrx_word' id='word_1_297' title='bbox 1889 3519 2309 3596; x_wconf 85' lang='lat' dir='ltr'>poenitentiae,</span> <span class='ocrx_word' id='word_1_298' title='bbox 2360 3519 2433 3576; x_wconf 88' lang='lat' dir='ltr'>ad</span> <span class='ocrx_word' id='word_1_299' title='bbox 2484 3537 2633 3594; x_wconf 89' lang='lat' dir='ltr'>quos</span> <span class='ocrx_word' id='word_1_300' title='bbox 2684 3517 3019 3593; x_wconf 89' lang='lat' dir='ltr'>requiritur</span> 
     </span>
     <span class='ocr_line' id='line_1_32' title="bbox 391 3605 3021 3686; baseline 0 -22"><span class='ocrx_word' id='word_1_301' title='bbox 391 3607 556 3676; x_wconf 81' lang='lat' dir='ltr'>fides,</span> <span class='ocrx_word' id='word_1_302' title='bbox 605 3625 756 3683; x_wconf 89' lang='lat' dir='ltr'>spes,</span> <span class='ocrx_word' id='word_1_303' title='bbox 803 3609 1080 3667; x_wconf 74' lang='lat' dir='ltr'>voluntas</span> <span class='ocrx_word' id='word_1_304' title='bbox 1112 3608 1495 3684; x_wconf 84' lang='lat' dir='ltr'>perveniendi</span> <span class='ocrx_word' id='word_1_305' title='bbox 1543 3609 1617 3666; x_wconf 87' lang='lat' dir='ltr'>ad</span> <span class='ocrx_word' id='word_1_306' title='bbox 1662 3609 1916 3686; x_wconf 81' lang='lat' dir='ltr'>gratiam</span> <span class='ocrx_word' id='word_1_307' title='bbox 1950 3608 2074 3677; x_wconf 90' lang='lat' dir='ltr'>Dei,</span> <span class='ocrx_word' id='word_1_308' title='bbox 2121 3609 2435 3667; x_wconf 87' lang='lat' dir='ltr'>detestatio</span> <span class='ocrx_word' id='word_1_309' title='bbox 2467 3608 2690 3683; x_wconf 89' lang='lat' dir='ltr'>peccati</span> <span class='ocrx_word' id='word_1_310' title='bbox 2721 3605 3021 3665; x_wconf 87' lang='lat' dir='ltr'>commissi</span> 
     </span>
     <span class='ocr_line' id='line_1_33' title="bbox 390 3694 3019 3775; baseline -0.001 -21"><span class='ocrx_word' id='word_1_311' title='bbox 390 3714 532 3754; x_wconf 88' lang='lat' dir='ltr'>cum</span> <span class='ocrx_word' id='word_1_312' title='bbox 565 3697 874 3755; x_wconf 86' lang='lat' dir='ltr'>voluntate</span> <span class='ocrx_word' id='word_1_313' title='bbox 905 3698 1179 3755; x_wconf 86' lang='lat' dir='ltr'>servandi</span> <span class='ocrx_word' id='word_1_314' title='bbox 1221 3698 1411 3775; x_wconf 89' lang='lat' dir='ltr'>legem</span> <span class='ocrx_word' id='word_1_315' title='bbox 1443 3698 1567 3768; x_wconf 92' lang='lat' dir='ltr'>Dei,</span> <span class='ocrx_word' id='word_1_316' title='bbox 1619 3702 1690 3757; x_wconf 83' lang='lat' dir='ltr'>ut</span> <span class='ocrx_word' id='word_1_317' title='bbox 1738 3702 1904 3775; x_wconf 83' lang='lat' dir='ltr'>patet</span> <span class='ocrx_word' id='word_1_318' title='bbox 1947 3716 2016 3755; x_wconf 89' lang='lat' dir='ltr'>ex</span> <span class='ocrx_word' id='word_1_319' title='bbox 2066 3697 2241 3757; x_wconf 90' lang='lat' dir='ltr'>dictis</span> <span class='ocrx_word' id='word_1_320' title='bbox 2286 3698 2359 3756; x_wconf 93' lang='lat' dir='ltr'>de</span> <span class='ocrx_word' id='word_1_321' title='bbox 2406 3694 2899 3772; x_wconf 89' lang='lat' dir='ltr'>dispositionibus</span> <span class='ocrx_word' id='word_1_322' title='bbox 2945 3694 3019 3752; x_wconf 87' lang='lat' dir='ltr'>ad</span> 
     </span>
     <span class='ocr_line' id='line_1_34' title="bbox 385 3784 3021 3861; baseline -0.001 -17"><span class='ocrx_word' id='word_1_323' title='bbox 385 3784 880 3861; x_wconf 84' lang='lat' dir='ltr'>justificationem</span> <span class='ocrx_word' id='word_1_324' title='bbox 914 3786 1218 3861; x_wconf 90' lang='lat' dir='ltr'>requisitis</span> <span class='ocrx_word' id='word_1_325' title='bbox 1251 3806 1309 3848; x_wconf 90' lang='lat' dir='ltr'>n.</span> <span class='ocrx_word' id='word_1_326' title='bbox 1355 3797 1472 3850; x_wconf 80' lang='lat'>135</span> <span class='ocrx_word' id='word_1_327' title='bbox 1510 3806 1605 3855; x_wconf 77' lang='lat' dir='ltr'>sa„</span> <span class='ocrx_word' id='word_1_328' title='bbox 1646 3806 1713 3845; x_wconf 86' lang='lat' dir='ltr'>ex</span> <span class='ocrx_word' id='word_1_329' title='bbox 1746 3787 1956 3849; x_wconf 86' lang='lat' dir='ltr'>Matth.</span> <span class='ocrx_word' id='word_1_330' title='bbox 1992 3796 2092 3858; x_wconf 87' lang='lat'>28,</span> <span class='ocrx_word' id='word_1_331' title='bbox 2137 3798 2212 3849; x_wconf 87' lang='lat'>19</span> <span class='ocrx_word' id='word_1_332' title='bbox 2249 3805 2326 3858; x_wconf 91' lang='lat' dir='ltr'>s.;</span> <span class='ocrx_word' id='word_1_333' title='bbox 2374 3787 2549 3846; x_wconf 84' lang='lat' dir='ltr'>Marc.</span> <span class='ocrx_word' id='word_1_334' title='bbox 2594 3795 2690 3854; x_wconf 85' lang='lat'>16,</span> <span class='ocrx_word' id='word_1_335' title='bbox 2735 3793 2846 3855; x_wconf 85' lang='lat'>16;</span> <span class='ocrx_word' id='word_1_336' title='bbox 2891 3784 3021 3842; x_wconf 89' lang='lat' dir='ltr'>Act.</span> 
     </span>
     <span class='ocr_line' id='line_1_35' title="bbox 394 3872 3020 3950; baseline -0.002 -14"><span class='ocrx_word' id='word_1_337' title='bbox 394 3884 455 3944; x_wconf 90' lang='lat'>2,</span> <span class='ocrx_word' id='word_1_338' title='bbox 492 3883 572 3937; x_wconf 83' lang='lat'>38</span> <span class='ocrx_word' id='word_1_339' title='bbox 606 3879 716 3933; x_wconf 85' lang='lat' dir='ltr'>etc.</span> <span class='ocrx_word' id='word_1_340' title='bbox 749 3880 811 3933; x_wconf 90' lang='lat' dir='ltr'>et</span> <span class='ocrx_word' id='word_1_341' title='bbox 842 3876 1222 3934; x_wconf 86' lang='lat' dir='ltr'>confirmatur</span> <span class='ocrx_word' id='word_1_342' title='bbox 1253 3894 1321 3934; x_wconf 92' lang='lat' dir='ltr'>ex</span> <span class='ocrx_word' id='word_1_343' title='bbox 1354 3875 1600 3934; x_wconf 78' lang='lat' dir='ltr'>historia</span> <span class='ocrx_word' id='word_1_344' title='bbox 1632 3876 2154 3935; x_wconf 87' lang='lat' dir='ltr'>catechumenatus</span> <span class='ocrx_word' id='word_1_345' title='bbox 2187 3880 2249 3935; x_wconf 93' lang='lat' dir='ltr'>et</span> <span class='ocrx_word' id='word_1_346' title='bbox 2290 3875 2707 3950; x_wconf 86' lang='lat' dir='ltr'>poenitentiae.</span> <span class='ocrx_word' id='word_1_347' title='bbox 2771 3872 2842 3931; x_wconf 92' lang='lat' dir='ltr'>In</span> <span class='ocrx_word' id='word_1_348' title='bbox 2887 3872 3020 3930; x_wconf 88' lang='lat' dir='ltr'>aliis</span> 
     </span>
     <span class='ocr_line' id='line_1_36' title="bbox 391 3961 3021 4040; baseline -0 -19"><span class='ocrx_word' id='word_1_349' title='bbox 391 3964 801 4034; x_wconf 85' lang='lat' dir='ltr'>sacramentis,</span> <span class='ocrx_word' id='word_1_350' title='bbox 850 3983 1001 4040; x_wconf 88' lang='lat' dir='ltr'>quae</span> <span class='ocrx_word' id='word_1_351' title='bbox 1045 3983 1115 4023; x_wconf 86' lang='lat' dir='ltr'>ex</span> <span class='ocrx_word' id='word_1_352' title='bbox 1161 3984 1271 4023; x_wconf 89' lang='lat' dir='ltr'>sua</span> <span class='ocrx_word' id='word_1_353' title='bbox 1314 3965 1698 4023; x_wconf 88' lang='lat' dir='ltr'>institutione</span> <span class='ocrx_word' id='word_1_354' title='bbox 1747 3965 2090 4023; x_wconf 86' lang='lat' dir='ltr'>referuntur</span> <span class='ocrx_word' id='word_1_355' title='bbox 2120 3965 2193 4023; x_wconf 90' lang='lat' dir='ltr'>ad</span> <span class='ocrx_word' id='word_1_356' title='bbox 2226 3965 2585 4040; x_wconf 86' lang='lat' dir='ltr'>peculiarem</span> <span class='ocrx_word' id='word_1_357' title='bbox 2616 3961 3021 4021; x_wconf 87' lang='lat' dir='ltr'>membrorum</span> 
     </span>
     <span class='ocr_line' id='line_1_37' title="bbox 390 4052 3018 4131; baseline -0.001 -20"><span class='ocrx_word' id='word_1_358' title='bbox 390 4052 613 4111; x_wconf 86' lang='lat' dir='ltr'>Christi</span> <span class='ocrx_word' id='word_1_359' title='bbox 644 4053 1166 4112; x_wconf 84' lang='lat' dir='ltr'>sanctificationem</span> <span class='ocrx_word' id='word_1_360' title='bbox 1201 4056 1263 4111; x_wconf 91' lang='lat' dir='ltr'>et</span> <span class='ocrx_word' id='word_1_361' title='bbox 1291 4055 1516 4130; x_wconf 87' lang='lat' dir='ltr'>gratiae</span> <span class='ocrx_word' id='word_1_362' title='bbox 1548 4059 1955 4131; x_wconf 87' lang='lat' dir='ltr'>augmentum,</span> <span class='ocrx_word' id='word_1_363' title='bbox 1990 4054 2309 4129; x_wconf 90' lang='lat' dir='ltr'>dispositio</span> <span class='ocrx_word' id='word_1_364' title='bbox 2340 4053 2668 4112; x_wconf 86' lang='lat' dir='ltr'>necessaria</span> <span class='ocrx_word' id='word_1_365' title='bbox 2698 4054 2792 4109; x_wconf 92' lang='lat' dir='ltr'>est</span> <span class='ocrx_word' id='word_1_366' title='bbox 2823 4054 3018 4109; x_wconf 89' lang='lat' dir='ltr'>status</span> 
     </span>
     <span class='ocr_line' id='line_1_38' title="bbox 389 4142 3018 4219; baseline -0 -20"><span class='ocrx_word' id='word_1_367' title='bbox 389 4142 637 4219; x_wconf 84' lang='lat' dir='ltr'>gratiae,</span> <span class='ocrx_word' id='word_1_368' title='bbox 673 4147 745 4201; x_wconf 90' lang='lat' dir='ltr'>ut</span> <span class='ocrx_word' id='word_1_369' title='bbox 776 4146 1010 4201; x_wconf 88' lang='lat' dir='ltr'>constat</span> <span class='ocrx_word' id='word_1_370' title='bbox 1039 4162 1110 4202; x_wconf 88' lang='lat' dir='ltr'>ex</span> <span class='ocrx_word' id='word_1_371' title='bbox 1144 4144 1382 4219; x_wconf 89' lang='lat' dir='ltr'>propria</span> <span class='ocrx_word' id='word_1_372' title='bbox 1413 4143 1654 4201; x_wconf 91' lang='lat' dir='ltr'>illorum</span> <span class='ocrx_word' id='word_1_373' title='bbox 1676 4147 1889 4201; x_wconf 87' lang='lat' dir='ltr'>natura</span> <span class='ocrx_word' id='word_1_374' title='bbox 1910 4143 2267 4219; x_wconf 89' lang='lat' dir='ltr'>proprioque</span> <span class='ocrx_word' id='word_1_375' title='bbox 2297 4143 2432 4211; x_wconf 91' lang='lat' dir='ltr'>fine,</span> <span class='ocrx_word' id='word_1_376' title='bbox 2467 4142 2573 4217; x_wconf 91' lang='lat' dir='ltr'>qui</span> <span class='ocrx_word' id='word_1_377' title='bbox 2603 4159 2726 4199; x_wconf 88' lang='lat' dir='ltr'>non</span> <span class='ocrx_word' id='word_1_378' title='bbox 2757 4142 2850 4199; x_wconf 90' lang='lat' dir='ltr'>est</span> <span class='ocrx_word' id='word_1_379' title='bbox 2879 4158 3018 4198; x_wconf 91' lang='lat' dir='ltr'>con·</span> 
     </span>
     <span class='ocr_line' id='line_1_39' title="bbox 389 4228 3015 4309; baseline -0.001 -21"><span class='ocrx_word' id='word_1_380' title='bbox 389 4231 545 4289; x_wconf 86' lang='lat' dir='ltr'>ferre</span> <span class='ocrx_word' id='word_1_381' title='bbox 575 4232 760 4290; x_wconf 81' lang='lat' dir='ltr'>vitam</span> <span class='ocrx_word' id='word_1_382' title='bbox 793 4233 1326 4308; x_wconf 84' lang='lat' dir='ltr'>supernaturalem,</span> <span class='ocrx_word' id='word_1_383' title='bbox 1361 4232 1464 4290; x_wconf 86' lang='lat' dir='ltr'>sed</span> <span class='ocrx_word' id='word_1_384' title='bbox 1497 4233 1772 4291; x_wconf 89' lang='lat' dir='ltr'>collatam</span> <span class='ocrx_word' id='word_1_385' title='bbox 1804 4251 2049 4309; x_wconf 90' lang='lat' dir='ltr'>augere:</span> <span class='ocrx_word' id='word_1_386' title='bbox 2087 4250 2268 4305; x_wconf 87' lang='lat' dir='ltr'>quare</span> <span class='ocrx_word' id='word_1_387' title='bbox 2300 4231 2479 4289; x_wconf 85' lang='lat' dir='ltr'>vitam</span> <span class='ocrx_word' id='word_1_388' title='bbox 2514 4230 2739 4307; x_wconf 85' lang='lat' dir='ltr'>gratiae</span> <span class='ocrx_word' id='word_1_389' title='bbox 2774 4228 3015 4287; x_wconf 91' lang='lat' dir='ltr'>omnino</span> 
     </span>
     <span class='ocr_line' id='line_1_40' title="bbox 389 4317 3019 4398; baseline -0.001 -20"><span class='ocrx_word' id='word_1_390' title='bbox 389 4325 904 4396; x_wconf 88' lang='lat' dir='ltr'>praesupponunt.</span> <span class='ocrx_word' id='word_1_391' title='bbox 981 4320 1170 4390; x_wconf 83' lang='lat' dir='ltr'>Quare</span> <span class='ocrx_word' id='word_1_392' title='bbox 1219 4317 1286 4383; x_wconf 82' lang='grc'>4.</span> <span class='ocrx_word' id='word_1_393' title='bbox 1340 4322 1786 4380; x_wconf 88' lang='lat' dir='ltr'>calumniantur</span> <span class='ocrx_word' id='word_1_394' title='bbox 1830 4321 1936 4398; x_wconf 92' lang='lat' dir='ltr'>qui</span> <span class='ocrx_word' id='word_1_395' title='bbox 1980 4323 2274 4390; x_wconf 85' lang='lat' dir='ltr'>asserunt,</span> <span class='ocrx_word' id='word_1_396' title='bbox 2329 4321 2655 4379; x_wconf 86' lang='lat' dir='ltr'>secundum</span> <span class='ocrx_word' id='word_1_397' title='bbox 2700 4317 3019 4378; x_wconf 87' lang='lat' dir='ltr'>catholicos</span> 
     </span>
     <span class='ocr_line' id='line_1_41' title="bbox 389 4408 3019 4487; baseline -0.001 -20"><span class='ocrx_word' id='word_1_398' title='bbox 389 4413 764 4468; x_wconf 82' lang='lat' dir='ltr'>sacramenta</span> <span class='ocrx_word' id='word_1_399' title='bbox 794 4410 1059 4469; x_wconf 86' lang='lat' dir='ltr'>conferre</span> <span class='ocrx_word' id='word_1_400' title='bbox 1091 4410 1342 4487; x_wconf 89' lang='lat' dir='ltr'>gratiam</span> <span class='ocrx_word' id='word_1_401' title='bbox 1386 4410 1610 4485; x_wconf 90' lang='lat' dir='ltr'>absque</span> <span class='ocrx_word' id='word_1_402' title='bbox 1654 4412 1781 4469; x_wconf 91' lang='lat' dir='ltr'>ullo</span> <span class='ocrx_word' id='word_1_403' title='bbox 1827 4409 2207 4486; x_wconf 84' lang='lat' dir='ltr'>suscipientis</span> <span class='ocrx_word' id='word_1_404' title='bbox 2237 4409 2392 4467; x_wconf 91' lang='lat' dir='ltr'>bono</span> <span class='ocrx_word' id='word_1_405' title='bbox 2424 4414 2610 4467; x_wconf 90' lang='lat' dir='ltr'>motu.</span> <span class='ocrx_word' id='word_1_406' title='bbox 2673 4408 2838 4466; x_wconf 91' lang='lat' dir='ltr'>Licet</span> <span class='ocrx_word' id='word_1_407' title='bbox 2881 4424 3019 4465; x_wconf 81' lang='lat' dir='ltr'>vero</span> 
     </span>
     <span class='ocr_line' id='line_1_42' title="bbox 389 4495 3016 4575; baseline -0.003 -14"><span class='ocrx_word' id='word_1_408' title='bbox 389 4495 460 4561; x_wconf 82' lang='lat'>5.</span> <span class='ocrx_word' id='word_1_409' title='bbox 493 4498 698 4573; x_wconf 88' lang='lat' dir='ltr'>aliqua</span> <span class='ocrx_word' id='word_1_410' title='bbox 727 4499 1072 4573; x_wconf 88' lang='lat' dir='ltr'>requiratur</span> <span class='ocrx_word' id='word_1_411' title='bbox 1115 4500 1181 4557; x_wconf 92' lang='lat' dir='ltr'>in</span> <span class='ocrx_word' id='word_1_412' title='bbox 1226 4499 1448 4558; x_wconf 90' lang='lat' dir='ltr'>adultis</span> <span class='ocrx_word' id='word_1_413' title='bbox 1481 4500 1810 4575; x_wconf 91' lang='lat' dir='ltr'>dispositi0,</span> <span class='ocrx_word' id='word_1_414' title='bbox 1857 4502 1930 4557; x_wconf 92' lang='lat' dir='ltr'>ut</span> <span class='ocrx_word' id='word_1_415' title='bbox 1975 4501 2337 4556; x_wconf 87' lang='lat' dir='ltr'>sacramenta</span> <span class='ocrx_word' id='word_1_416' title='bbox 2367 4498 2600 4574; x_wconf 90' lang='lat' dir='ltr'>prosint</span> <span class='ocrx_word' id='word_1_417' title='bbox 2630 4515 2736 4556; x_wconf 88' lang='lat' dir='ltr'>seu</span> <span class='ocrx_word' id='word_1_418' title='bbox 2766 4495 3016 4572; x_wconf 88' lang='lat' dir='ltr'>gratiam</span> 
     </span>
     <span class='ocr_line' id='line_1_43' title="bbox 388 4584 3021 4665; baseline -0.002 -19"><span class='ocrx_word' id='word_1_419' title='bbox 388 4592 733 4664; x_wconf 88' lang='lat' dir='ltr'>operentur,</span> <span class='ocrx_word' id='word_1_420' title='bbox 779 4606 850 4645; x_wconf 89' lang='lat' dir='ltr'>ea</span> <span class='ocrx_word' id='word_1_421' title='bbox 891 4607 1013 4647; x_wconf 92' lang='lat' dir='ltr'>non</span> <span class='ocrx_word' id='word_1_422' title='bbox 1056 4592 1150 4648; x_wconf 90' lang='lat' dir='ltr'>est</span> <span class='ocrx_word' id='word_1_423' title='bbox 1194 4607 1422 4647; x_wconf 89' lang='lat' dir='ltr'>causa</span> <span class='ocrx_word' id='word_1_424' title='bbox 1468 4589 1693 4665; x_wconf 87' lang='lat' dir='ltr'>gratiae</span> <span class='ocrx_word' id='word_1_425' title='bbox 1725 4588 2005 4657; x_wconf 85' lang='lat' dir='ltr'>efficiens,</span> <span class='ocrx_word' id='word_1_426' title='bbox 2054 4586 2158 4645; x_wconf 91' lang='lat' dir='ltr'>sed</span> <span class='ocrx_word' id='word_1_427' title='bbox 2189 4587 2437 4645; x_wconf 79' lang='lat' dir='ltr'>remotio</span> <span class='ocrx_word' id='word_1_428' title='bbox 2467 4584 2902 4662; x_wconf 86' lang='lat' dir='ltr'>impedimenti,</span> <span class='ocrx_word' id='word_1_429' title='bbox 2948 4585 3021 4642; x_wconf 90' lang='lat' dir='ltr'>ut</span> 
     </span>
     <span class='ocr_line' id='line_1_44' title="bbox 389 4675 3019 4754; baseline -0.002 -18"><span class='ocrx_word' id='word_1_430' title='bbox 389 4679 836 4736; x_wconf 87' lang='lat' dir='ltr'>sacramentum</span> <span class='ocrx_word' id='word_1_431' title='bbox 866 4696 1043 4736; x_wconf 90' lang='lat' dir='ltr'>suum</span> <span class='ocrx_word' id='word_1_432' title='bbox 1077 4677 1397 4754; x_wconf 87' lang='lat' dir='ltr'>producere</span> <span class='ocrx_word' id='word_1_433' title='bbox 1443 4677 1630 4753; x_wconf 90' lang='lat' dir='ltr'>possit</span> <span class='ocrx_word' id='word_1_434' title='bbox 1675 4677 1950 4735; x_wconf 86' lang='lat' dir='ltr'>effectum</span> <span class='ocrx_word' id='word_1_435' title='bbox 2000 4694 2108 4735; x_wconf 89' lang='lat' dir='ltr'>sen</span> <span class='ocrx_word' id='word_1_436' title='bbox 2153 4675 2506 4735; x_wconf 90' lang='lat' dir='ltr'>conditio</span> <span class='ocrx_word' id='word_1_437' title='bbox 2553 4675 2681 4733; x_wconf 88' lang='lat' dir='ltr'>sine</span> <span class='ocrx_word' id='word_1_438' title='bbox 2727 4692 2846 4748; x_wconf 89' lang='lat' dir='ltr'>qua</span> <span class='ocrx_word' id='word_1_439' title='bbox 2882 4690 3019 4731; x_wconf 88' lang='lat' dir='ltr'>non.</span> 
     </span>
     <span class='ocr_line' id='line_1_45' title="bbox 388 4764 3018 4843; baseline -0.002 -18"><span class='ocrx_word' id='word_1_440' title='bbox 388 4766 824 4826; x_wconf 77' lang='lat' dir='ltr'>Contendimus</span> <span class='ocrx_word' id='word_1_441' title='bbox 868 4769 1067 4826; x_wconf 88' lang='lat' dir='ltr'>autem</span> <span class='ocrx_word' id='word_1_442' title='bbox 1112 4764 1178 4828; x_wconf 80' lang='lat'>6.</span> <span class='ocrx_word' id='word_1_443' title='bbox 1227 4786 1334 4843; x_wconf 89' lang='lat' dir='ltr'>per</span> <span class='ocrx_word' id='word_1_444' title='bbox 1380 4769 1748 4825; x_wconf 85' lang='lat' dir='ltr'>sacramenta</span> <span class='ocrx_word' id='word_1_445' title='bbox 1781 4770 2084 4842; x_wconf 81' lang='lat' dir='ltr'>tamqnam</span> <span class='ocrx_word' id='word_1_446' title='bbox 2129 4784 2236 4842; x_wconf 89' lang='lat' dir='ltr'>per</span> <span class='ocrx_word' id='word_1_447' title='bbox 2281 4782 2487 4823; x_wconf 89' lang='lat' dir='ltr'>causas</span> <span class='ocrx_word' id='word_1_448' title='bbox 2533 4764 3018 4822; x_wconf 88' lang='lat' dir='ltr'>instrumen-</span> 
     </span>
    </p>
   </div>
  </div>
 </body>
</html>
