3538 5364
606 306 736 381 692
1010 308 1193 361 Tract.
1221 308 1288 360 X.
1315 307 1384 361 de
1414 306 1530 361 Deo
1559 311 2031 362 consummatore.
2058 305 2480 377 Disputationis
2508 306 2817 361 conclusio.

606 496 859 554 tantum
893 489 1005 553 tibi
1037 509 1194 552 crux
1226 487 1505 553 Christi?
1555 488 1720 553 Puto
1752 506 1932 563 sane,
1964 488 2019 551 si
2050 493 2115 551 te
2145 504 2338 552 cruce
2371 487 2603 551 Christi
2637 487 3037 569 redemptum
3070 488 3239 552 fide·

608 595 749 660 liter
779 593 1179 670 credidisseS,
1212 612 1543 676 nunquam
1576 601 1640 658 te
1671 594 1974 658 intestum
2005 594 2143 675 ejus
2174 593 2502 657 inimicum
2535 599 2599 657 et
2631 602 3108 659 exsecratorem
3128 601 3236 657 at-

607 721 731 784 que
764 700 1202 765 abdicatorem
1234 700 1697 765 constituisses.
1734 699 1859 765 Per
1876 717 2132 765 crucem
2156 718 2435 782 namque
2456 701 2683 764 mortis
2707 706 2937 764 auctor
2958 718 3237 781 supera·

606 816 709 873 tus
742 814 857 884 est,
889 813 956 871 et
983 806 1360 872 mortalibus
1391 809 1525 872 vita
1554 807 1807 873 reddita
1840 811 2056 894 est1).‹

792 937 935 1001 743.
968 932 1181 1011 Quare
1214 930 1654 996 concludimus
1686 934 1856 996 hanc
1888 933 1967 997 de
1988 952 2069 996 ss.
2091 930 2476 1012 imaginibus
2497 931 3001 1012 disputationem
3015 931 3238 996 verbis

605 1039 873 1104 Joannis
906 1037 1411 1115 Damasceni,
1443 1038 1675 1121 quibus
1709 1038 1988 1103 absolvit
2033 1037 2289 1102 tertiam
2338 1038 2419 1103 de
2448 1037 2833 1119 imaginibus
2866 1040 3234 1104 orationem

607 1165 667 1209 n.
701 1152 820 1213 41:
861 1144 1350 1224 ,Quamobrem,
1383 1146 1625 1223 fiatres,
1659 1146 1723 1208 in
1755 1152 1941 1228 petra
1971 1144 2120 1208 fidei
2153 1151 2216 1210 et
2247 1145 2569 1210 Ecclesiae
2600 1132 3052 1210 traditionibus
3072 1145 3235 1208 insi-

608 1259 873 1328 stamuS,
905 1270 1026 1316 nec
1057 1252 1363 1316 terminos
1395 1252 1878 1328 transferamuS,
1911 1271 2075 1334 quos
2121 1253 2327 1315 sancti
2366 1259 2584 1334 patres
2619 1258 2990 1334 posuerunt.
3055 1251 3237 1317 Neve

607 1358 729 1422 illis
762 1357 974 1422 locum
1008 1358 1253 1433 demuS,
1287 1360 1392 1440 qui
1425 1377 1740 1423 novarum
1774 1377 1987 1424 rerum
2024 1359 2253 1440 cupidi,
2286 1366 2551 1424 sanctae
2585 1358 2942 1424 catholicae
2973 1365 3040 1424 et
3069 1377 3234 1439 apo-

609 1466 875 1530 stolicae
923 1464 1036 1529 Dei
1086 1462 1406 1529 Ecclesiae
1459 1465 1819 1529 aedificium
1870 1466 2164 1531 demoliri
2215 1467 2526 1531 nituntur.
2592 1465 2754 1529 Nam
2805 1466 2860 1530 si
2911 1466 3231 1547 ejusmodi

608 1573 867 1637 licentia
898 1572 1136 1635 volenti
1167 1572 1428 1637 cuilibet
1461 1571 1662 1648 detur,
1697 1579 1903 1637 totum
1935 1574 2259 1638 Ecclesiae
2311 1592 2545 1654 corpus
2576 1573 2813 1638 sensim
2847 1573 3231 1636 destruetur.

610 1677 1034 1760 Nequaquam
1065 1676 1311 1756 fratreS,
1344 1698 1757 1762 nequaquam
1805 1680 2016 1744 dilecti
2048 1680 2376 1746 Ecclesiae
2407 1678 2531 1755 filii,
2565 1679 2788 1744 matris
2819 1687 3078 1743 vestrae
3109 1698 3231 1759 pu-

611 1782 750 1847 dori
780 1783 1045 1864 parcite.
1079 1780 1326 1850 Ornatu
1357 1784 1530 1849 illam
1563 1805 1680 1852 suo
1714 1805 1797 1851 ne
1830 1787 2131 1868 spolietis
2197 1788 2377 1852 Hanc
2420 1787 2749 1868 suscipite,
2781 1768 2953 1868 quae'
2979 1804 3095 1867 per
3128 1803 3234 1849 me

610 1909 727 1953 vos
759 1888 1117 1972 alloquitur.
1181 1892 1433 1971 Discite,
1468 1893 1621 1975 quid
1653 1894 1734 1958 de
1767 1893 1910 1976 ipsa
1944 1894 2112 1960 Deus
2146 1893 2347 1959 dicat:
2421 1892 2576 1959 Tota
2602 1893 2873 1981 pulchra
2904 1915 2989 1977 eet,
3023 1895 3233 1956 amica

609 2020 770 2081 mea,
815 2005 869 2061 et
915 2000 1165 2063 macula
1210 2018 1334 2062 non
1378 2005 1467 2061 est
1515 2000 1580 2063 in
1625 2004 1683 2062 te
1728 1997 1941 2085 (Cant.
1974 2006 2035 2077 4,
2072 2002 2155 2085 7).
2219 1998 2443 2064 Solum
2476 2000 2852 2065 Creatorem
2904 2008 2970 2064 et
3014 2018 3231 2064 rerum

613 2104 908 2188 opificem
941 2105 1144 2170 Deum
1176 2104 1540 2182 adoremuS,
1586 2107 1689 2169 cui
1730 2106 1958 2171 latriae
2008 2107 2249 2170 cultum
2281 2106 2698 2172 exhibeamus
2731 2113 3064 2185 tamquam
3098 2104 3233 2170 Deo

613 2228 728 2293 pro
763 2230 884 2274 sua
915 2218 1152 2276 natura
1183 2211 1533 2275 adorando.
1597 2208 1907 2275 Sanctam
1957 2230 2212 2294 quoque
2264 2211 2377 2277 Dei
2429 2210 2816 2276 Genitricem
2862 2211 3232 2285 adoremuS,

611 2336 744 2381 non
777 2324 1111 2400 tamquam
1143 2318 1362 2396 Deum,
1396 2319 1512 2385 sed
1542 2326 1875 2401 tamquam
1912 2319 2023 2384 Dei
2074 2326 2353 2384 matrem
2396 2320 2749 2384 secundum
2799 2338 3098 2384 carnem:
3149 2318 3231 2382 ad

609 2424 733 2489 hoc
765 2444 992 2490 omnes
1023 2433 1306 2503 sanctoS,
1352 2445 1471 2491 ceu
1523 2426 1767 2492 electos
1799 2425 1914 2491 Dei
1960 2433 2024 2491 et
2070 2427 2332 2501 amicos,
2374 2425 2611 2509 quibus
2655 2425 2856 2491 facilis
2905 2426 2990 2490 ad
3021 2427 3232 2507 ipsum

609 2537 789 2612 patet
821 2532 1048 2610 adituS,
1082 2533 1442 2598 adoremus,
1476 2532 1640 2598 Nam
1671 2533 1727 2596 si
1757 2551 1958 2614 regeS,
1995 2534 2103 2615 qui
2135 2533 2418 2598 interitui
2457 2532 2718 2597 obnoxii
2733 2539 2902 2608 sunt,
2924 2533 3080 2615 quin
3100 2533 3232 2595 imo

610 2638 990 2723 plerumque
1022 2640 1199 2723 impii
1230 2646 1294 2705 et
1324 2644 1722 2721 peccatores
1775 2657 2030 2705 necnon
2073 2638 2434 2721 praefectos
2468 2658 2508 2704 a
2537 2639 2793 2722 regibus
2824 2641 3232 2714 constitutos,

612 2754 676 2811 et
707 2748 1018 2826 imagines
1050 2748 1353 2829 ipsorum,
1385 2748 1678 2812 homines
1711 2746 2017 2810 adorant:
2052 2753 2297 2828 quanto
2331 2748 2535 2829 magis
2568 2752 2823 2828 oportet
2853 2747 3098 2827 Regem
3128 2765 3231 2811 re-

611 2870 777 2934 gum,
810 2855 918 2936 qui
949 2854 1124 2919 solus
1156 2872 1270 2935 per
1300 2860 1598 2917 naturam
1631 2871 1822 2916 suam
1853 2852 2161 2917 Dominus
2194 2859 2311 2928 est,
2345 2854 2637 2930 adorare,
2673 2854 2938 2935 ejusque
2959 2852 3234 2917 famulos

613 2967 676 3026 et
707 2961 969 3038 amicOS,
1004 2963 1115 3043 qui
1145 2960 1597 3044 cupiditatibus
1630 2961 1762 3024 suis
1796 2961 2209 3042 imperarunt,
2257 2962 2671 3044 universique
2703 2959 2882 3026 orbis
2914 2960 3233 3042 principes

612 3067 944 3132 constituti
976 3076 1142 3145 sunt,
1176 3069 1286 3150 qui
1317 3073 1545 3132 contra
1575 3068 1927 3133 daemones
1962 3076 2025 3134 et
2056 3068 2398 3149 languores
2417 3074 2802 3149 potestatem
2826 3073 3233 3149 acceperunt:

613 3174 722 3257 qui
752 3192 952 3254 regno
984 3173 1110 3253 illo,
1143 3176 1316 3258 quod
1347 3194 1478 3240 non
1510 3181 1974 3257 corrumpetur,
2008 3192 2129 3239 nec
2160 3174 2594 3256 dissipabitur,
2636 3193 2767 3237 una
2798 3192 2947 3238 cum
2979 3173 3233 3238 Christo

612 3281 875 3361 potituri
905 3289 1086 3347 sunt:
1121 3301 1392 3364 quorum
1412 3282 1641 3347 umbra
1661 3282 1804 3346 sola
1821 3281 2085 3346 morbos
2106 3288 2170 3346 et
2202 3282 2557 3346 daemones
2587 3282 2653 3345 in
2684 3280 2901 3361 sugam
2935 3287 3224 3360 agebat‘

797 3420 935 3473 744.
970 3406 1318 3475 Scholion
1352 3409 1778 3491 praotloum.
1833 3409 1993 3478 Quae
2041 3411 2106 3469 in
2151 3410 2261 3468 hac
2308 3410 2565 3469 sectione
2605 3410 3012 3485 exposuimus
3065 3409 3235 3467 facile

615 3499 675 3557 in
723 3501 1059 3558 concionem
1106 3503 1431 3562 convertas,
1492 3500 1570 3558 Et
1615 3495 1678 3561 I.
1726 3499 1970 3574 quidem
2017 3500 2081 3557 in
2130 3498 2475 3575 exponenda
2521 3504 2864 3558 sanctorum
2913 3517 3232 3558 commu·

615 3588 846 3646 nione
909 3589 1262 3647 considerari
1322 3591 1577 3663 possunt
1627 3587 1807 3663 hujus
1859 3588 2292 3647 communionis
2355 3588 2708 3662 amplitudo,
2771 3588 3058 3656 vitaliter&
3109 3606 3232 3646 mo·

616 3681 902 3736 mentum.

800 3763 855 3830 l.
903 3766 1356 3842 Amplitudo
1405 3766 1544 3824 inde
1593 3769 1775 3842 patet,
1828 3766 1988 3841 quod
2037 3766 2109 3824 ad
2155 3782 2289 3825 eam
2320 3779 2382 3828 a.
2416 3769 2693 3841 spectant
2723 3765 2985 3823 Ecclesia
3014 3765 3231 3822 trium·

616 3855 820 3930 phanS‚
860 3873 1011 3928 quae
1056 3859 1292 3913 constat
1336 3874 1456 3914 non
1488 3856 1682 3913 solum
1716 3873 1785 3912 ex
1817 3854 2159 3913 hominibus
2209 3855 2447 3923 sanctis,
2501 3855 2602 3913 sed
2638 3855 2707 3912 ed
2742 3854 2971 3931 angelis
3019 3853 3231 3918 beatis,

616 3944 859 4002 ecclesia
891 3963 1040 4017 quae
1073 3945 1135 4001 in
1171 3944 1514 4021 purgatorio
1564 3944 1907 4014 mundatur,
1956 3944 2202 4002 ecclesia
2231 3944 2292 4001 in
2326 3943 2501 4002 terris
2546 3943 2829 4002 militans
2892 3941 3020 4010 Qua
3070 3959 3234 3999 occa.-

838 4135 872 4204 ι)
901 4131 982 4185 Of.
1011 4131 1098 4185 Pe
1117 4135 1183 4185 tr
1201 4151 1235 4185 u
1254 4151 1278 4186 s
1319 4149 1445 4184 ven.
1488 4134 1651 4185 tract.
1695 4132 1826 4184 adv.
1867 4131 2213 4203 petrobruss.
2255 4130 2311 4182 M
2330 4130 2420 4200 ig.
2455 4136 2568 4194 189,
2596 4132 2861 4186 771-87.
2911 4127 3238 4199 Imaginum

617 4231 685 4264 sS.
714 4211 1011 4266 Trinitatis
1037 4212 1218 4264 rarior
1245 4212 1358 4264 fuit
1383 4212 1520 4266 olim
1550 4229 1701 4265 usus.
1729 4211 2200 4281 Repraesentatio
2229 4210 2334 4265 Dei
2363 4210 2547 4265 Patris
2572 4228 2688 4265 non
2717 4208 2946 4264 videtur
2971 4208 3237 4264 adhibita

617 4297 750 4347 ante
777 4310 880 4346 sec.
909 4294 1005 4352 X.;
1057 4293 1125 4347 cf.
1167 4292 1441 4362 Engels
1483 4291 1585 4346 Die
1627 4292 1996 4363 Darstellung
2041 4294 2238 4346 Gottcs
2281 4293 2382 4345 des
2424 4292 2640 4357 Vaters,
2684 4291 2784 4346 der
2816 4290 2998 4362 Engel
3037 4290 3099 4344 iu
3138 4291 3239 4345 der

619 4372 865 4436 Malerei,
893 4373 1255 4443 Luxemburg
1288 4379 1438 4431 1894.
1465 4373 2026 4443 Repraesentationis
2047 4371 2297 4443 Spiritus
2315 4391 2354 4430 s.
2375 4373 2481 4426 sub
2497 4372 2791 4427 columbae
2814 4371 3070 4440 symbolo
3086 4388 3237 4426 men·

603 4447 830 4505 'tionem
859 4452 1000 4506 facit
1025 4469 1129 4508 sec.
1164 4452 1226 4505 V.
1255 4452 1346 4506 Pa
1364 4471 1399 4505 u
1417 4452 1436 4505 1
1453 4453 1470 4505 i
1490 4472 1527 4507 n
1544 4471 1581 4506 u
1600 4471 1624 4506 s
1649 4456 1909 4509 nolanus.
1965 4453 2047 4507 Cf.
2076 4469 2222 4521 quae
2250 4452 2320 4507 de
2347 4453 2456 4507 hoc
2495 4453 2834 4521 argumento
2880 4450 3003 4504 fuse
3030 4452 3091 4504 et
3115 4467 3237 4504 eru·

617 4532 735 4585 dite
763 4533 990 4586 disserit
1015 4533 1058 4585 B
1076 4550 1105 4586 e
1123 4553 1159 4586 n
1174 4551 1204 4588 e
1222 4535 1257 4587 d
1275 4535 1292 4588 i
1312 4552 1340 4587 c
1358 4538 1382 4588 t
1398 4553 1435 4588 u
1452 4553 1477 4588 s
1503 4535 1549 4587 X
1561 4534 1650 4588 [V.
1681 4534 1741 4587 in
1758 4551 1847 4604 ep.
1864 4535 1937 4589 ad
1954 4533 2124 4605 episc.
2143 4536 2529 4605 augustanum
2545 4548 2595 4585 a.
2617 4535 2771 4593 1745,
2800 4547 2972 4599 quam
2990 4531 3238 4600 reperies

618 4614 678 4665 in
709 4611 918 4665 Fleurii
947 4613 1012 4664 H.
1039 4613 1101 4666 Ε.
1132 4618 1215 4678 78,
1245 4620 1346 4670 532
1375 4632 1444 4668 ss.
1473 4615 1559 4667 ed.
1587 4615 1736 4684 Aug.
1769 4613 1937 4667 vind.
1967 4631 2017 4666 a.
2046 4621 2198 4678 1790,
2227 4616 2284 4668 et
2303 4630 2465 4684 prop.
2487 4617 2555 4668 69
2577 4630 2700 4680 syn.
2729 4611 2934 4680 pisto
2952 4608 3239 4664 riensis

616 4709 651 4744 a
680 4691 780 4745 Pio
809 4693 901 4744 Π.
929 4693 1214 4747 damnata.
1271 4694 1349 4748 Ex
1395 4694 1594 4765 positis
1635 4693 1961 4764 pxincipiis,
1989 4696 2273 4762 quantum
2300 4693 2439 4747 satis
2465 4696 2567 4756 est,
2607 4689 2890 4745 vindicari
2931 4691 3147 4760 poterit
3184 4695 3241 4744 et

624 4789 756 4824 usus
783 4774 841 4825 et
867 4773 1057 4826 cultus
1099 4774 1301 4827 harum
1344 4774 1662 4842 imaginum
1691 4773 2152 4842 symbolicarum,
2179 4777 2238 4827 et
2262 4772 2436 4826 simul
2461 4773 2610 4825 ratio
2637 4771 2801 4825 reddi
2827 4769 3059 4823 rarioris
3089 4787 3242 4823 usus.
