3538 5364
983 295 1176 350 Thesis
1203 295 1566 350 CLXXXVII.
1592 296 1662 349 de
1689 296 2005 366 gratuitate
2032 294 2271 365 gratiae.
2838 304 2927 369 59

292 480 515 555 poterit
544 481 733 540 etiam
766 500 839 540 ex
871 481 1204 541 dilectionis
1237 481 1460 540 motivo
1492 480 1688 540 dolere
1719 482 1793 540 de
1832 484 2070 559 peccato
2103 481 2300 541 dolore
2333 481 2458 542 scil.
2492 481 2772 555 naturali,
2814 501 2927 559 pro

292 587 412 644 qua
441 571 783 630 assertione
814 570 962 630 citat
990 570 1274 630 Melina
1304 589 1382 629 ss.
1412 570 1759 629 'rhomam
1792 575 1854 630 et
1884 572 2546 641 Bonaventuram,
2581 571 2926 643 Scotum,

295 657 612 728 Canum,
652 659 1126 729 Gabrielem,
1160 659 1641 735 Cajetanum‚
1682 660 1992 720 Petrum
2026 660 2098 719 de
2129 660 2370 733 Alliaco,
2407 659 2925 730 Paludanum,

293 745 805 819 Richardum‚
840 748 1300 818 Victoriam,
1345 749 1616 825 Vegam
1650 752 1761 813 etc.
1831 749 2161 824 ,Denique‚
2207 749 2426 824 inquit,
2461 748 2754 808 neminem
2789 749 2926 808 hac·

292 838 470 894 tenus
502 855 603 895 me
639 838 858 915 legisse
891 837 1130 896 memini
1164 856 1233 897 ex
1266 837 1606 897 doctoribus
1638 841 1779 898 Soto
1823 841 1884 897 et
1929 837 2082 897 Cano
2126 837 2588 914 antiquioribus,
2636 838 2743 913 qui
2787 837 2928 897 huic

292 926 603 984 communi
638 927 905 1002 opinioni
937 927 1299 997 adversetur,
1332 926 1505 985 modo
1538 927 1676 1002 Maj
1696 945 1901 985 orem
1931 926 2243 1003 excipia8.‘
2311 926 2391 990 cf.
2426 928 2680 1003 Meyer
2711 926 2806 997 IV,
2849 936 2926 989 13

293 1016 355 1071 et
399 1014 467 1084 V,
519 1025 580 1085 9,
636 1015 744 1074 ubi
796 1015 969 1093 Greg.
1018 1015 1089 1075 de
1134 1014 1369 1074 Valen
1387 1018 1502 1074 tia
1544 1015 1758 1092 probat
1802 1016 2213 1093 Augustinum
2258 1016 2398 1076 huic
2442 1016 2760 1076 assertioni
2805 1034 2928 1074 non

294 1120 422 1161 esse
454 1105 865 1174 contrarium3
904 1122 951 1163 c.
988 1114 1090 1175 34,
1122 1104 1229 1163 ubi
1260 1104 1589 1164 Bastida
1620 1104 1853 1165 erudite
1885 1105 2164 1175 ostendit,
2196 1124 2241 1169 s.
2275 1104 2321 1163 'I'
2345 1106 2666 1175 hemam,
2702 1105 2826 1181 Caj
2852 1123 2927 1163 e-

295 1194 600 1263 tanum,
652 1193 916 1253 Sotum
947 1194 1013 1252 in
1043 1193 1317 1269 pluribus
1349 1211 1484 1253 eum
1514 1193 1803 1253 Molina
1834 1195 2055 1254 sentire
2087 1195 2240 1254 circa
2271 1213 2357 1265 ea,
2390 1213 2541 1270 quae
2573 1193 2750 1253 homo
2783 1193 2927 1253 viri·

295 1280 409 1339 bus
439 1287 702 1341 naturae
734 1283 802 1342 in
833 1282 1038 1341 ordine
1071 1283 1265 1349 ethico
1296 1283 1517 1360 possitz
1564 1283 1790 1359 injuria
1832 1284 2023 1361 igitur
2067 1283 2321 1343 Molinae
2368 1283 2531 1342 inuri
2570 1286 2770 1342 notam
2804 1282 2934 1342 sive

294 1370 720 1448 pelagianismi
767 1373 894 1431 sive
939 1371 1528 1450 semipelagianismi3
1577 1372 1905 1450 Ripalda
1934 1392 1980 1431 c.
2011 1373 2223 1449 Bajum
2256 1373 2294 1431 l.
2333 1384 2358 1436 1
2401 1373 2456 1432 d.
2492 1381 2527 1435 8
2565 1391 2608 1431 s.
2651 1381 2929 1436 14-24,

297 1458 378 1521 cf.
408 1478 453 1518 s.
486 1460 818 1519 Thomas
852 1461 1053 1536 quodl.
1094 1474 1116 1525 1
1159 1479 1211 1525 a.
1246 1470 1316 1530 83
1349 1466 1410 1520 et
1441 1461 1511 1520 de
1544 1460 1652 1520 hoc
1684 1464 1792 1520 art.
1826 1461 2205 1521 Palmieri
2236 1462 2306 1521 de
2337 1462 2532 1540 gratia
2564 1479 2610 1519 c.
2647 1470 2704 1524 2.

1303 1707 1786 1775 Articulus
1835 1706 1940 1773 ΙΙ.

1118 1831 1223 1896 De
1271 1831 1724 1912 gratuitate
1773 1831 2121 1911 gratiae.

478 1978 587 2041 67·
619 1973 879 2043 'rhesis
925 1971 1421 2042 CLXXXVII·
1483 1994 1733 2049 Altera
1769 1996 2046 2060 gratiae
2065 1996 2474 2062 proprietas
2495 1998 2594 2047 est
2614 1994 2929 2061 ejusdem

301 2085 695 2149 oretanae.-
730 2098 952 2152 neque
989 2086 1181 2138 enim
1219 2083 1385 2137 ullis
1421 2084 1840 2148 rependitur
1875 2085 2149 2137 men-ius
2199 2085 2340 2138 sive
2384 2084 2751 2149 condio-nis
2787 2083 2933 2136 sive

302 2174 642 2239 eonor-uis
679 2178 991 2228 naturae
1027 2173 1300 2227 viribus
1345 2174 1602 2238 partis,
1651 2186 1873 2240 neque
1914 2174 2200 2236 tructus
2251 2176 2351 2226 est
2406 2172 2932 2239 impetrationis

302 2263 688 2328 naturalis,
743 2275 965 2330 neque
1020 2262 1367 2315 terminus
1422 2262 1904 2328 disposuimus
1953 2262 2296 2327 positivae
2353 2275 2399 2315 a
2448 2262 2600 2315 sola-
2664 2266 2933 2317 natura

302 2354 687 2417 protectae.
1292 2354 1299 2361 “

490 2472 940 2541 Declaratio.
988 2470 1051 2541 1.
1081 2470 1456 2555 Meritum
1489 2470 1843 2552 generatim
1875 2469 2120 2534 definiri
2149 2475 2364 2551 potest
2396 2487 2575 2551 opus,
2609 2472 2710 2536 cui
2743 2491 2933 2554 prae-

308 2580 535 2659 mium„
564 2594 830 2654 merceS,
862 2578 1301 2659 compensatio
1353 2578 1635 2642 debetur.
1699 2577 1840 2642 Duo
1891 2584 2108 2643 autem
2156 2577 2565 2660 requiruntur
2610 2579 2692 2642 ad
2726 2580 2933 2643 meriti

309 2687 649 2765 rationem,
682 2685 956 2767 dignitas
987 2705 1101 2752 seu
1146 2686 1582 2769 proportio
1630 2686 1840 2768 operis
1896 2686 1977 2750 ad
2009 2686 2366 2769 praemium
2398 2705 2515 2751 seu
2546 2686 2931 2763 mercedem,

309 2800 373 2860 et
401 2792 772 2858 debitum
803 2793 1238 2858 retributionis
1271 2800 1482 2858 ortum
1518 2792 1617 2857 vel
1649 2812 1729 2858 ex
1761 2798 2097 2857 contractu
2134 2793 2235 2857 vel
2269 2811 2347 2857 ex
2368 2792 2792 2874 promissione
2813 2800 2929 2857 etc.

311 2899 376 2966 Si
408 2902 600 2966 adest
630 2901 978 2983 proporti0‚
1010 2900 1286 2966 habetur
1316 2901 1613 2965 meritum
1645 2900 1709 2964 in
1743 2907 1893 2965 actu
1926 2901 2217 2982 primo:
2265 2900 2320 2963 si
2350 2917 2503 2964 vero
2538 2898 2731 2964 etiam
2764 2898 2933 2962 adsit

310 3008 746 3074 retributionis
779 3007 1081 3083 debitum,
1114 3007 1387 3071 habetur
1418 3007 1715 3072 meritum
1747 3007 1813 3070 in
1858 3012 2008 3071 actu
2053 3007 2361 3072 secund
2382 3025 2453 3070 o:
2499 3007 2563 3070 in
2611 3005 2934 3086 exigentia

310 3115 578 3195 praemii
610 3113 904 3178 consistit
934 3112 1217 3178 formalis
1247 3115 1413 3177 ratio
1446 3113 1670 3177 meriti.

485 3239 556 3305 2.
592 3235 660 3301 Si
690 3238 902 3319 operis
921 3239 1103 3303 valor
1116 3238 1384 3321 juridice
1413 3239 1791 3303 aestimatus
1812 3239 2234 3320 proportione
2254 3236 2603 3319 respondet
2623 3238 2932 3318 praemiO,

312 3345 612 3411 meritum
658 3344 886 3409 dicitur
929 3345 1459 3427 condignum;
1504 3363 1968 3426 congruum,
2015 3345 2070 3408 si
2113 3343 2388 3410 habetur
2433 3343 2690 3427 quidem
2722 3343 2935 3407 meriti

312 3451 655 3528 inchoati0‚
689 3451 870 3518 deest
898 3469 1053 3517 vero
1102 3454 1451 3535 proporti0‚
1498 3453 1663 3518 adeo
1713 3461 1788 3518 ut
1835 3471 1914 3517 ea
1964 3453 2046 3517 sit
2077 3453 2401 3535 aequitate
2432 3452 2750 3517 benevola
2780 3470 2932 3533 sup-

312 3558 562 3639 plenda
596 3557 810 3637 Quare
841 3559 1141 3623 meritum
1172 3575 1528 3640 congruum
1569 3576 1717 3623 cum
1749 3558 2003 3623 deficiat
2034 3576 2075 3622 a
2105 3557 2391 3639 perfecta
2421 3558 2632 3622 meriti
2664 3559 2932 3634 ratione,

313 3682 439 3728 non
472 3670 575 3729 est
604 3664 851 3747 species
881 3653 1106 3742 meriti,
1139 3655 1253 3730 sed
1285 3667 1585 3730 meritum
1621 3667 1953 3746 analogice
1986 3673 2255 3731 tantum.

489 3789 558 3855 3.
592 3787 693 3852 Ab
726 3796 997 3872 utroque
1028 3791 1256 3856 merito
1278 3791 1487 3856 differt
1519 3791 2026 3873 impetratio,
2060 3791 2352 3874 quamvis
2368 3809 2563 3872 saepe
2585 3791 2931 3872 conjuncta

314 3895 393 3959 sit
423 3913 572 3960 cum
605 3895 855 3961 ratione
903 3896 1111 3961 meriti
1160 3899 1455 3978 congrui;
1505 3898 1676 3962 unde
1724 3898 1939 3979 plures
1988 3898 2268 3978 theologi
2317 3898 2842 3980 impetrationem
2894 3917 2935 3961 a

314 4003 542 4069 merito
574 4021 859 4084 congruo
890 4022 1022 4067 non
1054 4005 1210 4068 satis
1242 4005 1649 4086 distinguunt.
1695 4003 1853 4068 Eam
1886 4011 2111 4070 tamen
2145 4005 2444 4087 distingui
2475 4011 2655 4087 patet
2686 4025 2748 4072 a.
2783 4004 2934 4087 quia

315 4111 523 4192 angeli
551 4111 913 4193 impetrant,
945 4128 1080 4175 non
1109 4130 1264 4176 vero
1296 4119 1574 4178 merent:
1621 4130 1741 4177 nos
1773 4131 1928 4177 vero
1965 4130 2161 4193 saepe
2214 4112 2460 4176 orando
2495 4130 2836 4187 meremus
2870 4120 2934 4176 et

314 4236 442 4282 non
472 4205 914 4300 impetramus.
975 4219 1046 4289 b.
1077 4217 1370 4284 Meritum
1422 4218 1679 4286 cuilibet
1727 4220 2036 4301 competit
2083 4219 2256 4282 bono
2308 4219 2517 4301 operi;
2567 4217 2932 4300 impetratio

312 4325 568 4406 proprie
600 4330 852 4389 tanturn
884 4325 963 4389 de
996 4325 1289 4389 oratione
1321 4324 1690 4390 affirmatur.
1726 4326 1884 4389 Illud
1916 4345 1977 4396 c.
2011 4326 2299 4391 innititur
2311 4326 2559 4408 justitia
2583 4326 2682 4390 vel
2702 4325 2932 4389 saltem

315 4433 671 4514 aequitate:
702 4433 867 4497 haec
897 4431 1350 4498 misericordia.
1384 4433 1455 4500 d.
1488 4432 1958 4497 Intermeritum
1980 4439 2047 4498 et
2065 4434 2424 4515 praemium
2457 4433 2674 4515 aliqua
2703 4432 2932 4497 saltem

312 4538 708 4604 intercedere
740 4538 928 4604 debet
962 4540 1311 4622 proportio,
1345 4558 1477 4603 non
1494 4557 1649 4604 vero
1670 4539 1836 4603 inter
1868 4539 2391 4621 impetrationem
2429 4546 2493 4604 et
2512 4539 2596 4617 id,
2618 4539 2790 4622 quod
2811 4539 2930 4602 im-

313 4646 627 4727 petrando
661 4644 953 4711 obtinere
983 4646 1258 4711 nitimur.
1291 4645 1512 4712 Potest
1543 4652 1760 4712 autem
1793 4647 2156 4728 impetratio
2189 4646 2499 4711 describi:
2545 4647 2640 4710 vis
2672 4645 2931 4708 moralis

316 4752 547 4820 oborta
580 4771 661 4817 ex
694 4751 975 4818 demissa
1006 4753 1407 4819 confessione
1425 4753 1723 4836 propriae
1741 4752 2129 4834 indigentiae
2151 4768 2405 4818 necnon
2427 4771 2506 4816 ex
2530 4749 2930 4832 professione
