3538 5364
954 283 1151 338 Thesis
1178 283 1466 339 CCXVIII.
1495 284 1563 336 de
1590 284 1944 337 sacramento
1973 279 2436 337 confirmationis
2880 288 3005 352 281

383 473 412 528 t
433 467 506 528 io
559 483 869 529 manuum
903 483 1019 529 seu
1050 464 1413 528 chrismatis
1464 470 1980 538 sacramentum3
2033 462 2115 526 ab
2168 463 2399 527 effectu
2448 460 3009 533 confirmatio,

384 572 790 652 signaculum
822 571 1232 647 dominicum,
1263 570 1556 652 sigillum,
1604 588 1771 653 quae
1817 569 2161 651 appellatio
2212 569 2462 633 videtur
2494 568 2687 633 etiam
2720 567 3011 634 derivata

386 697 432 740 a
460 680 604 754 ritu,
638 677 964 744 confertur
995 680 1165 743 enim
1197 678 1281 743 ab
1315 679 1617 761 episcopo
1650 676 2136 758 consignatione
2170 675 2423 751 frontis3
2476 694 2518 738 a
2566 672 2878 740 relatione
2927 676 3012 739 ad

385 783 783 866 baptismum
817 785 1047 851 dicitur
1076 785 1511 869 perfectiO,
1546 784 2039 859 consummatiO,
2072 789 2550 849 sacramentum
2584 783 3011 864 plenitudinis,

388 892 542 973 quia
575 911 655 956 eo
691 898 1194 966 consummatur,
1243 891 1414 973 quod
1464 892 1528 953 in
1582 889 1905 973 baptismo
1958 888 2073 953 fuit
2103 888 2491 953 inchoatum.
2555 886 2643 952 Cf.
2676 888 3012 953 Viceco-

384 1019 453 1061 m
472 1018 507 1062 e
524 1019 556 1063 s
589 1000 670 1064 de
704 1007 833 1063 ant.
865 997 1028 1062 cons.
1051 998 1275 1062 ritibus
1293 998 1336 1075 1,
1360 1003 1401 1066 2
1420 1018 1467 1061 s.
1490 1036 1575 1046 —-
1596 996 2037 1061 Adumbratur
2055 997 2182 1060 hoc
2204 1001 2684 1059 sacramentum
2704 1013 3013 1060 manuum

388 1104 824 1187 impositione,
840 1123 1036 1187 quam
1055 1105 1346 1170 Christus
1365 1104 1774 1187 impertiebat
1792 1101 2075 1185 parvulis
2092 1103 2310 1167 Matth.
2336 1107 2434 1179 19,
2457 1108 2564 1179 13;
2586 1102 2776 1166 Marc.
2796 1108 2894 1179 10.
2914 1108 3012 1173 132

384 1210 788 1293 splendidius
814 1231 967 1277 vero
995 1213 1267 1277 solemni
1303 1212 1582 1277 adventu
1617 1209 1888 1293 Spiritus
1909 1230 1957 1274 s.
1992 1228 2190 1291 supra
2223 1208 2555 1290 apostolos
2576 1209 2677 1274 die
2696 1208 3012 1274 Penteco-

386 1328 541 1386 stes.
588 1361 677 1370 --
725 1320 1032 1386 Definitur
1077 1320 1476 1385 confirmatio
1524 1323 2005 1383 sacramentum
2036 1317 2107 1381 N.
2140 1316 2225 1391 L.,
2277 1335 2404 1398 quo
2437 1316 2775 1398 baptizatis
2809 1316 3015 1397 gratia

384 1428 806 1492 sanctificans
845 1433 1113 1509 augetur
1145 1434 1208 1492 et
1241 1426 1497 1492 additur
1526 1425 1724 1490 robur
1755 1423 2027 1506 Spiritus
2059 1444 2106 1487 s.
2151 1430 2288 1488 tum
2337 1423 2420 1486 ad
2450 1423 2714 1487 firmiter
2743 1424 3011 1488 creden-

390 1537 569 1613 dum,
603 1542 739 1600 tum
772 1536 853 1599 ad
885 1535 1075 1600 fidem
1107 1541 1366 1601 strenue
1397 1533 1839 1617 profitendam.
1873 1572 1959 1579 —
1991 1531 2244 1613 Triplex
2279 1532 2343 1596 in
2363 1531 2583 1612 primis
2603 1537 2698 1595 est
2720 1531 3012 1613 quaestio

384 1643 777 1723 dogmatica,
810 1661 1082 1725 quarum
1116 1642 1278 1707 duas
1310 1641 1649 1705 concilium
1681 1639 1865 1704 trid.
1899 1640 2031 1703 suis
2062 1639 2419 1703 canonibus
2451 1637 2734 1703 diremit:

576 1768 638 1836 1.
674 1787 826 1833 num
860 1766 1258 1830 confirmatio
1290 1766 1424 1829 veri
1455 1765 1732 1829 nominis
1764 1765 1848 1828 sit
1880 1781 2310 1828 sacramen
2337 1771 2515 1841 tum,
2549 1770 2611 1827 et

572 1895 638 1959 ⁶2.
674 1892 936 1974 quinam
968 1893 1050 1955 sit
1080 1891 1366 1972 ejusdem
1397 1890 1781 1954 minister

581 2018 644 2087 3.
677 2035 998 2099 quaenam
1033 2016 1116 2080 sit
1147 2016 1283 2097 ejus
1315 2016 1671 2080 materia
1702 2016 1759 2079 et
1794 2013 2068 2078 forma.

577 2147 722 2211 320.
769 2143 1025 2210 TheSlS
1074 2140 1462 2210 CCXVIII·
1517 2162 1970 2226 Confirmatio
2008 2175 2256 2215 verum
2295 2166 2397 2214 est
2415 2163 2844 2229 proprieque
2870 2163 3015 2215 dic-

389 2259 544 2307 tum
589 2266 810 2306 novae
855 2254 1056 2319 Levis
1091 2256 1621 2306 sacramentum
1660 2266 1709 2305 a
1747 2252 2096 2316 baptismo
2133 2252 2566 2307 distinctum.

580 2375 1151 2443 Demonstratio.
1186 2372 1413 2437 Thesis
1445 2372 1746 2436 statuitur
1779 2378 2008 2435 contra
2037 2392 2077 2453 p
2095 2391 2127 2434 r
2141 2389 2180 2435 o
2200 2377 2272 2435 te
2288 2390 2318 2433 s
2335 2377 2359 2434 t
2376 2387 2418 2433 a
2433 2390 2473 2433 n
2492 2377 2517 2433 t
2533 2389 2567 2434 e
2585 2390 2632 2445 S,
2667 2372 2833 2434 inter
2852 2389 3014 2453 quos

397 2482 884 2563 impugnatione
916 2480 1103 2562 hujus
1135 2478 1522 2545 sacramenti
1556 2480 1840 2544 eminent
1871 2478 2230 2543 Dallaeus
2263 2483 2327 2542 et
2358 2478 2760 2558 Basnage:
2809 2496 3015 2561 eaque

393 2595 497 2652 est
531 2587 611 2653 de
642 2587 784 2665 fide,
815 2587 899 2651 ad
933 2606 1126 2671 quam
1160 2587 1465 2652 tuendam
1500 2587 1842 2651 concilium
1873 2585 2055 2651 trid.
2090 2604 2241 2650 sess.
2279 2590 2313 2653 7
2350 2586 2562 2648 sanxit
2593 2603 2732 2648 can.
2775 2591 2839 2652 1:
2910 2583 3014 2659 ,Si

392 2697 543 2778 quis
577 2696 807 2761 dixerit
836 2695 1390 2760 confirmationem
1422 2694 1894 2778 baptizatorum
1928 2694 2201 2757 otiosam
2250 2693 2725 2758 caeremoniam
2774 2710 2916 2757 esse
2950 2700 3013 2756 et

395 2823 533 2867 non
564 2804 778 2884 potius
810 2822 1033 2868 verum
1067 2809 1131 2867 et
1160 2803 1488 2885 proprium
1521 2807 2034 2876 sacramentum;
2082 2807 2196 2866 aut
2226 2801 2380 2864 olim
2411 2800 2565 2864 nihil
2598 2800 2769 2864 aliud
2801 2799 3014 2873 fuisse,

395 2928 597 2992 quam
629 2910 1019 2976 catechesim
1050 2909 1393 2992 quandam,
1414 2927 1542 2992 qua
1561 2907 2039 2974 adolescentiae
2058 2907 2334 2988 proximi
2354 2906 2501 2971 fidei
2519 2925 2677 2971 suae
2697 2907 3014 2970 rationem

394 3035 619 3080 coram
652 3016 936 3081 Ecclesia
968 3016 1396 3098 exponebant,
1431 3016 1501 3079 A.
1537 3013 1636 3080 S.‹
1708 3014 2031 3079 Probatur

582 3141 641 3211 1.
675 3161 754 3207 ex
786 3142 923 3206 Act.
957 3148 1016 3215 8,
1056 3147 1139 3209 14
1169 3161 1270 3217 ss,
1305 3140 1415 3204 ubi
1449 3145 1750 3205 narratur
1782 3140 2323 3204 samaritanorum
2346 3139 2428 3203 ad
2448 3139 2639 3203 sidem
2658 3137 3013 3210 conversio,

397 3249 484 3312 ad
515 3267 678 3331 quos
709 3250 888 3313 missi
918 3248 1094 3314 suere
1125 3248 1351 3313 Petrus
1385 3255 1449 3312 et
1477 3248 1782 3323 JoanneS,
1816 3247 1925 3329 qui
1972 3248 2366 3330 imponebant
2398 3266 2628 3310 manus
2659 3265 2846 3329 super
2878 3242 3017 3307 illos

396 3363 455 3417 et
487 3356 872 3440 accipiebant
903 3353 1214 3439 Spiritum
1244 3361 1546 3419 sanctum.
1592 3354 1746 3418 Cum
1781 3354 2029 3417 vidisset
2064 3361 2270 3418 autem
2305 3351 2538 3426 Simon,
2573 3355 2723 3436 quia
2748 3372 2868 3435 per
2897 3353 3015 3414 im-

395 3465 769 3545 positionem
804 3483 1031 3527 manus
1063 3461 1481 3546 apostolorum
1529 3462 1795 3526 daretur
1826 3459 2105 3545 Spiritus
2149 3468 2426 3542 saneim,
2477 3460 2691 3524 obtulit
2724 3461 2810 3521 eis
2834 3477 3017 3540 pecu-

401 3573 622 3647 niam,·
652 3577 804 3646 εἴας
847 3576 941 3646 19,
975 3577 1047 3639 6:
1080 3568 1207 3632 His
1238 3571 1478 3633 auditis
1511 3569 1820 3653 baptizati
1853 3575 1995 3631 sunt
2029 3569 2095 3630 in
2131 3569 2375 3631 nomine
2406 3565 2667 3629 Domini
2699 3563 2870 3628 ἄθεα.
2938 3563 3018 3626 Et

401 3697 542 3739 cum
575 3679 964 3762 imposuisset
1000 3676 1124 3740 illis
1142 3697 1371 3741 manus
1387 3677 1650 3759 Paulus,
1684 3676 1849 3738 venit
1870 3675 2148 3759 Spiritus
2162 3695 2207 3737 s.
2238 3693 2576 3758 supereos:
2607 3679 2659 3735 et
2693 3672 3018 3754 loqueban-

404 3795 511 3848 tm·
542 3784 776 3870 linquis
807 3793 861 3849 et
887 3783 1362 3869 prophetabant.
1401 3781 1581 3847 Unde
1614 3783 1811 3865 liquet
1844 3802 1911 3850 a.
1947 3799 2254 3845 manuum
2275 3779 2768 3861 impositionem,
2790 3776 2871 3841 de
2891 3794 3017 3858 qua

402 3893 439 3954 l.
473 3909 524 3954 c.
559 3899 657 3956 est
686 3909 919 3968 sermO,
965 3892 1159 3955 ritum
1206 3890 1402 3955 fuisse
1446 3890 1815 3954 distinctum
1850 3907 1891 3952 a
1922 3888 2275 3971 baptismo:
2321 3885 2818 3968 imponebantur
2849 3882 3019 3949 enim

399 4016 631 4062 manus
657 3999 794 4080 jam
824 3998 1195 4079 baptizatis3
1244 4016 1517 4080 eamque
1551 3999 1616 4067 b.
1651 3995 1843 4061 fuisse
1876 3995 2200 4061 efficacem
2233 3994 2493 4075 gratiae,
2541 4011 2691 4057 nam
2724 3993 2829 4056 illa
2861 4011 3019 4057 con·
3096 4057 3119 4072 ‚

401 4105 726 4170 serebatur
759 4103 1029 4187 Spiritus
1063 4125 1143 4182 S.;
1195 4125 1257 4173 c.
1307 4123 1454 4171 eam
1500 4104 1790 4168 habitam
1837 4122 1968 4167 non
2002 4102 2195 4168 fuisse
2227 4102 2711 4174 indifferentem,
2758 4119 2904 4163 curn
2937 4099 3019 4161 ad

403 4212 828 4293 imponendas
860 4231 1090 4276 manus
1124 4212 1563 4294 apostolorum
1610 4212 1907 4294 princeps
1952 4228 2099 4274 cum
2144 4211 2395 4275 Joanne
2441 4209 2505 4272 in
2553 4206 2916 4270 Samariam
2949 4225 3019 4269 se

403 4320 759 4394 contulerit,
781 4317 927 4384 illuc
946 4327 1292 4403 propterea
1313 4319 1395 4383 ad
1417 4337 1598 4383 mera
1628 4318 2024 4383 charismata
2043 4316 2433 4381 conserenda
2452 4321 2627 4379 certo
2648 4332 2779 4377 non
2798 4316 3018 4388 iturus,

403 4425 543 4488 aliis
575 4424 1106 4507 occupationibus
1140 4425 1427 4500 obrutuS,
1460 4424 1585 4488 nisi
1616 4424 1779 4490 ritus
1808 4424 1914 4486 hic
1945 4422 2356 4486 institutionis
2389 4429 2562 4485 esset
2580 4420 2833 4484 divinae
2854 4426 2917 4484 et
2938 4420 3020 4482 ad

406 4529 680 4596 salutem
714 4550 908 4614 quam
941 4530 1221 4596 maxime
1246 4532 1432 4595 utilis
1464 4531 1712 4595 Tantae
1731 4548 1886 4594 vero
1920 4532 1990 4597 «l.
2024 4528 2217 4593 ritum
2237 4529 2407 4591 hunc
2428 4546 2572 4592 esse
2587 4526 3021 4608 praestantiae

403 4646 469 4702 et
514 4638 856 4720 dignitatiS,
901 4646 975 4702 ut
1018 4657 1150 4703 non
1190 4639 1454 4722 quilibet
1484 4639 1647 4702 illius
1679 4655 1822 4702 esse
1854 4637 2057 4718 possit
2087 4635 2391 4712 minister,
2423 4653 2631 4716 neque
2664 4633 2718 4696 is
2750 4649 3021 4714 semper,

409 4745 517 4828 qui
564 4746 956 4828 baptismum
1007 4745 1492 4820 administravit,
1543 4744 1656 4808 sed
1708 4745 1748 4807 ii
1801 4750 2069 4819 tantum,
2104 4742 2306 4824 quiin
2339 4741 2624 4807 Ecclesia
2670 4739 3019 4812 excellunt3
