3538 5364
1362 293 1538 348 faciat
1561 296 1630 349 ιιι
1653 294 1950 350 faciamus.
2833 306 2866 368 1
2883 305 2948 369 ll

338 492 486 538 eum
518 475 880 557 subjective
912 476 1355 541 subministrat
1386 477 1572 554 vireS,
1601 477 1828 542 inserit
1858 496 2030 542 nova
2048 477 2132 541 ad
2153 476 2473 558 agendum
2490 477 2797 559 pondera,
2830 478 2960 543 ele-

334 587 445 644 vat
475 580 838 659 facultates,
873 583 1006 664 agit
1034 586 1100 648 in
1131 584 1419 648 animam
1451 584 1688 667 datque
1722 586 1934 666 ipsum
1965 603 2160 666 posse
2193 585 2278 671 (n.
2312 586 2458 670 96):
2490 583 2786 650 homines
2806 603 2959 649 vero

336 687 657 769 objective
690 696 949 754 tantum
981 709 1259 768 movere,
1294 699 1359 757 et
1389 692 1728 774 supposita
1761 691 1991 773 agendi
2032 692 2263 756 virtute
2293 709 2680 757 concurrere
2713 698 2959 756 tantum

336 803 624 876 possunt
656 797 740 861 ad
771 807 838 865 τὸ
872 796 1115 862 facilius
1144 817 1356 881 posse.

520 946 644 1013 ,Et
674 947 808 1021 ipsa
838 947 992 1005 bona
1026 965 1202 1023 opera
1232 950 1451 1018 nostra,
1488 947 1689 1023 inquit
1720 947 2220 1023 Augustinus
2253 947 2325 1005 de
2345 947 2490 1005 Gen.
2520 964 2567 1005 c.
2587 946 2961 1005 manichaeos

336 1034 375 1092 l.
418 1048 439 1097 l
485 1054 535 1093 c.
574 1044 676 1103 22,
712 1036 804 1093 illi
835 1036 1153 1094 tribuenda
1183 1040 1342 1107 sunt,
1380 1038 1486 1113 qui
1517 1041 1706 1106 vocat,
1758 1036 1863 1110 qui
1908 1040 1976 1095 ut
2023 1036 2278 1095 velimus
2325 1036 2540 1094 invitat
2572 1040 2633 1094 et
2662 1036 2820 1095 vires
2851 1034 2961 1093 im-

337 1124 546 1199 plendi
581 1143 668 1195 ea,
703 1144 856 1200 quae
886 1125 1155 1200 imperat,
1191 1126 1672 1186 subministrat.‘
1739 1124 1969 1195 Quibus
2015 1125 2213 1185 verbis
2259 1126 2413 1184 clare
2459 1124 2753 1200 duplicem
2801 1124 2961 1182 illam

338 1213 629 1272 describit
652 1214 1177 1288 praeparationem,
1217 1235 1395 1291 quam
1418 1216 1801 1291 exposuimus
1835 1234 1892 1273 n.
1918 1225 2016 1278 99.
2051 1214 2332 1284 ,Certum
2365 1218 2474 1284 est,
2508 1213 2711 1289 inquit
2744 1213 2961 1272 iterum

340 1302 411 1361 de
442 1323 537 1379 gr.
571 1306 637 1361 et
667 1303 769 1361 lib.
806 1304 926 1361 arb.
960 1322 1009 1368 c.
1050 1313 1122 1365 16
1158 1323 1215 1368 n.
1252 1314 1354 1373 32,
1389 1323 1497 1363 nos
1531 1305 1741 1375 facere,
1775 1322 1910 1362 cum
1942 1304 2222 1362 facimus:
2258 1303 2357 1362 sed
2390 1302 2494 1361 ille
2513 1303 2672 1368 facit,
2693 1308 2766 1362 ut
2783 1303 2962 1362 facia-

338 1411 474 1449 mus
506 1392 846 1467 praebendo
879 1392 1031 1451 vires
1064 1392 1506 1452 efficacissimas
1539 1394 1859 1463 voluntati,
1893 1394 1999 1468 qui
2030 1393 2210 1452 dicit:
2272 1392 2534 1466 Faciam,
2567 1400 2630 1451 ut
2659 1394 2720 1450 in
2741 1393 2960 1469 justili-

339 1481 668 1539 canonibus
716 1484 856 1539 meis
903 1482 1202 1541 ambuletis
1252 1486 1400 1542 etc}
1467 1483 1600 1541 Huc
1644 1482 1855 1541 referri
1903 1486 2160 1559 possunt
2209 1486 2271 1541 et
2318 1481 2425 1540 illa
2474 1501 2563 1558 ep.
2615 1491 2690 1544 55
2741 1501 2798 1539 n.
2853 1492 2958 1544 19:

342 1570 560 1640 ,Sicut
591 1588 727 1629 cum
759 1570 910 1629 bene
941 1589 1271 1647 operamur,
1321 1572 1451 1647 ipse
1483 1572 1705 1630 dicitur
1735 1572 1968 1647 operari
2001 1572 2065 1629 in
2097 1570 2288 1641 nobis,
2337 1572 2507 1648 cnjus
2539 1590 2784 1630 munere
2815 1571 2964 1629 bene

340 1678 691 1735 operamur3
725 1660 808 1717 ita
838 1678 972 1718 cum
1004 1661 1451 1734 requiescimuS,
1486 1662 1617 1737 ipse
1648 1661 2019 1735 requiescere
2052 1660 2290 1730 dicitur,
2324 1678 2441 1735 quo
2475 1660 2733 1718 donante
2763 1659 2962 1735 requi·

339 1750 663 1810 escimus.‘
698 1748 769 1807 In
799 1749 898 1812 ΡΒ.
935 1758 1011 1811 52
1047 1769 1104 1810 ιι.
1144 1759 1211 1812 5:
1277 1750 1677 1826 ,Plerumque
1723 1751 1809 1809 ita
1855 1750 2125 1825 loquitur
2158 1749 2476 1824 Scriptura,
2514 1756 2583 1807 ut
2614 1748 2774 1825 quod
2811 1750 2964 1808 dono

340 1837 449 1896 Dei
484 1842 761 1896 creatura
790 1838 948 1907 facit,
984 1838 1140 1896 Deus
1172 1838 1361 1899 facere
1393 1839 1652 1898 dicatur:
1686 1844 1759 1897 ut
1791 1859 1843 1900 v.
1877 1858 1964 1915 gr.
1999 1858 2132 1897 cum
2165 1837 2461 1897 misereris
2493 1839 2790 1914 pauperis,
2826 1839 2966 1913 quia

340 1928 496 1986 dono
531 1928 637 1986 Dei
672 1926 833 1998 facia,
869 1927 1023 1985 Deus
1056 1927 1409 1987 misereatur
1433 1975 1480 1991 ..
1502 1973 1515 1986 .
1548 1930 1707 2004 quod
1739 1928 1893 1987 dono
1926 1928 2118 2004 ipsius
2151 1927 2346 1995 facies,
2382 1928 2485 1985 ille
2506 1928 2692 1985 facere
2724 1926 2962 1996 dicitur,

340 2016 483 2091 quia
515 2016 650 2074 sine
681 2017 783 2074 illo
817 2020 888 2075 tu
918 2035 1038 2074 non
1071 2016 1308 2077 faceres.
1372 2018 1529 2093 Ergo
1564 2019 1718 2076 Deus
1766 2018 1952 2076 facere
2001 2016 2241 2086 dicitur,
2287 2035 2420 2074 cum
2468 2020 2538 2075 tu
2569 2016 2772 2076 facis.‘
2838 2014 2965 2085 Quo

338 2124 525 2164 sensu
558 2106 610 2164 is
642 2106 841 2176 etiam,
875 2105 979 2180 qui
1011 2106 1184 2164 alteri
1217 2106 1411 2165 media
1443 2106 1789 2183 suppeditat
1837 2106 1930 2165 vel
1967 2107 2144 2183 juvat
2188 2104 2264 2164 ad
2313 2104 2692 2173 studendum,
2744 2105 2967 2163 dicitur

339 2195 573 2263 fecisse,
607 2198 681 2252 ut
712 2194 814 2253 ille
846 2194 1132 2265 studeret,
1168 2196 1498 2272 presbyter,
1533 2196 1733 2255 doctor
1778 2196 1947 2254 fieret
1976 2199 2086 2254 etc.
2148 2195 2359 2270 Neque
2389 2211 2526 2252 cum
2559 2212 2605 2256 S.
2637 2193 2844 2253 doctor
2875 2195 2963 2252 lo-

341 2284 556 2359 quitur
586 2284 660 2341 de
691 2283 924 2342 viribus
956 2283 1398 2354 efficacissimis,
1432 2284 1823 2362 cogitandum
1855 2288 1948 2343 est
1979 2284 2050 2343 de
2081 2283 2273 2360 gratia
2304 2302 2374 2341 ex
2408 2301 2470 2342 se
2503 2282 2722 2342 efficaci
2754 2282 2969 2359 operia,

341 2373 440 2431 sed
477 2373 553 2431 de
584 2374 781 2449 gratia
814 2372 1028 2431 efficaci
1064 2372 1321 2433 efficacia
1352 2373 1600 2434 virtutis
1632 2374 1729 2448 (cf.
1761 2373 1915 2432 infra
1945 2392 2002 2436 n.
2046 2370 2213 2455 130).

520 2511 585 2579 3.
620 2509 799 2573 Facit
830 2517 1168 2592 praeterea
1198 2510 1387 2588 DeuS,
1422 2518 1494 2576 ut
1526 2511 1854 2587 faciamuS,
1888 2510 2251 2593 adJuvando
2284 2529 2436 2574 nos:
2468 2509 2599 2573 scil.
2633 2508 2804 2574 Deus
2835 2528 2967 2573 non

339 2618 552 2680 solum
587 2615 905 2699 objective
935 2622 1000 2682 et
1030 2617 1383 2700 subjective
1415 2637 1535 2681 nos
1569 2617 1651 2681 ad
1683 2616 2003 2699 agendum
2037 2615 2318 2698 disponit
2357 2621 2422 2681 et
2452 2622 2686 2693 movet,
2737 2614 2850 2680 sed
2884 2615 2966 2679 ad

345 2724 563 2806 ipsum
592 2732 813 2789 actum
846 2725 1050 2805 gratia
1082 2725 1427 2807 adjuvante
1460 2726 1807 2800 concurrit,
1852 2725 2086 2807 jugiter
2118 2724 2182 2787 in
2215 2742 2363 2788 eum
2395 2723 2732 2805 dynamice
2764 2722 2968 2788 influit

341 2833 507 2895 sicut
543 2833 692 2895 vitis
727 2832 791 2895 in
822 2832 1167 2914 palmitem,
1201 2832 1364 2898 adeo
1397 2839 1468 2897 ut
1497 2833 1601 2897 hic
1632 2839 2001 2897 actusvere
2032 2833 2114 2896 sit
2134 2831 2336 2913 ipsius
2357 2850 2518 2912 opus
2540 2831 2696 2918 (non
2716 2830 2968 2894 seclusa

343 2945 571 3003 nostra
601 2938 1103 3025 cooperatione).

518 3088 614 3145 Ita
646 3087 867 3163 passim
898 3106 944 3151 s.
975 3086 1188 3146 doctor
1220 3087 1392 3146 illum
1427 3087 1713 3162 loquendi
1746 3087 1986 3146 modum
2020 3086 2290 3162 explicat,
2325 3088 2397 3144 ut
2427 3086 2499 3145 de
2518 3105 2604 3163 gr.
2626 3086 2757 3147 Chr.
2782 3104 2827 3144 c.
2854 3095 2965 3148 25:

344 3175 553 3242 ,Velle
587 3181 649 3234 et
679 3176 911 3252 operari
941 3179 1223 3251 operatur
1253 3176 1314 3234 in
1347 3176 1519 3235 nobis
1553 3172 1784 3257 (Deus),
1834 3195 1954 3235 non
2005 3176 2149 3250 quia
2196 3194 2306 3234 nos
2354 3194 2473 3235 non
2531 3175 2830 3246 volumuS,
2863 3178 2970 3233 aut

341 3284 446 3323 nos
477 3284 602 3323 non
634 3267 886 3342 agimus,
920 3266 1022 3324 sed
1056 3265 1197 3340 quia
1229 3267 1357 3323 sine
1389 3266 1579 3342 ipsius
1610 3264 1909 3341 adjutorio
1954 3282 2062 3324 nec
2092 3266 2368 3325 volumus
2412 3265 2554 3323 boni
2586 3263 2829 3339 aliquid,
2863 3282 2970 3322 nec

345 3355 641 3431 agimus.‘
676 3353 768 3412 Ad
802 3354 1034 3413 Sixtum
1066 3372 1158 3428 ep.
1200 3363 1318 3416 149
1354 3374 1411 3412 n.
1454 3365 1564 3418 105:
1600 3354 1797 3423 ,Quid
1831 3359 1923 3412 est
1944 3358 2141 3413 autem
2175 3355 2500 3428 interpellat
2533 3351 2684 3433 (scil.
2707 3353 2968 3428 Spiritus

343 3461 387 3501 a.
408 3444 572 3502 Rom.
600 3454 658 3512 8,
685 3441 813 3524 26),
848 3443 966 3501 nisi
996 3443 1378 3518 interpellare
1410 3462 1519 3502 nos
1552 3443 1695 3502 facit
1715 3489 1728 3503 .
1750 3489 1763 3502 .
1788 3488 1800 3501 .
1822 3443 2115 3519 nobisque
2148 3443 2571 3518 interpellandi
2599 3447 2661 3500 et
2694 3442 2968 3519 gemendi

342 3533 602 3607 inspirat
634 3532 926 3591 affectum.
959 3531 1125 3590 Sicut
1155 3531 1309 3590 illud
1339 3532 1401 3590 in
1436 3530 1787 3609 Evangelio:
1835 3532 1968 3591 Non
2011 3533 2164 3590 enim
2209 3550 2303 3590 vos
2334 3533 2483 3602 estis,
2517 3533 2618 3608 qui
2647 3533 2967 3607 loquimini,

347 3623 443 3679 sed
474 3622 742 3696 Spiritus
772 3621 971 3680 Patris
999 3623 1190 3697 vestri,
1224 3624 1324 3697 qui
1353 3623 1610 3698 loquitur
1638 3624 1702 3680 in
1732 3621 1885 3680 vobis
1918 3617 2153 3703 (Matth.
2193 3631 2291 3690 10,
2331 3618 2458 3701 20).
2489 3620 2696 3695 Neque
2717 3622 2875 3678 enim
2910 3625 2970 3678 et

341 3711 449 3769 hoc
486 3711 557 3768 fit
588 3710 662 3768 de
694 3710 869 3769 nobis
901 3715 1202 3786 tamquam
1237 3710 1388 3769 nihii
1423 3711 1781 3770 facientibus
1814 3710 2006 3769 nobis.
2068 3710 2451 3784 AdJutorium
2485 3710 2677 3785 igitur
2710 3708 2968 3784 Spiritus

346 3801 541 3858 sancti
573 3800 662 3857 sic
694 3818 1036 3874 expressum
1069 3803 1179 3869 est,
1213 3801 1286 3857 ιιι
1316 3800 1443 3875 ipse
1476 3800 1665 3858 facere
1697 3799 2010 3870 diceretur,
2045 3798 2203 3874 quod
2238 3803 2310 3857 ut
2342 3799 2625 3857 faciamus
2657 3798 2858 3859 facit.‘
2894 3798 2971 3855 Et

344 3907 485 3948 sane
518 3888 628 3964 qui
663 3888 848 3948 alium
880 3889 1111 3963 potenti
1144 3888 1365 3947 auxilio
1391 3889 1582 3964 juvat,
1636 3889 1752 3947 etsi
1799 3907 1918 3947 non
1949 3887 2271 3947 necessitat
2315 3887 2409 3945 vel
2441 3886 2815 3956 determinat,
2850 3886 2966 3944 dici

343 3982 549 4053 potest
577 3978 787 4036 fecisse
818 3982 891 4035 ut
920 3978 1075 4035 alius
1107 3977 1371 4036 vinceret
1401 3983 1509 4036 etc.

516 4115 584 4185 4.
616 4114 750 4178 Imo
785 4115 1139 4180 secundum
1172 4116 1227 4179 A
1242 4135 1333 4197 ug
1350 4134 1392 4179 u
1407 4115 1577 4179 stin
1595 4135 1636 4178 u
1656 4134 1738 4191 m,
1772 4121 1843 4178 ut
1863 4113 2033 4179 Deus
2067 4114 2191 4178 dici
2221 4115 2425 4196 possit
2448 4114 2704 4195 operari
2741 4113 2804 4176 in
2824 4129 2969 4176 cor-

342 4221 534 4285 dibus
566 4221 825 4298 nostris,
857 4220 1103 4296 sufficit,
1136 4223 1190 4286 si
1223 4222 1544 4305 quaedam
1589 4222 1984 4287 extrinsecus
2035 4220 2364 4302 permittat
2410 4221 2510 4285 vel
2542 4218 2751 4295 faciat,
2804 4236 2970 4301 quae

343 4328 715 4392 hominibus
741 4328 878 4410 jam
910 4330 1094 4393 malis
1127 4330 1534 4393 occasionem
1567 4328 1883 4410 praebent
1930 4327 2014 4390 ad
2046 4328 2375 4409 graviores
2423 4327 2668 4408 lapsus3
2720 4330 2971 4390 tantum

344 4435 548 4510 abest,
580 4442 653 4499 ut
686 4435 1001 4517 ejusmodi
1032 4434 1343 4501 formulae
1375 4436 1728 4502 secundum
1774 4436 1984 4517 ipsum
2030 4434 2400 4499 necessario
2446 4433 2780 4514 designent
2824 4449 2969 4512 gra-

349 4541 502 4605 tiam
537 4560 620 4606 ex
651 4560 798 4607 sese
830 4541 1171 4608 efficacem.
1234 4542 1312 4607 Et
1356 4561 1513 4607 sane
1560 4560 1638 4607 eo
1688 4561 1883 4612 sensu
1916 4541 2223 4624 explicari
2255 4539 2493 4606 debent
2525 4539 2725 4605 verba
2759 4538 2828 4602 1s,
2865 4543 2968 4611 63.

350 4655 458 4718 17:
499 4650 716 4729 Quare
746 4668 860 4713 nos
891 4670 1105 4713 errare
1133 4650 1339 4732 fecisti
1372 4648 1640 4714 Domine
1683 4650 1759 4712 de
1805 4650 1920 4712 viis
1951 4649 2118 4713 tuis:
2161 4649 2482 4711 indurasti
2528 4667 2634 4710 cor
2665 4652 2970 4723 nostrum,

351 4775 427 4817 ne
456 4757 817 4820 timeremus
847 4755 948 4819 te?
