3538 5364
1278 278 1559 332 naturalis
1587 278 2002 333 observatione.
2852 288 2944 352 43

325 459 581 540 impetu,
611 463 683 521 ut
713 457 772 523 ei
801 457 1005 522 homo
1037 476 1192 540 prae
1221 457 1606 535 infirmitate,
1640 459 2034 541 experientia
2065 465 2246 537 teste,
2278 460 2450 524 haud
2472 478 2621 524 raro
2643 478 2944 525 succum-

324 564 448 630 bat.
513 562 602 629 Cf.
635 563 962 631 Wieser
994 563 1174 630 Pauli
1207 583 1305 648 ap.
1339 565 1630 630 doctrina
1661 565 1741 631 de
1767 565 2019 647 justific.
2055 568 2089 652 ξ
2131 571 2225 635 13.

500 691 570 756 2.
604 688 945 755 Accedunt
974 691 1246 773 repetita
1267 698 1544 773 patrum,
1575 692 1954 756 nominatim
1988 692 2435 774 Augustini
2468 692 2676 761 effata.
2711 692 2944 775 quibus

322 795 663 873 affirmant,
710 796 796 860 ad
842 817 970 859 non
1011 798 1399 881 peccandum
1447 797 1846 863 voluntatem
1892 798 2013 862 sibi
2064 816 2196 862 non
2228 797 2533 865 sufficere.
2596 798 2790 882 Atqui
2821 798 2940 862 sibi

325 903 670 980 sufficeret,
702 903 756 967 si
787 921 867 968 ex
898 922 970 968 se
1000 909 1222 985 posset
1251 909 1622 968 constanter
1667 903 1874 969 ethice
1916 903 2083 969 bene
2128 905 2382 987 operari
2430 907 2950 988 tentationesque

318 1012 579 1075 vincere
640 1030 884 1076 omnes.
947 1010 1109 1092 Ergo
1172 1011 1254 1074 ad
1316 1010 1835 1077 observationem
1882 1012 2078 1076 totius
2123 1012 2279 1093 legis
2322 1012 2426 1077 vel
2476 1013 2681 1078 ethice
2731 1013 2937 1076 hone-

317 1124 488 1181 stam
519 1117 872 1201 requiritur
902 1117 1020 1182 Dei
1051 1117 1452 1199 adJutorium.

500 1248 700 1316 ‚Sunt
731 1248 992 1322 quidam,
1024 1248 1109 1307 ita
1138 1249 1638 1325 Augustinus
1671 1250 1742 1307 de
1775 1267 1927 1325 pecc.
1949 1268 2086 1312 mer.
2122 1254 2183 1308 et
2214 1249 2441 1309 remiss.
2474 1251 2513 1309 l.
2551 1259 2585 1312 2
2621 1267 2678 1309 n.
2716 1258 2771 1319 2,
2805 1254 2939 1308 tan-

318 1340 446 1395 tum
478 1342 931 1412 praesumentes
963 1337 1037 1396 de
1080 1337 1265 1396 libero
1298 1339 1589 1397 humanae
1621 1339 1950 1397 voluntatis
1981 1338 2248 1409 arbitrie,
2294 1343 2365 1397 ut
2411 1338 2483 1398 ad
2530 1357 2651 1398 non
2695 1357 2938 1414 peccan-

319 1426 461 1484 dum
493 1444 606 1484 nec
636 1426 1007 1502 adJuvandos
1041 1443 1147 1485 nos
1180 1427 1474 1487 divinitus
1506 1427 1844 1503 opinentur,
1892 1428 2075 1486 semel
2106 1428 2222 1503 ipsi
2252 1430 2499 1486 naturae
2532 1430 2771 1486 nostrae
2803 1445 2940 1487 con-

322 1533 483 1575 cesso
517 1515 743 1573 liberae
773 1516 1101 1575 voluntatis
1132 1515 1440 1579 arbitri0.‘
1508 1516 1584 1575 Et
1628 1517 1665 1574 l.
1711 1516 1786 1575 de
1832 1516 2187 1592 perfectione
2210 1514 2486 1593 justitiae
2530 1516 2617 1575 ita
2652 1516 2942 1575 absolvit:

327 1604 479 1672 ,Sed
509 1605 689 1680 plane
721 1606 997 1680 quisquis
1028 1608 1223 1681 negat,
1258 1623 1365 1664 nos
1398 1624 1565 1665 orare
1596 1605 1828 1677 debere,
1860 1624 1936 1664 ne
1966 1606 2260 1665 intremus
2293 1607 2357 1665 in
2387 1606 2776 1665 tentationem
2811 1601 2940 1688 (ne-

322 1698 423 1771 gat
450 1700 657 1752 autem
692 1692 817 1761 hoc,
857 1695 964 1768 qui
994 1693 1319 1766 contendit,
1365 1695 1440 1753 ad
1484 1712 1604 1754 non
1634 1694 1995 1770 peccandum
2026 1695 2251 1772 gratiae
2288 1695 2392 1753 Dei
2424 1694 2793 1771 adjutorium
2823 1714 2945 1754 non

317 1801 446 1841 esse
479 1782 712 1841 homini
741 1783 1155 1853 necessarium,
1189 1783 1292 1842 sed
1323 1785 1446 1843 sola
1476 1785 1606 1860 lege
1636 1787 1876 1859 accepta
1902 1784 2218 1843 humanam
2241 1783 2508 1844 sufficere
2530 1779 2945 1864 voluntatem),

288 1871 386 1929 ·ab
417 1872 676 1931 auribus
709 1872 977 1931 omnium
996 1872 1418 1932 removendum
1450 1877 1512 1931 et
1542 1891 1642 1931 ore
1675 1873 1946 1932 omnium
1978 1873 2480 1932 anathemandum
2514 1891 2645 1931 esse
2676 1892 2796 1931 non
2829 1873 2940 1932 du·

314 1961 509 2021 bito.‘
574 1961 659 2019 De
692 1962 908 2019 natura
936 1965 1000 2019 et
1029 1960 1223 2038 gratia
1254 1980 1304 2025 c.
1341 1973 1418 2025 58
1453 1980 1511 2020 n.
1548 1972 1661 2024 68:
1713 1961 1882 2031 ‚Hoc
1925 1963 2179 2021 interest
2209 1963 2368 2021 inter
2399 1981 2505 2021 nos
2535 1966 2596 2021 et
2627 1962 2776 2021 istos
2812 1956 2941 2043 (pe-

315 2046 631 2130 lagianos),
666 2049 827 2126 quod
861 2068 985 2121 nos,
1029 2051 1209 2110 etiam
1241 2070 1376 2110 cum
1409 2051 1644 2109 diabolo
1675 2050 1995 2120 resistitur,
2042 2050 2403 2127 poscendum
2435 2051 2543 2110 Dei
2576 2052 2942 2127 adiutorium

314 2159 430 2199 non
464 2140 668 2199 solum
713 2157 833 2198 non
879 2157 1182 2217 negamus,
1233 2160 1437 2199 verum
1468 2140 1645 2198 etiam
1678 2139 2117 2215 praedicamus:
2164 2139 2266 2199 isti
2312 2146 2513 2199 autem
2560 2143 2789 2198 tantam
2833 2140 2943 2198 tri·

314 2229 517 2287 bunut
547 2232 914 2304 potestatem
945 2229 1260 2295 voluntati,
1296 2234 1366 2287 ut.
1396 2228 1606 2304 pietati
1638 2227 1912 2287 auferant
1943 2229 2331 2289 orationem.‘
2383 2229 2467 2287 De
2497 2229 2736 2305 perfect.
2760 2229 2943 2304 justi·

318 2319 430 2377 tiae
464 2336 518 2376 c.
556 2327 629 2379 2:
666 2317 969 2386 ,Naturae
996 2318 1346 2393 praesertim
1379 2317 1619 2376 vitiatae
1652 2362 1665 2375 .
1700 2362 1712 2375 .
1747 2360 1761 2375 .
1792 2336 2004 2393 parum
2036 2336 2165 2376 esse
2195 2317 2270 2376 ad
2300 2336 2420 2376 non
2450 2318 2808 2394 peccandum
2843 2337 2944 2376 vo-

316 2408 578 2466 luntatis
611 2406 947 2477 arbitrium,
980 2407 1097 2465 nisi
1131 2406 1337 2483 adjuta.
1366 2409 1610 2465 sanetur
1626 2406 1879 2482 gratia}
1902 2439 1987 2450 —
2008 2406 2528 2465 Innocentius
2564 2407 2606 2466 Ι.
2639 2407 2715 2466 ad
2746 2413 2944 2482 patres

317 2495 557 2554 concilii
590 2495 1062 2572 carthaginensis
1093 2513 1183 2572 ep.
1219 2505 1298 2559 29
1332 2515 1390 2554 n.
1426 2506 1495 2557 6:
1547 2493 1951 2565 ,Quotidiana
1982 2498 2248 2570 praestat
2289 2496 2392 2553 ille
2425 2492 2635 2576 (Deus)
2667 2496 2944 2566 remedia,

321 2585 544 2660 quibus
591 2585 714 2643 nisi
756 2584 895 2643 freti
940 2584 1267 2660 confisique
1311 2585 1590 2649 nitamur,
1638 2584 1987 2643 nullatenus
2023 2585 2259 2644 vincere
2290 2585 2580 2643 humanos
2614 2585 2944 2660 poterimus

319 2694 567 2738 errores,
600 2673 854 2733 Necesse
886 2677 977 2733 est
1008 2674 1184 2744 enim,
1217 2676 1289 2733 ut
1319 2694 1437 2751 quo
1455 2673 1782 2733 auxiliante
1800 2672 2113 2746 vincimus,
2146 2692 2215 2733 eo
2246 2674 2467 2733 iterum
2486 2694 2607 2734 non
2625 2674 2947 2750 adjuvante

318 2765 693 2822 vincamur.‘
721 2796 808 2804 ——
827 2754 1102 2838 Quinque
1132 2764 1390 2839 episcopi
1421 2763 1495 2821 ad
1527 2764 1776 2822 eundem
1810 2764 1992 2840 (inter
2022 2782 2112 2840 ep.
2143 2763 2593 2822 Innocentii
2629 2772 2709 2826 28
2745 2782 2946 2839 opusc.

317 2852 536 2922 XVIII,
576 2848 688 2934 60)
721 2871 779 2911 n.
815 2863 887 2915 4:
937 2852 1134 2922 ,Satis
1165 2856 1428 2929 apparet,
1474 2853 1637 2927 quod
1682 2853 1758 2910 ad
1802 2871 1922 2911 non
1965 2852 2327 2929 peccandum
2358 2853 2395 2910 i.
2427 2870 2476 2911 e.
2519 2852 2592 2911 ad
2638 2871 2757 2911 non
2789 2853 2948 2911 male

317 2942 681 3011 faciendum,
715 2941 986 3017 quamvis
1018 2959 1144 3001 esse
1175 2959 1297 3000 non
1328 2940 1636 3000 dubitetur
1666 2941 1984 3000 arbitrium
2003 2942 2352 3014 voluntatis,
2385 2953 2585 3000 tamen
2617 2943 2747 3018 ejus
2779 2947 2946 3018 pote-

317 3037 438 3090 stas
472 3048 603 3090 non
633 3030 906 3100 sufficiat,
940 3030 1058 3089 nisi
1089 3030 1407 3107 adjuvetur
1437 3030 1815 3089 infirmitas}

505 3151 572 3218 3.
610 3149 782 3215 Idem
813 3148 1122 3231 probatur
1152 3149 1544 3231 experientia
1590 3150 1852 3231 propria
1892 3150 2160 3232 ipsoque
2207 3149 2378 3214 facto
2425 3156 2521 3216 tot
2566 3150 2946 3215 seculorum.

317 3252 383 3319 Si
417 3256 600 3321 enim
631 3256 797 3321 inter
825 3257 1214 3322 christianos
1263 3258 1391 3322 rari
1443 3263 1607 3334 sunt,
1659 3258 1766 3339 qui
1814 3264 2018 3322 totam
2065 3257 2269 3340 legem
2299 3258 2659 3323 naturalem
2690 3264 2949 3322 servent

319 3381 684 3445 omnesque
702 3364 964 3427 vincant
982 3365 1386 3440 tentationes,
1408 3364 1700 3445 quamvis
1723 3369 1822 3428 tot
1841 3364 2086 3445 gratiae
2105 3365 2438 3446 praesidiis
2451 3365 2772 3446 juventur:
2793 3364 2945 3446 quid

322 3467 509 3545 soret,
541 3470 599 3532 si
630 3469 926 3534 omnibus
945 3470 1121 3535 hisce
1160 3471 1493 3552 praesidiis
1525 3471 1822 3535 homines
1857 3470 2396 3537 destituerentur?
2428 3470 2649 3553 Neque
2681 3470 2947 3534 difficul-

323 3583 422 3639 tas
453 3577 625 3641 haec
656 3576 859 3641 oritur
889 3595 969 3641 ex
1001 3583 1187 3641 actus
1232 3577 1856 3660 supernaturalitate‚
1906 3595 2100 3660 quam
2146 3596 2336 3644 nemo
2383 3579 2721 3659 experitur,
2755 3595 2948 3643 nemo

322 3684 626 3765 percipit:
658 3683 771 3749 sed
804 3702 884 3748 ex
914 3685 1471 3766 concupiscentiae
1501 3685 1942 3766 repugnantia,
1973 3702 2142 3767 quae
2174 3685 2460 3767 aequalis
2493 3691 2591 3749 est
2622 3684 2686 3748 in
2718 3685 2943 3749 obser-

321 3788 587 3853 vatione
619 3789 777 3870 legis
807 3795 943 3853 tam
975 3791 1181 3855 ethice
1213 3790 1387 3854 bona
1423 3809 1618 3873 quam
1649 3791 1933 3856 salutari.
1996 3789 2208 3871 Quare
2255 3792 2318 3854 in
2370 3798 2642 3874 utroque
2674 3809 2830 3855 casu
2864 3810 2940 3855 ex

323 3914 535 3978 aequo
569 3897 912 3978 requiritur
943 3897 1148 3978 gratia
1182 3898 1397 3980 aliqua
1428 3898 1844 3963 medicinalis,

737 4091 772 4161 fi
810 4092 867 4149 2.
905 4093 1293 4149 Retelluntur
1329 4095 1566 4161 gratiae
1607 4095 2038 4151 necessItatem
2078 4095 2548 4160 exaggerantes-

507 4205 612 4268 49-
663 4201 920 4269 ΤῙΙΘΒῘΒ
966 4199 1403 4270 CLXXXII·
1454 4225 1787 4278 Haereds
1831 4229 1929 4278 est
1954 4224 2385 4287 contendere,
2410 4223 2720 4288 aratiam
2747 4235 2950 4275 sanc-

329 4309 713 4373 tificantem
749 4313 1225 4365 neeessariam
1275 4325 1418 4365 esse
1455 4315 1554 4369 ad
1591 4325 1796 4365 omne
1849 4324 2024 4377 opus
2060 4312 2343 4376 bonum,
2380 4313 2691 4379 adeoque
2729 4324 2949 4376 opera

332 4401 649 4454 nondum
675 4399 1227 4464 justificatorum
1266 4402 1510 4454 omnia
1546 4415 1689 4455 esse
1722 4404 2034 4466 peccata.

511 4520 952 4589 Declaratio.
1016 4518 1431 4599 Sententiam,
1482 4539 1677 4603 quam
1725 4521 2087 4598 refellimus»,
2138 4540 2280 4587 esse
2330 4520 2575 4594 falsam,
2627 4520 2758 4583 imo
2790 4520 2947 4585 hae-

336 4627 622 4703 reticam,
655 4634 912 4692 constat
941 4646 1022 4692 ex
1066 4627 1478 4692 damnatione
1525 4628 1701 4692 artic.
1742 4632 1821 4697 16
1873 4628 2423 4704 hussitarum,
2470 4645 2761 4693 errorum
2810 4626 2947 4690 Lu-

341 4732 550 4797 theri
583 4739 649 4799 et
679 4733 1001 4798 Calvini
1035 4735 1098 4798 in
1129 4752 1306 4798 conc.
1340 4735 1811 4800 tridentino
1844 4754 1999 4800 sess.
2034 4741 2074 4804 6
2107 4753 2245 4798 can.
2281 4739 2351 4802 7:
2393 4731 2499 4808 ,Si
2530 4733 2670 4816 quis
2704 4732 2947 4807 dixerit,
