3538 5364
566 282 697 348 320
1095 277 1278 334 Tract.
1310 278 1402 332 IX.
1432 280 1501 332 de
1528 280 1894 334 eucharistia.
1923 280 2122 335 Thesis
2160 282 2447 337 CCXXIV.
2475 283 2671 338 Patres

573 458 794 532 ,Zelus
825 458 974 523 fidei
1022 459 1285 539 ingemit
1317 510 1329 522 .
1365 511 1376 522 .
1411 510 1424 523 .
1460 460 1879 526 christianum
1928 480 2040 527 eas
2086 481 2322 528 manus
2375 464 2721 531 admovere
2770 468 3026 549 corpori
3057 468 3187 533 Do-

563 565 735 643 mini,
756 583 922 648 quae
943 565 1303 633 daemoniis
1323 585 1600 649 corpora
1631 566 2079 632 confecerunt..
2103 585 2156 632 ..·
2188 567 2400 635 Semel
2426 571 2647 652 judaei
2667 570 2921 637 Christo
2953 592 3187 639 manus

563 672 943 748 intulerunt3
991 673 1095 737 isti
1126 673 1410 755 quotidie
1442 691 1678 755 corpus
1710 674 1848 755 ejus
1878 672 2236 741 lacessunt!
2302 673 2354 740 Ο
2387 695 2620 741 manus
2651 680 3180 759 praecidendae«

564 779 651 844 Cf.
685 779 1326 863 Chrysostomus
1359 781 1526 844 hom.
1561 781 1742 849 25111
1780 787 1834 850 1.
1869 781 2042 857 Cor.;
2076 782 2543 866 Cyprianus
2576 785 2656 850 de
2689 783 3178 868 lapsisn.22ss.

739 906 806 975 4.
841 905 979 970 Huc
1026 912 1365 988 praeterea
1412 913 1708 990 spectant
1758 927 1925 990 quae
1970 915 2187 992 patres
2238 917 2531 975 statuunt
2577 910 2712 975 sive
2759 910 2840 975 de
2890 912 3187 976 adora·

564 1012 793 1077 tione
826 1013 1080 1095 corpori
1112 1011 1346 1077 Christi
1376 1014 1441 1077 in
1473 1015 1867 1079 eucharistia
1899 1016 2264 1082 exhibenda
2297 1017 2410 1103 (th.
2436 1019 2613 1103 232),
2646 1018 2781 1083 sive
2813 1019 2893 1083 de
2924 1018 3185 1099 digni-

563 1125 743 1183 tate
774 1119 1203 1197 sacerdotum,
1237 1139 1433 1203 quam
1452 1119 1863 1203 amplissimis
1896 1122 2114 1188 verbis
2148 1123 2395 1189 extollit
2426 1122 2934 1206 Chrysostomus
2966 1126 3046 1190 de
3078 1144 3187 1190 sa-

563 1226 730 1290 cerd.
751 1226 810 1289 ll.
833 1232 874 1296 3
896 1233 961 1292 et
980 1233 1053 1303 63
1087 1229 1221 1294 sive
1253 1228 1333 1293 de
1366 1248 1398 1291 s
1414 1247 1455 1292 a
1469 1248 1512 1293 n
1528 1247 1564 1292 c
1583 1228 1642 1292 ti
1661 1236 1741 1294 ta
1757 1237 1782 1295 t
1798 1249 1834 1295 e
1866 1228 2186 1307 altarium,
2209 1250 2376 1314 quae
2398 1251 2476 1297 ex
2498 1233 2870 1313 praesentia
2887 1233 3183 1315 corporis

563 1332 796 1397 Christi
826 1333 893 1397 in
923 1334 1064 1416 ipsa
1093 1334 1412 1399 redundat
1444 1336 1528 1423 (n.
1562 1338 1775 1424 3252),
1807 1337 1943 1402 sive
1975 1336 2056 1402 de
2103 1337 2296 1403 effic
2315 1338 2500 1402 acia
2548 1340 3183 1404 commemorationis

562 1449 852 1523 tempore
884 1441 1122 1507 missae
1155 1442 1308 1530 (in),
1341 1443 1421 1508 de
1454 1462 1584 1527 qua
1614 1445 1688 1508 ct.
1722 1444 2038 1527 Chryso
2058 1451 2272 1509 stom
2291 1466 2379 1509 us
2413 1447 2582 1510 hom.
2605 1451 2646 1516 3
2679 1447 2760 1512 de
2789 1447 3183 1528 incompreh.

560 1568 619 1613 n
656 1554 726 1623 ’ἲς
759 1554 803 1615 4
833 1567 893 1612 n.
925 1555 969 1618 4
1002 1550 1245 1636 (opusc.
1277 1550 1544 1638 ΧΧΙΧ.).
1575 1542 1578 1545 ’
1607 1551 1891 1617 Inferunt
1921 1561 1985 1618 et
2018 1553 2146 1616 alia
2177 1553 2521 1617 corollaria
2553 1553 2839 1636 practica
2854 1555 2899 1639 1)
2934 1572 3055 1635 pro
3085 1553 3185 1618 fo-

561 1656 773 1720 venda
801 1656 936 1720 vita
966 1675 1118 1722 vere
1150 1657 1500 1721 christiana
1531 1657 1632 1745 (cf.
1669 1677 1728 1721 n.
1763 1664 1910 1728 328.
1945 1660 2124 1745 389),
2171 1676 2338 1741 quae
2385 1677 2543 1724 sane
2583 1678 2715 1723 non
2746 1659 2950 1724 fluunt
2982 1679 3060 1725 ex
3085 1661 3185 1742 je·

552 1764 714 1844 ,iuna
744 1765 1393 1829 sacramentariorum
1426 1764 1748 1847 opinione,
1782 1766 1896 1831 sed
1931 1765 2198 1830 omnino
2220 1775 2757 1849 praesupponunt
2774 1768 3014 1833 realem
3036 1785 3183 1831 cor-

558 1870 733 1952 poris
766 1877 831 1936 et
861 1872 1187 1953 sanguinis
1219 1870 1449 1936 Christi
1482 1874 1547 1936 in
1580 1872 1967 1938 eucharistia
2000 1873 2452 1954 praesentiam,
2484 1881 2555 1937 ut
2597 1892 2713 1956 per
2743 1893 2813 1939 se
2846 1879 2945 1939 est
2974 1875 3184 1938 mani-

558 1976 791 2042 festum
822 1984 888 2043 et
919 1997 998 2044 ex
1030 1978 1184 2060 ipsis
1215 1984 1470 2061 patrum
1504 1979 1710 2044 effatis
1743 1980 1960 2062 liquet.

739 2108 888 2173 351.
930 2104 1186 2171 'rhesis
1233 2104 1614 2172 CCXXIV·
1680 2128 1839 2180 Imo
1871 2131 2119 2195 patres
2146 2127 2255 2180 vel
2298 2128 2380 2180 in
2417 2132 2854 2181 antecessum
2880 2129 3183 2181 damna-

557 2219 729 2267 runt
764 2216 1019 2269 diserte
1055 2215 1163 2269 vel
1199 2217 1726 2282 aequivalenter
1763 2218 2507 2280 sacramentariorum
2547 2231 2847 2270 errores.

736 2336 1304 2407 Demonstratio.
1369 2336 1470 2400 Nil
1502 2337 1821 2403 efficacius
1864 2344 1963 2402 est
1994 2338 2078 2401 ad
2108 2337 2665 2402 confirmationem
2699 2339 3017 2420 dogmatis
3065 2358 3178 2403 ca-

559 2441 779 2505 tholici
810 2444 1173 2526 errorisque
1204 2446 1860 2510 sacramentariorum
1879 2443 2334 2510 refutationem
2366 2462 2562 2527 quam
2596 2445 2855 2509 collatio
2888 2446 3182 2512 instituta

557 2549 706 2612 hinc
726 2549 982 2631 quidem
1001 2549 1417 2633 professionis
1449 2552 1823 2629 catholicae,
1856 2551 2004 2617 inde
2036 2570 2191 2617 vero
2226 2559 2613 2617 novatorum
2635 2553 3011 2634 opinionum
3030 2570 3178 2619 cum

556 2662 813 2739 patrum
845 2658 1152 2722 doctrina.
1214 2658 1306 2722 Ex
1351 2658 1474 2722 hac
1518 2657 1862 2724 collatione
1893 2658 2141 2741 patebit
2171 2659 2599 2723 consonantia
2645 2658 2792 2726 fidei
2822 2660 3179 2727 catholicae

556 2782 704 2829 cum
736 2766 1080 2829 traditione
1111 2764 1471 2845 apostolica
1520 2772 1584 2829 et
1616 2765 1989 2829 omnimoda
2021 2766 2423 2830 dissonantia
2456 2766 2739 2847 figmenti
2772 2767 3179 2833 adversario-

558 2890 699 2934 rum
731 2871 814 2934 ab
848 2872 1091 2935 eadem.
1155 2870 1368 2950 Quare
1400 2871 1808 2936 conferamus
1841 2873 1924 2936 ad
1958 2873 2231 2937 invicem

737 2995 798 3064 1.
831 2995 1224 3078 loquendi
1270 2995 1551 3060 modum.
1616 2994 1682 3060 Si
1730 2997 1902 3061 enim
1954 2997 2331 3079 quaerimus
2368 3015 2408 3060 a
2439 2999 2976 3075 sacramentariis
3027 2999 3179 3081 quid

555 3102 638 3165 sit
667 3103 853 3183 panis
887 3103 1364 3180 eucharisticuS,
1410 3122 1542 3168 non
1586 3104 1798 3169 solent
1842 3105 2252 3187 respondere,
2301 3123 2446 3169 eum
2496 3123 2638 3170 esse
2683 3106 2894 3187 ipsum
2940 3122 3173 3187 corpus
3236 3131 3262 3140 ⁸

555 3207 805 3282 Christi,
838 3227 965 3291 quo
1002 3216 1219 3274 tamen
1250 3228 1565 3292 responso
1598 3211 1687 3274 nil
1720 3209 2117 3293 frequentius
2149 3212 2215 3275 in
2249 3212 2519 3293 liturgiis
2554 3219 2618 3278 et
2650 3212 2823 3294 apud
2854 3218 3087 3293 patres

733 3355 825 3413 Ita
845 3374 891 3414 s.
910 3358 937 3413 I
955 3375 982 3414 s
997 3376 1031 3414 a
1045 3376 1079 3414 a
1094 3376 1124 3415 c
1145 3358 1395 3435 Magnus
1416 3377 1590 3435 syrus
1611 3359 1676 3416 in
1697 3378 1870 3418 serm.
1892 3359 1963 3418 de
1981 3359 2098 3418 fide
2118 3355 2302 3440 (apud
2326 3362 2633 3419 Assemani
2652 3361 2794 3419 bibl.
2816 3379 2897 3419 or.
2920 3360 2965 3433 1,
2992 3353 3172 3441 220):

557 3443 736 3528 ,Vidi
768 3445 1021 3504 mixtum
1052 3450 1335 3505 craterem
1368 3450 1497 3523 ejus
1532 3445 1695 3526 (fidei
1727 3449 1765 3510 i.
1798 3468 1848 3510 e.
1880 3467 2055 3524 quem
2088 3449 2233 3507 fides
2265 3444 2549 3532 porrigit)
2580 3451 2641 3508 et
2670 3469 2776 3526 pro
2809 3448 2946 3509 vino
2978 3449 3173 3524 reple-

553 3708 787 3775 peccata
814 3710 1012 3761 contra
1038 3724 1212 3777 puras
1240 3712 1548 3765 creaturas.
1574 3709 1679 3763 Per
1694 3710 1957 3765 accidens
1976 3713 2170 3764 autem
2191 3726 2372 3762 unum
2394 3711 2688 3778 peccatum
2713 3710 2797 3761 est
2817 3706 3051 3778 gravius
3065 3707 3179 3760 alio

553 3805 620 3840 ex
648 3789 809 3858 parte
822 3788 1126 3858 peccantis,
1152 3792 1295 3859 puta
1321 3792 1637 3859 peccatum,
1663 3790 1818 3857 quod
1848 3793 1932 3843 est
1958 3806 2025 3843 ex
2053 3789 2383 3860 ignorantia.
2406 3789 2495 3842 vel
2516 3788 2869 3850 infirmitate,
2891 3789 2978 3840 est
2996 3786 3179 3840 levius

553 3869 803 3936 peccato,
831 3869 985 3936 quod
1014 3871 1101 3922 est
1125 3885 1191 3921 ex
1219 3873 1551 3940 contemptu
1582 3871 1672 3923 vel
1698 3887 1762 3924 ex
1791 3873 1944 3924 certa
1972 3870 2228 3924 scientia.
2257 3873 2316 3923 et
2341 3869 2537 3923 eadem
2561 3868 2708 3924 ratio
2731 3871 2818 3922 est
2836 3868 2905 3921 de
2923 3866 3055 3922 aliis
3075 3865 3181 3920 cir-

551 3948 930 4003 cumstantiis
957 3949 1031 4003 Et
1055 3950 1369 4004 secundum
1395 3949 1503 4003 hoc
1529 3950 1684 4004 istud
1712 3954 2011 4022 peccatum
2037 3951 2099 4004 in
2130 3950 2477 4018 quibusdam
2513 3951 2706 4019 potest
2719 3964 2836 4002 esse
2853 3946 3086 4018 gravius
3103 3986 3117 3999 .
3135 3986 3147 3998 .
3165 3986 3177 3999 .

552 4029 614 4080 in
639 4029 984 4096 quibusdam
1012 4047 1143 4084 vero
1171 4030 1360 4085 minus
1388 4046 1578 4099 grave,
1607 4032 1747 4100 puta
1776 4031 1839 4083 in
1866 4030 1975 4095 his,
2004 4031 2106 4099 qui
2136 4048 2202 4084 ex
2231 4030 2482 4099 quodam
2522 4030 2743 4092 timore,
2770 4046 2841 4082 ne
2868 4027 3178 4096 deprehen·

552 4101 764 4163 dantur
787 4109 850 4162 in
876 4117 1126 4182 peccat0,
1155 4127 1281 4164 cum
1308 4109 1656 4164 conscientia
1682 4111 1904 4179 peccati
1943 4111 2015 4163 ad
2061 4112 2169 4165 hoc
2197 4112 2616 4164 sacramentum
2645 4108 2975 4162 accedunt.“
3029 4105 3178 4160 Hinc

552 4189 864 4258 prudenter
889 4194 1084 4245 monet
1109 4191 1152 4243 B
1170 4190 1309 4246 illo
1329 4195 1353 4243 t
1378 4191 1440 4243 in
1466 4193 1659 4245 annot.
1687 4190 1760 4243 ad
1781 4190 1836 4245 h.
1864 4207 1897 4243 a
1919 4212 1929 4243 ε
1959 4190 2323 4252 „Cavendum
2345 4189 2530 4259 igitur
2551 4191 2638 4243 est
2655 4189 2729 4241 ab
2751 4188 2909 4243 omni
2929 4200 3176 4250 excessu,

551 4268 704 4321 unde
731 4269 972 4332 animae,
1000 4271 1333 4339 praesertim
1354 4288 1680 4342 puerorum,
1707 4274 1941 4342 possent
1958 4271 2019 4324 in
2042 4268 2497 4340 desperationem
2522 4269 2761 4338 conjici:
2789 4269 2848 4321 et
2867 4267 3178 4336 prudenter

551 4349 971 4418 interpretandi
998 4354 1134 4404 sunt
1158 4355 1363 4420 patres,
1393 4351 1623 4419 quando
1650 4354 1987 4422 comparant
2023 4353 2324 4421 peccatum
2360 4350 2599 4420 indigne
2627 4346 3175 4403 communicantium

551 4448 680 4485 cum
707 4433 940 4499 peccato
965 4431 997 4483 J
1006 4431 1149 4484 udae
1177 4433 1266 4486 vel
1284 4432 1629 4500 judaeorum
1670 4431 2131 4501 crucifigentium
2161 4429 2484 4490 Christum;
2527 4447 2660 4483 nam
2707 4429 2818 4482 ista
2861 4430 2999 4481 sunt
3034 4426 3176 4479 acci·

553 4510 762 4581 pienda
789 4527 903 4564 non
931 4511 1243 4564 secundum
1269 4511 1694 4578 aequalitatem,
1724 4512 1821 4564 sed
1850 4511 2161 4565 secundum
2193 4510 2481 4578 quandam
2521 4507 3171 4579 proportionalitatem:-

773 4594 808 4663 ι)
838 4591 920 4644 Cf.
946 4592 980 4646 S
998 4610 1029 4645 o
1046 4610 1126 4662 rg
1152 4591 1256 4645 Die
1282 4593 1338 4645 h.
1366 4591 1725 4646 Eucharistie
1752 4594 1835 4647 als
1860 4592 2191 4645 Sacrament
2218 4589 2339 4643 und
2365 4589 2459 4642 ihr
2485 4588 2731 4643 Einfluss
2771 4587 2879 4641 auf
2913 4587 3014 4640 das
3054 4585 3175 4639 sitt-

550 4672 698 4725 liche
726 4671 914 4726 Leben
954 4673 1099 4726 nach
1140 4673 1239 4726 der
1266 4672 1444 4727 Lehre
1485 4674 1583 4727 des
1624 4674 1680 4726 h.
1706 4673 1834 4726 Joh.
1864 4671 2299 4739 chrysostomus
2326 4669 2608 4723 Katholik
2658 4675 2805 4725 1898.
2846 4669 2914 4731 II,
2948 4671 3046 4722 137
3073 4684 3174 4723 ss.:

549 4752 618 4806 cf.
649 4756 706 4806 et
732 4769 814 4817 ea,
843 4769 989 4821 quae
1016 4769 1189 4823 supra
1217 4753 1546 4807 notavimus
1577 4772 1630 4813 n,
1659 4759 1765 4809 328
1793 4757 1850 4806 et
1874 4774 1928 4807 n.
1956 4757 2078 4808 387.
