3538 5364
576 320 708 383 672
915 312 1097 364 'l'r.:ct.
1128 312 1191 364 X.
1220 312 1288 364 de
1317 311 1432 364 Deo
1460 313 1933 364 consummatore.
1960 310 2160 363 Thesis
2188 310 2417 365 CCLXX
2430 311 2516 363 [X.
2546 311 2883 364 Sanctorum

579 512 723 556 rum
755 493 980 568 salute,
1013 510 1206 574 quam
1240 492 1341 555 vel
1374 491 1646 573 apostoli
1680 509 1721 555 a
1750 491 2046 556 fidelibus
2080 499 2417 573 tamquam
2451 492 2741 557 sincerae
2774 492 3062 555 caritatis
3096 510 3207 554 ar·

579 604 948 678 gumentum
981 598 1149 662 votis
1182 597 1482 661 omnibus
1516 598 1923 678 expetierunt
1955 597 2165 682 (Rom.
2207 602 2306 673 15,
2341 602 2428 666 30
2460 599 2622 684 etc),
2658 605 2865 663 morte
2899 596 3066 661 illico
3088 617 3203 662 ex-

576 705 826 785 stingui,
859 705 1341 786 caritatemque,
1375 712 1527 768 ante
1561 704 1725 768 adeo
1758 702 2084 767 sollertem
2119 710 2313 785 atque
2333 704 2689 781 sollicitam,
2722 713 2989 786 repente
3021 704 3204 768 reddi

577 812 876 888 sterilem,
912 812 1209 888 otiosam,
1245 819 1625 893 torpentem.

753 943 888 1000 Non
933 942 1020 1001 ita
1063 961 1297 1001 sensere
1345 961 1422 1005 ss,
1454 946 1673 1019 patres,
1719 942 1881 1000 inter
1912 960 2060 1016 quos
2093 961 2236 1017 prae
2271 944 2481 1001 ceteris
2512 944 2622 1001 hoc
2652 944 3074 1019 argumentum
3107 941 3203 998 lu-

577 1031 846 1089 culenter
876 1033 1158 1108 proponit
1190 1051 1235 1093 s„
1270 1031 1734 1090 Bernardus.
1806 1032 2024 1098 ,Sedet
2072 1035 2391 1090 veteranus
2437 1033 2626 1100 miles,
2673 1032 2760 1089 ita
2801 1030 2903 1087 ille
2951 1047 3123 1088 serm.
3163 1040 3200 1090 :2

576 1120 648 1177 de
682 1138 726 1179 S.
764 1120 993 1178 Victore
1026 1141 1082 1183 n.
1121 1131 1174 1189 3,
1208 1120 1411 1179 debita
1433 1122 1558 1196 jam
1591 1120 1887 1178 suavitate
1919 1125 1980 1177 et
2013 1120 2334 1179 securitate
2369 1122 2640 1196 quietus:
2675 1137 2919 1179 securus
2952 1119 3199 1194 quidem

577 1209 710 1279 sibi,
745 1209 844 1266 sed
878 1211 1069 1268 nostri
1103 1210 1410 1268 sollicitus
1460 1210 1595 1267 Non
1613 1209 1775 1267 enim
1795 1225 1930 1265 cum
1952 1209 2268 1283 putredine
2291 1211 2483 1269 carnis
2508 1210 2688 1269 simul
2722 1227 2785 1268 se
2817 1209 2981 1268 exuit
3011 1208 3201 1266 visce-

575 1299 742 1356 ribus
776 1298 1043 1373 pietatis:
1090 1318 1198 1357 nec
1243 1298 1357 1357 sibi
1405 1298 1487 1356 sic
1519 1298 1718 1356 induit
1749 1297 1966 1355 stolam
1996 1298 2235 1373 gloriae,
2285 1302 2355 1357 ut
2400 1304 2636 1358 nostrae
2672 1298 2892 1374 pariter
2925 1298 3202 1356 miseriae

577 1405 837 1461 suaeque
869 1387 1060 1463 ipsius
1092 1388 1529 1446 misericordiae
1561 1387 1923 1445 oblivionem
1970 1386 2263 1449 indueret.
2329 1389 2460 1447 Non
2511 1395 2603 1448 est
2651 1394 2813 1447 terra
2857 1386 3199 1453 oblivioniS‚

575 1495 755 1549 quarn
786 1476 982 1534 anima
1012 1477 1268 1535 Victoris
1313 1476 1641 1535 inhabitat:
1692 1494 1812 1534 non
1857 1481 2018 1533 terra
2062 1475 2299 1546 laboris,
2349 1483 2421 1535 ut
2465 1481 2790 1554 occupetur
2832 1478 2896 1537 in
2943 1495 3027 1545 ea,
3076 1494 3199 1533 non

576 1564 829 1639 denique
872 1570 1046 1635 terra,
1096 1566 1198 1624 sed
1245 1567 1472 1625 coelum
1518 1568 1626 1623 est.
1687 1562 1997 1640 Numquid
2032 1564 2298 1623 coelestis
2332 1567 2621 1627 habitatio
2655 1568 2881 1626 animas
2914 1583 3062 1641 quas
3094 1565 3198 1621 ad-

576 1652 767 1709 mittit
799 1653 1062 1725 indurat,
1095 1661 1201 1713 aut
1232 1654 1516 1713 memoria
1547 1655 1743 1729 privat
1774 1659 1878 1712 aut
1912 1654 2127 1728 spoliat
2155 1654 2417 1729 pietate?
2449 1659 2716 1717 Fratres!
2751 1654 3003 1715 latitudo
3048 1654 3201 1712 coeli

576 1741 787 1799 dilatat
818 1742 1008 1813 corda,
1042 1762 1160 1802 non
1194 1746 1414 1803 arctat:
1449 1744 1734 1801 exhilarat
1772 1744 2018 1811 menteS,
2067 1760 2187 1800 non
2234 1744 2485 1817 alienat:
2535 1748 2874 1806 affectiones
2906 1762 3025 1804 non
3059 1761 3197 1802 con·

574 1830 776 1900 trahit,
823 1831 926 1889 sed
971 1833 1254 1894 extendit.
1320 1834 1391 1891 In
1438 1832 1663 1891 lumine
1695 1832 1802 1890 Dei
1850 1835 2161 1889 serenatur
2192 1836 2489 1903 memoria,
2540 1855 2659 1896 non
2705 1836 3086 1894 obscuratur:
3131 1832 3199 1890 in

576 1919 800 1978 lumine
833 1920 942 1979 Dei
973 1920 1229 1979 discitur
1262 1922 1417 1995 quod
1452 1922 1733 1991 nescitur,
1767 1940 1890 1979 non
1922 1920 2082 1996 quod
2114 1922 2299 1981 scitur
2330 1925 2657 1985 dediscitur
2689 1931 2841 1985 etc.‘
2909 1924 2983 1981 Et
3014 1941 3195 1999 gene·

572 2008 748 2066 ratim
782 2009 853 2067 de
866 2011 1075 2085 quovis
1092 2013 1296 2069 sancto
1329 2012 1626 2070 disserens
1658 2028 1828 2068 serm.
1857 2022 1877 2071 1
1909 2010 1970 2066 in
1988 2009 2104 2086 vig.
2126 2029 2205 2074 ss,
2224 2013 2385 2072 Petri
2418 2019 2479 2073 et
2509 2015 2679 2072 Pauli
2713 2034 2769 2076 n.
2807 2022 2840 2075 2
2875 2013 2989 2071 ait:
3040 2010 3196 2080 ,Qui

576 2100 784 2172 potens
816 2098 880 2156 in
912 2104 1070 2158 terra
1100 2100 1235 2170 fuit,
1271 2100 1573 2175 potentior
1605 2102 1698 2158 est
1731 2099 1793 2156 in
1827 2099 2002 2158 coelis
2024 2102 2161 2157 ante
2185 2100 2393 2161 faciem
2415 2103 2651 2162 Domini
2670 2103 2776 2161 Dei
2797 2103 2907 2164 sui.
2941 2100 3002 2159 Si
3035 2101 3195 2158 enim

575 2185 717 2245 dum
750 2187 845 2245 hic
875 2188 1123 2257 viveret,
1171 2189 1450 2248 misertus
1481 2192 1574 2248 est
1603 2187 2016 2265 peccatoribus
2062 2190 2122 2246 et
2166 2191 2359 2250 oravit
2387 2211 2494 2268 pro
2528 2194 2628 2259 eis,
2676 2210 2836 2251 nunc
2866 2192 3035 2249 tanto
3070 2208 3195 2247 am·

573 2275 749 2350 plius,
797 2281 1021 2350 quanto
1062 2278 1260 2337 verius
1294 2279 1565 2355 agnoscit
1595 2277 1863 2336 miserias
1895 2280 2148 2346 nostrae,
2196 2285 2325 2340 orat
2369 2302 2476 2357 pro
2521 2282 2694 2340 nobis
2742 2281 3007 2339 Patrem:
3054 2278 3199 2353 quia

574 2364 747 2423 beata
776 2365 882 2423 illa
914 2368 1107 2441 patria
1137 2368 1445 2426 caritatem
1476 2368 1608 2442 ejus
1641 2385 1762 2425 non
1792 2366 2149 2437 immutavit,
2184 2370 2285 2427 sed
2320 2370 2747 2448 augmentavit.
2777 2370 2986 2445 Neque
3018 2368 3197 2433 enim,

574 2453 716 2527 quia
745 2454 1130 2529 impassibilis
1162 2457 1419 2525 omniun,
1467 2458 1597 2515 ideo
1643 2460 1704 2514 et
1749 2456 2253 2530 incompassibilis
2289 2459 2481 2518 factus
2514 2463 2632 2519 est:
2669 2458 2771 2518 sed
2804 2477 2966 2518 nunc
2997 2456 3199 2532 potius

574 2542 776 2601 induit
806 2544 920 2601 sibi
953 2544 1176 2604 viscera
1207 2544 1658 2615 misericordiae,
1694 2564 1829 2603 cum
1861 2547 1999 2603 ante
2031 2544 2254 2605 fontem
2288 2549 2729 2608 misericordiae
2761 2548 3052 2607 assistit-.‘
3112 2545 3193 2605 Cf.

581 2642 698 2695 717
716 2633 740 2670 ²
772 2636 833 2692 et
863 2652 952 2710 eP.
990 2643 1114 2698 374
1162 2634 1234 2693 de
1274 2635 1447 2694 obitu
1478 2653 1522 2696 s.
1557 2634 1894 2696 Malachiae.
1928 2666 2014 2677 --
2045 2635 2209 2695 Belle
2243 2637 2315 2695 de
2348 2638 2473 2714 ipso
2506 2656 2549 2698 s.
2584 2639 2883 2697 Bernardo
2917 2636 3198 2696 Petrus

575 2722 848 2782 cellensis
881 2743 968 2799 ep.
1011 2734 1088 2786 14
1123 2725 1196 2782 ad
1228 2725 1267 2783 J
1271 2743 1518 2783 oannem
1552 2744 1642 2800 ep.
1677 2743 1722 2782 a.
1755 2723 2064 2782 Maclovii:
2106 2726 2325 2792 ,Miror
2357 2747 2460 2787 vos
2494 2728 2799 2803 scripsisse
2832 2726 3194 2786 destitutum

576 2812 904 2886 patrocinio
936 2814 1296 2872 sanctissimi
1328 2814 1389 2872 P.
1414 2815 1486 2876 N.
1507 2813 1814 2884 Bernardi,
1849 2831 1985 2871 cum
2018 2819 2222 2874 sancta
2251 2818 2383 2893 ejus
2416 2816 2610 2875 anima
2640 2816 2892 2875 nexibus
2925 2815 3199 2890 expedita

573 2901 955 2959 mortalitatis
985 2921 1106 2961 non
1127 2904 1408 2973 caritatiS,
1443 2902 1842 2978 corruptionis
1876 2921 1995 2960 non
2027 2903 2389 2975 afflictionis,
2424 2906 2797 2965 necessitatis
2830 2924 2951 2964 non
2982 2903 3194 2962 volun-

573 2990 733 3060 tatis,
767 2991 1016 3049 liberius
1047 3011 1219 3050 aures
1253 3010 1411 3050 nunc
1432 2992 1692 3067 appellet
1712 2992 1968 3066 piissimi
2002 2993 2323 3054 conditoris
2353 3015 2460 3072 pro
2491 2994 2956 3055 necessitatibus
2988 2991 3191 3067 populi

575 3079 686 3137 sui.
750 3079 884 3138 Non
918 3080 1063 3137 mihi
1096 3077 1402 3158 contingat
1433 3081 1504 3139 de
1536 3081 1730 3157 gratia
1761 3081 1956 3156 ipsius
1991 3079 2272 3146 diffidere.
2322 3084 2394 3142 de
2427 3084 2795 3143 orationibus
2829 3083 2959 3158 ejus
2991 3081 3188 3154 despe-

575 3176 761 3229 νει-6.(
785 3202 866 3212 ——
902 3169 978 3226 Et
1013 3172 1272 3247 Augus
1291 3171 1406 3228 tin
1424 3188 1509 3228 us
1543 3170 1614 3228 de
1635 3169 1919 3229 Nebridio
1941 3169 2222 3230 defuncto
2244 3173 2494 3232 Confess.
2516 3173 2613 3241 IX,
2639 3181 2708 3235 3:
2745 3171 2910 3238 ,Nec
2944 3171 3029 3229 sic
3056 3188 3191 3227 eum

574 3255 834 3314 arbitror
853 3257 1136 3315 inebriari
1157 3278 1226 3317 ex
1248 3278 1316 3317 ea
1338 3255 1710 3340 (Sapientia),
1741 3263 1815 3317 ut
1846 3259 2235 3319 obliviscatur
2256 3261 2393 3331 mei,
2428 3280 2563 3320 cum
2595 3267 2682 3330 tu,
2719 3260 2983 3329 Domine,
3019 3276 3195 3334 quem

575 3349 744 3419 potat
788 3345 907 3415 ille,
954 3348 1148 3405 nostri
1197 3348 1278 3406 sis
1325 3356 1609 3411 memor.‘
1658 3382 1743 3391 -
1791 3347 1883 3406 Ad
1929 3367 2054 3406 rem
2101 3349 2250 3408 Eck
2295 3350 2358 3408 in
2391 3369 2499 3409 suo
2530 3349 2899 3409 enchiridion
2934 3353 3194 3408 controv.

576 3452 682 3491 seu
711 3432 820 3492 loc.
852 3452 1147 3494 commun.
1192 3447 1296 3498 14:
1346 3438 1512 3504 ,Aut
1556 3456 1697 3514 ergo
1745 3437 1935 3495 sancti
1980 3457 2103 3497 non
2135 3441 2308 3496 orant
2339 3459 2444 3515 pro
2476 3439 2646 3497 nobis
2680 3440 2838 3498 sicut
2870 3438 3009 3507 vivi,
3058 3437 3196 3512 quia

575 3527 667 3581 est
696 3541 791 3580 res
824 3524 910 3582 eis
943 3523 1219 3601 indigna:
1255 3526 1456 3601 itaque
1489 3545 1608 3585 non
1641 3526 1957 3584 conveniet
1989 3527 2251 3598 Christo;
2300 3530 2406 3586 aut
2438 3528 2579 3604 quia
2609 3531 2702 3586 est
2733 3546 2826 3586 res
2860 3529 3067 3586 tantae
3098 3544 3196 3582 ex-

576 3612 901 3684 cellentiae,
936 3612 1095 3689 quod
1127 3614 1238 3673 soli
1272 3615 1505 3673 Christo
1540 3620 1601 3674 et
1631 3633 1751 3674 non
1784 3615 1918 3673 aliis
1953 3616 2292 3674 conveniat:
2342 3617 2544 3690 itaque
2577 3635 2697 3675 non
2729 3615 3042 3675 conveniet
3076 3615 3196 3671 via·

573 3701 864 3760 toribus«
941 3702 1066 3761 Hoc
1116 3708 1533 3780 argumentum
1585 3704 1884 3780 praeclare
1934 3706 2156 3763 evolvit
2204 3707 2383 3780 atque
2432 3725 2501 3764 ex
2553 3705 2876 3781 Scripturis
2926 3704 3197 3762 illustrat

575 3792 619 3847 P
636 3810 666 3848 e
683 3794 710 3848 t
724 3811 754 3848 r
769 3811 807 3849 u
823 3810 850 3850 s
870 3810 999 3854 ven.
1021 3792 1086 3850 in
1105 3797 1180 3850 tr.
1202 3798 1407 3852 contra
1425 3794 1938 3863 Petrobrusian08‚
1960 3794 2065 3852 ubi
2086 3794 2215 3853 fuse
2235 3786 2451 3869 'probat
2470 3790 2556 3875 (M
2574 3794 2665 3871 ig.
2695 3802 2835 3863 189,
2861 3788 3194 3858 823—46')

578 3880 773 3946 ,bona
803 3881 1079 3940 vivorum
1112 3882 1282 3953 vivis,
1329 3884 1485 3941 bona
1514 3886 1887 3941 mortuorum
1918 3883 2189 3953 mortui8‚
2237 3884 2391 3942 bona
2423 3884 2694 3942 vivorum
2727 3881 2995 3949 mortuiS,
3044 3881 3199 3939 bona

575 3974 944 4027 mortuorum
978 3970 1131 4029 vivis
1163 3971 1459 4046 profuisse
1502 3973 1564 4030 in
1610 3971 1944 4047 praeteritis
1976 3973 2190 4031 seculis
2236 3976 2297 4031 et
2340 3991 2515 4049 posse
2560 3973 2837 4048 prodesse
2884 3989 3079 4046 usque
3125 3969 3193 4026 ad

576 4059 1142 4117 consummationem
1176 4061 1357 4119 seculi
1390 4061 1568 4119 etiam
1602 4061 1666 4119 in
1696 4061 1981 4119 futurisss

759 4157 899 4209 720.
934 4146 1164 4216 Quibus
1197 4153 1503 4225 permotus
1537 4150 1661 4225 ipse
1693 4149 2040 4207 Leibniti
2062 4170 2145 4208 us
2178 4150 2242 4207 in
2275 4154 2513 4225 system.
2534 4150 2712 4208 theol.
2734 4148 2970 4207 scribit:
3008 4147 3194 4216 ,Cum

574 4236 764 4311 igitur
796 4237 998 4295 beatae
1031 4242 1261 4296 mentes
1295 4240 1486 4298 multo
1519 4239 1708 4314 magis
1738 4258 1899 4297 nunc
1928 4239 2108 4297 rebus
2139 4239 2361 4298 nostris
2394 4239 2696 4308 intersint,
2749 4256 2927 4311 quam
2956 4236 3198 4311 quando

574 4325 639 4382 in
670 4326 846 4383 terris
880 4327 1175 4399 vivebant,
1210 4328 1521 4403 multoque
1542 4328 1919 4403 praesentius
1950 4329 2146 4386 omnia
2164 4328 2517 4386 intueantur
2537 4322 2699 4407 (nam
2720 4325 2988 4384 homines
3010 4343 3199 4399 pauca

575 4416 829 4485 tantum,
865 4434 1014 4489 quae
1048 4417 1107 4474 in
1143 4422 1464 4492 conspectu
1495 4421 1793 4493 geruntur
1822 4419 1927 4475 aut
1959 4417 2031 4474 ab
2064 4417 2196 4474 aliis
2230 4416 2595 4474 nunciantur
2614 4413 3024 4492 cognoscunt),
3060 4431 3195 4471 cum

575 4502 789 4560 caritas
822 4522 1025 4562 eorum
1057 4510 1162 4564 aut
1191 4506 1469 4565 voluntas
1494 4505 1749 4581 juvandi
1797 4506 1971 4581 longe
2017 4507 2096 4563 sit
2143 4504 2463 4572 ardentior,
2512 4504 2768 4578 denique
2814 4521 2949 4560 cum
2995 4520 3197 4576 preces

576 4609 778 4649 eorum
812 4593 986 4670 longe
1020 4595 1142 4652 sint
1173 4595 1535 4664 efficacioreS‚
1571 4615 1749 4671 quam
1783 4613 1929 4671 quas
1964 4594 2103 4652 olim
2139 4593 2465 4653 fundebant
2495 4593 2559 4651 in
2604 4593 2710 4651 hac
2756 4591 2908 4650 vita:
2959 4594 3196 4648 constet

575 4684 792 4748 autem,
841 4685 1132 4755 quantum
1177 4686 1335 4742 Deus
1380 4684 1560 4743 etiam
1604 4684 1936 4742 viventium
1982 4683 2512 4742 intercessionibus
2562 4682 2856 4740 tribueret
2904 4683 2965 4738 et
3014 4698 3194 4754 quam

576 4771 808 4829 utiliter
837 4790 944 4831 nos
975 4771 1230 4832 fratrum
1261 4792 1463 4849 preces
1496 4773 1721 4832 nostris
1741 4774 2023 4850 conjungi
2044 4775 2486 4848 exspectamus:
2519 4789 2640 4830 non
2670 4769 2862 4841 video,
2897 4767 3194 4844 quomodo
