3538 5364
1534 227 1721 284 Index.

1309 474 1590 541 Sectio
1639 479 1945 559 quinta.

1190 584 1290 651 De
1324 587 1658 653 extrema
1687 587 2061 656 unctione.

315 682 509 738 Thesis
536 689 655 739 254.
683 685 945 741 Extrema
971 687 1161 742 unctio
1190 691 1277 742 est
1305 705 1492 744 verum
1519 693 1955 771 sacramentum?
1994 733 2005 745 .

1249 878 1257 885 ι
1331 793 1611 862 Sectio
1661 805 1916 887 sexta.

1419 904 1520 973 De
1553 907 1841 976 ordine.

745 1023 787 1076 L
804 1040 833 1075 e
850 1041 902 1077 m
923 1042 976 1077 m
995 1041 1028 1076 a
1054 1026 1096 1080 L
1122 1024 1443 1080 Discrimen
1467 1027 1622 1081 inter
1647 1027 1824 1083 laicos
1851 1034 1909 1082 et
1933 1030 2166 1085 clericos
2192 1032 2255 1084 in
2284 1031 2537 1087 Ecclesia
2635 1075 2648 1086 .

613 1150 622 1153 „
676 1112 711 1165 S
728 1129 757 1165 c
774 1113 812 1165 h
830 1129 861 1167 o
879 1113 930 1167 l
914 1130 935 1166 ι
953 1130 987 1166 o
1005 1132 1057 1167 n.
1085 1112 1405 1169 Diluuntur
1431 1116 1676 1185 objecta
2637 1163 2649 1175 .

744 1202 786 1254 L
803 1220 970 1258 emm
987 1220 1021 1256 a
1049 1203 1117 1257 11.
1159 1203 1364 1258 Clerici
1407 1205 1523 1259 ritu
1567 1206 1805 1259 solemni
1847 1208 2283 1263 constituuntur
2322 1228 2391 1270 ex
2434 1211 2649 1266 Christi

818 1292 1113 1347 voluntate
1199 1334 1212 1347 .
1416 1302 1420 1309 ’
1848 1310 1851 1315 ·
2318 1343 2331 1355 .
2478 1344 2491 1357 .
2636 1346 2648 1358 .

318 1382 517 1436 Thesis
546 1390 664 1439 255.
695 1383 876 1448 Ritus,
904 1401 1018 1453 quo
1046 1385 1295 1454 potiores
1322 1385 1515 1440 clerici
1544 1386 1772 1442 Christo
1807 1393 2039 1446 auctore
2077 1390 2529 1455 constituuntur.
2567 1398 2653 1450 est

783 1489 980 1527 verum
1007 1476 1425 1528 sacramentum
1515 1518 1526 1530 .
1997 1520 2009 1532 .
2636 1470 2643 1473 ⁸

675 1561 710 1614 S
728 1579 757 1615 c
775 1561 812 1614 h
829 1579 861 1616 o
879 1561 933 1614 li
951 1578 983 1615 o
999 1578 1053 1615 n.
1079 1560 1160 1613 De
1189 1560 1510 1616 hierarchia
1537 1565 1921 1623 ecclesiastica
1997 1608 2008 1620 .
2316 1614 2327 1625 .
2478 1613 2491 1625 .

780 1650 822 1704 P
839 1670 867 1704 r
884 1669 915 1705 0
933 1671 970 1723 p
989 1669 1020 1706 o
1038 1651 1228 1705 sitio
1281 1654 1321 1708 Ι.
1348 1651 1590 1707 Diaconi
1617 1656 1755 1708 sunt
1773 1655 2164 1731 iustitutionis
2189 1659 2423 1715 divinae
2475 1704 2488 1717 .

780 1740 824 1793 P
841 1759 867 1793 ι·
883 1758 915 1796 o
933 1761 970 1812 p
988 1757 1020 1794 o
1037 1741 1100 1794 si
1118 1742 1225 1794 tio
1253 1743 1320 1795 11.
1347 1742 1667 1808 Ordinatio,
1689 1760 1805 1813 qna
1825 1746 2259 1803 constituuntur
2288 1749 2536 1816 diaconi,
2566 1754 2653 1806 est

851 1833 1267 1884 sacramentum
1357 1871 1370 1883 .
2477 1887 2491 1899 .
2636 1882 2650 1896 .

780 1919 822 1972 Ρ
837 1938 866 1973 ι·
881 1938 913 1974 o
929 1940 967 1991 p
985 1937 1017 1974 o
1033 1938 1059 1973 s
1075 1920 1096 1973 i
1113 1921 1172 1975 ti
1189 1939 1221 1976 o
1252 1924 1342 1975 111.
1370 1922 1691 1992 Presbyteri
1717 1924 1950 1995 proprio
1968 1942 2053 1979 sa
2049 1931 2319 1981 ramento
2347 1929 2650 1983 constituti

851 2027 884 2062 a
911 2010 1169 2066 diaconis
1196 2012 1637 2083 distinguuntur
1676 2056 1687 2068 .
1995 2060 2008 2072 .
2316 2058 2327 2069 .

317 2096 517 2150 ''lhesis
544 2100 664 2151 256.
691 2096 892 2152 Sicut
867 2116 998 2168 Jure
1026 2100 1225 2155 divino
1253 2101 1570 2171 presbyteri
1615 2101 1875 2156 diaconis
1914 2105 2050 2156 sunt
2075 2104 2538 2172 praestantiores,
2566 2105 2649 2159 ita

743 2188 981 2244 eodem
956 2206 1088 2260 Jure
1116 2191 1372 2262 episcopi
1401 2191 1662 2260 utrisque
1687 2193 2043 2246 antecellunt

319 2277 518 2331 Thesis
544 2283 664 2336 257.
704 2278 822 2332 Soli
866 2280 1120 2350 episcopi
1141 2281 1273 2350 jure
1317 2279 1517 2334 divino
1558 2281 1828 2335 diaconos
1869 2286 1927 2335 et
1976 2283 2333 2353 presbyteros
2386 2283 2651 2337 ordinare

746 2373 1040 2439 possunt.

853 2459 1119 2516 Coroll.
1148 2461 1552 2517 Ordinationes
1591 2463 1777 2516 factae
1818 2462 1891 2514 ab
1931 2462 2217 2533 episcopis
2258 2462 2562 2516 haereticis
2596 2467 2654 2517 et

957 2549 1335 2603 schismaticis
1361 2552 1498 2603 sunt
1522 2550 1781 2615 illicitae,
1809 2567 1923 2604 non
1950 2549 2240 2603 invalidae
2278 2553 2287 2621 ί
2319 2590 2331 2602 .

318 2635 517 2690 Thesis
543 2643 665 2693 258.
693 2636 877 2702 Ritus,
929 2654 1043 2706 quo
1095 2637 1405 2694 initiantur
1454 2640 1728 2712 episcopi,
1794 2657 1960 2694 verus
2010 2644 2096 2693 est
2145 2639 2281 2695 ordo
2331 2658 2366 2694 a
2415 2640 2652 2710 reliquis

744 2729 1051 2784 distinctus
1080 2747 1391 2801 verumque
1418 2735 1836 2786 sacramentum
2576 2791 2579 2794 ,

320 2817 518 2874 Thesis
546 2824 667 2874 259.
697 2818 1029 2887 Hieronymi
1057 2819 1318 2874 doctrina
1345 2821 1631 2875 catholica
1657 2822 1727 2874 de
1754 2820 2076 2875 hierarchia
2117 2824 2176 2875 et
2214 2822 2524 2890 singularis
2549 2823 2652 2877 im-

744 2909 1173 2978 probabilisque
1201 2909 1399 2978 opinio
1427 2909 1496 2964 de
1524 2911 1888 2982 episcopatus
1915 2910 2138 2980 origine

673 2995 707 3049 S
725 3013 752 3049 c
771 2996 807 3048 h
827 2997 982 3051 olio
1001 3015 1037 3049 n
1115 2997 1156 3051 Ι.
1183 2997 1373 3053 Unum
1415 3007 1501 3051 est
1528 3001 1754 3052 tantum
1784 2998 2002 3052 ordinis
2030 3001 2447 3053 sacramentum
2476 3001 2653 3054 totale

674 3086 709 3139 S
726 3103 753 3138 c
771 3086 808 3139 h
827 3086 980 3140 olio
998 3104 1035 3139 n
1088 3087 1155 3140 11.
1183 3086 1264 3140 De
1293 3087 1595 3151 ordinibus
1621 3087 1940 3143 minoribus
1996 3128 2007 3141 .

675 3176 710 3229 S
726 3193 754 3229 c
771 3175 809 3227 h
827 3175 981 3229 olio
1001 3195 1037 3228 n
1065 3177 1162 3230 111.
1188 3176 1340 3242 Quot
1363 3176 1482 3230 sint
1507 3175 1736 3230 ordines
1836 3216 1849 3228 .

680 3263 716 3316 S
732 3282 761 3318 c
778 3264 814 3316 h
833 3263 987 3319 olio
1005 3286 1040 3320 n
1067 3264 1161 3318 lv.
1190 3264 1271 3318 De
1298 3264 1536 3319 materia
1564 3267 1623 3318 et
1647 3265 1829 3318 forma
1857 3264 2074 3319 ordinis
2160 3305 2172 3317 .

677 3354 1042 3407 Scholion
1093 3354 1159 3408 V.
1188 3355 1267 3407 De
1295 3355 1581 3410 coelibatu
1677 3397 1688 3409 .

674 3446 806 3499 Sch
827 3446 1035 3499 olion
1075 3447 1519 3517 practicum.
1547 3445 1899 3500 Concionum
1926 3449 2266 3514 argumenta
2320 3486 2330 3496 .

1282 3561 1566 3628 Sectio
1616 3563 1989 3643 septima.

1312 3672 1415 3738 De
1449 3671 1954 3738 matrimonio.

678 3786 1032 3841 Matrimonii
1059 3787 1238 3850 noti0,
1266 3800 1480 3841 errores
1506 3788 1704 3840 contra
1732 3786 1880 3840 illud

323 3875 522 3930 'Phesis
543 3882 665 3932 260.
692 3874 1125 3930 Matrimonium
1155 3880 1241 3930 est
1267 3892 1463 3929 verum
1492 3880 1910 3929 sacramentum
1999 3916 2010 3928 .

322 3964 520 4017 Thesis
547 3970 667 4024 261.
715 3965 838 4033 Ipse
883 3967 1208 4019 contractus
1266 3964 1701 4019 matrimonialis
1748 3965 1898 4019 inter
1946 3963 2289 4018 christianos
2340 3965 2425 4015 est
2474 3979 2651 4017 sacra·

748 4055 1006 4107 mentum

677 4142 712 4195 S
731 4159 759 4195 c
776 4142 814 4195 h
833 4143 987 4208 olio
1006 4161 1059 4196 n.
1087 4143 1472 4214 proprietates
1499 4146 1827 4197 contractus
1854 4141 2295 4197 matrimonialis

324 4233 522 4288 Thesis
549 4238 670 4290 262.
700 4232 962 4286 Minister
986 4233 1159 4301 hujus
1187 4232 1529 4287 sacramenti
1555 4237 1690 4287 sunt
1715 4233 2117 4287 contrahentes
2143 4232 2256 4303 ipsi
2319 4272 2331 4284 .

751 4323 791 4376 C
809 4340 840 4377 o
857 4341 884 4376 r
901 4323 967 4377 ol
982 4323 1000 4375 l
1017 4339 1049 4375 a
1066 4322 1130 4376 ri
1146 4339 1179 4375 a

678 4411 757 4464 De
784 4411 1024 4465 materia
1050 4415 1108 4465 et
1134 4413 1315 4466 forma
1355 4454 1366 4465 .

621 4557 626 4562 ,
680 4503 713 4555 S
732 4519 760 4554 c
778 4502 813 4554 h
834 4502 990 4555 olio
1010 4520 1064 4554 ιι.
1091 4501 1213 4567 Qua
1239 4501 1462 4562 ratione
1489 4502 1921 4556 matrimonium
1950 4503 2025 4555 sit
2050 4503 2466 4555 sacramentum

323 4593 524 4647 'rhesis
551 4597 672 4648 263.
700 4591 1024 4663 Proprietas
1052 4590 1406 4646 matrimonii
1435 4590 1733 4645 christiani
1762 4593 1848 4645 est
1875 4592 2068 4644 unitas
2156 4631 2168 4643 .

679 4681 760 4735 De
788 4682 1114 4751 polygamia
1141 4680 1457 4736 successiva
1516 4721 1528 4733 .

537 4794 572 4833 11
589 4805 615 4831 u
632 4799 680 4859 rt
697 4805 719 4832 e
734 4805 753 4832 ι·
770 4825 779 4836 .
811 4792 1033 4841 Compend.
1063 4792 1294 4842 theologiae
1325 4794 1402 4834 111.
1439 4792 1479 4829 11
1515 4790 1580 4834 ed.
2548 4777 2616 4823 45

2807 242 2935 308 705

2804 414 2932 484 Pag.

2833 705 2934 752 515

2832 1044 2934 1094 519

2831 1132 2929 1180 521

2831 1310 2935 1361 522

2833 1490 2934 1542 522

2831 1579 2935 1631 526

2832 1666 2935 1721 527

2832 1848 2936 1898 528

2831 2022 2935 2072 528

2830 2200 2934 2254 529

2833 2740 2936 2791 536

2834 2919 2938 2969 538

2833 3101 2936 3148 540

2834 3189 2929 3238 541

2835 3277 2935 3325 542

2834 3366 2937 3416 543

2835 3457 2939 3505 548

2834 3794 2934 3842 551

2835 3880 2937 3931 553

2834 4061 2938 4109 558

2833 4148 2936 4197 559

2835 4235 2937 4288 560

2833 4325 2938 4379 563

2835 4507 2936 4558 564

2832 4596 2938 4645 564

2833 4685 2937 4735 568
