3538 5364
1221 276 1292 329 (16
1318 275 1664 345 presbyteris
1691 277 1750 329 et
1777 275 2078 347 episcopis.
2824 283 2955 350 529

516 461 665 529 556.
699 457 1224 541 Presbyteratum
1274 464 1494 521 autem
1543 474 1688 521 esse
1720 464 2219 532 sacramentum,
2250 456 2563 539 probatur
2608 476 2649 521 a
2693 457 2955 523 fortiori.

337 563 407 628 Si
439 566 610 630 enim
640 586 705 634 a.
739 566 1120 630 diaconatus
1153 570 1251 629 est
1283 571 1781 641 sacramentum,
1815 582 1857 627 a
1886 563 2131 627 fortiori
2161 563 2660 645 presbyteratus.
2713 563 2954 630 Deinde

338 673 411 740 b.
446 672 501 735 si
532 672 694 736 ordo
730 678 830 737 est
861 679 1357 747 sacramentum,
1405 669 1761 735 certissime
1808 669 1912 735 ille
1960 678 2076 748 est,
2127 688 2254 753 quo
2287 669 2637 753 praecipua
2666 677 2958 753 potestas

337 796 528 842 sacra
558 778 935 843 conficiendi
967 779 1393 855 eucharistiae
1425 785 1923 854 sacramentum,
1967 777 2274 843 offerendi
2306 777 2543 843 missae
2575 776 2955 842 sacrificium

338 893 403 950 et
433 886 795 951 remittendi
826 891 1109 967 peccata,
1144 884 1486 952 confertur.
1548 884 1744 967 Atqui
1775 885 1939 950 haec
1972 884 2297 952 confertur
2329 885 2392 948 in
2423 884 2648 966 primis
2679 885 2744 947 in
2775 903 2955 966 pres-

336 992 653 1073 byteratu.
719 993 815 1056 Ad
846 993 1009 1057 haec
1042 1013 1104 1061 c.
1141 992 1220 1058 de
1253 992 1600 1057 diaconatu
1648 998 1713 1056 et
1745 991 2142 1074 episcopatu,
2195 997 2266 1056 ut
2315 992 2395 1057 de
2446 991 2585 1055 aliis
2628 991 2956 1055 ordinibus

338 1105 689 1175 taceamuS,
721 1099 992 1164 subinde
1024 1099 1387 1164 dubitatum
1420 1099 1555 1176 fuit,
1600 1118 1721 1164 nec
1771 1098 1968 1162 modo
2005 1098 2269 1162 omnino
2304 1105 2404 1163 est
2433 1104 2700 1174 certum,
2748 1098 2958 1164 sintne

339 1212 764 1270 sacramenta.
829 1204 896 1270 Si
929 1226 1079 1288 ergo
1111 1226 1232 1272 nec
1264 1208 1345 1273 de
1377 1208 1827 1291 presbyteratu
1871 1206 1936 1271 id
1984 1224 2248 1287 prorsus
2294 1212 2470 1271 esset
2512 1211 2780 1283 certum,
2820 1206 2957 1288 jam

335 1310 418 1375 de
450 1311 623 1375 nullo
657 1312 878 1377 ordine
910 1318 1238 1378 constaret
1286 1311 1366 1377 de
1417 1311 1557 1390 fide,
1611 1331 1758 1377 eum
1804 1330 1946 1377 esse
1994 1321 2490 1379 sacramentum.
2553 1312 2959 1394 Quapropter

335 1418 503 1481 inter
534 1436 664 1495 eOS,
696 1420 806 1500 qui
839 1418 1078 1483 ordinis
1109 1425 1589 1483 sacramentum
1621 1419 1988 1496 admittunt,
2010 1437 2340 1502 nunquam
2359 1420 2483 1483 hac
2504 1419 2584 1484 de
2602 1437 2673 1484 re
2693 1418 2957 1483 dubium

336 1521 439 1586 vel
469 1523 802 1588 minimum
835 1526 1092 1590 exstitit.

518 1650 954 1718 557.'1*11es1s
988 1648 1278 1719 CCLVI·
1341 1673 1562 1727 stoan
1591 1673 1992 1738 presbyteri
2043 1686 2091 1726 a
2144 1673 2459 1728 diacoma
2510 1675 2960 1739 assumun-

337 1761 459 1810 tur
494 1758 880 1827 iisdemque
913 1761 1376 1827 praecellunt,
1415 1763 1517 1815 ita
1541 1761 1703 1827 jam
1742 1776 1790 1814 a
1812 1763 2063 1829 prima
2103 1761 2451 1815 Ecclesiae
2478 1763 2753 1828 armine
2780 1763 2960 1818 alios

338 1849 736 1912 reperimus
785 1852 1170 1915 φηίηίεινοε,
1221 1864 1392 1918 quoa
1443 1852 1798 1917 episcopos
1853 1852 2084 1905 dicere
2135 1851 2460 1916 solemus,
2510 1851 2601 1904 ab
2639 1855 2958 1921 utrisque

338 1939 648 1991 ‹livet-sos
686 1943 752 1992 et
786 1942 1102 2007 utrinque
1139 1942 1561 2006 superiores,
1611 1954 1792 2009 quae
1829 1942 2183 1996 distinctio
2235 1944 2300 1994 et
2332 1943 2782 2005 praestantia
2816 1956 2960 1997 non

337 2028 651 2093 aliunde,
687 2043 903 2095 quam
942 2045 1032 2084 ex
1069 2032 1310 2085 divino
1334 2031 1506 2097 jure
1545 2034 1928 2097 repetenda
1963 2035 2085 2085 eat.

519 2149 1069 2219 Demonstrati«)
1103 2171 1174 2236 p.
1208 2151 1272 2218 Ι.
1337 2149 1776 2232 Distinguatur
1823 2150 2056 2231 duplex
2104 2151 2417 2234 quaestiO,
2452 2152 2655 2216 altera
2700 2153 2779 2218 de
2826 2173 2959 2219 no-

343 2255 572 2329 mine,
632 2255 711 2320 de
774 2274 843 2320 re
893 2257 1112 2321 altera.
1178 2256 1604 2321 Concedimus
1649 2255 1908 2339 quidem
1955 2274 2086 2333 605,
2132 2256 2239 2338 qui
2284 2256 2480 2319 modo
2533 2258 2815 2339 episcopi
2861 2260 2960 2325 vel

344 2361 715 2426 sacerdotes
746 2363 937 2444 primi
969 2363 1211 2427 ordinis
1244 2362 1662 2445 appellantur,
1696 2361 1968 2426 subinde
1991 2362 2212 2449 (etiam
2234 2362 2299 2425 in
2320 2360 2392 2426 N.
2414 2361 2507 2448 T.)
2543 2363 2748 2428 dictos
2768 2364 2960 2431 fuisse

342 2467 776 2550 presbyteros,
840 2469 906 2533 ld
950 2470 1122 2552 quod
1168 2470 1495 2552 quaeritur
1540 2461 1656 2546 est,
1707 2488 1862 2532 num
1909 2468 1974 2532 in
2021 2469 2286 2551 antiqua
2317 2468 2604 2533 Ecclesia
2650 2471 2963 2536 exstiterit

342 2573 575 2655 duplex
609 2576 768 2638 ordo
818 2575 919 2640 vel
969 2577 1166 2642 series
1218 2575 1674 2651 ministrorum,
1726 2575 1809 2639 ab
1859 2574 2134 2640 invicem
2186 2574 2558 2639 muneribus
2584 2576 2961 2660 juribusque

343 2677 806 2756 distinctorum,
839 2701 1111 2763 quorum
1143 2682 1248 2746 alii
1280 2680 1643 2747 dicerentur
1675 2680 2102 2746 communiter
2133 2680 2418 2762 episcopi
2456 2682 2555 2747 vel
2588 2684 2962 2749 sacerdotes

344 2788 528 2868 primi
562 2788 819 2865 ordiniS,
868 2790 975 2853 alii
1025 2790 1388 2873 presbyteri
1438 2790 1537 2854 vel
1586 2789 1956 2853 sacerdotes
2007 2787 2272 2853 secundi
2321 2788 2579 2866 ordinis,
2631 2809 2960 2872 nunquam

343 2894 524 2970 sorte,
557 2895 784 2960 saltem
820 2915 860 2960 a
891 2895 1197 2977 patribuS,
1232 2897 1530 2978 episcopi.
1564 2895 1751 2975 Quod
1783 2894 2091 2959 factum
2126 2895 2371 2971 attinet,
2404 2902 2652 2959 certum
2683 2904 2798 2973 est,
2827 2898 2961 2979 ‚iam

344 3002 575 3067 seculis
610 3002 724 3080 IV,
758 3003 848 3066 111.
881 3004 1010 3066 imo
1044 3002 1107 3066 ΙΙ.
1142 3010 1207 3068 et
1238 3003 1276 3066 1.
1312 3003 1633 3067 exstitisse
1679 3001 2006 3066 ministros
2054 3019 2093 3064 a
2136 3001 2529 3083 presbyteris
2576 3008 2641 3067 et
2672 3002 2962 3068 diaconis

344 3108 697 3184 distinctos
730 3111 933 3191 iisque
964 3110 1345 3191 superioreS,
1394 3110 1499 3192 qui
1541 3108 1824 3190 episcopi
1858 3108 2251 3173 dicebantur.
2316 3107 2501 3187 Quod
2534 3109 2851 3190 probatur
2883 3127 2963 3173 ex

344 3216 550 3279 effatis
580 3223 854 3297 patrum,
888 3217 997 3299 qui
1029 3216 1357 3282 ministros
1390 3216 1709 3281 Ecclesiae
1755 3220 2167 3280 recensentes
2214 3215 2555 3297 episcopos
2587 3216 2680 3280 ita
2711 3234 2752 3280 a
2782 3235 2963 3299 pres-

345 3322 585 3405 byteris
635 3324 1045 3404 distinguunt,
1080 3330 1146 3388 ut
1181 3325 1302 3387 hos
1336 3341 1376 3386 a
1408 3323 1711 3386 diaconis.
1779 3321 1873 3384 lta
1920 3321 2095 3384 haud
2144 3320 2416 3385 obscure
2455 3321 2591 3402 ⁸iarn
2624 3322 2965 3388 Hermae

345 3430 577 3495 Pastor
606 3430 643 3495 l.
683 3437 713 3500 1
751 3433 864 3499 vis.
887 3436 927 3500 3
948 3451 1006 3495 n.
1029 3434 1103 3507 ὃς
1137 3432 1227 3494 ita
1259 3431 1308 3494 C
1325 3429 1344 3492 l
1362 3449 1476 3495 em
1495 3448 1636 3494 ens
1670 3429 1829 3493 alex.
1852 3427 2211 3510 paedagogi
2233 3427 2323 3504 ΠΙ,
2353 3433 2432 3497 12
2455 3434 2520 3491 et
2540 3426 2841 3493 stromat
2862 3429 2963 3505 vl,

351 3544 463 3608 13:
506 3538 706 3613 ,Nam
738 3537 842 3602 hic
874 3556 1131 3621 quoque
1162 3538 1228 3600 in
1262 3536 1544 3601 Ecclesia
1587 3535 2073 3616 progressiones
2120 3534 2592 3614 episcoporum,
2625 3534 2962 3617 presbyte-

344 3664 579 3721 rerum,
611 3646 1048 3722 diaconorum,
1081 3653 1152 3708 ut
1183 3644 1478 3719 arbitror,
1511 3650 1660 3707 sunt
1690 3642 2080 3706 imitationes
2102 3639 2434 3720 angelicae
2455 3640 2694 3720 gloriae
2715 3648 2779 3705 et
2800 3639 2963 3704 illius

345 3751 834 3825 oeconomiae;‘
904 3752 970 3815 in
1014 3752 1234 3833 primis
1285 3749 1656 3831 ignatius
1705 3748 1783 3811 Μ.
1835 3747 2077 3828 passim
2127 3747 2193 3810 in
2242 3747 2374 3809 suis
2425 3746 2709 3826 epistolis
2759 3752 2830 3809 ut
2879 3747 2963 3811 ad

346 3858 708 3940 Magnesios
739 3878 799 3922 n.
834 3865 907 3928 ὃς
960 3858 1250 3933 ,Hortor,
1282 3863 1354 3920 ut
1385 3856 1449 3919 in
1495 3853 1844 3919 concordia
1873 3852 1988 3917 Dei
2030 3852 2248 3916 omnia
2292 3869 2598 3933 peragere
2632 3851 2962 3927 studeatiS,

347 3966 649 4049 episcopo
683 3967 1087 4049 praesidente
1118 3965 1261 4029 loco
1295 3963 1409 4028 Dei
1441 3968 1506 4028 et
1554 3960 1947 4043 presbyteris
1992 3960 2137 4024 loco
2183 3965 2446 4024 senatus
2497 3958 2849 4040 apostolici,
2901 3964 2965 4022 et

348 4074 636 4138 diaconis
700 4074 855 4137 mihi
915 4072 1315 4136 suavissimis
1375 4068 1818 4134 concreditum
1880 4067 2267 4131 habentibus
2330 4066 2751 4130 ministerium
2812 4065 2964 4130 Jesu

348 4180 633 4244 Christi.‘
702 4181 771 4244 In
803 4181 963 4245 actis
995 4179 1283 4262 martyrii
1314 4178 1512 4259 ipsius
1543 4196 1603 4240 n.
1638 4180 1711 4244 3:
1751 4174 2191 4255 ,Exceperunt
2221 4178 2515 4236 sanctum
2549 4171 2726 4236 illum
2756 4172 2962 4235 virum

348 4289 635 4353 civitates
669 4294 863 4372 atque
895 4287 1206 4352 ecclesiae
1237 4285 1431 4350 Asiae
1480 4303 1594 4366 per
1626 4284 1963 4367 episcopos
1998 4288 2061 4345 et
2093 4279 2509 4362 presbyteros
2543 4285 2607 4344 et
2639 4278 2963 4356 diaconoS,

351 4415 498 4460 cum
531 4414 756 4461 omnes
791 4396 874 4458 ad
906 4414 1053 4458 eum
1085 4394 1479 4467 festinarent,
1511 4392 1563 4454 si
1596 4390 1757 4454 forte
1790 4395 2041 4471 partem
2075 4386 2482 4450 charismatis
2514 4385 2857 4467 spiritualis
2880 4386 2963 4450 ab

351 4523 428 4569 eo
462 4504 893 4585 acciperent3⁴t
935 4501 1517 4566 Tertullianus
1550 4500 1634 4585 (n.
1672 4499 1862 4583 3113)
1897 4496 1977 4560 de
2011 4495 2162 4574 fuga
2182 4495 2247 4557 in
2268 4512 2508 4575 perseo.
2542 4512 2602 4556 n.
2644 4498 2759 4561 11:
2799 4490 2964 4567 ,Sed

350 4629 497 4676 cum
529 4612 649 4694 ipsi
680 4619 977 4675 auctores
1008 4611 1043 4673 i.
1079 4629 1130 4675 e.
1164 4608 1434 4684 diaconi,
1481 4605 1838 4688 presbyteri
1885 4609 1948 4668 et
1995 4602 2279 4683 episcopi
2323 4600 2587 4682 fugiunt,
2638 4599 2963 4682 quomodo

351 4721 549 4785 laicus
582 4718 929 4799 intelligere
960 4717 1214 4798 poterit,
1248 4732 1376 4797 qua
1408 4715 1656 4778 ratione
1689 4712 1928 4776 dictum
1962 4716 2089 4773 est:
2146 4710 2369 4794 Fuqite
2400 4709 2474 4772 de
2505 4709 2748 4771 civitate
2782 4708 2846 4768 in
2877 4707 2965 4769 ci-

563 4834 834 4888 Burter,
875 4832 1126 4890 Compend.
1166 4830 1430 4885 theologiae
1467 4829 1553 4886 111,
1596 4828 1674 4874 ll.
1714 4826 1790 4872 ed.
2578 4819 2649 4867 34
