3538 5364
476 202 606 267 606
1038 195 1222 250 Tract.
1250 195 1316 249 X.
1343 195 1412 249 de
1439 196 1557 251 Deo
1583 200 2040 253 consummatore
2064 196 2263 252 Thesis
2290 196 2542 252 CCLXX.

475 376 662 453 salis:
695 378 764 447 b.
797 375 1182 458 antiquitate
1211 395 1283 441 se
1315 377 1756 455 commendat:
1794 370 1860 447 c.
1893 385 2190 443 versatur
2220 378 2394 442 circa
2423 377 2785 443 doctrinam
2815 378 3094 447 nullate-

472 503 598 549 nus
627 488 898 566 gratam,
928 483 1060 547 imo
1090 500 1436 564 perversae
1466 483 1802 548 hominum
1834 484 2229 549 inclinationi
2260 484 2613 549 admodum
2645 484 2993 566 ingratam:
3023 492 3103 551 et

473 594 544 660 d.
578 590 752 654 circa
781 589 1141 655 doctrinam
1171 589 1406 655 summi
1434 592 1749 655 momenti
1778 610 1896 673 pro
1927 586 2230 659 universo
2259 591 2598 656 hominum
2627 609 2910 672 genere:
2948 610 3098 657 eos-

473 716 598 780 que
629 717 705 766 e.
728 702 982 761 tantum
1012 695 1211 762 habet
1258 697 1680 775 adversariOS,
1727 697 1840 781 qui
1881 698 2053 763 vitae
2096 693 2420 780 probitate
2463 716 2597 762 non
2641 698 2992 763 admodum
3021 718 3103 764 se

472 800 932 869 commendant
945 804 1027 891 ι);
1059 822 1270 887 neque
1303 805 1358 873 f.
1390 804 1554 869 alius
1586 804 1708 887 ipsi
1738 803 1882 870 fons
1899 811 2116 887 potest
2135 805 2469 887 assignari,
2506 822 2705 888 quam
2736 805 2841 869 vel
2870 805 3096 887 primi-

471 913 603 981 tiva
634 911 957 994 quaedam
986 909 1295 977 revelatio
1327 911 1429 977 vel
1458 929 1588 976 vox
1619 911 2074 990 conscientiae,
2107 929 2276 994 quae
2305 912 2473 976 sicut
2501 918 2774 978 naturae
2805 910 3102 994 promul-

472 1025 582 1100 gat
610 1019 835 1100 legem,
884 1016 1321 1099 legislatorem
1369 1017 1760 1096 manifestat,
1793 1019 1903 1084 ita
1949 1018 2142 1083 simul
2188 1019 2345 1100 legis
2393 1018 2798 1084 sanctionem
2829 1017 3098 1083 revelat.

471 1124 845 1191 Consensus
874 1143 1034 1190 vero
1066 1124 1383 1207 ejusmodi
1412 1122 1809 1191 manifestae
1826 1125 2116 1217 innititur
2146 1126 2417 1191 veritati.

649 1254 796 1320 650.
847 1251 1104 1319 'rhesis
1146 1250 1484 1320 CCLXX.
1558 1273 1763 1327 Inter
1793 1263 2061 1341 poenas
2093 1287 2365 1340 smus,
2401 1240 2654 1340 quibus
2682 1274 3106 1340 puniuntur

470 1363 701 1430 impu,
735 1365 837 1416 est
873 1361 1092 1414 etiam
1130 1362 1316 1427 ionis
1366 1362 1565 1431 isque
1613 1375 1759 1417 non
1795 1363 2341 1431 metaphoricae,
2389 1364 2515 1419 sed
2564 1375 2772 1417 verus
2805 1364 3100 1429 propri-

469 1466 711 1521 usque.

647 1555 1089 1623 Declaratlo.
1138 1557 1415 1617 Infernus
1446 1558 1585 1617 Luc.
1628 1569 1653 1620 1
1668 1569 1724 1630 6,
1762 1567 1843 1623 28
1877 1559 2039 1618 haud
2068 1559 2368 1621 immerito
2399 1558 2624 1621 dicitur
2645 1561 2809 1628 ,locus
2838 1566 3094 1618 tormen-

470 1658 684 1724 torum,
723 1666 979 1725 quorum
1009 1647 1273 1724 gravitas
1305 1646 1648 1706 illustratur
1678 1649 2117 1724 comparatione
2148 1648 2433 1707 instituta
2463 1666 2598 1707 cum
2631 1648 2874 1708 coelesti
2903 1648 3101 1707 beati-

467 1739 699 1805 tudine.
765 1737 938 1797 Sicut
980 1736 1138 1795 enim
1184 1753 1246 1801 a.
1278 1736 1461 1811 hujus
1492 1736 1711 1813 gaudia
1741 1754 1851 1796 nec
1882 1737 2092 1797 oculus
2124 1737 2296 1809 vidit,
2343 1755 2452 1796 nec
2495 1737 2658 1797 auris
2690 1737 2939 1808 audivit,
2984 1754 3102 1797 nec

469 1829 535 1887 in
566 1846 664 1889 cor
692 1825 947 1885 hominis
979 1825 1247 1885 ascendit
1280 1820 1367 1907 (1.
1399 1824 1525 1884 Cor.
1561 1834 1617 1901 2,
1657 1821 1754 1908 9):
1803 1826 1888 1885 ita
1932 1829 1993 1885 et
2036 1826 2256 1885 inferni
2284 1844 2504 1902 poenas
2536 1844 2646 1885 nec
2677 1826 2888 1886 oculus
2918 1825 3098 1896 vidit,

469 1936 585 1977 nec.
620 1915 784 1976 auris
814 1914 1050 1974 audivit
1093 1917 1231 1986 etc.;
1278 1913 1435 1972 sicut
1477 1910 1547 1979 b.
1592 1915 1825 1974 coelum
1855 1915 2260 1976 manifestatio
2292 1918 2383 1974 est
2412 1915 2649 1975 divinae
2679 1914 3093 1974 liberalitatis:

468 2006 559 2065 ita
589 2006 860 2064 infernus
884 2003 1289 2063 manifestatio
1322 2005 1416 2062 est
1436 2003 1713 2078 justitiae
1732 2022 1870 2063 vere
1888 2004 2144 2084 divinae,
2179 2023 2316 2063 nam
2346 2005 2702 2064 horrendum
2733 2011 2816 2064 est
2843 2004 3104 2063 incidere

468 2095 533 2155 in
565 2112 777 2154 manus
807 2094 921 2152 Dei
948 2095 1186 2151 viventis
1216 2092 1396 2153 Hebr.
1436 2103 1533 2163 10,
1571 2100 1672 2156 31.
1740 2092 1909 2152 Sicut
1947 2107 2007 2157 o.
2039 2093 2103 2153 in
2135 2094 2297 2153 coelo
2329 2111 2563 2152 omnem
2593 2093 2900 2170 absterget
2931 2093 3091 2152 Deus

468 2180 786 2262 lacrymam
817 2182 894 2246 ab
923 2182 1113 2242 oculis
1146 2182 1474 2252 beatorum,
1505 2200 1737 2241 omnem
1769 2182 1952 2257 pellet
1977 2182 2242 2242 dolorem
2261 2183 2612 2258 luctumque
2638 2178 2843 2266 (Apoc.
2867 2191 2968 2253 21,
2990 2177 3094 2263 4):

467 2273 556 2331 ita
573 2273 637 2331 in
654 2272 888 2331 inferno
906 2270 1059 2331 nihil
1078 2271 1197 2329 erit
1216 2269 1375 2346 quod
1397 2270 1575 2328 solari
1594 2270 1805 2345 possit,
1828 2271 1931 2330 sed
1946 2290 2168 2346 poenae
2182 2272 2390 2330 fletum
2404 2271 2851 2348 extorquebunt
2870 2273 2933 2330 et
2952 2270 3094 2329 stri-

468 2362 671 2422 dorem
705 2359 990 2420 dentium.
1036 2359 1206 2431 Nam,
1239 2361 1311 2419 ut
1340 2358 1425 2417 ait
1455 2377 1500 2417 s.
1534 2359 1755 2419 Thom
1776 2378 1853 2418 as
1884 2360 1950 2419 in
1983 2370 2038 2423 4.
2059 2360 2198 2424 dist.
2221 2370 2302 2424 50
2339 2380 2393 2435 q.
2429 2369 2463 2422 2
2499 2380 2549 2420 a.
2576 2369 2610 2422 2
2645 2361 2758 2437 qcl.
2800 2371 2853 2431 1,
2889 2359 3096 2430 ,sicut

468 2453 713 2527 propter
729 2450 1049 2526 perfectam
1068 2452 1409 2508 sanctorum
1428 2448 1862 2507 beatitudinem
1882 2450 2035 2508 nihil
2054 2449 2171 2509 erit
2199 2449 2264 2508 in
2295 2450 2398 2520 eis,
2431 2449 2594 2525 quod
2625 2468 2747 2509 non
2778 2450 2859 2508 sit
2888 2448 3098 2527 gaudii

469 2539 746 2599 materia:
777 2538 866 2598 ita
894 2537 1050 2597 nihil
1080 2537 1197 2597 erit
1225 2537 1287 2596 in
1320 2537 1635 2608 damnatis,
1668 2538 1830 2613 quod
1862 2557 1983 2598 non
2012 2539 2096 2597 sit
2125 2539 2211 2599 eis
2244 2539 2493 2598 materia
2512 2542 2574 2598 et
2591 2556 2770 2599 causa
2787 2537 3095 2608 tristitiae,

467 2648 577 2690 nec
604 2627 849 2706 aliquid,
895 2626 1056 2704 quod
1086 2626 1162 2687 ad
1192 2625 1506 2686 tristitiam
1537 2626 1838 2703 pertinere
1867 2627 2076 2705 possit,
2122 2628 2325 2698 deerit,
2371 2630 2442 2688 ut
2489 2628 2571 2687 sit
2614 2646 2821 2689 eornm
2852 2628 3105 2687 miseria

469 2721 937 2778 consummata.‘
971 2716 1052 2776 ef.
1082 2735 1140 2779 n.
1178 2717 1342 2780 653⁸
1375 2735 1424 2774 a.
1473 2716 1643 2775 Sicut
1673 2712 1746 2778 d.
1780 2717 1845 2775 in
1877 2719 2039 2778 coelo
2070 2719 2283 2796 regnat
2314 2737 2478 2777 amor
2509 2721 2570 2777 et
2600 2717 2969 2777 benedictio:
3004 2717 3092 2774 ita

471 2924 602 2979 pag.
629 2915 734 2964 410
760 2924 858 2966 ss.;
908 2903 1325 2960 Schneider
1364 2904 1465 2958 das
1490 2904 1700 2960 andere
1728 2905 1936 2970 Leben,
1963 2903 2291 2961 Pederborn
2323 2912 2489 2967 1890:
2531 2904 3098 2960 Knabcnbauer

471 2987 572 3041 das
597 2986 871 3057 Zeugnies
897 2986 995 3040 des
1021 2984 1539 3054 Menschengeschl.
1567 2985 1661 3040 fiir
1686 2986 1781 3041 die
1812 2985 2301 3041 Unsterblichkeit
2325 2986 2425 3040 der
2441 2986 2617 3052 Seele‚
2644 2983 2915 3055 Friburgi
2938 2985 3100 3041 1878.

690 3071 725 3139 ¹)
754 3067 1014 3131 Causam,
1041 3080 1189 3132 quae
1215 3063 1445 3118 inducit
1466 3064 1788 3132 libertinos,
1827 3069 1896 3122 ut
1919 3069 2040 3122 tam
2065 3066 2315 3122 libenter
2340 3070 2556 3136 negent
2578 3064 2796 3121 interni
2821 3064 3095 3120 exsisten-

470 3147 629 3212 tiam,
656 3147 873 3216 reperit
898 3147 997 3198 Au
1013 3164 1104 3216 gu
1123 3162 1149 3198 s
1165 3144 1279 3197 tin
1296 3162 1334 3198 u
1351 3161 1377 3196 s
1416 3144 1478 3198 in
1502 3145 1836 3202 seductione
1863 3146 2175 3213 daemonis,
2203 3146 2307 3217 qui
2331 3147 2511 3202 simili
2551 3146 2770 3212 fraude,
2811 3162 2927 3215 qua
2952 3143 3094 3199 olim

471 3226 902 3298 protoparentes
941 3224 1182 3296 decepit,
1225 3240 1422 3279 eorum
1461 3228 1717 3296 posteros
1756 3227 2024 3282 seducere
2065 3226 2317 3292 molitur,
2359 3227 2442 3281 ita
2481 3228 2555 3281 ad
2594 3244 2712 3281 rem
2752 3226 3005 3281 scribens
3028 3224 3094 3279 in

471 3306 559 3362 Ps.
585 3307 656 3362 73
681 3323 736 3358 n.
765 3311 864 3360 25:
911 3306 1078 3370 „Vae‚
1122 3303 1334 3372 inquit,
1379 3306 1658 3376 perversis
1684 3306 1984 3362 cordibus:
2029 3307 2306 3375 quoniam
2345 3307 2430 3362 ita
2468 3309 2712 3362 ventura
2751 3310 2904 3372 sunt,
2945 3321 3103 3374 quae

470 3387 705 3450 restant,
731 3385 883 3444 sicut
907 3387 1189 3440 venerunt
1212 3384 1340 3450 ista,
1367 3401 1515 3452 quae
1542 3387 1681 3439 tunc
1707 3404 1823 3441 non
1850 3387 2105 3453 fuerunt,
2145 3390 2204 3442 et
2241 3390 2486 3442 ventura
2511 3385 3102 3459 praenunciabantur.

472 3467 563 3519 An
588 3481 722 3520 vero
749 3464 1016 3519 exhibuit
1041 3464 1207 3519 nobis
1232 3464 1385 3519 Deus
1412 3464 1623 3531 omnia,
1648 3482 1796 3535 quae
1822 3466 2105 3536 promisit,
2132 3470 2192 3522 et
2214 3468 2284 3522 de
2310 3469 2431 3522 solo
2457 3467 2551 3522 die
2570 3466 2782 3539 judicii
2808 3482 2911 3520 nos
2938 3465 3100 3519 fefel-

470 3545 578 3602 lit?
603 3588 617 3602 .
645 3586 657 3599 .
687 3587 699 3599 .
727 3545 936 3600 Veniet
961 3544 1211 3610 omnin0‚
1239 3543 1527 3612 quomodo
1555 3544 1666 3599 ista
1694 3550 1990 3612 venerunt,
2021 3548 2228 3613 veniet,
2269 3549 2473 3603 fratres
2514 3548 2646 3602 mei.
2697 3546 2877 3602 Nemo
2918 3544 3093 3611 dicat.

470 3645 587 3683 non
613 3625 808 3682 veniet
833 3666 846 3678 .
875 3666 888 3678 .
917 3664 930 3678 .
957 3623 1220 3679 Sufficiat
1242 3624 1430 3693 prima
1456 3624 1735 3696 deceptio.
1761 3626 1823 3682 Si
1850 3645 1966 3682 non
1981 3629 2278 3699 potuimus
2292 3629 2479 3700 primo
2507 3642 2838 3698 permanere
2852 3626 2916 3680 in
2935 3641 3102 3695 prae-

472 3709 654 3779 cept0,
684 3706 885 3760 saltem
912 3703 1266 3774 corrigamur
1290 3704 1569 3774 exemplo.
1597 3705 1869 3761 Nondum
1895 3711 2020 3763 erat
2041 3709 2362 3780 exemplum
2389 3725 2553 3763 casus
2574 3708 2832 3771 humani,
2861 3705 3104 3775 quando

472 3788 692 3844 dictum
718 3789 805 3842 est
828 3785 902 3840 ad
930 3785 1146 3838 Adam:
1170 3793 1338 3839 morte
1362 3789 1627 3855 morieris,
1653 3791 1703 3840 st·
1724 3792 1974 3856 tetiyeris.
2023 3788 2096 3841 Et
2137 3788 2296 3842 venit
2319 3789 2389 3843 de
2416 3792 2738 3843 transverso
2780 3802 3008 3858 serpens
3035 3789 3097 3840 et

472 3867 651 3939 dixit:
675 3886 783 3922 non
806 3876 974 3921 morte
998 3870 1260 3920 morieris.
1312 3863 1575 3919 Creditus
1601 3869 1688 3920 est
1712 3882 1959 3937 serpens,
1988 3870 2353 3938 contemptus
2377 3871 2467 3923 est
2489 3868 2658 3923 Deus.
2713 3866 2977 3922 Creditus
3003 3868 3093 3919 est

473 3965 720 4018 serpens,
747 3949 965 4002 tactum
992 3949 1077 3999 est
1101 3945 1363 4009 vetitum,
1393 3947 1654 4000 mortuus
1679 3949 1767 4001 est
1791 3947 1979 4003 homo.
2027 3947 2082 4001 N
2083 3964 2232 4003 onne
2258 3948 2560 4018 impletum
2586 3951 2674 4003 est
2695 3946 2910 4016 potius,
2935 3944 3100 4014 quod

474 4027 727 4081 minatus
753 4029 838 4081 est
862 4025 1033 4091 Deus,
1059 4041 1233 4094 quam
1259 4024 1415 4095 quod
1441 4025 1785 4095 promiserat
1809 4026 2080 4082 inimicus
2096 4037 2119 4081 ’ἑ
2144 4027 2236 4083 Sic
2262 4031 2350 4083 est
2366 4031 2547 4084 certe:
2572 4026 2938 4099 agnoscimus
2957 4024 3065 4078 hoc
3081 4045 3101 4078 ·.

473 4105 607 4160 inde
633 4123 828 4161 omnes
853 4105 919 4159 in
942 4108 1139 4160 morte.
1188 4104 1317 4158 Jam
1347 4104 1438 4158 vel
1475 4104 1697 4176 experti
1722 4106 1881 4160 cauti
1906 4105 2101 4165 simus.
2152 4107 2202 4161 N
2209 4125 2284 4162 on
2322 4108 2476 4162 enim
2502 4110 2686 4164 cessat
2709 4109 2768 4162 et
2790 4105 2958 4162 modo
2985 4120 3096 4158 ser-

474 4203 615 4256 pens
640 4185 997 4241 insusurrare
1023 4187 1083 4240 et
1105 4185 1323 4239 dicere:
1350 4184 1636 4253 numquid
1665 4202 1794 4240 vere
1821 4186 2198 4243 damnaturus
2223 4191 2311 4244 est
2333 4188 2486 4242 Deus
2511 4189 2704 4242 tantas
2729 4187 2926 4241 turbas
2941 4193 2965 4239 Ρ
3006 4184 3102 4238 Li·

474 4267 774 4322 beraturus
801 4270 887 4321 est
910 4273 1159 4338 paucos?
1207 4264 1358 4331 Quid
1399 4266 1487 4318 est
1508 4264 1689 4330 aliud,
1717 4283 1891 4335 quam
1918 4266 2090 4322 facite
2116 4269 2317 4322 contra
2340 4271 2728 4339 praeceptum,
2754 4283 2872 4322 non
2896 4264 3103 4321 morie·

473 4347 658 4402 mini?
704 4347 812 4404 Sed
839 4346 1126 4415 quomodo
1153 4349 1308 4411 tunc,
1336 4345 1417 4400 sic
1442 4348 1501 4400 et
1525 4363 1697 4400 nunc.
1746 4346 1807 4402 Si
1835 4346 2051 4412 feceris,
2081 4347 2236 4416 quod
2264 4347 2526 4419 suggerit
2563 4347 2844 4411 diabolus,
2884 4348 2944 4401 et
2966 4362 3095 4401 con·

475 4427 787 4497 tempseris,
814 4427 968 4496 quod
996 4425 1292 4497 praecepit
1316 4425 1484 4491 Deus,
1511 4425 1706 4479 veniet
1729 4426 1853 4480 dies
1869 4427 2103 4497 judicii,
2129 4431 2189 4483 et
2212 4427 2470 4483 invenies
2491 4444 2706 4493 verum,
2733 4426 2889 4497 quod
2914 4426 3102 4480 mina·

473 4508 567 4560 tus
593 4509 679 4560 est
702 4506 870 4571 Deus,
897 4510 956 4560 et
980 4507 1210 4571 falsum,
1236 4505 1392 4575 quod
1417 4505 1715 4574 pollicitus
1741 4508 1829 4560 est
1852 4507 2167 4564 diabolum-⁶
2200 4541 2261 4551 -—
2291 4507 2380 4562 Ad
2421 4524 2539 4563 rem
2576 4508 2752 4562 etiam
2794 4506 3024 4575 Chrys
3040 4523 3100 4560 o·

475 4603 500 4639 s
517 4588 657 4639 tom
675 4603 712 4639 u
730 4603 755 4639 s
780 4586 836 4643 h.
863 4593 925 4642 31
959 4586 1021 4639 in
1047 4602 1135 4656 ep.
1163 4585 1236 4639 ad
1264 4585 1422 4639 Rom.
1450 4602 1505 4639 n.
1533 4593 1596 4640 4:
1645 4586 1735 4648 „Si
1775 4585 1836 4651 ii,
1880 4587 1984 4655 qui
2008 4587 2150 4641 talia
2194 4590 2414 4659 (contra
2439 4586 2655 4642 inferni
2679 4585 3100 4659 exsistentiam)

471 4665 693 4730 dicunt,
719 4665 993 4721 virtutem
1019 4665 1290 4737 amplecti
1318 4665 1545 4735 vellent,
1570 4666 1684 4721 cito
1712 4665 1782 4721 de
1809 4667 2073 4737 gehenna
2095 4667 2353 4736 persuasi
2374 4669 2564 4723 essent
2582 4681 2687 4720 nec
2706 4664 3097 4738 dubitarent*
