3538 5364
586 240 717 305 398
944 233 1128 287 Tract.
1160 235 1248 287 IX.
1276 234 1345 287 de
1372 232 1647 288 sacrificio
1674 233 1896 287 missae.
1924 233 2123 288 Thesis
2150 234 2490 291 CCXXXVI.
2517 237 2588 290 de
2616 237 2861 291 essentia

1576 414 2059 482 Articulus
2109 417 2213 484 11.

1211 537 1314 602 De
1363 538 1737 602 essentia
1783 537 2202 601 sacrificii
2249 539 2568 605 missae.

764 667 910 730 414.
945 662 1035 725 Eo
1069 662 1229 742 ipso,
1263 660 1433 743 quod
1485 659 1865 741 proponitur
1916 660 2328 739 credendum,
2363 662 2788 728 eucharistiae
2822 665 3200 730 celebratio-

585 788 735 834 nem
767 787 909 853 esse
947 787 1166 831 verum
1215 769 1671 850 propriumque
1717 766 2117 845 sacrificium,
2163 769 2555 833 credendum
2606 778 2708 834 est
2740 770 2953 847 etiam,
2987 772 3202 835 omnia

584 876 644 939 ei
676 875 886 939 inesse
919 875 1256 950 elementa,
1291 892 1457 955 quae
1490 873 1787 938 sacrificii
1819 874 2222 939 constituunt
2266 894 2507 940 essen
2527 873 2743 952 tiam,
2790 876 3043 940 etiamsi
3072 896 3201 941 non

584 981 743 1044 satis
775 980 960 1044 nobis
992 987 1260 1057 constet,
1294 999 1462 1063 quae
1493 980 1781 1060 singulae
1814 985 2009 1044 notae
2040 980 2169 1043 sint
2198 979 2509 1043 sacrificio
2563 984 2956 1060 essentiales
3007 984 3106 1048 vel
3137 984 3200 1048 in

584 1105 714 1169 quo
746 1087 1002 1168 proprie
1035 1085 1325 1150 sacrificii
1376 1085 1785 1150 eucharistici
1831 1085 2110 1150 essentia
2160 1086 2490 1153 consistat.
2552 1085 2766 1165 Quare
2798 1107 2877 1152 ex
2910 1089 3200 1153 dissensu

584 1194 1027 1275 theologorum
1061 1194 1526 1257 catholicorum
1570 1194 1739 1257 inter
1771 1211 1841 1257 se
1874 1192 1954 1257 de
1986 1193 2268 1257 essentia
2315 1191 2608 1256 sacrificii
2656 1194 2789 1260 sive
2840 1195 2906 1259 in
2951 1215 3198 1277 genere,

582 1304 718 1366 sive
750 1301 814 1363 in
846 1300 1056 1381 specie
1090 1300 1304 1381 quoad
1337 1300 1717 1364 sacrificium
1764 1299 2274 1373 eucharisticum,
2320 1300 2639 1364 immerito
2673 1300 2956 1380 infertur,
2993 1323 3197 1386 neque

582 1410 664 1474 de
696 1410 835 1489 ipso
870 1415 1169 1472 constare
1202 1409 1522 1489 dogmate,
1556 1425 1684 1490 quo
1716 1406 2113 1488 profitemur,
2157 1407 2420 1469 missam
2468 1424 2611 1473 esse
2647 1408 3048 1473 sacrificium.
3111 1409 3196 1474 Cf.

584 1514 1022 1579 Franzelin
1054 1515 1140 1577 th.
1180 1519 1278 1581 14.
1313 1512 1705 1577 Conabimur
1735 1519 1954 1578 tamen
1973 1513 2265 1595 patribus
2297 1519 2361 1577 et
2391 1513 2852 1579 celebrioribus
2887 1516 3197 1598 theologis

580 1621 870 1697 ducibuS‚
904 1621 1374 1703 quadamtenus
1407 1620 1634 1684 saltem
1666 1619 1856 1699 hujus
1887 1618 2180 1682 sacrificii
2212 1619 2519 1700 indagare
2551 1621 2920 1686 essentiam.

758 1769 907 1833 415.
954 1764 1211 1832 'rhesis
1259 1760 1711 1830 CCXXXVI·
1755 1781 2096 1845 sam-mou
2115 1783 2564 1837 eucharistici
2591 1788 2893 1840 essentia
2914 1788 2995 1841 cn
3017 1789 3196 1842 um-

582 1890 804 1943 nsque
841 1876 1095 1941 speciei
1132 1874 1648 1927 consecratione
1687 1873 2024 1925 consistit.

757 1996 1331 2064 Demonstratio.
1365 1994 1738 2057 Doctrinam
1771 1993 1851 2061 de
1882 1993 2175 2058 sacrificii
2207 1994 2614 2060 eucharistici
2634 1998 2914 2061 essentia
2935 1998 3195 2062 distinc-

585 2104 662 2165 tis
695 2102 1238 2184 propositionibus
1271 2102 1589 2182 gradatim
1622 2120 2075 2183 proponemus,

758 2228 816 2297 I.
851 2226 1241 2292 Consecratio
1291 2235 1380 2291 est
1430 2228 1504 2290 de
1554 2227 1821 2290 essentia
1870 2226 2059 2307 hujus
2108 2226 2416 2307 sacrificii.
2480 2226 2666 2305 Quod
2715 2228 2806 2292 ita
2853 2230 3196 2311 probatur:

759 2333 1222 2401 l.sacrificium
1238 2334 1601 2399 continetur
1618 2334 1834 2415 aliqua
1849 2333 2140 2408 actione3
2175 2333 2363 2414 hujus
2384 2350 2539 2396 vero
2570 2334 2861 2399 sacrificii
2893 2336 3197 2401 sacerdos

578 2441 943 2522 principalis
976 2448 1073 2505 est
1104 2439 1392 2504 Christus
1426 2440 1526 2525 (cf.
1560 2460 1617 2502 n.
1650 2440 1828 2525 422).
1889 2437 1983 2501 Ea
2032 2457 2182 2519 ergo
2235 2439 2488 2504 actione
2533 2439 2823 2505 sacrificii
2869 2442 3061 2524 hujus
3093 2462 3195 2508 es-

579 2548 788 2611 sentia
820 2548 1199 2621 continetur,
1234 2565 1429 2629 quam
1473 2546 1778 2611 sacerdos
1823 2545 2083 2610 nomine
2129 2552 2192 2610 et
2240 2546 2376 2611 vice
2409 2546 2643 2611 Christi
2673 2549 2937 2630 peragit.
3001 2550 3197 2634 Atqui

579 2654 644 2718 in
676 2655 1160 2720 consecratione
1193 2654 1471 2719 maxime
1504 2653 1809 2718 sacerdos
1841 2670 2029 2718 suam
2061 2654 2235 2719 exuit
2266 2673 2611 2736 personam
2633 2662 2827 2739 atque
2844 2674 3195 2737 personam

576 2762 782 2825 induit
814 2760 1062 2826 Christi.
1124 2761 1287 2839 Ergo
1321 2762 1384 2822 in
1418 2760 1541 2822 hac
1571 2759 1883 2839 imprimis
1917 2759 2226 2823 consistet
2259 2760 2430 2824 actio
2463 2760 2873 2825 sacrificialiS.

756 2870 820 2939 2.
853 2867 1253 2932 Sacrificium
1284 2867 1521 2930 missae
1553 2866 1846 2947 repetitio
1880 2873 1978 2930 est
2009 2865 2303 2931 sacrificii
2323 2884 2586 2944 coenae,
2620 2868 2977 2933 secundum
3009 2870 3193 2934 illud:

576 2974 716 3038 Hoc
758 2974 947 3057 facite
992 2977 1056 3037 in
1100 2994 1301 3037 meam
1346 2975 1976 3037 commemorationem
2025 2973 2171 3038 Luc.
2218 2978 2321 3051 22,
2372 2980 2454 3044 19
2502 2975 2619 3038 col.
2675 2981 2729 3044 1.
2763 2974 2904 3040 Cor.
2943 2984 3043 3054 11,
3090 2984 3192 3048 25.

576 3082 773 3164 Atqui
822 3086 1077 3162 praeter
1127 3080 1681 3146 consecrationem
1731 3099 1864 3144 non
1912 3086 2171 3145 constat
2220 3081 2412 3144 aliam
2457 3099 2498 3144 a
2530 3080 2785 3146 Christo
2841 3083 3194 3148 adhibitam

577 3187 772 3251 fuisse
807 3187 1147 3263 actionem,
1179 3188 1245 3250 in
1279 3205 1408 3268 qua
1439 3188 1792 3251 consistere
1824 3188 2030 3268 possit
2060 3187 2353 3251 sacrificii
2385 3189 2567 3252 ratio.

756 3297 821 3362 3.
858 3292 1126 3358 Constat
1156 3295 1261 3358 via
1294 3295 1687 3372 excludente,
1733 3312 1880 3358 cum
1926 3294 2101 3358 nulla
2152 3294 2282 3358 alia
2325 3295 2637 3375 assignari
2689 3303 2885 3378 queat
2916 3298 3083 3362 actio
3116 3317 3195 3363 ex

578 3402 670 3476 iis,
706 3419 872 3483 quae
904 3403 970 3464 in
1001 3402 1433 3467 celebratione
1467 3401 1891 3465 eucharistiae
1910 3401 2201 3465 adhiberi
2219 3401 2446 3478 solent,
2466 3403 2569 3465 cui
2591 3402 2755 3466 adeo
2776 3403 3070 3466 sacrificii
3089 3423 3191 3470 es-

576 3507 787 3572 sentia
817 3513 1144 3589 competat
1175 3508 1343 3573 sicut
1374 3507 1876 3572 consecrationi:
1926 3507 2031 3572 cui
2063 3508 2257 3572 etiam
2290 3508 2375 3572 nil
2408 3509 2633 3573 deesse
2666 3509 2920 3573 videtur
2952 3527 3194 3587 eorum,

576 3635 743 3698 quae
777 3617 856 3682 de
888 3616 1180 3680 sacrificii
1212 3617 1492 3681 essentia
1541 3622 1707 3692 sunt,
1760 3622 1830 3679 ut
1878 3633 2031 3679 mox
2081 3615 2452 3680 videbimus,
2516 3615 2738 3698 Neque
2788 3616 2960 3679 enim
3006 3616 3195 3699 hujus

573 3723 867 3788 sacrificii
886 3723 1167 3788 essentia
1198 3723 1263 3785 in
1295 3740 1329 3783 c
1347 3741 1386 3785 o
1403 3742 1467 3784 m
1485 3741 1548 3784 m
1567 3742 1606 3786 u
1624 3721 1756 3785 nio
1774 3740 1817 3784 n
1834 3739 1869 3785 e
1901 3721 2207 3798 consistit,
2242 3738 2409 3802 quae
2432 3722 2624 3785 unica
2639 3728 2739 3786 est
2758 3723 2946 3800 actio,
2967 3722 3049 3788 de
3070 3741 3198 3806 qua

573 3848 720 3892 cum
766 3829 982 3912 aliqua
1013 3831 1146 3895 veri
1186 3829 1595 3894 similitudine
1640 3836 1862 3910 posset
1911 3828 2219 3892 dubitari:
2266 3847 2418 3892 nam
2466 3828 2848 3894 sacrificium
2904 3832 3198 3895 consistit

574 3955 731 4002 sane
762 3938 829 4000 in
862 3938 1076 4019 aliqua
1096 3937 1369 4012 actione,
1394 3955 1589 4018 quam
1621 3934 1907 3999 Christus
1940 3936 2004 3999 in
2036 3934 2265 3999 ultima
2285 3953 2492 4000 coena
2510 3936 2759 4017 peregit
2790 3943 2854 4001 et
2884 3937 3196 4002 sacerdos

572 4043 711 4124 ejus
742 4044 1001 4108 nomine
1031 4044 1228 4126 ponit„
1280 4043 1474 4126 Atqui
1507 4041 1828 4106 Christum
1861 4043 1926 4105 in
1957 4042 2183 4106 ultima
2213 4059 2421 4106 coena
2452 4042 2975 4108 communionem
3006 4060 3194 4109 acce-

573 4151 743 4230 pisse
774 4169 906 4214 non
938 4155 1211 4228 constat,
1244 4169 1453 4233 neque
1504 4150 2023 4214 communionem
2055 4149 2361 4212 sacerdos
2393 4149 2653 4212 nomine
2683 4149 2911 4229 recipit
2943 4148 3196 4225 Christi,

572 4274 782 4337 neque
814 4257 876 4319 vi
906 4257 1245 4338 potestatis
1278 4256 1536 4332 ordiniS,
1570 4255 1672 4318 cui
1703 4255 1824 4318 soli
1853 4255 2141 4318 innititur
2185 4260 2472 4335 potestas
2519 4253 2951 4331 sacrificandi3
3015 4275 3194 4322 eam-

574 4382 698 4444 que
730 4363 1049 4444 accipiunt
1080 4370 1144 4429 et
1173 4364 1334 4437 laici,
1371 4365 1497 4427 imo
1532 4362 1860 4445 quondam
1893 4379 2039 4426 eam
2071 4360 2192 4424 sibi
2222 4361 2342 4441 ipsi
2374 4367 2675 4442 poterant
2706 4361 3083 4428 ministrare.
3103 4401 3193 4411 —

575 4469 671 4533 Ad
704 4470 884 4545 haec,
918 4488 1274 4550 repugnare
1305 4470 1557 4535 videtur
1596 4476 1706 4544 ,ut
1737 4468 1990 4532 dicatur
2034 4468 2272 4549 aliquid
2317 4467 2529 4533 offerri
2561 4467 2696 4533 Deo
2742 4489 2857 4551 per
2903 4488 3047 4534 eam
3081 4489 3192 4535 ac·-

574 4576 834 4652 tionem,
867 4594 995 4658 qua
1027 4595 1158 4640 non
1190 4576 1324 4640 Deo
1358 4576 1563 4654 datur,
1595 4576 1710 4641 sed
1740 4575 1986 4639 homini
2037 4582 2100 4639 et
2145 4577 2210 4639 in
2261 4576 2587 4657 propriam
2620 4575 2963 4641 utilitatem
2997 4577 3078 4641 ab
3113 4596 3191 4641 eo

571 4683 970 4747 consumitur
1004 4683 1078 4769 (B
1096 4682 1187 4746 ill
1207 4702 1245 4747 o
1263 4686 1369 4770 t).«
