3538 5364
612 305 744 370 532
852 298 1038 352 Tract.
1066 298 1155 352 IX.
1185 298 1254 351 de
1282 295 1499 350 ordine.
1528 296 1726 351 Thesis
1754 295 2011 352 CCLVII.
2040 295 2109 350 de
2131 296 2529 367 episcoporum
2552 297 2986 367 praerogativis,

612 498 750 561 puS,
788 480 923 544 sive
959 478 1265 542 sacerdos
1296 476 1582 558 simpleX,
1630 477 1757 541 sint
1791 496 1868 542 ex
1901 477 2298 542 institutione
2331 475 2566 542 Christi
2600 478 3003 542 auctoritatis
3036 484 3101 544 et
3127 480 3234 560 ju-

612 585 998 652 risdictionis
1031 584 1373 667 aequalis.‘
1432 582 1520 648 Cf.
1552 584 1757 648 Kurz
1791 583 1917 649 Der
1947 583 2297 667 Episkopat
2326 584 2440 649 der
2470 584 2742 650 hochste
2773 604 2923 649 vom
2954 584 3232 667 Presby-

611 700 780 758 terat
808 691 1265 758 verschiedene
1301 687 1493 768 Ordo,
1525 689 1718 755 Wien
1758 696 1948 760 1877.

788 840 937 907 561.
970 836 1226 903 'rhesis
1260 832 1591 916 CCLVII.
1631 857 1837 909 Inter
1850 858 2417 923 praerogativas,
2436 856 2689 923 quibus
2716 858 3024 923 episcopi
3036 869 3240 920 pres-

610 949 872 1013 byteris
903 946 1370 1013 praecellunt,
1410 945 1540 998 illa
1577 947 1862 1009 eminet,
1897 958 2041 1012 qua
2078 945 2212 998 soli
2248 945 2521 999 Christo
2547 948 2832 998 auctore
2858 945 3239 1012 divinoque

596 1038 768 1104 jure
780 1038 1088 1103 ,aiones-e
1099 1040 1343 1101 patres
1359 1031 1728 1089 Ecclesiae‘
1736 1038 2055 1101 possunt,
2070 1037 2383 1103 adeoque
2398 1048 2753 1089 manuum
2782 1035 3237 1100 impositione

610 1129 965 1194 episcopos
1003 1128 1068 1179 et
1098 1125 1544 1191 presbyteros
1583 1126 1950 1180 ordinare.

788 1246 1361 1314 Demonstratio.
1424 1243 1705 1324 insignes
1738 1262 2001 1326 prorsus
2034 1249 2184 1307 sunt
2213 1244 2705 1325 praerogativae
2740 1251 2805 1309 et
2835 1245 3041 1322 doteS,
3076 1263 3245 1327 quas

611 1359 826 1435 patres
876 1350 1294 1418 vetustissimi
1345 1350 1651 1432 episcopo
1701 1350 2034 1414 vindicant
2084 1357 2280 1432 atque
2330 1350 2862 1431 splendidissimis
2912 1351 3246 1415 coloribus

611 1460 977 1541 depingunt.
1007 1457 1148 1539 Ipse
1181 1464 1280 1521 est
1309 1462 1603 1522 centrum
1633 1457 1921 1534 unitati3‚
1954 1457 2058 1521 cui
2090 1457 2265 1522 velut
2295 1459 2584 1522 citharae
2616 1457 2845 1539 reliqui
2864 1463 2936 1522 ut
2953 1457 3247 1523 chordae

612 1566 953 1630 concinere
984 1563 1251 1639 debent3
1303 1564 1439 1644 ipse
1470 1581 1701 1627 norma
1735 1563 2040 1628 credendi
2073 1570 2137 1628 et
2172 1564 2423 1645 agendi,
2457 1583 2498 1628 a
2529 1583 2655 1646 quo
2689 1570 2830 1628 tota
2860 1565 2992 1628 vita
3025 1572 3089 1630 et
3124 1585 3244 1645 gu-

611 1671 910 1736 bernatio
942 1670 1266 1736 Ecclesiae
1296 1669 1563 1751 pendet:
1595 1670 1768 1734 vices
1803 1670 2039 1734 Christi
2070 1687 2322 1751 gerens,
2356 1671 2486 1735 imo
2521 1677 2592 1735 ut
2621 1678 2892 1734 vocatur
2910 1672 2975 1734 in
2995 1674 3249 1736 consti·

613 1777 962 1843 tutionibus
995 1775 1364 1858 apostolicis
1398 1776 1466 1853 Il,
1502 1782 1606 1854 26,
1639 1775 1828 1854 ,Deus
1862 1778 2256 1863 1611611651).ι
2319 1777 2499 1857 Quae
2551 1777 2771 1841 omnia
2800 1778 3025 1858 paucis
3057 1797 3244 1843 com-

611 1884 906 1966 plectitur
935 1904 983 1947 s.
1015 1883 1385 1964 Ignatius
1418 1882 1496 1946 Μ.
1530 1882 1595 1945 111
1628 1901 1724 1965 ep.
1760 1883 1844 1947 ad
1876 1901 2257 1965 smyrnaeos
2290 1903 2349 1946 n.
2383 1889 2456 1953 8:
2527 1882 2926 1965 ,Separatim
2970 1885 3055 1948 ab
3104 1886 3248 1967 epi·

612 2009 810 2072 scopo
841 2008 1033 2055 nemo
1065 1992 1417 2074 quidquam
1447 1990 1642 2055 faciat
1674 2009 1917 2068 eorum,
1950 2009 2119 2073 quae
2152 1991 2233 2055 ad
2266 1989 2619 2057 Ecclesiam
2650 1998 2961 2072 spectant.
3007 1992 3251 2057 Valida

612 2097 1000 2162 eucharistia
1029 2097 1347 2163 habeatur
1389 2098 1516 2175 illa,
1567 2116 1734 2178 quae
1782 2097 1901 2162 sub
1951 2099 2255 2179 episcopo
2301 2099 2644 2180 peragitur,
2696 2098 2799 2162 vel
2847 2098 2968 2162 sub
3003 2117 3104 2174 ec,
3139 2099 3245 2163 cui

612 2205 750 2287 ipse
781 2205 1190 2270 concesserit.
1253 2203 1376 2270 Ubi
1406 2205 1845 2286 comparuerit
1876 2206 2236 2287 episcopus,
2273 2205 2360 2269 ibi
2394 2212 2456 2270 et
2488 2205 2830 2270 multitudo
2862 2205 2978 2280 sit3
3010 2224 3244 2288 quem-

615 2311 962 2375 admodum
993 2310 1106 2374 ubi
1137 2311 1326 2376 fuerit
1356 2308 1645 2375 Christus
1677 2311 1885 2389 JesuS,
1934 2311 2023 2375 ibi
2056 2312 2378 2376 catholica
2420 2317 2518 2377 est
2547 2311 2848 2377 Ecclesia.
2912 2310 3058 2375 Non
3091 2309 3247 2377 licet

612 2419 750 2483 sine
782 2418 1084 2500 episcopo
1117 2436 1326 2499 neque
1357 2416 1702 2499 baptizare,
1749 2437 1961 2500 neque
1994 2436 2245 2500 agapen
2277 2417 2621 2496 celebrare,
2654 2418 2768 2483 sed
2800 2417 3245 2500 quodcunque

613 2523 717 2589 ille
747 2524 1133 2606 probaverit,
1164 2524 1288 2588 hoc
1321 2530 1386 2588 et
1418 2522 1552 2588 Deo
1603 2531 1703 2588 est
1751 2523 2248 2606 beneplacitum,
2301 2532 2373 2594 ut
2419 2524 2675 2589 firmum
2726 2530 2792 2590 et
2839 2521 3128 2588 validum
3163 2526 3246 2588 sit

613 2649 823 2709 omne,
857 2629 1031 2714 quod
1063 2630 1444 2712 peragitur.‘
1485 2628 1560 2694 Et
1593 2630 1676 2695 ad
1711 2630 2009 2712 ephesios
2042 2649 2101 2694 n.
2136 2635 2177 2700 3
2210 2650 2285 2695 s.:
2327 2630 2412 2705 „J.
2448 2629 2754 2708 ChristuS,
2788 2629 3244 2712 inseparabilis

612 2744 837 2802 nostra
866 2737 1018 2814 vita,
1051 2737 1372 2802 sententia
1406 2737 1470 2828 (ἡ
1500 2739 1735 2827 γνώμη)
1768 2736 1984 2801 Patris
2017 2744 2133 2813 est,
2165 2744 2236 2802 ut
2268 2743 2332 2803 et
2364 2738 2646 2820 episcopi
2677 2756 2794 2819 per
2826 2743 3073 2802 tractus
3109 2744 3245 2802 ter-

612 2862 725 2909 rae
756 2844 1087 2909 constituti
1120 2843 1186 2907 in
1216 2844 1538 2909 sententia
1567 2844 1618 2908 J.
1653 2843 1887 2907 Christi
1918 2851 2087 2909 sunt.
2149 2843 2331 2909 Unde
2381 2845 2567 2910 decet
2597 2862 2716 2908 vos
2747 2845 2813 2907 in
2844 2845 3243 2909 sententiam

614 2951 898 3033 episcopi
928 2968 1329 3028 concurrere,
1376 2950 1547 3032 quod
1595 2956 1659 3014 et
1689 2948 1914 3015 facitis
1978 2949 2143 3013 Nam
2175 2950 2592 3015 memorabile
2623 2950 3098 3033 presbyterium
3129 2970 3244 3015 ve·

613 3066 832 3135 strum,
853 3058 1115 3137 dignum
1130 3056 1282 3134 Deo,
1300 3057 1391 3120 ita
1405 3062 1780 3138 coaptatum
1797 3063 1899 3121 est
1917 3057 2238 3139 episcopo,
2256 3063 2326 3120 ut
2340 3056 2627 3120 chordae
2642 3056 2946 3122 citharae.
2969 3057 3252 3139 Propter

614 3166 738 3228 hoc
770 3165 834 3228 in
866 3181 1187 3228 consensu
1230 3170 1444 3229 vestro
1492 3170 1558 3229 et
1589 3162 1898 3227 concordi
1942 3163 2214 3228 caritate
2244 3163 2295 3227 J.
2330 3161 2619 3227 Christus
2669 3164 2923 3228 canitur
2956 3215 2969 3227 .
3006 3216 3019 3227 .
3055 3215 3067 3226 .
3100 3164 3248 3228 Ma-

613 3269 913 3334 nifestum
946 3270 1133 3350 igitur
1165 3277 1280 3347 est,
1328 3271 1499 3353 quod
1546 3272 1922 3352 episcopum
1968 3271 2288 3352 respicere
2321 3275 2640 3352 oporteat,
2673 3277 2744 3334 ut
2773 3271 2985 3352 ipsum
3019 3271 3250 3335 Domi-

613 3378 883 3463 numss).<
953 3376 1114 3440 Hinc
1157 3377 1415 3459 plenam
1460 3377 1543 3441 ab
1591 3377 1896 3459 episcopo
1943 3376 2438 3459 dependentiam
2483 3376 2766 3441 inculcat
2796 3378 2995 3441 etiam
3027 3396 3251 3443 canon

614 3501 714 3565 ap.
746 3489 834 3553 40
866 3483 967 3548 vel
999 3488 1115 3552 38:
1187 3482 1588 3567 „Presbyteri
1632 3490 1828 3565 atque
1860 3482 2118 3546 diaconi
2165 3482 2410 3565 absque
2456 3484 2775 3548 sententia
2808 3491 2874 3549 et
2903 3484 3253 3549 voluntate

615 3590 897 3672 episcopi
926 3590 1081 3653 nihil
1113 3598 1454 3671 peragant:
1495 3591 1632 3671 ipse
1678 3590 1850 3654 enim
1882 3596 1998 3666 est,
2044 3590 2148 3653 cui
2178 3590 2590 3654 concreditus
2639 3588 2755 3654 fuit
2799 3589 3078 3672 populus
3111 3591 3252 3656 Do-

613 3698 768 3760 mini
799 3703 862 3762 et
896 3714 937 3761 a
967 3715 1093 3778 quo
1126 3696 1206 3761 de
1239 3696 1577 3761 animabus
1610 3715 1834 3762 eorum
1865 3696 2030 3759 ratio
2061 3702 2488 3777 reposcetur«
2528 3696 2730 3778 Hujus
2751 3698 2973 3761 totalis
2995 3697 3251 3785 depen-

836 3968 870 4029 1)
900 3962 1083 4015 Multa
1109 3962 1226 4016 alia
1252 3963 1541 4016 habentur
1566 3962 1860 4031 praeclara
1887 3961 1950 4014 in
1978 3960 2132 4015 hisce
2165 3960 2679 4017 constitutionibus
2724 3962 2794 4015 de
2840 3958 3254 4032 episcoporum

614 4042 916 4113 dignitate.
967 4043 1053 4095 Ita
1080 4059 1126 4095 c.
1159 4051 1218 4098 ll
1243 4064 1254 4096 :
1303 4040 1627 4106 „Quocirca,
1654 4042 1937 4111 episcope,
1979 4041 2145 4095 stude
2173 4041 2556 4096 immaculatis
2581 4041 2807 4096 actibus
2832 4041 3025 4094 locum
3054 4041 3258 4112 digni-

615 4126 906 4191 tatemque
933 4124 1092 4175 tuam
1121 4122 1458 4191 patefacere,
1500 4122 1638 4189 quia
1678 4122 1830 4175 inter
1870 4120 2132 4175 homines
2173 4122 2413 4192 figuram
2460 4121 2684 4177 obtines
2709 4120 2831 4186 Dei,
2859 4120 3254 4192 praesidendo

615 4202 835 4258 cunctis
860 4202 1226 4257 mortalibus:
1268 4201 1676 4266 sacerdotibus,
1703 4200 1954 4270 regibus,
1982 4201 2068 4271 pri
2079 4201 2360 4271 ncipibuS,
2402 4202 2682 4273 patribus,
2708 4201 2861 4265 filiis,
2888 4201 3259 4268 doctoribuS,

613 4282 851 4346 cunctis,
879 4282 982 4350 qui
1007 4281 1223 4353 pariter
1248 4298 1442 4336 omnes
1469 4280 1577 4335 tibi
1604 4281 1850 4351 subjecti
1876 4284 2028 4336 sunt.
2080 4280 2171 4336 Sic
2210 4299 2343 4352 ergo
2385 4282 2446 4335 in
2473 4282 2724 4337 Ecclesia
2764 4282 2894 4336 sede
2923 4297 3251 4339 sermonem

614 4361 828 4415 faciens
869 4361 1034 4429 quasi
1075 4363 1355 4431 potestate
1395 4359 1692 4430 praeditus
1724 4359 2031 4429 judicandi
2059 4363 2197 4413 etc.“
2255 4360 2388 4431 Cap.
2419 4368 2503 4418 29.
2530 4368 2598 4418 30
2638 4362 2729 4433 (cf.
2759 4380 2813 4414 11.
2844 4364 3013 4432 553²),
3044 4369 3112 4417 52
3140 4381 3252 4419 ss:

616 4442 764 4505 VIII,
786 4449 854 4498 28
874 4444 933 4495 et
951 4449 1038 4498 46.
1083 4442 1164 4495 Cf.
1192 4441 1389 4496 Dunin
1408 4441 1453 4494 B
1471 4459 1502 4495 o
1520 4459 1547 4492 r
1562 4440 1602 4492 k
1618 4458 1650 4494 o
1667 4458 1718 4493 w
1735 4459 1760 4493 s
1779 4440 1819 4492 k
1837 4439 1859 4493 i
1884 4439 1990 4494 Die
2008 4457 2254 4495 neueren
2272 4440 2679 4511 Forschungen
2700 4441 2840 4495 tiber
2859 4440 2955 4495 die
2972 4442 3253 4513 Anffinge

615 4520 712 4574 des
740 4520 1063 4591 Episcopat,
1094 4520 1369 4592 Freiburg
1401 4528 1566 4581 1900;
1605 4521 1657 4573 M
1677 4519 1914 4575 ihiels
1942 4520 2228 4591 L'origine
2270 4520 2340 4573 de
2381 4520 2750 4592 l'Episcopat,
2790 4520 3055 4575 Londain
3086 4527 3250 4579 1900.

833 4604 873 4672 2)
902 4601 983 4655 Cf.
1013 4602 1247 4671 insuper
1273 4618 1363 4672 ep.
1391 4602 1464 4654 ad
1491 4600 1813 4672 magnesios
1839 4618 1893 4653 n.
1922 4609 1957 4656 4
1982 4602 2040 4653 et
2065 4604 2097 4657 7
2115 4622 2126 4659 ;
2168 4601 2240 4653 ad
2269 4600 2420 4657 trall.
2448 4620 2502 4656 n.
2534 4609 2564 4657 2
2591 4604 2650 4653 et
2672 4604 2705 4655 7
2725 4622 2735 4660 ς
2776 4600 2849 4654 ad
2878 4600 3247 4671 philadelph.

615 4700 671 4735 n.
697 4684 730 4735 7
758 4683 892 4741 etc.;
946 4682 1334 4735 Thomassi
1354 4700 1444 4735 nu
1464 4700 1488 4735 s
1528 4684 1692 4736 vetus
1731 4684 1792 4736 et
1815 4697 1963 4735 nova
1992 4679 2274 4734 Ecclesiae
2302 4679 2607 4751 disciplina
2635 4700 2689 4751 p.
2721 4689 2744 4736 1
2774 4679 2814 4735 1.
2844 4689 2871 4736 1
2901 4697 3025 4751 cap.
3062 4690 3081 4735 l
3117 4700 3158 4736 s.
3184 4687 3251 4735 et

615 4771 684 4819 50
709 4761 1319 4831 ss.;Phillips1.c.
1346 4780 1402 4831 p.
1433 4771 1458 4818 1
1490 4771 1517 4829 ξ
1544 4768 1629 4819 36.
