3538 5364
819 369 1016 422 Thesis
1042 368 1242 423 CCLX.
1270 367 1700 422 Matrimonium
1731 371 1818 423 est
1845 368 1914 421 N.
1940 369 2002 422 L.
2029 371 2463 422 sacramentum.
2831 377 2962 439 553

522 555 671 619 589.
721 549 1190 633 Disputationis
1220 550 1391 613 ονάο.
1440 588 1526 597 -
1573 549 1814 614 Eodem
1860 568 2013 631 ergo
2060 550 2313 626 ordine,
2366 568 2492 631 quo
2527 551 2962 616 recensuimus

345 676 595 721 errores
627 657 938 722 adversus
970 656 1319 738 genuinam
1341 657 1733 720 matrimonii
1765 658 2116 731 notionem,
2148 657 2534 721 catholicam
2567 674 2962 737 exponemus

345 764 721 828 doctrinam.
786 762 1209 828 Honestatem
1256 771 1472 828 tamen
1506 764 1785 829 ethicam
1819 765 2212 829 matrimonii
2244 766 2398 828 data
2430 784 2629 846 opera
2661 784 2792 829 non
2824 767 2962 829 vin-

340 869 721 946 dicabimus,
754 888 900 934 cum
932 888 1081 934 eam
1112 871 1307 935 modo
1328 871 1542 935 nullus
1563 889 1763 935 sanae
1784 872 2019 937 mentis
2042 872 2312 953 amplius
2333 881 2539 953 neget.
2569 872 2726 936 Eam
2746 880 2963 954 patres

341 977 618 1059 probare
650 975 861 1041 solent
891 995 971 1041 ex
1003 995 1100 1054 e0,
1147 977 1318 1059 quod
1360 977 1530 1041 Deus
1563 979 1698 1059 ipse
1732 986 1959 1043 auctor
1991 979 2073 1042 sit
2103 985 2376 1043 naturae
2414 979 2737 1043 humanae
2769 998 2963 1060 gene-

338 1085 592 1150 ratione
623 1084 1099 1167 propagandae,
1132 1084 1270 1165 ipse
1304 1085 1539 1149 crearit
1560 1084 1756 1148 Evam
1790 1085 2233 1168 copularitque
2265 1085 2535 1162 AdamO,
2569 1086 2704 1166 ipse
2736 1085 2964 1150 dixerit

342 1192 425 1254 ad
445 1197 935 1272 protoparentes
957 1190 1371 1255 matrimonio
1386 1191 1675 1273 junctos:
1704 1192 1966 1257 Crescite
1987 1199 2042 1255 et
2061 1191 2575 1276 multiplicamini
2595 1192 2750 1267 Gen,
2780 1202 2831 1261 1.
2850 1198 2962 1265 282

346 1297 522 1380 quod
555 1297 846 1362 Christus
879 1298 1248 1379 praesentia
1293 1303 1414 1362 sua
1459 1298 1818 1363 honestarit
1865 1300 2153 1379 nuptiaS,
2202 1300 2373 1379 leges
2423 1299 2502 1363 de
2547 1299 2962 1364 matrimonio

346 1405 574 1480 tulerit,
607 1406 772 1469 sicut
802 1411 867 1468 et
882 1403 1139 1480 PauluS,
1172 1405 1281 1485 qui
1301 1405 1695 1468 connubium
1713 1404 1900 1471 Hebr.
1928 1410 2088 1482 13,4
2106 1405 2464 1471 honorabile
2485 1414 2688 1470 vocat.
2721 1406 2963 1486 Quam-

343 1513 440 1574 vis
470 1530 624 1575 vero
658 1512 1068 1576 matrimonio
1102 1518 1496 1593 propagetur
1527 1518 1867 1592 peccatum
1914 1512 2246 1593 originale,
2293 1513 2441 1578 inde
2485 1532 2614 1578 non
2658 1514 2963 1594 sequitur.

340 1618 495 1681 illud
527 1635 668 1682 esse
701 1616 1015 1682 illicitu
1034 1638 1128 1695 m,
1162 1625 1233 1682 ut
1261 1626 1441 1700 patet
1473 1640 1535 1688 a.
1568 1637 1645 1683 ex
1667 1619 2025 1684 rationibus
2057 1619 2266 1683 allatis
2298 1637 2619 1702 sensuque
2652 1619 2962 1694 fidelium;
3047 1661 3053 1668 -

342 1728 416 1794 b.
453 1745 529 1789 ex
563 1744 640 1790 eo
674 1725 846 1808 quod
879 1726 1003 1789 hoc
1037 1724 1278 1791 malum
1313 1725 1602 1807 sequitur
1635 1744 1748 1806 per
1779 1726 2112 1801 accidens,
2161 1743 2368 1808 neque
2410 1727 2818 1790 matrimonio
2865 1728 2963 1790 in-

340 1832 655 1907 tenditur;
690 1829 837 1895 licet
870 1838 1088 1896 autem
1122 1852 1199 1898 ex
1233 1831 1357 1897 fine
1390 1832 1564 1896 bono
1599 1851 1835 1913 ponere
1870 1851 2166 1908 causam,
2198 1852 2393 1916 quam
2425 1853 2539 1915 per
2569 1833 2867 1898 accidens
2901 1842 2964 1899 et

337 1958 421 2003 ex
453 1938 853 2004 connexione
900 1957 1074 2003 mere
1122 1944 1393 2003 externa
1439 1939 1859 2020 consequitur
1905 1939 2146 2002 malum
2179 1939 2354 2004 nulla
2385 1939 2579 2003 modo
2614 1940 2962 2017 inte'ntum;

341 2063 552 2127 eoque
582 2044 786 2125 magis
834 2063 896 2113 c.
930 2042 987 2107 si
1018 2044 1143 2107 hoc
1189 2044 1364 2108 malo
1398 2044 1569 2109 Deus
1601 2063 1734 2108 non
1768 2044 2111 2110 offenditur
2151 2046 2608 2131 (multiplicatis
2640 2046 2811 2110 enim
2844 2046 2962 2109 ho-

338 2150 616 2215 minibus
649 2169 779 2214 non
813 2156 1087 2231 augetur
1121 2151 1368 2214 offensa
1389 2151 1523 2226 Dei,
1557 2169 1751 2233 quam
1786 2151 1986 2215 semel
2019 2152 2281 2216 incurrit
2295 2153 2583 2216 Adamus
2615 2153 2962 2233 peccando

342 2258 453 2322 sed
486 2258 987 2339 multiplicantur
1019 2256 1329 2338 subjecta,
1364 2257 1597 2339 quibus
1619 2258 1790 2323 Deus
1823 2266 1923 2322 est
1955 2258 2301 2346 offensus);
2333 2277 2543 2342 neque
2563 2260 2632 2330 d.
2655 2259 2960 2323 damnum

347 2364 612 2433 insertur
644 2364 826 2446 proli,
857 2364 960 2428 cui
992 2383 1246 2445 semper
1276 2364 1503 2428 melius
1536 2372 1634 2428 est
1666 2384 1827 2441 esse,
1875 2365 1991 2430 etsi
2038 2373 2305 2447 peccato
2339 2365 2629 2445 originali
2662 2365 2960 2443 obnoxia,

337 2489 535 2552 quam
584 2490 716 2535 non
763 2490 922 2549 esse,
975 2471 1357 2552 praesertim
1404 2492 1467 2539 e.
1517 2472 1581 2535 in
1627 2472 1973 2553 hypothesi
2008 2473 2439 2555 reparationis
2472 2492 2586 2554 per
2618 2471 2959 2537 Christum.

340 2577 693 2645 Honestate
727 2597 877 2659 ergo
910 2577 1304 2641 matrimonii
1334 2578 1671 2659 supposita
1716 2597 1864 2644 eam
1910 2580 2127 2660 potius
2160 2580 2575 2644 matrimonio
2608 2580 2960 2644 vindicabi-

338 2704 482 2748 mus
514 2685 904 2766 dignitatem,
939 2704 980 2749 a
1011 2704 1142 2767 qua
1176 2682 1426 2767 reliqua
1457 2685 1588 2750 fere
1620 2687 1837 2750 omnia
1868 2687 2168 2767 pendent.
2239 2773 2244 2778 ι

518 2815 663 2880 590.
698 2812 953 2879 'rhesis
1010 2809 1268 2879 CCLX.
1329 2859 1337 2870 -=
1351 2833 1897 2886 Matrimonium
1915 2833 2384 2889 christianum
2411 2847 2655 2886 verum
2672 2835 2959 2898 propri·

338 2936 595 2990 umque
634 2927 735 2977 est
772 2937 995 2977 novae
1033 2924 1210 2989 leals
1247 2927 1800 2977 sacramentum.

519 3027 960 3095 Declaratio.
1008 3026 1231 3091 Thesis
1265 3033 1367 3091 est
1414 3026 1494 3090 de
1525 3025 1649 3089 fide
1682 3025 2028 3089 enunciata
2058 3043 2212 3090 sess,
2244 3030 2332 3093 24
2364 3043 2503 3090 can.
2544 3034 2574 3094 1
2611 3043 2788 3090 conc.
2822 3029 2960 3090 tri-

342 3133 589 3197 dent:
629 3131 734 3206 ‚Si
766 3134 908 3215 quis
939 3133 1191 3209 dixerit,
1222 3133 1706 3196 matrimonium
1748 3152 1876 3196 non
1911 3150 2052 3196 esse
2085 3149 2235 3197 vere
2268 3141 2333 3196 et
2363 3132 2617 3222 proprie
2650 3151 2849 3196 unum
2881 3153 2961 3198 ex

339 3247 587 3320 septem
620 3239 775 3319 legis
808 3239 1217 3318 evangelicae
1253 3241 1678 3304 sacramentis
1728 3257 1768 3303 a
1800 3238 2056 3302 Christo
2090 3238 2363 3302 Domino
2406 3239 2764 3304 institutum
2784 3287 2798 3315 ,
2847 3241 2960 3305 sed

341 3346 426 3410 ab
460 3346 716 3410 homine
749 3347 1096 3422 inventum,
1137 3365 1348 3428 neque
1380 3347 1651 3427 gratiam
1674 3345 1993 3420 conferre,
2027 3345 2097 3408 A.
2132 3343 2231 3409 S.‹
2303 3344 2622 3410 Statuitur
2653 3347 2961 3412 adversus

338 3462 684 3518 novatores
717 3471 843 3518 sec.
875 3452 1032 3516 XVI.
1083 3451 1307 3535 Neque
1341 3453 1512 3518 enim
1544 3470 1764 3516 verum
1801 3459 1920 3527 est,
1968 3453 2103 3532 plu
2124 3472 2253 3516 res
2285 3470 2321 3516 e
2354 3453 2666 3534 theologis
2700 3455 2960 3520 scholae

338 3560 509 3623 hanc
539 3561 874 3625 veritatem
906 3577 1201 3640 negasse,
1239 3567 1307 3622 ut
1339 3559 1572 3624 invicte
1610 3560 1994 3640 comprobat
2028 3547 2387 3624 Per-rone
2433 3560 2513 3623 de
2547 3561 2958 3625 matrimonio

335 3666 686 3730 christiano
719 3666 754 3729 l.
796 3671 826 3732 1
864 3673 1018 3730 sect.
1060 3672 1093 3733 1
1147 3685 1199 3729 c.
1233 3684 1288 3729 a.
1323 3672 1381 3735 2.
1448 3667 1586 3746 Ipse
1621 3663 2091 3741 Durandus,
2138 3668 2247 3748 qui
2292 3666 2575 3747 alioquin
2621 3667 2744 3730 hac
2789 3668 2852 3732 in
2891 3686 2959 3731 re

338 3773 552 3836 minus
597 3773 761 3838 bene
806 3773 1001 3848 audit,
1052 3774 1117 3836 in
1163 3785 1222 3841 4.
1257 3774 1399 3836 dist.
1435 3779 1518 3842 26
1565 3791 1621 3836 a.
1657 3781 1697 3843 3
1730 3774 1985 3839 statuit:
2045 3773 2453 3848 ,Tenendum
2504 3779 2603 3836 est
2647 3772 2959 3848 absolute,

338 3878 514 3960 quod
545 3879 1023 3943 matrimonium
1054 3887 1154 3944 est
1174 3887 1672 3956 sacramentum,
1705 3898 1853 3944 curn
1884 3881 2008 3943 hoc
2027 3879 2408 3944 determinet
2427 3879 2710 3944 Ecclesia
2741 3881 2960 3966 (Extra

340 3989 439 4062 ,de
470 3988 851 4062 haereticis‘,
885 3988 967 4052 ad
1000 3988 1437 4073 abolendam),
1484 3988 1595 4052 ubi
1628 3995 1945 4054 memorat
1982 3988 2463 4052 matrimonium
2495 3987 2662 4052 inter
2691 3988 2819 4052 alia
2850 4007 2958 4052 sa-

339 4102 687 4170 cramenta,
721 4102 786 4159 ct
816 4095 1056 4158 docere
1090 4096 1457 4176 oppositum
1490 4102 1588 4159 est
1607 4095 2059 4160 haereticum}
2098 4096 2218 4158 Ast
2238 4095 2427 4176 paulo
2451 4094 2614 4158 infra
2646 4101 2960 4172 autumat,

340 4201 819 4266 matrimonium
860 4220 1055 4283 posse
1102 4201 1240 4266 sine
1289 4202 1541 4266 haeresi
1590 4202 1714 4265 dici
1746 4208 2223 4266 sacramentum
2257 4203 2741 4283 aequivoce,
2789 4203 2960 4285 quod

339 4308 612 4387 gratiam
644 4327 775 4371 non
807 4308 1098 4373 conferat
1129 4327 1211 4372 ex
1244 4327 1441 4390 opere
1475 4293 1760 4390 opera'tO,
1808 4309 1921 4374 sed
1955 4329 2033 4372 ex
2082 4327 2276 4389 opere
2310 4310 2673 4389 operantis:
2718 4311 2784 4372 in
2830 4329 2957 4390 quo

338 4432 546 4495 neque
579 4432 798 4479 secum
832 4414 933 4500 (cs.
968 4416 1032 4477 in
1064 4420 1123 4482 4.
1158 4415 1297 4478 dist.
1334 4421 1374 4483 2
1408 4437 1464 4497 q.
1500 4419 1588 4503 2),
1638 4434 1849 4497 neque
1881 4433 2029 4478 cum
2060 4414 2320 4496 reliquis
2354 4415 2615 4480 scholae
2647 4415 2958 4498 theologis

341 4521 666 4596 cohaeret,
710 4523 944 4586 tatetur
976 4523 1146 4586 enim
1179 4531 1432 4588 ceteros
1467 4522 1808 4604 theologos
1840 4525 2265 4588 communiter
2295 4525 2689 4588 contrarium
2722 4530 2956 4589 tenere.

344 4626 585 4691 Verum
618 4636 835 4694 tamen
867 4638 982 4705 est,
1016 4630 1388 4694 canonistas
1422 4632 1737 4713 quosdam
1772 4631 2112 4695 occasione
2146 4630 2398 4710 glossae
2430 4632 2495 4694 in
2516 4650 2568 4694 c.
2601 4631 2957 4713 ,Quidquid-

346 4739 465 4802 101
504 4752 704 4799 causa
741 4741 792 4803 1.
828 4755 883 4818 q.
923 4742 955 4804 1
992 4742 1094 4800 sat
1125 4736 1350 4801 inscite
1382 4744 1609 4801 contra
1641 4756 2049 4801 communem
2092 4738 2540 4819 theologorum
2570 4755 2957 4802 consensum

339 4842 463 4905 hac
494 4843 560 4905 in
592 4844 970 4925 quaestione
1003 4845 1371 4925 cespitasse.
