3538 5364
1247 278 1256 287 ⁸
1322 320 1589 376 Scholion
1615 320 1953 391 practicam.
2807 329 2939 393 693

322 508 489 566 sione
520 506 889 581 ponderetur
918 524 1039 564 non
1070 509 1306 563 tantum
1356 506 1757 565 membrorum
1804 524 2199 578 numeruS,
2248 506 2350 565 sed
2382 509 2443 565 et
2475 504 2543 569 b.
2575 525 2777 566 eorum
2824 527 2939 566 va-

322 597 604 663 rietaS,
655 608 717 658 e.
763 593 1190 670 perfecti0‚
1243 591 1311 658 d.
1357 595 1880 669 pulchritudo
1925 595 2264 671 incipiendo
2294 596 2369 654 ab
2400 596 2602 654 infimo
2633 596 2941 656 hominum

315 687 624 760 justorum
657 689 718 742 et
750 683 1116 742 ascendendo
1149 702 1345 758 usque
1376 683 1452 742 ad
1471 685 1820 761 angelorum
1852 685 2137 761 reginam,
2171 685 2277 743 Dei
2305 685 2657 760 genitricem
2677 686 2938 753 Mariam,

324 774 546 850 quibus
581 774 858 832 omnibus
889 776 1126 849 praeest
1157 772 1427 831 Christus
1461 772 1500 830 J
1504 791 1661 845 esus,
1711 774 1808 832 cui
1838 775 2014 832 Pater
2045 773 2315 832 coelestis
2346 776 2542 833 omnia
2572 775 2808 849 subjecit
2839 776 2941 833 sub

316 863 565 936 pedibus
595 863 756 934 eius:
789 869 840 920 et
872 864 1064 937 ipsum
1095 864 1249 920 dedit
1281 869 1458 935 caput
1489 881 1678 937 supra
1711 881 1934 921 omnem
1954 863 2284 941 Ecclesiam,
2320 882 2467 941 quae
2497 871 2577 922 est
2607 882 2819 939 corpus
2849 867 2939 937 ip-

322 955 448 1012 sius
477 959 528 1009 et
549 952 848 1025 plenitudo
879 951 1000 1025 ejus
1029 951 1173 1026 Eph.
1214 964 1264 1021 1,
1303 960 1381 1014 22
1417 970 1463 1013 s,
1497 952 1562 1029 (t.
1596 950 1622 1007 I
1654 971 1711 1010 n.
1736 947 1905 1031 203).
1940 950 2127 1020 Quam
2158 953 2418 1029 amplum
2447 972 2697 1029 regnum
2730 972 2936 1028 quam-

328 1060 445 1116 que
478 1040 697 1099 nobile.

505 1127 572 1194 2.
608 1128 1117 1188 vitalitatem
1161 1148 1332 1189 cerne
1363 1144 1428 1194 a.
1464 1148 1533 1188 ex
1581 1130 1875 1205 capitis
1918 1131 2300 1204 praestantia,
2348 1132 2518 1207 cujus
2547 1130 2778 1191 divitiis
2806 1132 2941 1190 uni-

328 1238 565 1277 versum
599 1218 888 1295 irrigat-ur
919 1237 1150 1294 corpus,
1183 1222 1254 1277 ut
1287 1218 1657 1277 ostendimus
1689 1219 1866 1295 ibid.;
1902 1214 1974 1282 b.
2009 1238 2078 1278 ex
2111 1220 2395 1296 symboIO,
2429 1221 2540 1279 sub
2572 1238 2692 1295 quo
2725 1221 2943 1297 passim

327 1308 644 1366 exhibetur
674 1308 784 1366 hoc
815 1326 1068 1384 regnum
1089 1307 1324 1380 Christi,
1362 1309 1501 1367 haec
1534 1311 1876 1366 sanctorum
1910 1308 2052 1367 unio
2078 1312 2139 1367 et
2160 1309 2511 1380 communio,
2547 1309 2671 1368 scil.
2692 1329 2760 1368 ex
2782 1328 2942 1385 sym-

328 1397 465 1456 bolo
498 1415 678 1471 corp
697 1395 856 1455 oris
876 1441 889 1467 ,
925 1397 1084 1472 quod
1116 1396 1308 1456 fusius
1340 1397 1686 1472 exsequitur
1706 1396 1932 1456 Paulus
1975 1410 2024 1460 1.
2047 1398 2171 1457 Cor.
2212 1407 2308 1469 12,
2352 1408 2425 1460 12
2462 1417 2537 1460 s8.
2570 1398 2675 1458 col.
2701 1418 2759 1457 n.
2786 1410 2858 1462 71
2876 1409 2941 1468 73

330 1501 393 1549 c.
427 1504 496 1544 ex
528 1486 658 1562 lege
691 1486 1094 1558 caritatis,
1129 1505 1246 1561 qua
1278 1485 1375 1549 SS.
1398 1486 1733 1545 communio
1765 1486 2015 1561 regitur,
2051 1487 2367 1557 animatur,
2402 1489 2651 1557 fovetur,
2686 1491 2755 1546 ut
2774 1506 2945 1564 prae-

329 1577 485 1634 clare
523 1574 786 1634 ostendit
822 1594 867 1639 s.
899 1576 947 1633 B
965 1596 997 1635 e
1012 1595 1042 1633 r
1057 1596 1098 1633 n
1116 1595 1194 1634 ar
1214 1576 1252 1633 d
1270 1595 1308 1632 u
1325 1593 1353 1633 s
1385 1595 1443 1635 n.
1469 1586 1588 1638 717
1613 1573 1662 1645 ι;
1703 1586 1826 1638 719
1851 1593 1894 1637 S.
1917 1576 2233 1653 Colligitur
2252 1573 2317 1642 d.
2339 1576 2564 1647 exinde,
2586 1576 2746 1651 quod
2768 1596 2945 1653 quam

330 1664 591 1741 plurima
621 1683 826 1723 revera
858 1663 1199 1723 redundant
1230 1664 1382 1723 bona
1416 1684 1484 1723 ex
1515 1663 1802 1723 membris
1834 1665 2284 1742 perfectioribus
2317 1669 2376 1724 in
2410 1685 2495 1737 ea,
2543 1685 2696 1742 quae
2728 1670 2947 1724 metam

330 1753 775 1828 terminumque
820 1754 1085 1813 nondum
1139 1758 1282 1813 sunt
1329 1753 1555 1829 adepta.
1635 1753 1989 1812 Redundant
2038 1754 2290 1812 enimin
2336 1774 2443 1814 nos
2487 1757 2579 1814 tot
2624 1755 2943 1825 commoda,

332 1860 484 1918 quae
516 1846 965 1917 consequuntur
996 1844 1149 1902 bona
1179 1862 1373 1918 opera,
1409 1861 1666 1918 quorum
1699 1843 1891 1902 sancti
1924 1846 2067 1902 sunt
2100 1846 2382 1915 auctores,
2418 1844 2688 1903 doctrina
2710 1845 2783 1902 ab
2804 1844 2947 1921 ipsis

333 1935 677 2008 propagata,
711 1930 867 1990 bona
898 1932 1168 2008 exempla
1199 1932 1356 2002 data,
1409 1950 1561 2007 quae
1594 1950 1701 1991 nos
1734 1932 1809 1990 ad
1841 1950 2045 1991 eorum
2078 1933 2342 1991 excitant
2371 1933 2783 2004 imitationem,
2818 1952 2945 1992 ora-

332 2021 524 2079 tiones
575 2016 658 2102 (n.
716 2016 884 2101 718),
935 2021 1366 2081 satisfactiones
1430 2020 2000 2096 superabundanteS,
2067 2041 2220 2097 quae
2270 2042 2377 2099 per
2425 2022 2833 2098 indulgentias
2883 2023 2947 2080 in

333 2109 539 2168 fideles
573 2109 922 2168 derivantur
955 2106 1036 2192 (n.
1074 2120 1232 2181 5233
1272 2106 1471 2191 5268),
1509 2110 1944 2169 commiseratio
1977 2112 2035 2169 et
2070 2111 2410 2170 sollicitudo
2431 2112 2501 2169 de
2522 2114 2726 2170 nostra
2751 2112 2946 2170 salute

337 2195 421 2277 (n.
460 2194 634 2279 717).

516 2300 579 2369 3.
614 2306 1072 2364 Momentum
1112 2306 1544 2365 communionis
1578 2306 1675 2366 SS.
1708 2307 1847 2365 inde
1878 2308 2117 2383 conjice,
2137 2307 2293 2381 quod
2326 2294 2717 2366 ea-motivum
2748 2306 2947 2365 efficax

336 2397 447 2463 est,
482 2413 600 2469 quo
633 2395 955 2453 incitemur
984 2410 1051 2458 a.
1086 2399 1157 2454 ut
1189 2395 1408 2473 digni
1442 2394 1765 2455 reddamur
1796 2399 1964 2454 tanto
1998 2396 2325 2455 consortio:
2373 2397 2667 2472 particeps
2698 2415 2794 2472 eqo
2824 2415 2952 2454 sum

331 2484 596 2542 omnium
626 2485 945 2542 timentium
978 2492 1029 2542 te
1060 2492 1110 2543 et
1143 2485 1581 2543 custodientium
1614 2486 1896 2544 mandata
1929 2493 2032 2543 tua
2062 2486 2158 2547 Ps.
2200 2493 2338 2555 118,
2377 2494 2489 2553 63;
2538 2492 2607 2544 ut
2637 2485 2955 2544 reddamur

337 2570 408 2637 b.
442 2591 678 2649 capaces
710 2577 772 2632 et
802 2573 876 2631 id
896 2573 1068 2632 onei
1114 2573 1477 2650 percipiendi
1510 2574 1680 2643 bona,
1732 2593 1883 2650 quae
1914 2574 1978 2632 in
2010 2575 2275 2633 membra
2307 2574 2485 2650 hujus
2518 2573 2949 2633 communionis

336 2662 705 2734 redundant;
760 2666 834 2721 ut
877 2663 1245 2723 aemulemur
1278 2678 1337 2729 c.
1370 2662 1615 2723 illorum
1668 2663 1954 2723 virtutem
1987 2667 2048 2723 et
2079 2684 2197 2740 qua
2227 2663 2489 2723 membra
2519 2663 2657 2723 viva
2687 2665 2747 2722 et
2779 2663 2954 2723 utilia

339 2752 718 2811 intendamus
748 2751 970 2811 bonum
1006 2771 1312 2811 commune
1336 2753 1663 2812 secundum
1686 2752 2126 2812 institutionem
2150 2774 2192 2812 s.
2214 2753 2384 2812 Pauli
2415 2766 2465 2816 1.
2486 2753 2610 2814 Cor.
2641 2762 2735 2824 12,
2775 2762 2849 2814 14
2874 2771 2950 2815 ss,

337 2844 518 2915 atque
551 2840 679 2899 ideo
710 2841 976 2900 nitamur
1009 2861 1187 2916 quam
1220 2841 1476 2900 maxime
1510 2860 1636 2900 esse
1667 2842 1801 2900 aliis
1833 2841 2097 2906 utiles.

523 2973 666 3026 745.
711 2960 816 3028 II.
851 2966 937 3024 Ex
970 2966 1065 3024 SS.
1099 2965 1513 3025 communione
1545 2968 1758 3042 sponte
1791 2984 1901 3024 sua
1933 2967 2207 3042 sequitur
2240 2962 2301 3033 1.
2333 2969 2670 3027 sanctorum
2703 2985 2813 3041 pro
2844 2985 2950 3024 no-

338 3052 433 3111 bis
467 3047 975 3135 interjcessio:
1008 3074 1143 3113 nam
1178 3054 1244 3113 in
1275 3073 1518 3130 corpore
1548 3054 1702 3113 bene
1736 3054 2027 3126 ordinat0,
2063 3056 2396 3131 cujusmodi
2427 3055 2689 3132 profecto
2714 3058 2807 3113 est
2824 3073 2949 3114 cor-

338 3160 453 3217 pus
485 3141 722 3212 Christi,
770 3142 1032 3219 idipsum
1075 3163 1181 3220 pro
1225 3144 1481 3202 invicem
1526 3142 1789 3202 sollicita
1839 3147 1984 3204 sunt
2031 3145 2323 3203 membra:
2376 3146 2510 3203 etsi
2549 3144 2687 3221 quid
2722 3146 2953 3219 patitur

337 3250 520 3289 unum
553 3232 886 3310 membrum,
921 3235 1362 3306 compatiuntur
1396 3234 1591 3291 omnia
1627 3234 1887 3291 membra
1926 3244 1975 3295 1.
2011 3234 2133 3292 Cor.
2176 3243 2271 3304 12,
2311 3243 2388 3296 25
2427 3252 2471 3291 a.
2508 3228 2591 3315 (n.
2629 3243 2749 3296 717
2789 3229 2864 3313 a.)

518 3335 582 3403 2.
634 3338 918 3415 Sequitur
968 3343 1303 3399 sanctorum
1337 3339 1764 3406 invocatio,
1821 3358 1971 3414 quae
2016 3355 2084 3403 a.
2130 3344 2395 3410 naturae,
2428 3340 2661 3409 rationi,
2697 3339 2833 3398 fidei
2863 3345 2955 3399 est

339 3445 629 3497 consona3
664 3446 814 3502 qnae
846 3425 914 3493 b.
946 3430 1318 3503 majestatem
1339 3429 1446 3487 Dei
1467 3429 1721 3499 extollit,
1756 3429 2043 3489 virtutem
2067 3428 2341 3508 honorat,
2376 3429 2776 3488 humilitatem
2794 3431 2955 3488 fovet

340 3513 425 3596 (n.
451 3511 634 3597 72l);
669 3536 820 3592 quae
839 3531 906 3580 e.
927 3516 1142 3575 Christi
1175 3517 1595 3576 liberalitatem
1628 3518 2004 3576 commendat
2034 3515 2116 3598 (n.
2143 3515 2313 3598 723),
2347 3519 2591 3578 virtutis
2625 3518 2951 3595 praemium

341 3605 732 3681 depraedicat,
766 3607 835 3664 ad
869 3606 1257 3665 imitationem
1288 3610 1582 3681 provocat.

521 3707 588 3774 3.
624 3712 908 3787 Sequitur
938 3716 1281 3772 sanctorum
1313 3714 1611 3772 cultus:
1659 3733 1795 3771 nam
1828 3728 1890 3778 a.
1923 3713 2093 3772 nulla
2122 3713 2367 3772 societas
2401 3715 2561 3772 culta
2593 3714 2722 3773 sine
2753 3715 2951 3772 cultu:

341 3800 673 3859 cultissima
704 3805 902 3860 autem
935 3802 1180 3860 societas
1214 3803 1548 3861 communio
1580 3805 1916 3861 sanctorum
1956 3796 2039 3883 (n.
2078 3801 2261 3884 727);
2309 3799 2377 3867 b.
2424 3806 2764 3862 sanctorum
2796 3821 2952 3862 corn-

341 3888 548 3948 munio
581 3889 812 3966 regitur
841 3889 1086 3949 caritate
1119 3889 1202 3971 (n.
1240 3889 1462 3973 719²):
1510 3891 1922 3949 nobilissimus
1968 3890 2169 3949 cultus
2216 3891 2561 3950 continetur
2591 3892 2954 3950 exhibitione

342 3978 630 4048 caritatiS,
666 3977 802 4036 hinc
835 3979 1016 4037 etiam
1037 3980 1194 4038 Deus
1216 3980 1280 4037 in
1300 3980 1511 4056 primis
1531 3979 1721 4056 exigit
1741 3980 2152 4039 dilectionem:
2188 3980 2409 4057 Diliyes
2429 3980 2743 4039 Dominum
2765 3980 2954 4038 Deum

341 4074 509 4124 tuum
539 4085 608 4124 ex
639 4075 753 4125 toto
784 4069 952 4126 corde
988 4076 1085 4126 tuo
1129 4072 1239 4128 etc.
1274 4069 1481 4128 Mat-th.
1516 4077 1618 4140 22,
1655 4079 1754 4131 37.
1820 4084 1880 4134 c.
1915 4068 2175 4127 Membra
2203 4073 2532 4144 sequantur
2577 4087 2813 4127 necesse
2863 4075 2956 4127 est

340 4156 555 4231 capitis
587 4157 952 4232 exemplum:
987 4157 1090 4215 sed
1111 4157 1382 4216 Christus
1404 4160 1583 4233 caput
1603 4176 1819 4228 servos,
1852 4158 2091 4229 militeS,
2125 4158 2433 4217 ministros
2454 4158 2655 4216 fideles
2675 4158 2952 4216 honorat:

349 4246 683 4321 Quicunque
707 4246 1110 4320 yloriftcaverit
1142 4266 1248 4323 me,
1300 4248 1630 4322 ylorificabo
1663 4266 1793 4305 eum
1834 4259 1883 4309 1.
1918 4248 2059 4323 Reg.
2096 4256 2150 4317 2,
2190 4257 2289 4310 30.
2354 4247 2704 4306 Sanctorum
2752 4247 2954 4305 cultus

344 4336 634 4409 supponit
663 4335 999 4393 sanctitatis
1031 4336 1315 4404 studium,
1364 4335 1534 4393 docet
1564 4335 1710 4410 quid
1744 4337 1826 4394 sit
1857 4336 2191 4406 colendum,
2241 4337 2655 4395 aestimatione
2686 4336 2953 4413 dignum,

344 4421 493 4498 quid
526 4425 782 4498 pretium
816 4423 1031 4482 habeat
1060 4444 1167 4498 pro
1199 4425 1581 4483 aeternitate:
1623 4425 1760 4484 hinc
1793 4425 2039 4484 virtutis
2071 4426 2542 4497 aemulationem,
2576 4425 2639 4483 in
2671 4425 2955 4501 obsequio

343 4510 550 4570 divino
582 4512 874 4571 fervorem
904 4513 1389 4588 alacritatemque
1422 4515 1581 4573 fovet
1609 4517 1790 4588 atque
1822 4514 2091 4573 accendit
2124 4512 2209 4590 (n.
2238 4513 2404 4593 728).
2439 4515 2687 4572 Demum
2708 4510 2777 4578 d.
2799 4517 2954 4572 teste

344 4600 531 4658 Paulo
550 4601 615 4658 in
635 4619 877 4676 corpore
896 4602 1046 4660 bene
1065 4603 1336 4661 ordinato
1358 4602 1407 4660 si
1429 4603 1727 4680 gloriatur
1757 4622 1944 4662 unum
1976 4603 2328 4672 membrum,
2363 4603 2742 4680 congaudent
2761 4603 2957 4660 omnia

344 4688 609 4747 membra
647 4701 699 4752 1.
733 4691 857 4749 Cor.
900 4700 995 4759 12,
1034 4701 1132 4753 26.
1195 4691 1454 4768 Insignis
1500 4711 1653 4750 vero⁴
1687 4692 1887 4750 cultus
1921 4699 2012 4750 est
2044 4692 2328 4767 gaudium
2364 4692 2435 4751 de
2466 4693 2717 4751 alterius
2749 4691 2954 4768 gloria,

344 4778 424 4836 Cf.
460 4777 757 4837 Oswald
791 4778 1083 4838 Eschatol.
1118 4799 1162 4838 s,
1198 4791 1231 4842 2
1271 4800 1316 4840 c.
1354 4791 1388 4842 3
1427 4778 1458 4846 ἓ
1497 4792 1552 4842 6.
