3538 5364
577 267 665 334 92
1071 258 1252 311 Tract.
1283 256 1428 310 VIII.
1458 255 1527 310 de
1553 256 1759 326 gratia.
1788 254 1986 311 'rhesis
2012 256 2213 312 CXCL.
2241 258 2419 310 Actus
2446 257 2723 311 salutares

582 452 767 507 tatem
800 447 893 504 uti
927 443 1119 521 gratia
1148 443 1380 502 viribus
1411 443 1952 515 naturalibus,
1988 443 2147 517 quod
2180 445 2338 501 esset
2368 456 2698 513 erroneum,
2731 443 2834 501 sed
2864 443 3059 519 gratia
3081 444 3207 519 jam

578 539 1006 615 praeparatam.
1057 533 1225 591 Sicut
1255 532 1306 590 si
1339 532 1475 608 quis
1510 532 1586 590 ab
1618 532 1735 591 alio
1766 532 2012 592 edoctus
2044 532 2116 590 de
2146 533 2339 608 pretio
2370 531 2455 591 rei
2487 531 2806 608 eligendae,
2838 532 3032 608 ipsius
3064 550 3208 591 con-

582 627 782 686 silium
817 624 1091 696 sequitur
1137 623 1197 680 in
1243 621 1516 698 eligenda
1559 640 1624 680 re
1669 622 1946 697 pretiosa,
1992 621 2220 680 lumine
2252 620 2475 696 accepti
2507 620 2739 679 consilii
2771 621 3116 680 illustratus
3148 627 3210 680 et

580 717 824 775 edoctus
859 714 1058 771 utitur
1088 728 1155 769 eo
1188 711 1452 769 oonsilio.
1519 710 1958 769 Cf.·Bastida
1988 711 2142 786 apud
2176 710 2298 769 Liv.
2327 710 2588 787 Meyer
2617 709 2684 780 V,
2724 720 2796 773 51
2823 733 2837 779 ς
2886 711 3208 770 Lessius

582 806 654 863 de
687 807 836 881 grat.
870 801 1018 861 effic.
1051 820 1098 864 c.
1139 809 1214 863 10
1249 820 1306 857 ιι.
1349 809 1424 862 12
1461 817 1569 871 ss.;
1604 799 1932 875 Ripalda
1962 800 2112 875 disp.
2150 810 2227 862 30
2263 799 2396 859 coll,
2438 810 2558 862 110
2594 805 2778 862 8.·10.

771 944 909 1009 103.
948 939 1499 1019 Demonstratio
1532 958 1603 1023 p.
1637 938 1781 1006 111.
1848 938 2046 1003 Actus
2095 938 2412 1003 salutares
2445 943 2510 1001 et
2551 935 2877 1016 gratiae
2910 942 2976 1001 et
3005 935 3208 1000 libero

584 1048 731 1112 arb
748 1048 767 1109 i
787 1054 812 1110 t
831 1066 862 1109 r
880 1047 955 1109 io
990 1063 1140 1110 esse
1167 1043 1559 1121 tribuendOS,
1586 1044 1756 1108 adeo
1792 1045 1964 1108 clare
1998 1044 2261 1108 tradunt
2291 1063 2372 1107 ss.
2394 1043 2663 1118 litterae,
2683 1048 2755 1106 ut
2772 1043 2964 1124 plane
2983 1061 3210 1123 super-

584 1155 781 1218 fluum
815 1153 898 1216 sit
927 1153 991 1215 id
1024 1151 1177 1215 data
1210 1169 1409 1233 opera
1441 1150 1841 1216 confirmare.
1905 1150 2051 1215 Non
2082 1169 2274 1232 posse
2307 1156 2523 1215 autem
2554 1151 2676 1213 hos
2709 1155 2890 1213 actus
2923 1149 3212 1213 alterutri

585 1250 1017 1325 exclusive
1050 1266 1115 1324 et
1148 1258 1417 1322 seorsim
1451 1258 1745 1334 adscribi,
1780 1257 2189 1323 manifestum
2224 1264 2323 1322 est
2352 1266 2466 1339 per
2497 1275 2583 1321 se.
2617 1256 2781 1320 Nam

767 1384 829 1450 1.
866 1384 1381 1465 quotiescunque
1414 1382 1497 1445 ad
1529 1381 1811 1463 aliquem
1858 1380 2152 1447 effectum
2199 1381 2681 1463 producendum
2727 1380 2853 1444 duo
2902 1378 3212 1462 principia

584 1497 979 1555 concurrunt
1007 1496 1071 1553 et
1105 1489 1477 1555 necessario
1515 1488 1940 1569 requiruntur,
1972 1489 2182 1552 neutri
2213 1490 2485 1552 seorsim
2505 1494 2573 1553 et
2590 1487 2912 1552 exclusive
2932 1486 3210 1552 tribuere

588 1599 764 1661 illurn
795 1597 957 1661 licet.
990 1596 1195 1678 Atqui
1219 1596 1301 1660 ad
1335 1602 1552 1659 actum
1584 1595 1934 1661 salutarem
1967 1601 2033 1659 et
2063 1594 2271 1676 gratia
2300 1595 2642 1678 requiritur
2663 1600 2727 1659 et
2744 1594 3044 1659 voluntas
3066 1612 3211 1674 gra-

587 1705 677 1769 tia
707 1709 1061 1784 praeventa
1090 1702 1238 1765 huic
1272 1702 1483 1767 eidem
1505 1697 1865 1784 cooperans
1887 1701 2163 1783 gratiae;
2199 1719 2349 1783 ergo
2372 1720 2491 1767 nec
2516 1701 2761 1781 gratiae
2782 1700 3072 1777 seorsim,
3092 1719 3211 1765 nec

585 1809 705 1873 soli
737 1809 1048 1874 voluntati
1082 1807 1231 1874 licet
1264 1808 1590 1894 vindicare
1623 1814 1808 1872 actus
1840 1809 2173 1874 salutares.
2237 1807 2423 1887 Quod
2455 1808 2704 1888 egregie

763 1934 826 2003 2.
860 1934 1167 1997 docemur
1193 1940 1245 2001 1.
1268 1933 1408 1997 Cor.
1450 1937 1549 2010 15,
1591 1939 1706 2002 10:
1745 1934 1980 1999 Gratia
2010 1933 2143 2015 rjus
2175 1934 2245 1996 in
2274 1954 2371 1997 me
2400 1954 2598 1999 vacua
2630 1953 2756 1997 non
2786 1933 2933 2015 fuit,
2967 1933 3075 1995 sed
3106 1930 3211 1995 ab·

586 2042 935 2104 undantius
965 2040 1092 2105 itt-is
1125 2040 1409 2103 omnibus
1443 2039 1751 2123 laboravi,
1784 2060 1911 2105 non
1942 2060 2047 2124 eqo
2081 2047 2308 2124 autem,
2339 2041 2447 2104 sed
2471 2043 2688 2125 qratia
2719 2040 2842 2103 Dei
2870 2060 3124 2103 mecum.

766 2187 991 2245 Horum
1024 2188 1340 2246 verborum
1361 2188 1667 2246 occasione
1687 2187 1898 2246 scribit
1929 2188 1980 2245 A
1998 2207 2040 2245 u
2055 2207 2095 2263 g
2110 2207 2152 2245 u
2169 2206 2197 2245 s
2212 2189 2272 2245 ti
2291 2207 2330 2245 n
2345 2204 2388 2245 u
2405 2204 2432 2245 s
2465 2188 2538 2247 de
2557 2207 2643 2263 gr.
2666 2191 2729 2246 et:
2746 2187 2848 2246 lib.
2869 2187 2992 2249 arb.
3012 2206 3070 2245 n.
3098 2198 3120 2248 1
3141 2197 3175 2249 2
3193 2207 3207 2245 z

591 2277 754 2344 ,Nec
783 2277 977 2354 gratia
1009 2277 1116 2335 Dei
1150 2277 1289 2349 sola,
1323 2295 1431 2335 nec
1462 2277 1590 2353 ipse
1625 2276 1806 2345 solua,
1843 2276 1947 2334 sed
1980 2277 2173 2353 gratia
2203 2277 2310 2335 Dei
2343 2294 2475 2335 cum
2510 2278 2689 2347 illo;‘
2724 2277 2881 2352 quod
2916 2295 3090 2351 saepe
3117 2295 3213 2335 re-

587 2365 758 2440 petit,
781 2370 853 2424 ut.
871 2384 1047 2429 serm.
1078 2376 1151 2429 13
1176 2385 1222 2426 ο.
1252 2375 1322 2427 3:
1375 2405 1402 2434 ‚
1418 2365 1479 2426 Si
1502 2383 1641 2441 ergo
1662 2366 1822 2423 Deus
1855 2368 1964 2435 est,
1999 2365 2104 2440 qui
2124 2370 2405 2441 operatur
2422 2366 2485 2425 in
2502 2366 2673 2425 nobis
2693 2363 2975 2447 (Philipp.
3000 2374 3056 2436 2,
3087 2361 3210 2447 13),

588 2444 773 2529 quare
805 2455 1033 2513 dictum
1083 2459 1193 2526 est,
1242 2462 1488 2513 vestram
1520 2456 1784 2528 ipsorum
1816 2455 2062 2512 salutem
2092 2456 2417 2529 operamini
2449 2454 2552 2531 (ib.
2586 2475 2641 2513 v.
2683 2454 2827 2531 12)‘?
2875 2454 3025 2523 Quia
3045 2455 3132 2512 sic
3151 2455 3213 2512 in

586 2543 758 2602 nobis
792 2548 1089 2620 operatur,
1125 2547 1197 2602 ut
1216 2546 1277 2602 et
1297 2562 1404 2602 nos
1426 2561 1756 2617 operemur.
1794 2545 1895 2603 Ad
1895 2545 2057 2616 jutor
2077 2563 2234 2601 meus
2254 2551 2368 2602 esto
2388 2538 2511 2625 (Ps.
2536 2552 2634 2615 26,
2662 2539 2754 2624 9):
2778 2543 3056 2620 designat
3073 2548 3136 2602 et
3153 2562 3213 2601 se

588 2637 974 2709 operatorem,
1009 2634 1115 2709 qui
1146 2633 1382 2693 invocat
1413 2633 1820 2708 acljutorem3‘
1857 2632 2109 2692 Retract.
2143 2634 2191 2706 Ι,
2232 2642 2309 2696 23
2333 2652 2391 2695 n.
2417 2643 2450 2696 2
2474 2637 2534 2693 et
2557 2641 2626 2696 3:
2663 2632 3038 2708 ,Utrumque
3060 2627 3211 2715 (cre-

589 2723 726 2781 dere
756 2727 819 2782 et
850 2717 1109 2805 operari)
1158 2726 1218 2780 et
1260 2721 1451 2796 ipsius
1500 2724 1607 2792 est,
1657 2722 1801 2796 quia
1837 2723 1966 2798 ipse
1997 2726 2311 2798 praeparat
2342 2724 2731 2791 voluntatem,
2778 2727 2840 2781 et
2883 2727 3212 2797 utrumque

589 2816 882 2882 nostrum,
917 2813 1059 2888 quia
1090 2830 1207 2870 non
1240 2811 1310 2868 fit
1341 2810 1455 2868 nisi
1486 2811 1831 2870 volentibus
1864 2811 2114 2870 nobisz‘
2150 2811 2222 2869 de
2255 2812 2409 2870 dono
2442 2831 2665 2887 persev.
2698 2831 2745 2869 c.
2771 2821 2842 2882 33
2876 2811 2948 2869 ad
2970 2811 3213 2886 Simpli-

585 2901 827 2959 cianum
858 2901 885 2958 Ι
919 2919 975 2975 q.
1012 2910 1045 2961 2
1082 2919 1139 2958 n.
1181 2911 1290 2962 10:
1343 2900 1465 2967 ‚Ut
1509 2900 1781 2970 velimus,
1833 2918 2010 2958 suum
2041 2919 2170 2958 esse
2202 2901 2396 2959 voluit
2427 2904 2488 2959 et
2519 2904 2812 2963 nostrum.
2879 2904 3066 2960 Suum
3111 2919 3213 2959 vo·

584 2989 788 3058 cande,
823 2996 1099 3047 nostrum
1133 2988 1452 3062 sequendo,
1468 2996 1495 3026 ⁴²
1520 3022 1605 3031 —
1625 2988 1928 3048 Praeclare
1947 3008 2086 3049 vero
2103 2990 2375 3064 Apostoli
2397 2990 2574 3048 verba
2595 2990 3025 3065 interpretatur
3044 2990 3090 3047 G
3109 3009 3139 3046 r
3152 3008 3212 3047 e-

596 3098 684 3155 go
701 3078 766 3135 ri
785 3097 825 3136 u
843 3097 868 3134 s
902 3080 977 3136 M.
999 3078 1141 3135 Mor.
1164 3077 1314 3145 XVI,
1343 3087 1454 3140 25:
1495 3118 1520 3146 s
1537 3077 1686 3147 Quia
1707 3077 1908 3136 divina
1926 3097 2035 3136 nos
2056 3078 2309 3150 bonitaS,
2343 3081 2416 3137 ut
2444 3080 2790 3137 innocentes
2823 3078 3012 3148 saciat,
3047 3096 3213 3152 prae-

591 3167 773 3235 venit,
807 3167 1031 3225 Paulus
1066 3166 1183 3224 ait:
1231 3166 1444 3225 Gratia
1477 3174 1666 3225 autem
1700 3167 1813 3225 Dei
1845 3186 1974 3225 sum
2005 3168 2083 3243 id,
2119 3169 2270 3244 quod
2298 3187 2443 3227 sum.
2509 3168 2586 3226 Et
2631 3168 2773 3243 quia
2803 3168 3047 3225 eandem
3080 3186 3212 3244 gra·

585 3256 731 3313 tiam
751 3261 1022 3314 nostrum
1046 3255 1302 3313 liberum
1324 3256 1638 3314 arbitrium
1664 3257 1955 3331 sequitur,
1988 3257 2296 3334 adjungit:
2329 3258 2408 3315 Et
2435 3254 2632 3333 qratia
2665 3259 2790 3332 ejets
2820 3259 2880 3314 in
2917 3275 3004 3314 me
3034 3272 3213 3314 vacua

585 3363 700 3402 non
747 3347 879 3419 fuit,
928 3346 1028 3403 sed
1072 3346 1467 3403 abundantius
1498 3346 1618 3404 iltis
1648 3346 1912 3404 omnibus
1943 3347 2217 3404 laboravi.
2284 3346 2397 3415 Qui
2431 3346 2575 3404 dum
2608 3365 2669 3405 se
2702 3345 2774 3403 de
2808 3364 2871 3404 se
2903 3345 3058 3403 nihil
3090 3362 3215 3403 esse

584 3433 967 3509 conspiceret,
1002 3433 1114 3492 ait:
1153 3434 1287 3492 Non
1317 3441 1507 3492 autem
1539 3453 1653 3510 eqo.
1703 3435 1779 3493 Et
1809 3438 2010 3493 tamen
2041 3436 2183 3510 quia
2214 3454 2276 3493 se
2308 3453 2436 3494 esse
2468 3434 2696 3510 aliquid
2729 3453 2864 3493 cum
2897 3434 3091 3511 gratia
3120 3433 3213 3491 in-

586 3522 766 3592 venit,
800 3522 1092 3599 adjunxit,
1126 3523 1224 3580 sed
1252 3525 1448 3599 qratia
1480 3523 1591 3581 Dea·
1622 3543 1856 3582 naccum.
1908 3524 2041 3581 Non
2074 3524 2233 3583 enim
2265 3524 2486 3582 diceret
2519 3543 2758 3597 mecum,
2793 3525 2843 3581 si
2875 3541 3014 3582 cum
3045 3541 3214 3599 prae·

586 3611 862 3670 veniente
894 3612 1087 3686 gratia
1119 3612 1489 3687 subsequens
1523 3612 1784 3671 liberum
1816 3613 2133 3671 arbitrium
2178 3632 2298 3671 non
2346 3614 2603 3673 haberet.
2668 3613 2747 3669 Ut
2791 3631 2930 3689 ergo
2978 3631 3040 3670 se
3089 3612 3216 3670 sine

587 3701 784 3775 gratia
815 3701 966 3759 nihil
998 3719 1129 3759 esse
1162 3701 1520 3770 ostenderet,
1562 3702 1680 3759 ait:
1730 3702 1866 3760 Non
1897 3721 2010 3779 eqo.
2079 3702 2157 3760 Ut
2201 3720 2339 3761 vero
2387 3720 2448 3760 se
2494 3720 2629 3760 cum
2674 3701 2864 3777 gratia
2909 3703 3216 3777 operatum

586 3808 716 3848 esse
762 3808 868 3865 per
911 3790 1167 3848 liberum
1201 3789 1517 3848 arbitrium
1559 3789 2015 3862 demonstraret,
2058 3790 2361 3866 adjunxit:
2413 3791 2524 3849 Sed
2562 3793 2763 3867 qratia
2798 3791 2908 3849 Dei
2939 3797 3214 3848 mecum.‘

769 3908 831 3978 3.
862 3913 1028 3972 Idem
1074 3914 1295 3972 docent
1339 3917 1543 3988 patres
1590 3914 1815 3989 graeci;
1864 3915 1948 3972 ita
1993 3914 2378 3991 Origines,
2443 3916 2550 3991 qui
2597 3915 2657 3973 id
2687 3913 2907 3977 Philoc.
2938 3932 2985 3977 o.
3023 3923 3103 3976 24
3139 3914 3218 3972 si-

590 4002 932 4060 militudine
965 4004 1269 4062 illustrat:
1307 4001 1854 4071 ‚Quemadmodum
1888 4004 2115 4062 fructus
2146 4005 2549 4081 agriculturae
2580 4007 2669 4063 est
2687 4003 2941 4061 mixtum
2973 4002 3217 4079 aliquod

592 4092 944 4166 proveniens
978 4097 1039 4150 et
1076 4112 1144 4150 ex
1183 4092 1475 4151 electione
1507 4092 1800 4170 agricolae
1833 4112 1900 4151 ex
1933 4097 2060 4151 arte
2091 4093 2437 4163 laborantis,
2483 4097 2544 4151 et
2575 4112 2644 4151 ex
2675 4091 3088 4168 providentiae
3116 4092 3221 4151 be-

590 4181 796 4239 neficio
833 4181 908 4238 ob
942 4181 1096 4239 aeris
1134 4181 1486 4256 temperiem
1521 4184 1583 4239 et
1614 4181 1875 4256 pluviam
1913 4182 2306 4241 sufficientem
2337 4186 2503 4241 extra
2532 4183 2723 4258 ipsius
2755 4181 3091 4240 facultatem
3113 4201 3219 4257 po-

586 4269 796 4328 sitam:
830 4270 917 4328 ita
949 4274 1009 4327 et
1042 4289 1197 4346 opus
1232 4271 1455 4328 bonum
1494 4270 1752 4329 hominis
1784 4271 2014 4329 ratione
2044 4272 2298 4345 praediti
2343 4275 2436 4330 est
2479 4272 2874 4347 compositum
2921 4270 3219 4346 quoddam

589 4377 660 4416 ex
694 4359 886 4433 ipsius
920 4359 1217 4417 electione
1252 4363 1313 4417 et
1347 4359 1454 4417 Dei
1488 4360 1731 4430 virtute,
1771 4361 1875 4434 qui
1910 4360 2068 4436 quod
2091 4360 2306 4418 melius
2328 4361 2697 4436 estinspirat
2716 4360 3024 4435 eligenti.‘
3061 4359 3220 4428 Quae

589 4446 831 4522 quidem
869 4447 1212 4507 similitudo
1245 4466 1363 4506 non
1395 4452 1490 4506 est
1521 4448 1760 4507 omnino
1794 4448 2137 4525 adaequata,
2185 4468 2321 4507 nam
2366 4450 2570 4525 pluvia
2614 4453 2676 4507 et
2720 4449 2871 4506 aeris
2903 4448 3218 4525 temperies

589 4555 712 4594 non
744 4554 954 4594 novam
989 4538 1285 4596 virtutem
1318 4541 1500 4613 atque
1531 4537 1956 4596 fecunditatem
1989 4541 2181 4596 terrae
2212 4539 2507 4608 tribuunt,
2542 4538 2644 4596 sed
2678 4557 2825 4608 eam,
2858 4557 3010 4613 quae
3041 4541 3218 4595 natu-

593 4625 802 4684 raliter
832 4626 1011 4696 inest,
1049 4628 1327 4697 excitant,
1366 4627 1588 4696 fovent,
1622 4628 2003 4702 promovent3
2038 4646 2222 4701 quare
2253 4628 2460 4702 pluvia
2491 4632 2552 4686 et
2582 4627 2731 4685 aeris
2751 4627 3066 4702 temperies
3085 4645 3221 4703 gra-

596 4715 733 4772 tiam
770 4717 976 4790 potius
1013 4719 1321 4775 externam
1352 4719 1835 4790 repraesentant:
1869 4716 1941 4774 ad
1975 4734 2220 4790 scopum
2254 4720 2452 4776 tamen
2486 4716 2724 4787 sufficit,
2759 4720 2831 4774 ut
2861 4715 2989 4777 scil.
3021 4719 3222 4774 osten-
