3538 5364
585 330 718 396 634
851 322 1034 377 Tract.
1061 322 1130 376 X.
1156 322 1225 375 de
1252 321 1369 377 Deo
1397 325 1870 377 consummatore.
1897 320 2097 375 Thesis
2123 320 2450 378 CCLXXIV.
2482 320 2636 377 visio
2664 321 2924 377 beatifica

583 503 932 568 Thomas
964 501 1176 586 quodl.
1213 508 1248 571 7
1285 520 1340 566 a.
1379 504 1461 589 1).
1524 502 1661 566 Hoc
1710 501 1995 567 medium
2025 520 2180 584 prae
2213 502 2347 567 Deo
2381 509 2479 568 est
2511 502 2916 569 differens
2947 503 2984 566 i.
3018 521 3070 567 e.
3102 504 3208 568 al-·-

582 611 781 675 terius
811 618 876 677 et
907 609 1221 675 inferioris
1252 616 1525 675 naturae
1557 608 1640 673 ab
1661 610 1820 691 ipso,
1843 609 2117 692 ideoque
2148 609 2649 675 obnubilans
2680 610 2716 674 i.
2751 629 2803 676 e.
2825 609 3030 675 Deum
3060 629 3198 676 non

446 692 452 699 ⁰
580 718 752 783 clare
783 717 1092 783 exhibens
1122 716 1239 781 sed
1270 715 1545 782 obscure
1575 722 1829 781 tantum
1860 716 2276 781 adumbrans.
2338 715 2579 781 Dicitur
2609 715 2724 782 Dei
2767 717 2930 782 visio
2975 718 3040 789 3.
3084 718 3207 781 in·

580 824 699 889 tui
718 824 909 902 tiva,
941 830 1014 889 ut
1043 822 1433 904 significetur
1463 824 1753 900 claritas;
1785 824 1854 891 4.
1890 821 2051 889 facie
2071 824 2156 888 ad
2175 823 2404 889 faciem
2435 843 2552 889 seu
2583 822 2943 902 faciali8‚
2973 831 3047 889 ut
3065 826 3199 906 sig-

577 929 871 995 nificetur
902 930 1183 995 exclusio
1217 930 1427 995 omnis
1460 930 1654 995 medii
1686 938 1753 996 et
1784 929 1978 996 simul
1995 948 2267 1009 summa,
2299 949 2468 1013 quae
2486 948 2635 996 cum
2656 949 2736 997 ea
2755 937 2854 996 est
2872 937 3206 1008 conserta.

578 1039 1006 1115 familiaritas3
1053 1041 1116 1110 5.
1162 1040 1322 1104 visio
1369 1041 1435 1104 in
1479 1058 1571 1116 se,
1613 1046 1685 1103 ut
1734 1044 2003 1121 negetur
2034 1057 2180 1103 eam
2209 1057 2327 1121 pro
2360 1038 2637 1103 termino
2669 1038 2911 1104 habere
2943 1044 3202 1103 tantum

576 1149 857 1232 aliquem
891 1145 1008 1212 Dei
1040 1146 1333 1211 effectum
1366 1147 1468 1212 vel
1499 1146 1994 1227 similitudinem,
2046 1152 2111 1212 et
2157 1146 2515 1212 inculcetur
2562 1145 2886 1228 obJectum
2935 1145 3209 1210 visionis

576 1273 721 1320 esse
751 1255 964 1336 ipsum
996 1253 1215 1319 Deum.
1279 1253 1366 1318 Cf.
1400 1253 1792 1319 Mazzella
1824 1254 1903 1320 de
1936 1253 2071 1318 Deo
2104 1260 2367 1320 creante
2399 1252 2458 1318 d.
2490 1258 2535 1321 4
2566 1271 2622 1317 a
2660 1258 2695 1321 7
2731 1255 2766 1338 ἕ
2806 1257 2860 1321 1.

755 1384 903 1449 678.
934 1378 969 1444 J
973 1396 1080 1442 am
1110 1379 1477 1443 accuratius
1507 1378 1696 1460 hujus
1728 1377 1994 1442 visionis
2042 1379 2231 1444 dotes
2280 1376 2741 1458 indagabimus
2803 1375 3021 1442 Prima
3050 1377 3206 1460 ejus

572 1486 1043 1569 praerogativa,
1076 1504 1243 1569 quae
1272 1485 1472 1550 veluti
1503 1484 1992 1550 fundamentum
2025 1491 2123 1550 est
2141 1485 2338 1549 totius
2357 1490 2675 1550 tractatus
2694 1483 2776 1549 de
2791 1485 3016 1565 gratia,
3035 1501 3198 1550 con-

574 1591 813 1657 tinetur
844 1592 983 1674 ejus
1014 1611 1318 1674 supern
1338 1592 1866 1657 aturalitate.

751 1716 1007 1785 'rhesis
1040 1716 1479 1784 CCLXXIV·
1537 1738 1765 1792 Tanta
1789 1742 1891 1791 est
1915 1738 2209 1791 visionis
2233 1736 2592 1801 beatificas
2610 1738 3089 1804 praestantia,
3114 1741 3198 1791 ut

572 1841 660 1881 ea
697 1828 968 1881 censeri
1002 1827 1249 1883 debeat
1285 1827 1887 1893 supernaturalis.

751 1931 1320 2000 Demonstratio.
1373 1931 1434 1996 1.
1468 1929 1747 1993 Visionis
1779 1928 2115 1993 beatificae
2146 1928 2741 2011 supernaturalitas,
2774 1946 2968 2012 quam
3000 1930 3202 1994 toties

564 2036 702 2119 jam
734 2037 801 2100 in
830 2036 1365 2118 praecedentibus
1397 2036 1873 2119 supposuimus,
1908 2036 1998 2099 ita
2029 2035 2370 2117 probatur:
2431 2035 2608 2101 Visio
2639 2034 2957 2113 beatifica,
2990 2054 3198 2119 quam

571 2140 908 2226 Scriptura
936 2142 1249 2225 promittit
1272 2143 1482 2224 justiS,
1514 2141 1843 2207 hereditas
1861 2147 1961 2206 est
1981 2142 2243 2224 propria
2272 2140 2544 2206 filiorum
2576 2141 2723 2206 Dei:
2759 2139 2831 2205 Si
2857 2142 2982 2225 filii
3012 2149 3070 2206 et
3087 2142 3192 2207 he-

569 2251 748 2314 redes
777 2250 960 2314 Rom.
995 2255 1054 2327 8,
1087 2255 1197 2325 17;
1230 2247 1367 2313 Gal.
1399 2254 1461 2326 4,
1485 2254 1520 2317 7
1544 2269 1612 2325 s..
1645 2249 2011 2330 adoptionis
2045 2255 2142 2314 est
2173 2248 2666 2315 consummatio.
2697 2248 2892 2331 Atqui
2923 2249 3194 2332 adoptio

569 2356 638 2421 in
668 2356 830 2421 filios
861 2356 976 2421 Dei
1006 2361 1181 2421 certe
1213 2362 1312 2420 est
1342 2355 1847 2438 supernaturalis
1880 2354 1981 2442 (cf.
2013 2355 2064 2421 ΙΙ
2094 2375 2154 2419 n.
2188 2357 2365 2444 340).

749 2483 813 2549 2.
843 2480 1020 2546 Idem
1049 2480 1362 2560 colligitur
1393 2499 1472 2545 ex
1502 2480 1868 2545 nominibus
1902 2486 1968 2544 et
1998 2479 2279 2558 dotibus„
2312 2499 2478 2562 quae
2513 2479 2891 2546 beatitudini
2923 2477 3194 2545 coeloeti

572 2596 768 2672 atque
799 2587 1028 2652 visioni
1059 2586 1395 2652 beatificae
1447 2588 1511 2651 in
1545 2587 1776 2651 divinis
1808 2587 2008 2653 literis
2024 2586 2410 2651 tribuuntur.
2442 2586 2536 2651 Ea
2555 2587 2726 2652 enim
2745 2586 3075 2651 reddimur
3092 2587 3195 2651 in-

570 2696 724 2761 time
743 2694 1090 2760 familiares
1109 2701 1175 2760 et
1205 2696 1246 2759 d
1262 2714 1301 2759 o
1319 2715 1386 2758 m
1401 2713 1436 2759 e
1453 2715 1485 2759 s
1501 2696 1648 2761 tici
1675 2695 1792 2760 Dei
1811 2695 1964 2776 Eph.
1985 2701 2046 2773 2,
2071 2699 2172 2773 19,
2193 2700 2531 2759 consortes
2550 2694 2731 2775 regni
2751 2700 2946 2777 atque
2968 2695 3194 2760 throni

569 2801 807 2867 Christi
850 2802 1114 2884 ejusque
1161 2802 1631 2880 coheredes
1677 2802 2024 2884 participes
2069 2802 2209 2884 ejus
2257 2801 2577 2866 bonorum
2627 2808 2693 2868 et
2739 2800 3198 2866 beatitudinis:

566 2909 895 2993 Accipiam
915 2929 1019 2972 vos
1052 2910 1139 2973 ad
1171 2929 1266 2974 me
1296 2911 1523 2994 ipsum,
1554 2915 1623 2971 ut
1654 2910 1761 2973 ubi
1792 2930 1931 2973 sum
1963 2931 2071 2992 eqo
2102 2915 2157 2974 et
2176 2929 2281 2972 vos
2299 2910 2436 2972 sitis
2453 2909 2549 2975 Jo.
2571 2913 2677 2985 24,
2698 2912 2770 2984 3;
2805 2907 2932 2986 Qui
2949 2909 3188 2990 vicerit,

567 3015 729 3080 dabo
759 3017 815 3079 ei
847 3016 1055 3080 sedere
1089 3018 1154 3078 in
1172 3016 1395 3079 throno
1413 3037 1545 3080 meo
1563 3017 1719 3080 sicut
1737 3023 1795 3080 et
1815 3036 1921 3098 eqo
1952 3018 2072 3079 vici
2103 3025 2157 3081 et
2187 3018 2321 3081 sedi
2355 3036 2494 3080 cum
2514 3017 2707 3081 Patre
2726 3035 2855 3080 meo
2874 3018 2940 3080 in
2962 3015 3191 3082 throno

565 3123 701 3204 ejus
730 3121 928 3203 Apoc.
962 3127 1023 3197 3,
1055 3125 1158 3189 21.
1220 3121 1416 3203 Atqui
1447 3122 1762 3203 ejusmodi
1793 3141 1938 3187 sors
1971 3123 2193 3205 nequit
2224 3123 2473 3189 censeri
2522 3129 2792 3188 naturae
2826 3129 3087 3189 creatae
3119 3131 3188 3189 et

566 3245 792 3292 servae
825 3226 1121 3315 debita1).
1184 3227 1468 3293 Debetur
1498 3228 1756 3312 quidem
1802 3247 1990 3293 servo
2037 3248 2305 3308 merces,
2352 3229 2465 3296 sed
2496 3248 2630 3294 non
2660 3229 2978 3295 debentur
3006 3229 3187 3295 bona

563 3339 854 3414 paterna,
886 3333 1061 3398 bona
1091 3333 1198 3399 filii
1228 3335 1505 3417 propria„
1556 3337 1783 3401 intima
1814 3353 1963 3400 cum
1994 3337 2453 3419 patrefamilias
2485 3335 2901 3402 familiaritas.
2962 3336 3188 3417 Quare

564 3440 725 3504 visio
773 3439 1073 3506 beatifica
1121 3441 1626 3523 supernaturalis
1678 3450 1776 3508 est
1822 3443 2109 3507 dicenda.
2172 3441 2408 3509 Similis
2453 3444 2698 3509 formae
2730 3451 3188 3525 argumentum

562 3546 876 3628 colligitur
927 3566 1006 3612 ex
1051 3548 1417 3613 nominibus
1450 3552 1624 3632 requi
1653 3551 1960 3614 coelorum
2010 3549 2246 3636 (neque
2296 3552 2468 3616 enim
2517 3569 2857 3616 servorum
2902 3556 3006 3615 est
3049 3549 3191 3617 fieri

561 3657 791 3740 reges),
822 3655 971 3718 coeli
1002 3655 1038 3717 i.
1072 3672 1125 3718 e.
1158 3653 1346 3719 aulae
1377 3656 1673 3721 coelestis
1693 3662 1759 3720 et
1779 3656 2010 3720 domus
2030 3655 2270 3734 Patris;
2305 3659 2470 3722 vitae
2500 3664 2815 3740 aeternae,
2848 3656 2965 3721 sed
2997 3655 3190 3735 illius,

561 3759 744 3842 cujus
775 3760 1096 3842 particeps
1142 3770 1242 3826 est
1271 3760 1561 3826 Christus
1590 3762 1775 3828 Joan.
1811 3768 1869 3839 6,
1902 3767 1991 3831 54
2021 3782 2136 3839 ss.;
2176 3765 2439 3848 ylom'ae,
2485 3763 2600 3828 sed
2632 3762 2873 3841 Patris3
2919 3764 3190 3828 beatitu-

560 3867 750 3951 dinis,
780 3867 898 3931 sed
928 3868 1225 3949 propriae
1256 3867 1541 3932 Domini:
1574 3869 1741 3934 dicet
1775 3870 1945 3934 enim
1974 3869 2184 3935 Judex
2214 3887 2406 3934 servo
2438 3867 2638 3935 fideli:
2700 3867 2885 3934 Intra
2916 3870 2987 3932 in
3011 3891 3184 3954 qau-
3307 3903 3317 3913 ·

560 3973 735 4036 dium
768 3972 1030 4038 Domini
1062 3976 1155 4037 tui
1173 3973 1393 4039 Matth.
1416 3979 1520 4052 25,
1542 3977 1645 4052 21,
1678 3977 1762 4040 ad
1796 3975 1969 4058 quod
1999 3974 2287 4058 profecto
2320 3983 2555 4042 natura
2584 3994 2774 4042 serva
2787 3976 2896 4058 jus
2931 3974 3185 4041 nullum

559 4079 772 4144 habet.
806 4080 1018 4147 Habet
1047 4081 1209 4146 haec
1241 4081 1496 4164 quidem
1522 4082 1630 4164 jus
1662 4083 1745 4147 ad
1776 4082 2097 4163 gaudium,
2130 4083 2246 4147 sed
2272 4101 2405 4147 non
2435 4082 2743 4165 gaudium
2776 4083 3034 4147 Domini
3066 4085 3185 4149 sui.

739 4188 802 4256 3.
834 4185 1164 4268 Colligitur
1195 4205 1275 4252 ex
1309 4205 1406 4265 e0,
1453 4188 1628 4269 quod
1658 4187 1832 4252 Deus
1864 4188 2094 4253 dicitur
2125 4188 2474 4271 invisibilis,
2504 4190 2614 4274 qui
2643 4190 2840 4254 lucem
2871 4189 3193 4255 inhabitat

559 4293 1054 4376 inaccessibilem,
1076 4314 1253 4378 quem
1263 4293 1475 4358 nullus
1484 4294 1804 4360 hominum
1823 4296 2001 4380 vidit,
2021 4296 2129 4361 sed
2147 4317 2259 4360 nec
2277 4296 2485 4360 videre
2495 4302 2696 4380 potest
2723 4300 2776 4364 1.
2796 4294 2955 4360 Tim.
2985 4301 3040 4373 1,
3071 4301 3149 4366 17
3170 4320 3190 4372 ;

778 4489 815 4558 ¹)
843 4485 883 4541 C
898 4505 927 4540 r
940 4504 979 4555 y
996 4505 1021 4541 s
1036 4503 1068 4540 o
1085 4489 1106 4543 l
1121 4503 1153 4541 o
1168 4506 1207 4558 g
1226 4504 1261 4541 u
1277 4505 1303 4541 s
1347 4504 1512 4543 serm.
1539 4491 1603 4544 71
1629 4510 1639 4541 ε
1693 4486 1880 4551 ..Deus
1905 4487 2073 4543 Pater
2098 4488 2360 4542 homiues
2398 4487 2674 4560 dignatur
2690 4486 2981 4562 {heredem
3028 4487 3191 4544 Deus

558 4563 741 4620 Filius
765 4583 884 4621 non
909 4565 1257 4638 dedignatur
1282 4567 1536 4622 servulos
1560 4567 1896 4629 coheredesz
1923 4566 2074 4623 Deus
2095 4567 2345 4639 Spiritus
2371 4585 2598 4624 carnem
2624 4570 2944 4626 consortem
2971 4567 3184 4624 divini-

557 4645 694 4700 tatis
718 4644 990 4699 assumit:
1017 4645 1085 4699 fit
1106 4647 1327 4701 coelum
1349 4646 1625 4717 possessio
1650 4651 2005 4703 terrenorum
2031 4649 2091 4703 et
2113 4647 2332 4703 addicti
2363 4647 2563 4704 inferis
2574 4647 2983 4721 jurisdictione
3008 4649 3183 4705 susci·

557 4724 800 4795 piuntur
842 4723 905 4779 in
949 4724 1258 4795 supernis.“
1312 4725 1398 4781 of.
1441 4727 1510 4781 de
1554 4727 1664 4782 hoc
1705 4732 2046 4799 argumento
2090 4730 2127 4783 S
2143 4729 2228 4783 ch
2245 4745 2275 4783 e
2291 4729 2472 4783 eben
2510 4729 2575 4784 in
2617 4729 2814 4786 adnot-
2858 4729 2934 4784 ad
2979 4747 3184 4801 opusc.

556 4804 838 4862 Casini.
890 4804 1041 4870 Quid
1068 4807 1154 4859 est
1176 4805 1349 4860 homo
1380 4823 1511 4878 pag.
1539 4814 1646 4865 338
1670 4826 1739 4864 ss.
1766 4811 1826 4862 et
1849 4824 1980 4880 pag.
2007 4813 2110 4866 301
2139 4826 2209 4863 ss.
