3538 5364
1409 316 1491 371 De
1520 317 1701 371 crucis
1727 316 1911 388 signo.
2835 325 2959 392 391

345 496 678 579 signaculo
713 497 994 562 terimus.
1026 498 1267 562 Harum
1322 505 1385 563 et
1448 498 1716 564 aliarum
1751 497 2245 580 disciplinarum,
2278 498 2332 561 si
2364 498 2569 578 legem
2601 500 2968 580 expostules

347 601 838 685 Scripturarum,
871 602 1114 668 nullam
1134 604 1455 681 invenies3
1489 605 1747 669 traditio
1768 603 1885 668 tibi
1904 605 2359 685 praetendetur
2390 605 2659 682 auctrix,
2692 624 2967 670 consue-

350 712 506 776 tudo
529 710 977 775 confirmatrix
1010 718 1075 775 et
1105 710 1264 776 fides
1296 711 1759 777 observatrix.‘
1801 711 1962 775 Hinc
1994 711 2544 794 Hieronymus
2577 731 2672 794 ep.
2695 719 2780 783 22
2801 733 2859 777 n.
2883 719 2965 782 37

351 818 692 883 Eustochio
746 817 970 898 virgini
1019 818 1369 900 praecipit:
1434 818 1533 881 Ad
1596 837 1854 883 omnem
1918 825 2152 896 actum,
2204 819 2286 882 ad
2337 836 2597 884 omnem
2646 819 2969 885 incessum

350 943 580 989 manus
612 925 832 1007 pingat
864 925 1117 989 Domini
1148 938 1482 1002 crucem3‘
1527 933 1591 990 et
1621 926 1922 990 Ambro
1943 926 2110 989 sius
2143 944 2238 1009 ep.
2276 932 2359 995 72
2391 946 2451 990 n.
2490 932 2603 996 12:
2642 925 2807 1002 ,Sed
2831 928 2968 1009 jam

350 1031 478 1096 levi
510 1031 974 1096 cirumcisionis
1025 1031 1246 1096 dolore
1290 1049 1422 1095 non
1473 1050 1635 1115 opus
1685 1038 1786 1097 est
1832 1031 2182 1096 christiano
2232 1034 2489 1115 populo,
2539 1034 2649 1116 qui
2695 1042 2968 1101 mortem

351 1136 605 1202 Domini
635 1137 1088 1203 circumferens
1119 1156 1234 1219 per
1265 1157 1330 1201 m
1348 1157 1386 1202 o
1404 1157 1470 1203 m
1488 1146 1688 1204 enta
1720 1139 1970 1221 singula
2003 1138 2196 1203 fronti
2225 1140 2525 1222 propriae
2556 1142 2779 1206 mortis
2812 1160 2968 1206 con-

351 1251 663 1326 temptum
695 1244 999 1322 inscribit,
1033 1250 1256 1326 utpote
1292 1244 1400 1326 qui
1431 1246 1595 1309 sciat
1643 1246 1781 1311 sine
1814 1263 2002 1309 cruce
2035 1246 2289 1310 Domini
2320 1245 2597 1312 salutem
2627 1267 2699 1313 se
2730 1248 2969 1314 habere

347 1371 482 1416 non
513 1364 762 1433 posse.qt

528 1477 595 1544 2.
631 1474 902 1539 Solem
922 1475 1050 1538 nis
1094 1481 1438 1556 praeterea
1472 1475 1587 1539 fuit
1617 1475 1783 1539 illius
1815 1495 1991 1552 usus„
2023 1495 2173 1541 cum
2204 1478 2620 1544 adhiberetur
2649 1480 2715 1544 in
2745 1498 2968 1544 sacra-

349 1589 714 1647 mentorum
777 1580 1178 1647 confectione
1241 1588 1306 1647 et
1367 1582 1640 1663 liturgia.
1712 1579 1945 1649 Omnia
2005 1601 2120 1665 per
2181 1585 2332 1649 illud
2393 1586 2818 1668 perficiuntur,
2881 1588 2971 1651 ait

351 1688 996 1771 Chrysostomus
1040 1689 1211 1752 hom.
1245 1693 1332 1756 54
1361 1688 1427 1752 in
1458 1688 1699 1765 Matth.,
1748 1707 1917 1771 quae
1959 1690 2043 1754 ad
2073 1708 2196 1755 nos
2228 1699 2539 1772 spectant.
2603 1692 2670 1757 Si
2702 1711 2968 1775 regene-

349 1797 479 1860 rari
529 1802 839 1878 oporteat,
890 1814 1048 1859 crux
1101 1795 1314 1860 adest:
1366 1796 1421 1859 si
1472 1796 1742 1878 mystico
1797 1795 1903 1860 illo
1950 1797 2094 1861 cibo
2125 1799 2367 1873 nutriri,
2422 1798 2479 1862 si
2510 1800 2788 1864 ordinari
2821 1808 2884 1865 et
2916 1801 2971 1864 si

349 1902 601 1985 quidvis
648 1902 821 1966 aliud
869 1901 1250 1979 faciendum,
1304 1902 1542 1985 ubique
1587 1902 1775 1967 nobis
1825 1902 2011 1968 adest
2060 1903 2184 1970 hoc
2232 1905 2539 1969 victoriae
2588 1905 2967 1988 symbolum.

350 2008 591 2074 Idcirco
625 2016 689 2073 et
720 2008 894 2072 domi
943 2015 1008 2073 et
1059 2009 1124 2072 in
1174 2009 1527 2090 parietibus
1580 2016 1645 2074 et
1695 2010 1761 2073 in
1808 2009 2101 2075 fenestris
2133 2012 2292 2077 etin
2323 2011 2531 2076 fronte
2564 2018 2624 2076 et
2657 2013 2723 2076 in
2754 2022 2969 2079 mente

349 2115 526 2180 illam
556 2134 704 2179 cum
736 2116 937 2179 multo
970 2114 1183 2179 studio
1217 2115 1635 2196 depingimus
1702 2116 1839 2181 Hoc
1885 2116 2121 2199 quippe
2152 2118 2402 2198 signum
2437 2125 2535 2183 est
2563 2126 2826 2185 nostrae
2860 2138 2967 2185 sa-

350 2223 521 2299 lutis,
553 2223 913 2287 communis
944 2221 1261 2286 libertatis
1294 2229 1357 2286 et
1391 2222 1903 2287 mansuetudinis
1937 2222 2245 2287 Domini‘

529 2348 592 2418 3.
621 2347 770 2411 Ideo
803 2353 1022 2412 autem
1054 2346 1217 2427 signi
1249 2348 1461 2411 crucis
1492 2364 1646 2412 usus
1680 2355 1820 2414 erat
1870 2350 2035 2413 adeo
2067 2350 2459 2427 universaliS,
2511 2350 2827 2433 frequenS,
2859 2371 2966 2416 so-

350 2454 594 2529 lemniS,
639 2454 811 2535 quod
843 2452 1228 2517 censebatur
1259 2454 1605 2517 admodum
1654 2455 2079 2530 salutaris,
2134 2474 2320 2531 ,nam
2375 2458 2515 2521 solo
2547 2458 2753 2521 crucis
2784 2459 2967 2540 signo

350 2559 656 2636 adhibito,
690 2559 947 2625 fraudes
981 2559 1377 2624 daemonum
1419 2579 1643 2626 omnes
1679 2561 2126 2643 repelluntur,‘
2169 2571 2502 2629 asseverat
2530 2584 2577 2628 s.
2612 2564 2966 2629 Athana-

349 2667 523 2732 sius
556 2666 635 2732 de
656 2663 897 2731 incarn.
919 2686 977 2730 n.
999 2670 1080 2733 47
1103 2690 1119 2742 3
1153 2667 1623 2750 utilitatemque
1645 2669 1907 2751 exponit
1927 2669 1963 2733 l.
1985 2687 2036 2732 c.
2059 2669 2267 2753 Chry
2284 2689 2371 2734 so
2387 2676 2514 2735 sto
2532 2691 2596 2734 m
2614 2691 2654 2735 u
2671 2692 2734 2735 s:
2771 2670 2968 2747 ,Cum

351 2775 542 2855 igitur
571 2780 634 2838 te
667 2773 900 2854 signaS,
935 2778 1142 2839 totum
1176 2775 1386 2838 crucis
1423 2782 1870 2856 argumentum
1903 2777 2130 2857 cogita,
2166 2778 2497 2858 exstingue
2526 2779 2688 2842 iram
2708 2798 2966 2846 omnes-

351 2900 479 2963 pue
509 2899 743 2963 pravos
776 2879 1058 2944 affectus.
1094 2879 1258 2944 Cum
1278 2888 1342 2946 te
1366 2882 1599 2962 signaS,
1622 2883 1825 2947 multa
1844 2883 2078 2948 fiducia
2097 2884 2375 2949 frontem
2395 2892 2571 2949 tuam
2595 2886 2787 2968 reple,
2807 2885 2967 2950 libe-

350 3006 492 3052 ram
513 2988 705 3053 sacito
728 2987 1116 3051 animam...
1149 2985 1371 3069 Neque
1404 2988 1574 3053 enim
1606 2989 1974 3071 simpliciter
1993 2991 2168 3055 illam
2188 2991 2383 3071 digito
2419 2991 2754 3057 efformare
2774 3012 2967 3073 opor-

351 3101 463 3170 tet,
496 3095 612 3159 sed
643 3095 818 3175 prius
849 3095 1180 3160 voluntate
1213 3103 1277 3159 et
1309 3096 1510 3160 multa
1542 3097 1681 3161 fide.
1731 3094 1798 3160 Si
1830 3099 1955 3162 hoc
1985 3100 2181 3163 modo
2214 3099 2388 3163 illam
2420 3100 2484 3162 in
2516 3098 2676 3164 facie
2709 3106 2822 3163 tua
2854 3100 2967 3163 de-

351 3202 649 3284 pinxeris,
681 3202 893 3266 nullus
925 3203 1317 3284 impurorum
1352 3203 1746 3268 daemonum
1778 3211 2006 3269 contra
2026 3213 2087 3271 te
2110 3213 2285 3271 stare
2304 3207 2557 3287 poterit,
2579 3223 2726 3269 cum
2747 3224 2967 3271 ensem

349 3308 582 3386 videat,
614 3325 741 3390 quo
773 3308 1003 3372 vulnus
1037 3309 1314 3389 accepit3
1347 3326 1494 3373 cum
1526 3309 1808 3390 gladium
1838 3311 2073 3386 videat,
2094 3332 2220 3394 quo
2240 3311 2414 3376 letali
2433 3312 2624 3395 plaga
2642 3311 2968 3394 perfossus

348 3421 449 3480 est
482 3464 495 3478 .
530 3464 543 3478 .
578 3463 591 3477 .
625 3414 718 3479 Ne
765 3414 983 3497 itaque
1033 3423 1097 3479 te
1143 3414 1383 3495 pudeat
1429 3417 1589 3480 tanti
1622 3418 1870 3498 accepti
1901 3418 2074 3494 boni,
2121 3437 2202 3483 ne
2235 3418 2556 3483 Christum
2589 3420 2679 3483 tui
2710 3419 2967 3501 pudeat,

351 3521 610 3603 quando
642 3522 855 3586 veniet
886 3540 1035 3585 cum
1069 3521 1271 3602 gloria
1302 3540 1423 3586 sua
1456 3529 1521 3587 et
1540 3524 1664 3587 hoc
1683 3524 1935 3604 signum
1958 3532 2107 3590 ante
2128 3524 2454 3590 Christum
2474 3526 2797 3590 videbitur
2815 3527 2968 3607 ipsis

347 3627 668 3691 solaribus
701 3627 898 3691 radiis
931 3627 1380 3710 splendidius«
1452 3627 1538 3692 Cf.
1571 3630 1740 3693 hom.
1776 3635 1819 3698 4
1849 3649 1900 3694 c.
1928 3632 2201 3713 judaeos
2235 3639 2300 3697 et
2332 3638 2494 3712 gent.

529 3753 593 3823 4.
625 3752 850 3817 Merito
883 3752 1031 3815 hinc
1064 3751 1236 3816 idem
1268 3772 1315 3816 s.
1351 3752 1580 3817 doctor
1611 3754 1678 3816 in
1708 3754 1745 3817 l.
1781 3755 1954 3837 quod
1988 3754 2278 3820 Christus
2324 3763 2422 3820 est
2453 3755 2641 3832 DeuS,
2674 3773 2753 3820 ex
2784 3761 2970 3820 tanta

343 3860 543 3941 hujus
574 3860 735 3939 signi
767 3857 1155 3934 celebritate,
1206 3877 1401 3940 quam
1452 3878 1565 3942 per
1615 3860 1836 3925 orbem
1889 3869 1988 3927 est
2019 3861 2339 3944 adeptum,
2390 3862 2597 3926 crucis
2629 3862 2965 3926 victoriam

347 3967 764 4048 depraedicat
797 3966 1112 4049 infertque
1145 3966 1378 4031 Christi
1410 3968 1782 4034 missionem
1816 3971 2094 4034 divinam
2129 3991 2188 4035 n.
2225 3975 2283 4039 9.

530 4094 592 4159 5.
625 4090 786 4155 Cum
818 4108 969 4170 ergo
1002 4099 1351 4156 novatores
1384 4110 1508 4156 sec.
1542 4092 1699 4156 XVI.
1748 4095 1954 4158 crucis
1986 4094 2235 4175 signum
2269 4094 2607 4174 negligant,
2660 4113 2965 4160 aversen-

349 4203 471 4274 tur,
505 4197 635 4261 fere
666 4198 1004 4261 horreant:
1055 4197 1383 4262 dissensus
1435 4204 1568 4263 tam
1621 4200 1882 4265 evidens
1933 4209 1998 4267 et
2044 4200 2381 4284 palpabilis
2432 4219 2473 4264 a
2516 4202 2651 4265 vita
2680 4203 2967 4284 practica

350 4304 748 4385 antiquitatis
781 4304 1186 4380 christianae,
1237 4306 1628 4387 conjectura,
1678 4307 1809 4372 imo
1861 4313 2307 4388 argumentum
2360 4314 2475 4384 est,
2527 4326 2640 4371 eos
2673 4307 2964 4372 deviasse

349 4411 549 4475 etiam
582 4430 622 4475 a
652 4411 775 4476 fide
809 4418 872 4474 et
902 4408 1203 4490 religione
1234 4430 1429 4477 verae
1452 4412 1687 4477 Christi
1707 4414 2049 4491 Ecclesiae,
2083 4433 2249 4496 quae
2282 4433 2439 4478 sane
2472 4414 2686 4478 ssoruit
2717 4432 2841 4478 sec.
2865 4413 2963 4478 IV.

351 4516 442 4581 111.
465 4517 528 4581 ΙΙ.
546 4517 758 4597 Quare
777 4521 1103 4601 repetieris
1125 4521 1322 4594 verba
1339 4521 1558 4601 gravia
1580 4521 1615 4586 J
1632 4541 1671 4586 o
1686 4543 1729 4586 n
1745 4541 1786 4586 a
1801 4543 1837 4588 e
1867 4525 2063 4588 aurel.
2087 4531 2315 4587 contra
2330 4523 2663 4587 Claudium
2689 4529 2848 4586 taur.
2863 4522 2901 4586 l.
2931 4528 2960 4589 l

352 4623 545 4709 (Mig.
588 4630 728 4700 106,
764 4630 951 4714 333):
1021 4628 1141 4702 „Ut
1172 4629 1322 4711 quid
1355 4630 1561 4692 crucis
1608 4629 1909 4694 vexillum
1955 4630 2399 4695 exhorrescis?
2462 4628 2782 4706 Nescisne,
2816 4629 2965 4710 quia

346 4734 742 4799 daemonum
777 4741 890 4812 est,
925 4736 1209 4816 ejusdem
1242 4736 1447 4799 crucis
1479 4735 1778 4800 vexillum
1814 4739 2318 4803 exhorrescere?
2351 4735 2515 4817 Quid
2537 4754 2695 4816 rogo
2721 4735 2964 4798 sorduit

2539 4861 2629 4913 44·
