3538 5364
553 227 637 293 2⁵2
1132 220 1315 273 'Ili-act.
1344 219 1493 273 VIII.
1518 219 1589 272 de
1614 217 1820 288 gratia.
1848 218 2073 289 Duplex
2099 219 2334 272 actuum
2362 235 2563 287 genus.

545 403 882 483 pertinent,
914 399 1285 483 simpliciter
1328 400 1369 463 b
1387 400 1522 464 oni
1567 405 1684 465 etc.
1735 399 1984 481 Duplex
2016 405 2230 464 autem
2265 399 2668 479 distinguitur
2698 400 2873 463 salus
2908 400 3164 484 (super-

548 509 883 596 naturalis)
916 507 1224 573 hominis:
1254 507 1532 589 prima,
1565 524 1731 590 quae
1765 506 2092 572 obtinetur
2121 507 2187 570 in
2200 506 2674 588 justificatione,
2708 511 2775 572 et
2803 506 3165 582 secunda,

544 614 709 680 illius
741 615 1231 692 consummatio,
1264 631 1431 697 quae
1464 619 1561 679 est
1593 613 1734 695 ipsa
1765 613 1985 694 gloria.
2048 612 2262 692 Quare
2307 613 2542 695 duplex
2572 631 2828 695 quoque
2861 612 3160 693 distingui

544 728 759 804 potest
790 741 989 802 genus
1022 729 1282 787 actuum
1316 721 1710 798 salutarium,
1743 740 2020 804 quorum
2051 721 2296 803 priores
2328 720 2625 789 dicuntur
2657 722 3024 805 simpliciter
3053 740 3160 785 sa-

548 829 806 904 lutareS,
840 830 1069 912 quibus
1101 829 1230 893 scil.
1262 829 1459 892 homo
1491 828 1848 909 disponitur
1879 828 1962 892 ad
1987 827 2540 910 justificationem3
2587 830 2975 911 posteriores
3007 830 3161 893 sim-

543 936 789 1018 pliciter
836 936 1159 1013 meritorii,
1205 936 1436 1018 quibus
1478 935 1859 1017 justificatus
1907 942 2112 1001 meret
2159 936 2446 1016 gloriam.
2511 936 2670 1001 Hinc
2720 942 2903 1000 actus
2953 936 3163 1001 ethice

546 1032 755 1107 bonos
787 1043 871 1108 ab
906 1043 1154 1108 actibus
1186 1043 1572 1107 salutaribus
1604 1061 1674 1107 re
1707 1041 2008 1123 distingui
2058 1042 2468 1107 manifestum
2501 1048 2614 1108 est.
2677 1043 3168 1123 Distinguuntur

543 1149 713 1213 enim
744 1150 1049 1215 lumine
1081 1148 1536 1232 praefulgente,
1568 1168 1716 1213 cum
1747 1149 1834 1213 illi
1870 1149 2207 1215 eliciantur
2237 1150 2591 1217 secundum
2625 1150 2893 1214 rationis
2924 1150 3163 1225 lumen,

542 1258 609 1323 hi
638 1275 792 1323 vero
823 1263 1175 1339 praeeunte
1207 1256 1444 1320 lumine
1475 1256 1621 1321 fidei
1652 1256 1753 1321 vel
1785 1257 2017 1321 saltem
2047 1274 2369 1337 supernae
2402 1256 2856 1322 illustrationis.
2921 1255 3164 1320 Distin-

544 1370 819 1446 guuntur
850 1364 1085 1445 princ
1103 1364 1122 1426 i
1139 1383 1179 1444 p
1196 1363 1272 1427 io
1305 1363 1613 1440 eliciente,
1635 1369 1706 1427 ut
1723 1363 2117 1439 videbimus;
2150 1364 2190 1427 d
2206 1362 2227 1426 i
2246 1363 2568 1444 gnitate
2599 1364 2852 1429 interna
2872 1371 2936 1428 et
2953 1364 3164 1445 pretio

543 1471 800 1535 morali:
834 1477 1016 1535 actus
1049 1471 1220 1535 enim
1250 1470 1577 1535 naturales
1609 1470 2002 1535 conveniunt
2032 1471 2294 1547 homini,
2345 1477 2416 1534 ut
2445 1471 2641 1535 homo
2675 1478 2740 1536 et
2770 1489 2992 1536 servus
3025 1478 3158 1546 est;

542 1579 858 1643 salutares
905 1597 1078 1654 vero,
1129 1583 1199 1642 ut
1249 1585 1350 1643 est
1395 1577 1558 1641 filius
1609 1577 1708 1642 vel
1757 1579 1823 1641 in
1856 1577 1994 1642 fieri
2026 1578 2129 1643 vel
2159 1578 2225 1641 in
2255 1577 2426 1642 facto
2461 1597 2637 1655 esse;
2690 1577 3165 1658 distinguuntur

542 1685 571 1749 f
579 1686 725 1761 ine,
758 1686 823 1748 in
855 1704 1045 1767 quem
1077 1684 1311 1750 tendit:
1344 1683 1512 1749 unde
1543 1684 1662 1748 illis
1693 1684 1860 1766 repit
1889 1685 2066 1750 velut
2097 1702 2290 1766 super
2321 1690 2582 1761 terram,
2613 1684 2792 1748 hisce
2825 1683 3009 1766 quasi
3042 1683 3163 1747 alis

549 1793 836 1871 elevatus
868 1793 933 1856 in
964 1790 1156 1857 finem
1188 1798 1421 1855 natura
1452 1790 1803 1868 celsiorem,
1849 1793 1910 1854 in
1946 1791 2408 1857 beatitudinem
2441 1791 2555 1856 Dei
2584 1792 2910 1873 propriam
2940 1791 3164 1855 tendit.

727 1928 827 1983 27.
860 1922 987 1980 Hoc
1006 1921 1326 1980 discrimen
1347 1921 1566 1979 summi
1594 1924 1687 1980 est
1702 1922 2005 1991 momenti,
2039 1940 2108 1980 ex
2140 1922 2313 1996 cujus
2332 1922 2647 1997 negatione
2667 1921 2938 1996 plerique
2969 1922 3068 1979 Ba
3073 1922 3099 1996 j
3119 1922 3159 1992 i,

543 2011 583 2069 J
598 2010 907 2070 ansenii
954 2014 1014 2069 et
1059 2010 1468 2079 Quesnelli
1514 2028 1740 2068 errores
1785 2011 1938 2069 circa
1969 2014 2196 2069 statum
2227 2013 2719 2086 protoparentum
2750 2010 3022 2086 lapsique
3053 2029 3157 2087 ge·

541 2099 698 2159 neris
728 2099 973 2158 humani
1007 2098 1406 2158 conditionem
1451 2099 1849 2174 pullularunt,
1901 2103 1971 2157 ut
2019 2099 2168 2158 bene
2217 2098 2482 2158 ostendit
2525 2100 2759 2157 Ernst
2803 2100 2897 2157 die
2945 2098 3160 2157 Werke

540 2189 666 2248 und
699 2188 1022 2266 Tugenden
1066 2188 1172 2246 der
1203 2188 1617 2265 Unglaubigen
1662 2188 1811 2247 nach
1858 2191 1942 2249 st.
1972 2188 2280 2266 Augustin
2326 2192 2358 2261 ἓ
2408 2198 2460 2251 5.
2527 2188 2719 2246 Etiam
2761 2189 3158 2246 recentiorum

541 2297 765 2337 errores
785 2277 1215 2352 opinionesque
1234 2278 1565 2335 malesanae
1598 2277 1660 2335 in
1696 2278 1801 2335 hac
1829 2277 2078 2335 materia
2096 2276 2449 2352 prodierunt
2479 2296 2547 2335 ex
2579 2276 2761 2352 hujus
2795 2276 3160 2335 discriminis

538 2368 832 2443 neglectu.
879 2366 1041 2424 Illud
1071 2358 1271 2425 autem
1303 2369 1543 2424 omnino
1575 2384 1702 2424 esse
1735 2365 2119 2424 statuendum
2155 2366 2460 2443 colligitur
2490 2379 2552 2430 a.
2585 2384 2707 2425 non
2739 2367 2934 2424 solum
2967 2385 3036 2424 ex
3070 2366 3155 2424 rei

538 2458 772 2528 natura,
806 2455 909 2515 sed
941 2455 1121 2514 etiam
1154 2452 1226 2519 b.
1260 2474 1329 2513 ex
1360 2455 1771 2531 disputatione
1802 2473 1937 2513 cum
1961 2455 2307 2531 pelagianiS,
2342 2458 2546 2514 contra
2580 2473 2727 2529 quos
2760 2474 2990 2532 semper
3020 2473 3157 2531 pro-

538 2547 874 2623 pugnatum
918 2545 1050 2615 fuit,
1096 2547 1370 2602 naturam
1414 2563 1582 2620 posse
1615 2542 1859 2617 quidem
1904 2544 2105 2618 aliqua
2149 2544 2222 2602 ad
2268 2544 2590 2603 ornandam
2623 2543 2809 2602 vitam
2842 2548 3157 2614 terrenam,

541 2652 734 2710 ,quae
766 2633 1093 2693 secundum
1117 2632 1387 2709 justitiae
1420 2626 1767 2715 (naturalis)
1801 2633 2068 2710 regulam
2114 2651 2233 2692 non
2267 2633 2458 2693 solum
2489 2633 2829 2710 vituperare
2861 2652 2983 2693 non
3015 2651 3153 2710 pos-

540 2742 762 2795 sumus,
797 2743 1005 2782 verum
1036 2724 1215 2782 etiam
1244 2723 1460 2780 merito
1491 2726 1771 2797 recteque
1802 2722 2174 2793 laudamus‚‘
2219 2726 2292 2782 ut
2334 2723 2607 2798 loquitur
2651 2725 2758 2780 Au
2776 2722 3158 2800 gustinus

538 2812 610 2872 de
644 2813 785 2889 spir.
818 2818 879 2872 et
909 2813 997 2874 lit.
1030 2830 1076 2870 c.
1115 2822 1226 2874 27:
1275 2811 1379 2869 sed
1418 2811 1547 2869 sine
1579 2812 1774 2887 gratia
1804 2830 1934 2871 esse
1966 2831 2094 2870 eam
2127 2812 2304 2887 plane
2337 2812 2725 2888 impotentem
2756 2813 2829 2870 ad
2862 2816 3029 2870 actus
3061 2831 3156 2870 sa·

538 2901 777 2965 lutareS.
841 2901 998 2978 Ergo
1044 2901 1104 2959 hi
1150 2899 1399 2959 alterius
1444 2903 1586 2959 sunt
1617 2901 1846 2960 ordinis
1876 2904 2056 2976 atque
2088 2911 2256 2959 aetus
2289 2899 2484 2959 ethice
2514 2901 2660 2959 boni
2692 2919 2800 2959 seu
2832 2901 3155 2971 naturales,

538 2991 612 3049 ad
659 3009 806 3067 quos
850 2994 1065 3048 natura
1110 3008 1247 3048 sane
1280 2991 1373 3047 est
1403 2991 1632 3064 potenS.
1698 2989 2016 3067 Colligitur
2060 3004 2124 3053 c.
2172 3009 2240 3049 ex
2285 2990 2662 3048 damnatione
2692 2990 2959 3066 plurium
2991 3008 3155 3066 prop.

538 3080 737 3155 Baji,
770 3082 843 3138 ut
883 3089 976 3142 13.
1018 3089 1111 3143 15.
1152 3088 1247 3141 17.
1284 3087 1383 3139 22.
1419 3086 1520 3142 34.
1556 3089 1656 3142 36.
1691 3088 1805 3148 37;
1842 3098 1912 3137 ex
1944 3078 2321 3138 damnatione
2350 3088 2622 3155 prop.24
2658 3079 2868 3155 synodi
2901 3080 3156 3155 pisto-

536 3168 858 3227 riensis:
909 3167 1079 3236 „Qua
1123 3186 1261 3226 vero
1308 3171 1474 3241 parte
1507 3163 1833 3248 (doctrinae
1866 3162 2105 3250 synodi)
2138 3169 2295 3227 inter
2326 3168 2725 3226 dominantem
2761 3167 3153 3243 cupiditatem

535 3258 596 3315 et
640 3257 942 3315 caritatem
987 3256 1393 3315 dominantem
1435 3257 1591 3315 nulli
1621 3260 1931 3334 ponuntur
1960 3257 2206 3316 affectus
2243 3257 2422 3316 medii
2474 3276 2508 3314 a
2555 3260 2771 3315 natura
2817 3257 2946 3331 ipsa
2989 3257 3157 3315 insiti

536 3349 869 3422 suapteque
900 3348 1113 3404 natura
1144 3345 1492 3415 laudabileS,
1528 3346 1631 3420 qui
1662 3366 1785 3405 una
1815 3363 1952 3404 cum
1983 3365 2176 3406 amore
2196 3345 2585 3404 beatitudinis
2606 3346 2988 3421 naturalique
3015 3365 3155 3420 pro-

536 3436 822 3509 pensione
866 3435 938 3493 ad
985 3436 1209 3493 bonum
1255 3440 1688 3505 ,remanserunt
1720 3436 1888 3494 velut
1920 3438 2181 3494 extrema
2212 3435 2570 3494 lineamenta
2600 3439 2661 3493 et
2691 3434 2977 3510 reliquiae
3008 3435 3154 3493 ima·

535 3523 692 3600 ginis
725 3519 820 3606 (ex
854 3543 897 3584 s.
931 3523 1273 3601 Augustino
1306 3523 1379 3581 de
1412 3523 1552 3600 spir.
1584 3528 1645 3582 et
1675 3524 1766 3582 lit.
1800 3543 1847 3586 c.
1886 3520 2048 3606 28):‘
2093 3524 2339 3600 perinde
2372 3542 2438 3582 ac
2469 3524 2518 3581 si
2562 3522 2741 3593 ‚inter
2770 3523 3155 3582 dilectionem

534 3612 814 3685 divinam,
858 3633 1010 3689 quae
1053 3631 1165 3672 nos
1209 3612 1484 3689 perducit
1526 3613 1600 3671 ad
1645 3619 1915 3691 regnum,
1963 3617 2026 3672 et
2069 3613 2445 3672 dilectionem
2490 3612 2808 3671 humanam
2855 3613 3151 3682 illicitam,

535 3719 686 3775 quae
717 3702 1068 3771 damnatur-‚⁴
1100 3720 1222 3760 non
1254 3702 1496 3760 daretur
1527 3701 1785 3771 ,dilectio
1818 3702 2077 3761 humana
2105 3701 2291 3771 licita,
2339 3720 2491 3778 quae
2536 3721 2654 3760 non
2700 3701 3157 3778 reprehenditur

533 3785 629 3870 (ex
662 3810 708 3849 s.
737 3793 1078 3868 Augustino
1111 3810 1157 3850 s.
1182 3784 1379 3873 340)‚‘
1412 3790 1576 3858 falsa,
1611 3790 1757 3849 alias
1789 3791 2124 3849 damnata‘
2171 3791 2334 3850 Idem
2367 3790 2685 3849 discrimen
2716 3790 3054 3849 inculcatur
3087 3791 3152 3849 in

534 3880 826 3938 schemate
857 3880 1090 3944 constit.
1124 3880 1490 3957 dogmaticae
1536 3880 1607 3938 de
1652 3878 1924 3938 doctrina
1969 3880 2120 3938 cath.
2160 3899 2194 3937 a
2239 3898 2399 3942 conc.
2432 3880 2700 3938 vaticano
2734 3879 2994 3938 edendae
3027 3897 3073 3937 c.
3113 3890 3147 3942 5

533 3963 708 4048 (Acta
738 3971 798 4027 et
828 3969 979 4027 decr.
1013 3987 1086 4027 ss.
1118 3987 1277 4028 conc.
1310 3969 1444 4029 coll.
1474 3968 1725 4027 lacensis
1758 3968 1885 4040 VII,
1922 3965 2105 4050 563):
2157 3969 2353 4038 ‚Hinc
2381 3967 2560 4027 etiam
2593 3968 2676 4038 fit,
2710 3972 2783 4027 ut
2812 3969 2933 4039 illa,
2968 3987 3150 4044 quam

532 4056 757 4129 dicunt,
792 4058 948 4117 vitae
971 4058 1252 4135 probitas,
1287 4077 1405 4133 qua
1424 4057 1698 4116 mandata
1720 4058 1843 4127 Dei,
1877 4057 2040 4132 quod
2071 4058 2145 4116 ad
2178 4077 2425 4133 operum
2445 4058 2845 4116 substantiam
2867 4057 3153 4132 pertinet,

533 4150 838 4221 utcunque
858 4149 1191 4219 servantur,
1225 4167 1259 4205 a
1281 4146 1526 4221 justitia
1544 4150 1605 4204 et
1625 4146 1960 4219 sanctitate,
1995 4166 2147 4222 quae
2166 4150 2506 4222 operantem
2528 4146 2603 4204 ad
2624 4147 2878 4205 coeleste
2899 4165 3153 4223 regnum

531 4235 821 4310 perducit,
853 4236 1026 4314 longe
1058 4237 1254 4297 distet.
1302 4236 1465 4294 Licet
1495 4235 1652 4294 enim
1684 4235 1776 4293 vis
1808 4236 1914 4293 illa
1944 4239 2196 4295 naturae
2229 4235 2394 4305 insit,
2428 4255 2546 4311 qua
2564 4235 2902 4312 legitimum
2924 4235 3154 4312 aliquid

531 4323 727 4383 anima
744 4325 1047 4384 rationalis
1067 4327 1129 4383 et
1147 4326 1333 4384 sentit
1364 4328 1425 4384 et
1455 4324 1610 4395 facit,
1645 4323 1804 4399 quod
1826 4343 1944 4383 non
1966 4325 2160 4383 solum
2178 4343 2300 4383 non
2320 4324 2710 4399 vituperetur,
2745 4343 2951 4383 verum
2975 4325 3152 4383 etiam

533 4414 745 4472 merito
778 4417 1055 4490 recteque
1087 4414 1400 4473 laudetur:
1433 4413 1585 4471 nihil
1617 4419 1817 4471 tamen
1849 4414 2080 4484 horum,
2114 4413 2592 4489 quandoquidem
2624 4414 2750 4472 sine
2784 4414 2898 4472 fide
2931 4416 2991 4472 ct
3024 4413 3153 4472 sine

530 4503 723 4579 gratia
764 4503 935 4575 fiunt,
983 4503 1056 4562 ad
1102 4504 1267 4562 illam
1312 4502 1594 4579 pietatem
1624 4502 1904 4579 pertinet,
1951 4521 2101 4577 quae
2146 4503 2209 4560 in
2253 4502 2440 4560 vitam
2473 4502 2758 4561 transfert
2790 4505 3149 4562 aeternam.‘

531 4590 611 4650 Gf.
642 4592 972 4668 Ripalda
1001 4593 1151 4669 disp.
1176 4602 1257 4656 44
1291 4609 1336 4650 s.
1375 4603 1442 4662 1;
1476 4592 1865 4668 Kleutgen
1894 4594 1938 4654 t.
1976 4591 2198 4667 2.disp.
2224 4603 2255 4654 7
2294 4610 2346 4653 c.
2376 4601 2410 4654 3
2447 4594 2537 4663 §5
2573 4593 2636 4650 et
2664 4591 2955 4668 insignem
2992 4590 3150 4666 disp.

530 4680 592 4742 P.
624 4682 962 4741 Arrubal
992 4681 1057 4741 in
1088 4700 1360 4759 congreg.
1392 4681 1466 4740 de
1498 4679 1734 4739 auxiliis
1769 4701 1860 4757 ap.
1892 4681 1955 4738 L.
1988 4681 2244 4757 Meyer
2275 4681 2336 4738 in
2370 4679 2508 4742 hist.
2541 4680 2582 4744 l,
2618 4690 2651 4742 5
2677 4695 2733 4738 «ι.
2773 4689 2873 4742 23.
