3538 5364
1664 245 1857 299 Index.

1423 504 1731 562 Articulus
1763 503 2078 566 secundus,

837 609 1096 663 Uberior
1121 607 1456 663 illustratio
1484 606 1801 661 doctrinae
1829 606 1900 660 de
1921 605 2388 673 justificationis
2416 606 2658 659 natura.

444 709 642 764 'rhesis
667 717 789 767 202.
816 710 1014 765 Gratia
1022 712 1346 782 justificans
1361 714 1446 766 est
1460 711 1775 766 habitualis
1793 713 1849 765 et
1866 710 2116 779 qualitis
2133 708 2455 780 spiritualis
2472 709 2698 763 animae

445 799 643 853 Thesis
669 807 788 858 203.
818 799 1047 855 Gratiae
1071 800 1433 871 justificantis
1461 802 1547 854 est
1570 801 1757 854 delere
1787 802 2019 870 peccata
2081 839 2093 851 .

870 891 1102 945 reddere
1129 891 1418 945 hominem
1449 890 1563 945 Deo
1590 894 1819 961 gratum
1918 933 1929 943 .

860 982 1085 1049 justum
1121 1021 1134 1033 .

874 1069 1176 1140 pulchrum
1277 1110 1289 1123 .
1434 1116 1445 1128 .

871 1158 1094 1214 Christo
1121 1159 1362 1215 similem
1440 1202 1452 1215 .

869 1249 1067 1304 vivum
1095 1252 1411 1305 membrum
1441 1248 1653 1303 Christi
1679 1250 1738 1301 et
1764 1245 1946 1299 filium
1975 1245 2080 1298 Dei
2106 1245 2445 1316 adoptivum

868 1340 1132 1394 heredem
1157 1337 1322 1409 regni
1350 1341 1635 1394 coelorum

869 1431 1186 1484 consortem
1213 1427 1442 1481 divinae
1470 1429 1708 1481 naturae
1762 1469 1775 1480 .

869 1533 1134 1587 capacem
1162 1515 1351 1570 meriti
1378 1492 1651 1586 condigni
1761 1557 1774 1570 .

798 1607 833 1659 S
850 1623 880 1659 c
895 1606 934 1658 h
952 1622 983 1659 o
1000 1606 1056 1661 11
1071 1623 1103 1661 o
1123 1624 1175 1657 n.
1203 1605 1621 1676 Expenduntur
1662 1602 1899 1673 quidam
1939 1605 2173 1657 eflectus
2224 1601 2546 1657 secundarii
2593 1603 2736 1671 ejus-

867 1696 995 1749 dem
1023 1694 1243 1765 gratiae
1282 1735 1294 1747 .
1601 1733 1615 1745 .

442 1788 642 1842 Thesis
667 1792 787 1843 204.
815 1786 1063 1857 Spiritus
1088 1804 1130 1839 s.
1157 1784 1395 1856 speciali
1419 1784 1588 1838 modo
1617 1783 1907 1838 inhabitat
1927 1785 2115 1854 justos

1465 1899 1771 1958 Alticulus
1806 1899 2043 1958 tertius,

1293 2000 1387 2054 De
1428 1998 1854 2054 virtutibus
1892 1998 2197 2052 infusis.

796 2107 1201 2163 Praenotiones
1226 2108 1294 2161 de
1321 2105 1616 2162 habitibus
1643 2108 1701 2160 et
1723 2105 2039 2161 virtutibus
2079 2153 2090 2164 .

441 2199 638 2254 'rhesis
664 2200 877 2255 205.1n
919 2196 1324 2268 justificatione
1368 2194 1760 2250 infunduntur
1803 2193 2037 2249 habitus
2078 2194 2378 2264 operativi,
2422 2194 2482 2247 in
2530 2193 2731 2265 primis

867 2287 1022 2350 fides
1049 2302 1193 2355 spes,
1220 2284 1425 2338 caritas

796 2375 832 2430 S
849 2392 879 2429 c
895 2375 934 2428 h
951 2393 982 2430 o
998 2375 1050 2429 1
1035 2393 1056 2427 ι
1072 2391 1103 2428 o
1119 2392 1178 2430 n.
1203 2373 1572 2439 Quaestiones
1591 2374 1660 2427 de
1680 2373 1969 2426 infusione
1996 2374 2275 2427 virtutum
2295 2371 2631 2433 moralium:
2662 2372 2730 2426 de

866 2463 1193 2519 discrimine
1221 2464 1371 2517 inter
1394 2462 1641 2533 gratiam
1666 2457 2020 2516 habitualem
2063 2464 2121 2515 et
2150 2460 2416 2514 habitum
2445 2460 2731 2521 caritatis:

865 2553 935 2606 de
961 2550 1238 2606 relatione
1265 2550 1415 2605 inter
1441 2550 1686 2620 gratiam
1713 2551 1769 2602 et
1800 2550 2037 2604 virtutes
2065 2550 2281 2603 infusas

1440 2666 1746 2726 Articulus
1780 2668 2050 2742 quartae.

1208 2767 1302 2821 De
1342 2766 1593 2821 causis
1621 2764 2271 2835 justificationis.

798 2879 980 2932 Causa
1006 2876 1259 2932 efficiens

797 2968 957 3022 Aliae
984 2983 1187 3021 causae
1279 3009 1292 3022 .
1600 3008 1611 3020 .

796 3057 1002 3111 Utrum
1028 3055 1216 3126 gratia
1235 3053 1665 3125 justificationis
1691 3055 1913 3108 creetur

1444 3187 1749 3246 Articulus
1784 3188 2054 3263 quintus,

1023 3286 1116 3360 De
1155 3285 1782 3356 proprietatibus
1814 3286 2463 3354 justificationis.

797 3392 1026 3447 Gratiae
1051 3390 1434 3461 inaequalitas
1922 3435 1935 3448 .
2081 3436 2093 3448 .
2241 3437 2254 3449 .
2401 3437 2413 3449 .

799 3481 980 3535 Nemo
1007 3480 1146 3536 scire
1173 3483 1362 3551 potest
1385 3478 1727 3535 certitudine
1757 3481 1888 3535 fidei
1916 3498 1973 3536 sc
2001 3498 2118 3536 esse
2147 3482 2208 3536 in
2237 3486 2391 3536 statu
2419 3439 2640 3553 gratiae
2720 3524 2733 3536 .

443 3568 642 3623 Thesis
667 3574 787 3626 206.
814 3569 998 3623 Letali
1042 3571 1273 3641 peccato
1312 3568 1601 3626 amittitur
1642 3570 1831 3638 gratia
1877 3585 2006 3624 cum
2050 3571 2216 3626 donis
2256 3571 2462 3626 infusis
2503 3575 2736 3643 excepta

872 3658 980 3711 fide
1007 3660 1066 3712 et
1092 3674 1190 3727 spe
1284 3697 1295 3708 .

799 3747 834 3801 S
853 3765 881 3801 c
895 3748 935 3800 h
953 3765 985 3802 o
1003 3747 1062 3800 11
1081 3764 1113 3801 o
1130 3765 1184 3803 n.
1215 3746 1367 3800 Num
1406 3746 1595 3816 gratia
1632 3747 1947 3803 habitualis
1985 3748 2255 3808 imminui
2296 3750 2479 3819 possit
2504 3753 2735 3822 peccato

874 3836 1130 3890 veniali.

442 3925 642 3980 'rhesis
668 3929 788 3982 207.
815 3926 902 3979 Ad
927 3924 1440 3996 perseverantiam
1425 3942 1486 3978 m
1511 3927 1698 3995 gratia
1719 3926 2035 3994 requiritur
2062 3929 2383 3981 observatio
2412 3932 2703 3999 praecept.

1582 4050 1790 4135 Caput
1819 4053 1911 4118 III.

1570 4162 1656 4215 De
1681 4161 1925 4218 merito.

801 4265 993 4320 Meriti
1020 4267 1178 4321 notio
1278 4307 1289 4319 .

801 4354 993 4409 Meriti
1019 4356 1375 4411 conditiones
1445 4397 1456 4409 .

753 4483 754 4490 ι
801 4445 1074 4500 Homines
1098 4446 1253 4516 apud
1281 4444 1462 4498 Deum
1490 4445 1688 4499 mereri
1716 4450 1959 4516 possunt

803 4533 993 4587 Meriti
1020 4535 1305 4604 objectum

801 4622 881 4676 De
908 4623 1307 4677 reviviscentia
1333 4623 1667 4677 meritorum
1766 4665 1778 4675 .

803 4711 1164 4766 Scholion
1190 4713 1539 4783 practicu
1559 4732 1629 4769 m.
1661 4712 2011 4767 Concionum
2042 4717 2383 4783 argumenta

2928 252 3058 315 699

2848 421 2984 492 Pag.

2959 715 3062 764 143

2958 800 3062 853 147

2960 893 3061 942 150

2957 982 3052 1030 151

2958 1073 3059 1119 155

2958 1162 3060 1209 156

2956 1248 3055 1300 157

2956 1340 3060 1389 160

2958 1431 3053 1481 161

2957 1520 3060 1571 163

2958 1698 3059 1748 163

2955 1788 3056 1838 165

2955 2108 3058 2159 168

2953 2288 3057 2340 173

2956 2878 3060 2933 177

2957 2969 3060 3023 178

2960 3059 3059 3111 178

2959 3400 3061 3452 179

2956 3492 3057 3541 180

2957 3849 3058 3898 185

2958 3936 3061 3986 186

2960 4275 2977 4320 1
2991 4274 3059 4324 88

2963 4365 3063 4415 189

2960 4454 3062 4503 198

2956 4540 3064 4591 200

2958 4632 3060 4680 202

2956 4717 3063 4768 204
