3538 5364
1174 275 1288 311 non
1316 262 1401 311 est
1424 258 1682 311 absolute
1712 257 2137 312 irremissibilis.
2831 270 2964 333 429

339 449 578 504 nuatur.
646 443 933 501 Similiter
964 442 1141 500 etiam
1175 443 1278 519 qui
1314 444 1757 519 blasphemabat
1795 445 1857 501 in
1892 444 2111 501 Filium
2145 444 2421 515 hominis,
2470 447 2599 520 ejus
2645 445 2962 505 divinitate

341 535 605 593 nondum
650 532 927 602 revelata,
971 536 1207 606 poterat
1253 532 1467 591 habere
1511 534 1771 608 aliquam
1803 534 2241 592 excusationem
2276 538 2519 610 propter
2550 534 2961 594 infirmitatem

341 624 552 691 carnis,
587 641 762 698 quam
798 621 861 677 in
892 638 960 679 eo
994 621 1335 695 aspiciebat,
1370 626 1430 679 et
1462 622 1547 679 sic
1579 622 1868 680 minorem
1903 641 2148 696 poenam
2183 624 2549 681 merebatur·
2598 624 2699 681 sed
2749 625 2851 697 qui
2899 625 2958 681 in

340 714 523 788 ipsam
560 711 933 769 divinitatem
969 710 1410 785 blasphemabat
1442 727 1621 786 opera
1653 711 1913 786 Spiritus
1952 713 2140 770 sancti
2173 712 2406 770 diabolo
2438 713 2787 779 attribuens
2822 714 2958 770 nul·
3209 746 3340 805 k..
3289 719 3441 786 ..o-⁴

340 803 454 859 lam
477 801 910 860 excusationem
934 799 1202 867 habebat,
1226 800 1383 857 unde
1404 802 1532 875 ejus
1553 819 1741 875 poena
1760 799 2203 859 diminueretur
2217 798 2335 880 ¹)
2358 802 2538 859 ,Alio
2569 802 2741 860 modo
2763 806 2958 877 potest
3005 788 3069 849 3
3092 788 3202 834 ‘⁹'
3241 830 3305 854 κ
3364 803 3435 864 in

340 890 599 966 intelligi
646 887 837 964 quoad
884 889 1216 964 culpam,
1266 890 1424 947 sicut
1467 890 1685 963 aliquis
1717 890 1963 948 morbus
1999 890 2220 948 dicitur
2253 891 2598 948 incurabilis
2634 891 3107 950 secundumw

340 984 614 1038 naturam
647 978 856 1045 morbi,
910 996 1012 1051 per
1059 997 1235 1052 quem
1267 978 1504 1036 tollitur
1549 978 1626 1049 id,
1678 998 1783 1053 per
1829 978 1984 1050 quod
2032 983 2229 1054 potest
2260 981 2502 1037 morbus
2537 980 2761 1047 curari;
2815 986 2922 1055 put
3005 956 3350 1115 Μ’
3369 982 3501 1049 ,θ’

339 1088 471 1127 cum
508 1067 752 1126 morbus
785 1066 949 1123 tollit
982 1066 1266 1124 virtutem
1298 1071 1544 1125 naturae
1590 1068 1681 1125 vel
1727 1068 1961 1125 inducit
1992 1068 2296 1126 fastidium
2346 1069 2460 1127 cibi
2509 1075 2567 1126 et
2614 1069 2959 1139 medicinae,
2984 1023 3350 1141 ‚We
3355 1053 3501 1203 jo·

337 1158 481 1216 licet
511 1157 692 1215 talem
726 1155 994 1213 morbum
1020 1156 1176 1214 Deus
1210 1156 1401 1231 possit
1432 1175 1666 1224 curare;
1702 1157 1787 1214 ita
1818 1160 1878 1214 et
1909 1162 2210 1231 peccatum
2244 1158 2306 1215 in
2341 1157 2626 1233 Spiritum
2661 1177 2706 1220 s
2741 1158 2960 1217 dicitur
2981 1098 3406 1314 W?

336 1245 746 1305 irremissibile
778 1243 1106 1302 secundum
1140 1263 1306 1302 suam
1340 1249 1632 1313 naturam,
1669 1246 1731 1303 in
1764 1252 2056 1320 quantum
2090 1246 2352 1304 excludit
2401 1266 2483 1315 ea,
2536 1267 2641 1322 per
2691 1267 2841 1322 quae
2893 1250 2959 1304 fit
3313 1217 3486 1287 Μ’

336 1336 609 1393 remissio
642 1337 1028 1409 peccatorum.
1094 1334 1202 1391 Per
1249 1335 1355 1392 hoc
1392 1337 1592 1392 tamen
1626 1354 1742 1392 non
1775 1334 2182 1410 praecluditur
2229 1336 2321 1394 via
2366 1336 2712 1394 remittendi
2760 1340 2820 1394 et
2867 1342 3017 1394 sa·‘
2995 1269 3501 1511 5⁹⁹⁶}ss
3363 1308 3501 1381 μ’*

336 1425 520 1483 nandi
554 1423 1014 1498 omnipotentiae
1046 1428 1107 1480 et
1138 1422 1571 1482 misericordiae
1606 1424 1727 1494 Dei,
1760 1444 1868 1499 per
1900 1444 2075 1525 quam
2112 1424 2448 1499 aliquando·
2464 1426 2610 1482 tales
2642 1427 2813 1500 quasi
2847 1420 3060 1490 mi-fi'

335 1513 604 1572 raculose
637 1511 1032 1587 spiritualiter
1064 1518 1367 1569 sanantur.
1386 1521 1412 1550 ‘
1476 1512 1558 1570 Ct'.
1591 1512 1766 1570 etiam
1803 1513 1936 1574 lect.
1979 1524 2000 1574 l
2046 1514 2109 1571 in
2141 1532 2232 1587 ep.
2266 1514 2337 1571 ad
2373 1514 2533 1573 Rom.
2567 1533 2610 1575 c.
2651 1524 2703 1575 2.
2945 1526 3061 1601 ν
3096 1450 3482 1650 7:935„

519 1638 708 1707 Quare
741 1638 848 1695 hoc
880 1642 1183 1712 peccatum
1218 1636 1623 1695 irremissibile
1656 1637 1879 1695 dicitur
1909 1656 2027 1695 non
2063 1637 2193 1695 abs
2214 1639 2430 1696 olute
2479 1647 2539 1694 et
2587 1638 2958 1712 simpliciter,
2981 1631 3136 1710 VI

338 1729 443 1787 sed
488 1733 721 1786 tantum
769 1725 1337 1801 quadamtenus
1384 1730 1443 1783 et
1490 1726 1815 1784 secundum
1862 1728 2024 1801 quid,
2075 1729 2368 1800 quatenus
2413 1727 2538 1785 scil.
2572 1726 2813 1786 difficile
2847 1732 2953 1797 est,
2987 1741 3082 1788 a·

337 1818 409 1875 de
442 1818 545 1876 illo
577 1821 645 1875 ut
678 1820 912 1891 oportet
944 1815 1368 1890 poenitentiam
1402 1834 1575 1891 agere
1608 1815 1896 1890 illiusque
1925 1816 2204 1890 consequi
2226 1816 2456 1874 veniam
2479 1821 2720 1891 propter
2741 1818 2956 1874 mentis

336 1907 801 1965 excoecationem
834 1904 1140 1977 cordisque
1173 1904 1634 1973 indurationem,
1683 1905 1856 1977 cujus
1904 1910 2207 1980 peccatum
2240 1905 2390 1963 illud
2427 1906 2743 1963 nefandum
2780 1924 2956 1965 causa

336 2014 463 2054 esse
513 1995 679 2053 solet.
763 1994 839 2051 Et
888 2011 1092 2051 revera
1125 1993 1423 2050 Christum
1472 1993 1887 2050 difficultatem
1939 1997 2191 2066 tantum,
2244 2013 2362 2051 non
2409 1994 2952 2069 impossibilitatem

336 2085 542 2143 veniae
574 2081 1017 2158 consequendae
1050 2082 1364 2155 inculcare,
1413 2082 1718 2158 colligitur
1750 2101 1819 2139 ve
1876 2101 1941 2140 ex
1977 2102 2138 2141 more
2173 2083 2526 2158 scripturae,
2576 2104 2692 2158 quo
2733 2085 2954 2159 passim

339 2174 403 2231 in
436 2173 693 2231 secundo
728 2172 988 2229 membro
1022 2172 1448 2245 propositionis
1482 2170 1703 2245 aliquid
1736 2171 2066 2229 affirmatur
2100 2172 2190 2230 vel
2230 2176 2487 2248 negatur
2517 2192 2634 2230 non
2670 2173 2953 2248 simplici-

338 2266 449 2333 ter,
498 2262 599 2320 sed
632 2264 1068 2337 comparate
1100 2279 1234 2317 cum
1268 2278 1352 2329 e0,
1401 2260 1557 2335 quod
1607 2260 1666 2317 in
1715 2260 1977 2318 membro
2013 2260 2196 2335 priori
2233 2262 2539 2331 statuitur,
2575 2262 2717 2319 adeo
2749 2266 2818 2319 ut
2850 2281 2950 2320 ne·

340 2346 502 2428 gatio
534 2351 781 2409 alterius
814 2348 1062 2408 membri
1097 2349 1498 2407 circumscribi
1518 2348 1731 2406 debeat
1750 2349 2060 2424 particulis
2097 2368 2256 2417 ,non
2291 2351 2374 2407 ita
2408 2350 2605 2407 sicut‘
2643 2351 2734 2407 vel
2770 2350 2951 2409 simili

337 2441 582 2499 ratione.
616 2440 692 2497 Et
710 2457 848 2497 sane
870 2439 974 2496 hoc
995 2438 1175 2515 exigit
1196 2443 1523 2496 contextus.
1559 2438 1725 2496 Sicut
1745 2438 1899 2497 enirn
1924 2438 2189 2496 Christus
2211 2438 2374 2508 dicit,
2399 2439 2659 2513 Spiritus
2682 2439 2952 2514 blasphe-

336 2530 516 2587 miam
561 2548 679 2587 non
725 2528 967 2596 remitti,
1018 2526 1103 2584 ita
1147 2528 1427 2585 affirmat:
1486 2529 1817 2603 Quicunque
1847 2529 2060 2586 dixerit
2095 2528 2318 2585 verbum
2352 2536 2555 2585 contra
2593 2530 2809 2585 Filium
2855 2529 2954 2585 leo-

336 2620 529 2696 minis,
571 2620 892 2675 remittetur
922 2619 987 2679 ei,
1054 2617 1234 2692 Atqui
1269 2636 1389 2675 non
1423 2635 1593 2674 omne
1626 2621 1935 2693 peccatum
1975 2618 2036 2674 in
2071 2617 2286 2675 Filium
2319 2617 2576 2675 hominis
2609 2616 2954 2675 dimittitur.

336 2709 513 2785 Ergo,
547 2727 620 2766 ne
652 2708 798 2766 falsa
829 2707 953 2764 sint
974 2706 1254 2765 Veritatis
1288 2708 1482 2778 verba,
1518 2707 1591 2765 iis
1626 2707 1999 2783 significatur
2031 2726 2150 2765 non
2185 2708 2422 2776 factum,
2459 2707 2559 2766 sed
2592 2707 2956 2765 facilitas

336 2797 543 2855 veniae
576 2796 1038 2872 consequendae.
1103 2795 1268 2863 Quod
1316 2797 1364 2854 si
1414 2797 1623 2854 verba:
1676 2796 1852 2853 Omne
1889 2804 2190 2869 peccatum
2234 2798 2296 2853 in
2339 2796 2553 2854 Filium
2586 2798 2832 2853 honiinis
2866 2817 2955 2854 re-

340 2889 595 2944 mittetur
638 2883 707 2960 ei,
759 2885 1098 2961 significant
1141 2885 1485 2942 facilitatem
1520 2885 1961 2961 consequendae
1996 2886 2381 2955 remissionis,
2416 2885 2739 2962 propositio
2772 2905 2953 2961 oppo-

336 2975 479 3033 sita:
517 2975 773 3051 Spiritus
792 2974 1142 3048 blasphemia
1162 2993 1273 3032 non
1293 2977 1630 3050 remittetur,
1668 2974 2371 3055 nongqp-o-s-s-ifflhmtem,
2407 2974 2507 3032 sed
2541 2974 2952 3045 difficultatem

337 3067 571 3122 tantum
608 3064 811 3121 veniae
844 3062 1199 3121 obtinendae
1231 3064 1537 3138 exprimet,
1573 3064 1743 3139 cujus
1768 3064 2137 3121 difficultatis
2159 3063 2424 3138 specialis
2447 3065 2735 3121 rationem
2756 3065 2954 3122 reddit

338 3172 383 3211 S.
416 3153 730 3210 Thomas
775 3152 972 3210 verbis
1007 3170 1185 3227 supra
1216 3152 1429 3210 allatis.
1496 3152 1647 3210 Hinc
1696 3152 1768 3209 ad
1820 3172 1943 3210 rem
1990 3152 2591 3228 chrysostomus
2637 3153 2700 3210 in
2747 3154 2952 3216 Matth.

338 3243 492 3304 hom.
514 3251 586 3303 41
630 3261 686 3299 n.
724 3250 791 3302 3:
830 3241 1246 3315 ,Blasphemia
1266 3242 1519 3316 Spiritus
1549 3261 1668 3299 non
1701 3241 2046 3310 remittitur,
2081 3261 2156 3299 ne
2188 3242 2633 3315 poenitentibus
2668 3242 2907 3317 quidem
2927 3247 2958 3298 ⁴?

335 3331 415 3388 Et
446 3350 564 3405 qua
594 3332 821 3388 ratione
851 3334 1005 3388 stare
1037 3329 1231 3404 possit
1262 3329 1456 3388 illud?
1519 3331 1665 3388 Nam
1705 3334 1766 3389 et
1798 3331 1906 3387 hoc
1936 3334 2241 3404 peccatum
2273 3332 2716 3406 poenitentibus
2749 3331 2950 3389 remis-

337 3439 470 3478 sum
518 3417 649 3481 fuit.
712 3419 888 3477 Multi
919 3419 1076 3477 enim
1110 3419 1366 3486 illorum,
1415 3420 1519 3494 qui
1567 3419 1708 3476 talia
1738 3418 2037 3486 dixerunt,
2085 3425 2290 3494 postea
2321 3420 2702 3478 crediderunt
2735 3421 2953 3478 omnia·

336 3527 453 3583 que
486 3507 633 3582 ipsis
666 3508 909 3566 remissa
941 3513 1098 3567 sunt,
1162 3508 1313 3576 Quid
1360 3508 1549 3583 igitur
1593 3508 1687 3566 hic
1732 3508 1926 3566 dixit?
1991 3509 2299 3567 Peccatum
2348 3509 2456 3566 hoc
2502 3510 2714 3567 ceteris
2767 3510 2960 3567 multo

335 3597 535 3655 minus
568 3615 696 3656 esse
728 3596 1074 3674 ignoscibile
1091 3593 1155 3676 ¹).
1172 3605 1197 3632 ¹¹

520 3731 663 3783 447.
696 3720 762 3786 6.
796 3721 1225 3779 Testimonium
1258 3721 1422 3779 aliud
1454 3724 1544 3779 sat
1576 3721 1815 3780 difficile
1849 3722 2069 3798 legitur
2102 3722 2276 3785 Hebr.
2303 3734 2357 3790 6,
2396 3733 2430 3782 4
2457 3741 2567 3783 ss.:
2604 3722 2958 3797 Impossibile

335 3818 417 3868 est
449 3814 598 3868 enim
630 3829 739 3887 eos,
774 3813 873 3886 qui
903 3812 1069 3868 semel
1099 3817 1233 3867 sunt
1264 3812 1576 3868 illuminati
1609 3807 1672 3891 (i.
1692 3830 1739 3869 e.
1771 3808 2098 3892 baptizati),
2132 3818 2502 3887 qustaverunt
2536 3814 2708 3869 eliam
2742 3813 2954 3869 donum

334 3901 559 3958 coeleste
573 3895 1039 3981 (eucharistiam)
1061 3907 1109 3957 et
1120 3902 1443 3974 participes
1456 3901 1599 3972 facti
1618 3907 1751 3958 sunt
1768 3901 2026 3973 Spiritus
2045 3903 2230 3958 sancti
2252 3896 2384 3980 (per
2399 3897 2952 3978 confirmationem),

560 4093 594 4160 ¹)
622 4087 704 4144 Cf.
733 4091 791 4142 et
817 4089 933 4139 Am
956 4087 1286 4141 brosium
1329 4088 1398 4140 de
1425 4087 1636 4158 poenit.
1670 4088 1733 4151 11,
1764 4096 1826 4144 4:
1878 4088 1946 4140 de
1976 4088 2122 4158 Spir.
2165 4106 2206 4140 s.
2237 4089 2276 4150 I,
2304 4095 2367 4146 ὃς
2420 4106 2459 4140 s.
2500 4087 2814 4140 Thomas
2841 4094 2873 4142 3
2901 4105 2956 4154 q.

336 4176 407 4224 86
432 4185 482 4221 a.
517 4176 574 4229 l;
616 4168 781 4222 Corn.
808 4184 842 4220 a
869 4167 1104 4237 Lapid
1124 4184 1152 4219 e
1181 4168 1235 4219 h.
1263 4166 1332 4224 1.;
1374 4169 1511 4219 Ger
1530 4166 1781 4220 bertin
1811 4167 2097 4236 disquisit.
2128 4169 2196 4221 de
2227 4170 2456 4237 peccato
2485 4167 2544 4218 in
2573 4166 2848 4235 Spiritum
2881 4187 2956 4222 s.·.

338 4247 669 4301 Richard
687 4266 724 4301 u
742 4266 767 4301 s
806 4265 840 4300 a
880 4266 922 4300 s.
953 4246 1181 4300 Victore
1220 4246 1281 4299 in
1321 4246 1357 4299 l.
1400 4247 1469 4300 de
1509 4247 1717 4317 spiritu
1747 4248 2131 4316 blasphemiae
2159 4265 2273 4301 rem
2302 4247 2385 4301 ita
2413 4246 2664 4316 explicat
2687 4245 2855 4316 (Mig
2873 4265 2907 4299 n
2926 4267 2954 4300 e

343 4334 459 4388 196,
495 4330 648 4398 1190)
672 4349 682 4381 :
712 4326 895 4388 „Bene
922 4343 1056 4396 ergo
1083 4325 1295 4380 dicitur
1321 4326 1389 4379 de
1416 4343 1498 4388 e0,
1528 4326 1631 4394 qui
1659 4327 2147 4396 blasphemaverit
2175 4327 2234 4379 iu
2263 4325 2542 4397 Spiritum
2570 4343 2629 4390 s.,
2658 4327 2810 4393 quod
2841 4344 2954 4380 non

338 4408 514 4460 habet
550 4406 939 4461 remissionem
980 4406 1040 4458 in
1068 4408 1394 4460 aeternum:
1437 4404 1709 4474 quoniam
1736 4405 1784 4459 si
1812 4405 2089 4474 poenitet,
2133 4405 2281 4459 nihil
2308 4405 2361 4459 ei
2387 4406 2455 4458 de
2484 4405 2847 4474 plenitudine
2875 4407 2952 4460 di-

338 4485 731 4540 strictissimae
758 4486 1134 4556 expiationis:
1163 4487 1341 4540 sinon
1373 4486 1645 4556 poenitet,
1670 4486 1887 4541 nihilei
1907 4487 2224 4540 remittitur
2249 4488 2317 4540 de
2346 4485 2707 4556 plenitudiue
2735 4487 2952 4542 distric-

337 4565 589 4620 tissimae
616 4566 1003 4621 damnationis
1023 4581 1066 4620 2⁶·
1098 4567 1235 4619 dum
1263 4570 1459 4621 contra
1487 4567 1547 4619 in
1574 4565 1702 4621 aliis
1730 4566 1995 4636 peccatis,
2037 4567 2175 4633 quia
2201 4566 2423 4635 aliquid
2452 4568 2836 4621 excusa-tionis
2862 4570 2954 4620 ad·

338 4645 598 4706 mittunt,
626 4645 849 4713 aliquid
876 4647 1164 4699 relaxatur
1211 4646 1328 4699 sive
1374 4646 1432 4698 in
1479 4644 1807 4715 expiatione
1855 4647 1943 4699 vel
1991 4646 2377 4700 satisfactione
2420 4647 2537 4699 sive
2582 4647 2644 4700 in
2671 4649 2958 4716 gravitate

337 4725 741 4779 damnationis,
