3538 5364
584 331 721 397 588
1043 324 1227 378 Tract.
1257 325 1349 378 IX.
1377 326 1446 379 de
1472 324 1856 379 matrimonio,
1883 323 2081 378 Thesis
2108 324 2417 380 CCLXVII.
2445 323 2726 378 Ecclesiae

776 518 918 573 630.
952 510 1130 569 Porro
1164 509 1481 568 admodum
1515 512 1871 570 conveniens
1903 511 2039 581 suit,
2073 513 2143 570 ut
2173 510 2618 570 matrimonium
2648 510 2936 569 Ecclesiae
2966 511 3188 586 ipsique

591 600 703 658 soli
733 600 1200 671 concrederetur,
1233 618 1307 657 ne
1340 600 1464 659 scil.
1495 599 1675 657 nimis
1708 599 1878 658 facile
1910 600 2338 676 profanaretur,
2390 618 2529 657 nam
2559 615 2627 662 a.
2659 600 3098 658 matrimonium
3127 619 3187 658 ex

586 689 826 765 generis
872 688 1116 746 humani
1164 706 1341 747 sensu
1389 706 1510 746 non
1559 691 1653 747 est
1701 691 2040 748 contractus
2085 689 2368 764 profanus
2416 688 2518 747 sed
2565 688 2712 764 quid
2757 693 3190 748 sacrosanctum.

593 778 778 846 Quam
810 777 1100 835 rationem
1133 778 1218 834 ita
1248 777 1418 835 docte
1450 777 1728 853 proponit
1758 778 1904 836 Leo
1936 778 2093 835 XIII.
2126 778 2214 840 lit.
2248 778 2375 836 cit.:
2427 778 2705 847 ,Etenim
2741 797 2870 836 cum
2902 778 3191 835 matrimo-

590 868 758 925 nium
789 866 1002 924 habeat
1034 867 1220 925 Deum
1252 869 1573 937 auctorem,
1613 866 1914 942 fueritque
1945 867 2040 926 vel
2073 886 2107 925 a
2138 867 2426 942 principio
2459 868 2746 942 quaedam
2777 866 3192 925 incarnationis

590 956 768 1013 Verbi
789 955 896 1013 Dei
915 955 1307 1023 adumbratio,
1342 955 1559 1013 idcirco
1578 955 1730 1014 inest
1748 956 1813 1013 in
1833 974 1901 1014 eo
1922 973 2154 1014 sacrum
2174 959 2235 1014 et
2262 956 2599 1032 religiosum
2620 954 2922 1031 quiddam,
2952 974 3073 1014 non
3105 955 3193 1014 ad-

592 1044 908 1103 ventitium
930 1043 1033 1102 sed
1052 1044 1405 1121 ingenitum,
1440 1062 1557 1102 non
1578 1044 1651 1102 ab
1671 1045 2009 1104 hominibus
2029 1049 2353 1120 acceptum,
2389 1045 2492 1104 sed
2511 1048 2727 1104 natura
2744 1043 3016 1104 insitum.
3048 1044 3192 1114 Quo-

581 1135 743 1192 circa
772 1134 1285 1191 Innocentius
1318 1131 1420 1190 ΙΙΙ.
1457 1128 1530 1215 (c.
1567 1141 1602 1197 8
1637 1133 1709 1192 de
1741 1130 2026 1215 divortio)
2072 1137 2133 1193 et
2163 1135 2555 1193 Honorius
2584 1135 2691 1192 111.
2724 1135 2795 1211 (c.
2833 1144 2866 1196 2
2904 1134 2978 1193 de
3010 1136 3193 1191 trans-

586 1223 725 1298 act.)
758 1223 1094 1281 decessores
1114 1222 1323 1290 nostri,
1358 1240 1478 1280 non
1509 1222 1729 1297 injuria
1759 1241 1867 1281 nec
1898 1226 2117 1282 temere
2136 1223 2429 1282 affirmare
2447 1225 2793 1299 potuerunt,
2827 1223 2988 1300 apud
3007 1222 3197 1281 fideles

592 1317 652 1370 et
682 1311 946 1370 infideles
966 1310 1218 1369 existere
1241 1314 1673 1369 sacramentum
1698 1312 1980 1389 conjugii.
2013 1312 2329 1371 Testamnr
2348 1316 2409 1371 et
2427 1316 2812 1371 monumenta
2830 1311 3198 1387 antiquitatis

592 1406 652 1460 et
697 1419 890 1458 mores
930 1404 1111 1474 atque
1142 1401 1426 1458 instituta
1456 1400 1835 1475 populorum,
1883 1402 1990 1476 qui
2033 1402 2104 1459 ad
2153 1401 2584 1460 humanitatem
2617 1402 2806 1478 magis
2838 1404 3202 1460 accesserunt

585 1493 652 1549 et
696 1489 1079 1563 exquisitiore
1116 1490 1274 1565 juris
1320 1492 1382 1547 et
1425 1489 1747 1564 aequitatis
1786 1489 2124 1567 cognitione
2155 1491 2608 1565 praestiterant:
2657 1509 2914 1566 quorum
2946 1490 3199 1548 omnium

590 1579 894 1637 mentibus
927 1578 1314 1636 informatum
1348 1578 1859 1654 anticipatumque
1893 1579 2079 1638 fuisse
2110 1583 2359 1649 constat,
2405 1582 2492 1649 ut,
2543 1598 2677 1637 cum
2723 1580 2796 1638 de
2834 1578 3201 1638 matrimonio

584 1667 937 1744 cogitarent,
989 1668 1174 1725 forma
1205 1670 1539 1725 occurreret
1570 1668 1656 1725 rei
1691 1686 1826 1725 cum
1858 1668 2147 1745 religione
2179 1671 2240 1727 et
2272 1669 2586 1727 sanctitate
2619 1671 2988 1744 conjunctae.
3048 1667 3202 1726 Hanc

589 1758 665 1815 ob
715 1775 944 1815 causam
991 1756 1237 1832 nuptiae
1281 1755 1440 1831 apud
1486 1756 1621 1815 illos
1668 1775 1788 1815 non
1835 1757 1964 1816 sine
2010 1757 2389 1816 caeremoniis
2432 1757 2808 1834 religionum,
2860 1757 3202 1816 auctoritate

589 1845 958 1921 pontificum,
1010 1846 1340 1903 ministerio
1386 1846 1761 1904 sacerdotum
1805 1845 1932 1904 fieri
1965 1865 2137 1922 saepe
2168 1852 2621 1906 consueverunt.
2684 1847 2776 1906 Ita
2823 1866 3100 1924 magnam
3145 1845 3202 1902 in

586 1935 804 1993 animis
837 1934 1076 1994 coelesti
1123 1933 1391 1994 doctrina
1437 1934 1780 1993 carentibus
1812 1935 1935 1993 vim
1968 1936 2176 1994 habuit
2207 1940 2420 1995 natura
2449 1955 2669 2011 rerum,
2714 1936 3002 1995 memoria
3032 1934 3200 2010 origi·

592 2044 754 2093 num,
806 2024 1163 2082 conscientia
1195 2023 1431 2101 generis
1463 2023 1722 2083 humani.
1787 2024 1985 2101 Igitur
2016 2044 2149 2083 cum
2183 2025 2633 2084 matrimonium
2684 2026 2765 2083 sit
2811 2043 2926 2084 sua
2972 2025 3050 2094 vi,
3102 2041 3204 2082 sua

588 2116 826 2183 natura,
861 2132 968 2171 sua
1000 2116 1215 2187 sponte
1247 2131 1494 2183 sacrum,
1545 2118 2006 2172 consentaneum
2052 2117 2158 2184 est,
2205 2118 2276 2173 ut
2320 2117 2565 2191 regatur
2595 2132 2662 2172 ac
2693 2117 3063 2190 temperetur
3092 2130 3201 2170 non

596 2202 933 2278 principum
984 2202 1251 2277 imperio,
1306 2201 1408 2259 sed
1460 2201 1662 2260 divina
1714 2202 2067 2261 auctoritate
2100 2203 2410 2274 Ecclesiae,
2462 2221 2613 2277 quae
2664 2222 2866 2261 rerum
2918 2221 3202 2262 sacrarum

591 2292 719 2351 sola
749 2291 927 2349 habet
945 2290 1374 2368 magisterium.
1424 2291 1650 2349 Deinde
1685 2288 1753 2356 b.
1787 2292 2211 2351 consideranda
2231 2292 2583 2351 sacramenti
2604 2292 2868 2370 dignitas
2902 2296 3012 2361 est,
3045 2292 3203 2366 cujus

588 2384 924 2439 accessione
954 2380 1329 2439 matrimonia
1359 2379 1821 2439 christianorum
1841 2399 2077 2439 evasere
2096 2382 2273 2458 longe
2293 2380 2684 2440 nobilissima.
2718 2381 2801 2439 De
2834 2379 3204 2440 sacramentis

590 2474 792 2529 autem
828 2473 1092 2528 statuere
1124 2472 1185 2527 et
1229 2469 1566 2545 praecipere
1614 2469 1716 2540 ita,
1768 2489 1837 2528 ex
1886 2470 2196 2529 voluntate
2228 2470 2466 2538 Christi,
2520 2471 2645 2529 sola
2690 2473 2891 2546 potest
2937 2475 2998 2529 et
3043 2468 3206 2527 debet

593 2559 868 2629 Ecclesia,
908 2564 981 2617 ut
1014 2559 1304 2617 absonum
1337 2559 1419 2616 sit
1448 2559 1623 2634 plane
1657 2560 1973 2633 potestatis
2006 2560 2137 2635 ejus
2170 2560 2264 2617 vel
2294 2560 2598 2617 minimam
2629 2563 2856 2634 partem
2891 2559 2967 2618 ad
2999 2559 3202 2636 guber-

594 2652 833 2708 natores
865 2647 952 2707 rei
988 2648 1178 2707 civilis
1212 2647 1365 2706 velle
1397 2666 1519 2706 esse
1539 2648 1953 2707 translatam<
1986 2647 2156 2707 Aliae
2175 2648 2437 2707 rationes
2457 2651 2603 2706 sunt
2621 2653 2751 2707 tum
2773 2649 2934 2724 quod
2970 2662 3032 2712 e.
3063 2645 3204 2705 illud

593 2743 689 2797 est
732 2738 1084 2796 institutum
1116 2737 1469 2806 universale,
1515 2737 1957 2813 subjiciendum
1991 2757 2129 2813 ergo
2162 2738 2216 2796 ei
2262 2740 2497 2796 tantum
2531 2738 2894 2807 auctoritati,
2948 2756 3096 2814 quae
3142 2754 3205 2794 ex

595 2847 703 2886 sua
734 2826 1120 2885 institutione
1151 2830 1213 2884 et
1243 2826 1526 2884 missione
1560 2828 1654 2884 est
1686 2826 1976 2885 catholica
2006 2845 2110 2885 seu
2132 2845 2261 2885 sese
2281 2826 2551 2886 extendit
2581 2826 2654 2885 ad
2687 2846 2891 2886 omnes
2925 2830 3130 2904 gentes
3152 2828 3207 2882 et

593 2916 897 2986 nationes;
944 2919 1074 2974 tum
1108 2915 1266 2990 quod
1308 2911 1376 2979 d.
1408 2915 1735 2973 hierarchia
1766 2916 1840 2973 ad
1876 2916 2230 2975 coelibatum
2263 2916 2526 2993 obligata
2548 2915 2733 2991 judex
2766 2919 2859 2975 est
2891 2937 2926 2975 a
2958 2915 3206 2993 partium

593 3005 791 3064 studio
841 3004 1032 3081 magis
1080 3005 1272 3063 aliena
1321 3008 1382 3063 et
1430 3006 1680 3080 integra,
1742 3004 1881 3063 hinc
1939 3005 2116 3082 longe
2166 3005 2362 3080 aptior
2409 3005 2482 3063 ad
2535 3009 2736 3064 sancte
2786 3005 3203 3065 moderandum

589 3094 1054 3163 matrimonium,
1090 3094 1241 3152 circa
1273 3093 1434 3168 quod
1469 3093 2019 3152 vehementissimae
2039 3094 2346 3152 hominum
2368 3094 2674 3170 passiones
2707 3098 3054 3164 versantur3
3085 3096 3202 3150 tum

594 3183 750 3258 quod
786 3198 845 3246 e.
879 3183 1013 3241 finis
1043 3182 1407 3240 matrimonii
1440 3186 1534 3240 est
1566 3183 1875 3241 materiam
1912 3183 2292 3259 suppeditare
2323 3182 2718 3241 aedificandae
2749 3183 3062 3246 Ecclesiae.

772 3297 919 3359 631.
952 3293 1498 3361 DemonstratIo
1530 3313 1604 3378 p.
1638 3292 1741 3361 ΙΙ.
1775 3292 1955 3354 Hanc
1988 3298 2378 3374 potestatem
2408 3298 2778 3374 competere
2811 3293 2971 3357 soli
3003 3288 3203 3355 Eccle-

592 3399 755 3473 siae,
786 3417 917 3462 non
951 3399 1148 3462 etiam
1181 3398 1579 3481 principibus
1612 3399 1793 3462 laicis
1809 3401 1874 3485 1),
1920 3407 1991 3464 ut
2044 3399 2194 3464 olim
2246 3398 2528 3481 theologi
2577 3401 2679 3464 vel
2711 3400 3010 3464 catholici
3041 3419 3095 3461 v.
3125 3415 3202 3476 gr.

588 3595 913 3662 appareret,
942 3609 1043 3646 nec
1069 3592 1369 3646 hominum
1398 3609 1665 3647 concessu
1693 3591 2031 3660 quaesitam,
2073 3593 2169 3646 sed
2213 3592 2464 3646 auctoris
2491 3592 2581 3646 sui
2608 3594 2906 3647 voluntate
2935 3589 3203 3645 divinitus

592 3672 910 3741 adeptam.“
965 3672 1316 3741 Compendio
1342 3673 1538 3726 relatis
1579 3671 1863 3736 omnibus,
1905 3689 2051 3740 quae
2079 3671 2332 3726 Ecclesia
2371 3672 2432 3725 in
2473 3672 2827 3727 matrimonii
2853 3671 3202 3728 commodum

592 3770 849 3820 unquam
878 3753 1146 3817 decrevit,
1176 3752 1574 3822 prosequitur:
1604 3751 1898 3820 ..Denique
1925 3755 2087 3806 tanta
2114 3752 2187 3815 vi,
2216 3755 2379 3805 tanta
2398 3751 2759 3823 providentia
2782 3753 2973 3823 legum
2996 3750 3202 3805 divina-

590 3851 719 3887 rum
745 3832 899 3886 istud
926 3832 1259 3886 institutum
1295 3831 1649 3896 communiit,
1692 3834 1758 3885 ut
1784 3848 1951 3886 nemo
1978 3832 2055 3885 sit
2079 3849 2268 3886 rerum
2309 3850 2528 3901 aequus
2562 3832 2930 3897 existimator,
2967 3831 3104 3901 quin
3130 3829 3201 3881 in-

594 3913 838 3982 telligat,
866 3915 972 3966 hoc
1000 3914 1173 3967 etiam
1200 3930 1265 3966 ex
1293 3914 1498 3981 capite,
1525 3913 1678 3981 quod
1720 3913 1793 3965 ad
1822 3911 2094 3982 conjugia
2121 3914 2380 3977 refertur,
2410 3913 2687 3983 optimam
2714 3929 2832 3966 esse
2860 3911 3097 3969 humani
3120 3925 3200 3978 ge-

592 3990 745 4044 neris
770 3991 1059 4048 custodem
1090 4008 1155 4044 ac
1183 3989 1467 4044 vindicem
1490 3990 1820 4054 Ecclesiam,
1862 3992 2026 4060 cujus
2066 3990 2351 4060 sapientia
2391 3994 2450 4045 et
2474 3992 2671 4061 fugam
2700 3995 3023 4060 temporum
3051 3992 3108 4043 et
3130 3988 3201 4040 in-

582 4071 770 4139 jurias
790 4071 1089 4125 hominum
1117 4073 1176 4124 et
1200 4088 1386 4124 rerum
1411 4072 1768 4141 publica-rum
1792 4070 2216 4124 vicissitudines
2237 4071 2681 4125 innumerabiles
2705 4070 2902 4125 victrix
2926 4069 3106 4124 evasit
3126 4109 3138 4120 .
3156 4107 3168 4120 .
3185 4106 3197 4120 .

595 4150 782 4219 Igitur
806 4151 1196 4205 confitendum
1224 4155 1325 4214 cst,
1353 4151 1423 4205 de
1450 4150 1740 4206 communi
1768 4150 2026 4205 omnium
2054 4151 2402 4220 populorum
2431 4150 2580 4204 bono
2607 4152 2876 4205 meruisse
2902 4148 3199 4204 Ecclesiam

593 4231 932 4286 catholicam
959 4231 1251 4285 sanctitati
1279 4234 1337 4285 et
1363 4231 1741 4301 perpetuitati
1767 4231 2170 4302 conjugiorum
2197 4231 2444 4285 tuendae
2482 4247 2704 4301 semper
2728 4231 3056 4287 intentam·-
3110 4229 3201 4282 Re·

593 4310 823 4363 censitis
850 4327 981 4365 vero
1008 4310 1096 4375 iis,
1125 4328 1271 4379 quae
1300 4311 1549 4365 Ecclesia
1573 4310 1646 4364 ad
1675 4311 1948 4365 tuendam
1987 4311 2339 4366 matrimonii
2382 4313 2742 4366 sanctitatem
2770 4311 2902 4366 olim
2930 4309 3199 4368 sanxerat,

592 4390 914 4444 concludit:
946 4390 1281 4452 „Pontifices
1312 4408 1440 4445 vero
1472 4391 1705 4445 maximi
1751 4392 1976 4460 quoties
2020 4392 2358 4446 restiterunt
2402 4393 2760 4463 principibus
2800 4387 3200 4461 potentissimis

592 4468 841 4522 divortia
867 4486 901 4522 a
928 4487 983 4524 se
1010 4471 1178 4535 facta,
1207 4475 1273 4525 ut
1291 4475 1417 4525 rata
1439 4469 1722 4525 Ecclesiae
1743 4475 1948 4536 essent,
1968 4472 2268 4526 minaciter
2289 4472 2634 4542 petentibus,
2655 4473 2824 4527 toties
2844 4466 3198 4526 existimandi

594 4551 747 4610 sunt,
775 4566 890 4603 non
917 4551 1085 4605 modo
1114 4568 1215 4621 pro
1243 4552 1636 4608 incolumitate
1681 4552 1999 4623 religioniS,
2045 4553 2141 4605 sed
2185 4553 2358 4605 etiam
2404 4570 2508 4620 pro
2548 4551 2909 4606 humanitate
2949 4548 3197 4622 gentium

594 4628 1098 4699 p1·opugnavisse.“
1156 4631 1237 4689 Cf.
1269 4632 1633 4686 Palmieri
1659 4633 1741 4685 th.
1771 4638 1854 4690 29.
1885 4650 1937 4690 n.
1970 4639 2034 4688 15
2063 4649 2132 4684 ss.

817 4715 851 4780 ¹)
881 4709 1340 4766 Controvertitur
1365 4716 1560 4768 autem
1590 4713 1741 4767 inter
1762 4714 2080 4783 theologos,
2105 4729 2244 4766 num
2267 4712 2533 4782 princeps
2555 4711 2742 4766 civilis
2764 4710 2944 4781 possit
2963 4712 3195 4764 statuere
3271 4779 3276 4786 .

594 4790 1006 4860 impedimenta
1033 4792 1359 4845 dirimentia
1405 4796 1603 4850 saltem
1649 4810 1752 4863 pro
1796 4793 2040 4848 subditis
2085 4811 2201 4847 non
2243 4793 2564 4862 baptizatis.
2617 4792 2943 4863 Respondet
2979 4790 3144 4843 Pesc
3161 4785 3193 4836 h
