<?xml version="1.0" encoding="UTF-8"?>
<!DOCTYPE html PUBLIC "-//W3C//DTD XHTML 1.0 Transitional//EN"
    "http://www.w3.org/TR/xhtml1/DTD/xhtml1-transitional.dtd">
<html xmlns="http://www.w3.org/1999/xhtml" xml:lang="en" lang="en">
 <head>
  <title>
</title>
<meta http-equiv="Content-Type" content="text/html;charset=utf-8" />
  <meta name='ocr-system' content='tesseract 3.04.00' />
  <meta name='ocr-capabilities' content='ocr_page ocr_carea ocr_par ocr_line ocrx_word'/>
</head>
<body>
  <div class='ocr_page' id='page_1' title='image "./theologiaedogma00hurtgoog_0690.png"; bbox 0 0 3538 5364; ppageno 0'>
   <div class='ocr_carea' id='block_1_1' title="bbox 583 302 2946 383">
    <p class='ocr_par' dir='ltr' id='par_1_1' title="bbox 583 302 2946 383">
     <span class='ocr_line' id='line_1_1' title="bbox 583 302 2946 383; baseline 0.001 -26"><span class='ocrx_word' id='word_1_1' title='bbox 583 313 714 383; x_wconf 77' lang='lat'>680</span> <span class='ocrx_word' id='word_1_2' title='bbox 834 304 1019 358; x_wconf 67' lang='lat' dir='ltr'>Traeis.</span> <span class='ocrx_word' id='word_1_3' title='bbox 1047 304 1110 359; x_wconf 88' lang='lat' dir='ltr'>X.</span> <span class='ocrx_word' id='word_1_4' title='bbox 1139 304 1208 357; x_wconf 87' lang='lat' dir='ltr'>de</span> <span class='ocrx_word' id='word_1_5' title='bbox 1238 303 1354 357; x_wconf 93' lang='lat' dir='ltr'>Deo</span> <span class='ocrx_word' id='word_1_6' title='bbox 1384 303 1870 359; x_wconf 85' lang='lat' dir='ltr'>Consummatore.</span> <span class='ocrx_word' id='word_1_7' title='bbox 1899 303 2003 357; x_wconf 87' lang='lat' dir='ltr'>Tb.</span> <span class='ocrx_word' id='word_1_8' title='bbox 2034 302 2337 359; x_wconf 83' lang='lat' dir='ltr'>CCLXXX.</span> <span class='ocrx_word' id='word_1_9' title='bbox 2367 304 2569 358; x_wconf 85' lang='lat' dir='ltr'>Cultus</span> <span class='ocrx_word' id='word_1_10' title='bbox 2590 305 2684 359; x_wconf 73' lang='lat' dir='ltr'>SS.</span> <span class='ocrx_word' id='word_1_11' title='bbox 2710 305 2946 360; x_wconf 82' lang='lat' dir='ltr'>liceitas.</span> 
     </span>
    </p>
   </div>
   <div class='ocr_carea' id='block_1_2' title="bbox 582 484 3222 679">
    <p class='ocr_par' dir='ltr' id='par_1_2' title="bbox 582 484 3222 679">
     <span class='ocr_line' id='line_1_2' title="bbox 582 484 3222 568; baseline 0 -19"><span class='ocrx_word' id='word_1_12' title='bbox 582 493 964 550; x_wconf 87' lang='lat' dir='ltr'>sentaneum</span> <span class='ocrx_word' id='word_1_13' title='bbox 998 485 1251 548; x_wconf 89' lang='lat' dir='ltr'>censeri</span> <span class='ocrx_word' id='word_1_14' title='bbox 1283 484 1493 561; x_wconf 91' lang='lat' dir='ltr'>debet,</span> <span class='ocrx_word' id='word_1_15' title='bbox 1526 504 1658 548; x_wconf 91' lang='lat' dir='ltr'>non</span> <span class='ocrx_word' id='word_1_16' title='bbox 1691 502 1877 548; x_wconf 90' lang='lat' dir='ltr'>secus</span> <span class='ocrx_word' id='word_1_17' title='bbox 1927 502 2006 547; x_wconf 88' lang='lat' dir='ltr'>ac</span> <span class='ocrx_word' id='word_1_18' title='bbox 2057 486 2291 549; x_wconf 88' lang='lat' dir='ltr'>rationi</span> <span class='ocrx_word' id='word_1_19' title='bbox 2340 487 2667 550; x_wconf 81' lang='lat' dir='ltr'>humanae</span> <span class='ocrx_word' id='word_1_20' title='bbox 2700 486 2909 551; x_wconf 90' lang='lat' dir='ltr'>cultus</span> <span class='ocrx_word' id='word_1_21' title='bbox 2941 487 3222 568; x_wconf 87' lang='lat' dir='ltr'>quidam</span> 
     </span>
     <span class='ocr_line' id='line_1_3' title="bbox 582 590 2961 679; baseline 0 -24"><span class='ocrx_word' id='word_1_22' title='bbox 582 592 923 668; x_wconf 79' lang='lat' dir='ltr'>humanuS,</span> <span class='ocrx_word' id='word_1_23' title='bbox 955 591 1251 656; x_wconf 80' lang='lat' dir='ltr'>societati</span> <span class='ocrx_word' id='word_1_24' title='bbox 1284 592 1449 655; x_wconf 90' lang='lat' dir='ltr'>civili</span> <span class='ocrx_word' id='word_1_25' title='bbox 1482 591 1690 655; x_wconf 87' lang='lat' dir='ltr'>cultus</span> <span class='ocrx_word' id='word_1_26' title='bbox 1728 590 1932 654; x_wconf 89' lang='lat' dir='ltr'>civilis</span> <span class='ocrx_word' id='word_1_27' title='bbox 1965 597 2066 655; x_wconf 86' lang='lat' dir='ltr'>est</span> <span class='ocrx_word' id='word_1_28' title='bbox 2098 593 2488 656; x_wconf 86' lang='lat' dir='ltr'>conveniens</span> <span class='ocrx_word' id='word_1_29' title='bbox 2521 592 2621 678; x_wconf 84' lang='lat' dir='ltr'>(cf.</span> <span class='ocrx_word' id='word_1_30' title='bbox 2655 612 2715 656; x_wconf 90' lang='lat' dir='ltr'>n.</span> <span class='ocrx_word' id='word_1_31' title='bbox 2752 596 2961 679; x_wconf 80' lang='lat'>7271).</span> 
     </span>
    </p>
   </div>
   <div class='ocr_carea' id='block_1_3' title="bbox 583 716 3217 2296">
    <p class='ocr_par' dir='ltr' id='par_1_3' title="bbox 583 716 3217 1652">
     <span class='ocr_line' id='line_1_4' title="bbox 760 716 3217 800; baseline 0 -19"><span class='ocrx_word' id='word_1_32' title='bbox 760 721 824 786; x_wconf 76' lang='grc'>2.</span> <span class='ocrx_word' id='word_1_33' title='bbox 857 716 1079 799; x_wconf 86' lang='lat' dir='ltr'>Neque</span> <span class='ocrx_word' id='word_1_34' title='bbox 1129 717 1414 781; x_wconf 89' lang='lat' dir='ltr'>illicitum</span> <span class='ocrx_word' id='word_1_35' title='bbox 1449 719 1572 781; x_wconf 90' lang='lat' dir='ltr'>erit</span> <span class='ocrx_word' id='word_1_36' title='bbox 1603 717 1805 781; x_wconf 90' lang='lat' dir='ltr'>Deum</span> <span class='ocrx_word' id='word_1_37' title='bbox 1841 717 2092 781; x_wconf 87' lang='lat' dir='ltr'>imitari.</span> <span class='ocrx_word' id='word_1_38' title='bbox 2155 717 2351 800; x_wconf 86' lang='lat' dir='ltr'><strong>Atqui</strong></span> <span class='ocrx_word' id='word_1_39' title='bbox 2385 716 2555 781; x_wconf 90' lang='lat' dir='ltr'>Deus</span> <span class='ocrx_word' id='word_1_40' title='bbox 2600 726 2861 782; x_wconf 89' lang='lat' dir='ltr'>sanctos</span> <span class='ocrx_word' id='word_1_41' title='bbox 2908 718 3217 790; x_wconf 85' lang='lat' dir='ltr'>honorat,</span> 
     </span>
     <span class='ocr_line' id='line_1_5' title="bbox 584 823 3214 913; baseline 0 -24"><span class='ocrx_word' id='word_1_42' title='bbox 584 826 712 913; x_wconf 85' lang='lat' dir='ltr'>imo</span> <span class='ocrx_word' id='word_1_43' title='bbox 746 823 1061 905; x_wconf 85' lang='lat' dir='ltr'>glorificat</span> <span class='ocrx_word' id='word_1_44' title='bbox 1099 830 1149 891; x_wconf 79' lang='lat'>1.</span> <span class='ocrx_word' id='word_1_45' title='bbox 1184 824 1335 904; x_wconf 82' lang='lat' dir='ltr'>Reg.</span> <span class='ocrx_word' id='word_1_46' title='bbox 1369 828 1429 901; x_wconf 84' lang='lat'>2,</span> <span class='ocrx_word' id='word_1_47' title='bbox 1463 829 1581 893; x_wconf 84' lang='lat'>30:</span> <span class='ocrx_word' id='word_1_48' title='bbox 1646 826 2010 909; x_wconf 76' lang='lat' dir='ltr'>Quicunque</span> <span class='ocrx_word' id='word_1_49' title='bbox 2034 825 2479 908; x_wconf 51' lang='lat' dir='ltr'>‚qlorificaverit</span> <span class='ocrx_word' id='word_1_50' title='bbox 2510 845 2626 908; x_wconf 79' lang='lat' dir='ltr'>me,</span> <span class='ocrx_word' id='word_1_51' title='bbox 2653 824 3016 910; x_wconf 76' lang='lat' dir='ltr'>qlorificabo</span> <span class='ocrx_word' id='word_1_52' title='bbox 3046 844 3214 890; x_wconf 77' lang='lat' dir='ltr'>eum.</span> 
     </span>
     <span class='ocr_line' id='line_1_6' title="bbox 584 931 3214 1013; baseline -0.001 -18"><span class='ocrx_word' id='word_1_53' title='bbox 584 931 824 995; x_wconf 83' lang='lat' dir='ltr'>Licebit</span> <span class='ocrx_word' id='word_1_54' title='bbox 855 949 1005 1013; x_wconf 82' lang='lat' dir='ltr'>ergo</span> <span class='ocrx_word' id='word_1_55' title='bbox 1028 938 1094 995; x_wconf 88' lang='lat' dir='ltr'>et</span> <span class='ocrx_word' id='word_1_56' title='bbox 1112 931 1299 995; x_wconf 89' lang='lat' dir='ltr'>nobis</span> <span class='ocrx_word' id='word_1_57' title='bbox 1331 950 1448 1013; x_wconf 92' lang='lat' dir='ltr'>pro</span> <span class='ocrx_word' id='word_1_58' title='bbox 1482 932 1745 995; x_wconf 91' lang='lat' dir='ltr'>modulo</span> <span class='ocrx_word' id='word_1_59' title='bbox 1779 937 2004 995; x_wconf 91' lang='lat' dir='ltr'>nostro</span> <span class='ocrx_word' id='word_1_60' title='bbox 2038 932 2378 1009; x_wconf 88' lang='lat' dir='ltr'>honorare,</span> <span class='ocrx_word' id='word_1_61' title='bbox 2413 931 2767 1012; x_wconf 84' lang='lat' dir='ltr'>glorificare</span> <span class='ocrx_word' id='word_1_62' title='bbox 2789 938 3072 1004; x_wconf 71' lang='lat' dir='ltr'>sanctoS,</span> <span class='ocrx_word' id='word_1_63' title='bbox 3098 933 3214 1013; x_wconf 89' lang='lat' dir='ltr'>qui</span> 
     </span>
     <span class='ocr_line' id='line_1_7' title="bbox 584 1036 3213 1120; baseline -0 -19"><span class='ocrx_word' id='word_1_64' title='bbox 584 1045 733 1102; x_wconf 87' lang='lat' dir='ltr'>sunt</span> <span class='ocrx_word' id='word_1_65' title='bbox 765 1039 953 1101; x_wconf 89' lang='lat' dir='ltr'>amici</span> <span class='ocrx_word' id='word_1_66' title='bbox 987 1044 1052 1102; x_wconf 89' lang='lat' dir='ltr'>et</span> <span class='ocrx_word' id='word_1_67' title='bbox 1083 1038 1419 1102; x_wconf 85' lang='lat' dir='ltr'>domestici</span> <span class='ocrx_word' id='word_1_68' title='bbox 1439 1037 1571 1101; x_wconf 91' lang='lat' dir='ltr'>Dei.</span> <span class='ocrx_word' id='word_1_69' title='bbox 1614 1037 1947 1112; x_wconf 79' lang='lat' dir='ltr'>„Refertur</span> <span class='ocrx_word' id='word_1_70' title='bbox 1977 1038 2167 1114; x_wconf 90' lang='lat' dir='ltr'>enim,</span> <span class='ocrx_word' id='word_1_71' title='bbox 2199 1038 2403 1120; x_wconf 88' lang='lat' dir='ltr'>inquit</span> <span class='ocrx_word' id='word_1_72' title='bbox 2425 1056 2619 1102; x_wconf 88' lang='lat' dir='ltr'>serm.</span> <span class='ocrx_word' id='word_1_73' title='bbox 2640 1044 2682 1106; x_wconf 89' lang='lat'>4</span> <span class='ocrx_word' id='word_1_74' title='bbox 2720 1036 3011 1101; x_wconf 81' lang='lat' dir='ltr'>Petrus</span> <span class='ocrx_word' id='word_1_75' title='bbox 3043 1056 3213 1113; x_wconf 72' lang='lat' dir='ltr'>ven..</span> 
     </span>
     <span class='ocr_line' id='line_1_8' title="bbox 583 1143 3213 1233; baseline -0.001 -25"><span class='ocrx_word' id='word_1_76' title='bbox 583 1145 707 1208; x_wconf 87' lang='lat' dir='ltr'>hoc</span> <span class='ocrx_word' id='word_1_77' title='bbox 739 1151 945 1209; x_wconf 88' lang='lat' dir='ltr'>totum</span> <span class='ocrx_word' id='word_1_78' title='bbox 980 1143 1364 1224; x_wconf 80' lang='lat' dir='ltr'>adgloriam</span> <span class='ocrx_word' id='word_1_79' title='bbox 1398 1144 1744 1224; x_wconf 55' lang='lat' dir='ltr'>Detcujus</span> <span class='ocrx_word' id='word_1_80' title='bbox 1769 1143 2012 1226; x_wconf 87' lang='lat' dir='ltr'>judicio</span> <span class='ocrx_word' id='word_1_81' title='bbox 2044 1145 2110 1207; x_wconf 92' lang='lat' dir='ltr'>in</span> <span class='ocrx_word' id='word_1_82' title='bbox 2143 1143 2445 1209; x_wconf 87' lang='lat' dir='ltr'>omnibus</span> <span class='ocrx_word' id='word_1_83' title='bbox 2479 1144 2881 1233; x_wconf 76' lang='lat' dir='ltr'>concordans</span> <span class='ocrx_word' id='word_1_84' title='bbox 2903 1144 3213 1208; x_wconf 83' lang='lat' dir='ltr'>Ecclesia.</span> 
     </span>
     <span class='ocr_line' id='line_1_9' title="bbox 585 1233 3216 1333; baseline -0 -18"><span class='ocrx_word' id='word_1_85' title='bbox 585 1269 696 1315; x_wconf 79' lang='lat' dir='ltr'>eos</span> <span class='ocrx_word' id='word_1_86' title='bbox 729 1250 1160 1332; x_wconf 83' lang='lat' dir='ltr'>multipliciter</span> <span class='ocrx_word' id='word_1_87' title='bbox 1191 1233 1407 1315; x_wconf 76' lang='lat' dir='ltr'>studet</span> <span class='ocrx_word' id='word_1_88' title='bbox 1439 1250 1762 1315; x_wconf 84' lang='lat' dir='ltr'>honorare</span> <span class='ocrx_word' id='word_1_89' title='bbox 1796 1251 1859 1314; x_wconf 79' lang='lat' dir='ltr'>in</span> <span class='ocrx_word' id='word_1_90' title='bbox 1892 1251 2095 1326; x_wconf 83' lang='lat' dir='ltr'>terris,</span> <span class='ocrx_word' id='word_1_91' title='bbox 2128 1268 2290 1333; x_wconf 83' lang='lat' dir='ltr'>quos</span> <span class='ocrx_word' id='word_1_92' title='bbox 2311 1250 2716 1316; x_wconf 79' lang='lat' dir='ltr'>ineffabiliter</span> <span class='ocrx_word' id='word_1_93' title='bbox 2748 1251 2830 1314; x_wconf 78' lang='lat' dir='ltr'>ab</span> <span class='ocrx_word' id='word_1_94' title='bbox 2865 1250 2971 1315; x_wconf 70' lang='lat'><em>1110</em></span> <span class='ocrx_word' id='word_1_95' title='bbox 3004 1250 3216 1315; x_wconf 76' lang='lat' dir='ltr'>credit</span> 
     </span>
     <span class='ocr_line' id='line_1_10' title="bbox 584 1356 3213 1440; baseline -0.001 -19"><span class='ocrx_word' id='word_1_96' title='bbox 584 1357 920 1437; x_wconf 87' lang='lat' dir='ltr'>glorificari</span> <span class='ocrx_word' id='word_1_97' title='bbox 951 1358 1018 1421; x_wconf 88' lang='lat' dir='ltr'>in</span> <span class='ocrx_word' id='word_1_98' title='bbox 1049 1357 1300 1422; x_wconf 73' lang='lat' dir='ltr'>coelis.‘</span> <span class='ocrx_word' id='word_1_99' title='bbox 1371 1356 1466 1421; x_wconf 93' lang='lat' dir='ltr'>Ne</span> <span class='ocrx_word' id='word_1_100' title='bbox 1516 1357 1604 1421; x_wconf 90' lang='lat' dir='ltr'>illi</span> <span class='ocrx_word' id='word_1_101' title='bbox 1635 1365 1787 1422; x_wconf 87' lang='lat' dir='ltr'>sunt</span> <span class='ocrx_word' id='word_1_102' title='bbox 1820 1358 1962 1421; x_wconf 88' lang='lat' dir='ltr'>miri</span> <span class='ocrx_word' id='word_1_103' title='bbox 1993 1356 2167 1422; x_wconf 92' lang='lat' dir='ltr'>servi</span> <span class='ocrx_word' id='word_1_104' title='bbox 2198 1356 2331 1433; x_wconf 91' lang='lat' dir='ltr'>Dei,</span> <span class='ocrx_word' id='word_1_105' title='bbox 2378 1358 2487 1440; x_wconf 92' lang='lat' dir='ltr'>qui</span> <span class='ocrx_word' id='word_1_106' title='bbox 2518 1357 2846 1439; x_wconf 83' lang='lat' dir='ltr'>negligunt</span> <span class='ocrx_word' id='word_1_107' title='bbox 2878 1376 3009 1433; x_wconf 77' lang='lat' dir='ltr'>e05,</span> <span class='ocrx_word' id='word_1_108' title='bbox 3043 1375 3213 1439; x_wconf 86' lang='lat' dir='ltr'>quos</span> 
     </span>
     <span class='ocr_line' id='line_1_11' title="bbox 586 1464 3207 1547; baseline 0 -20"><span class='ocrx_word' id='word_1_109' title='bbox 586 1483 808 1528; x_wconf 90' lang='lat' dir='ltr'>eorum</span> <span class='ocrx_word' id='word_1_110' title='bbox 862 1464 1168 1528; x_wconf 82' lang='lat' dir='ltr'>Dominus</span> <span class='ocrx_word' id='word_1_111' title='bbox 1217 1465 1513 1541; x_wconf 86' lang='lat' dir='ltr'>honorat,</span> <span class='ocrx_word' id='word_1_112' title='bbox 1564 1465 1803 1547; x_wconf 92' lang='lat' dir='ltr'>quique</span> <span class='ocrx_word' id='word_1_113' title='bbox 1848 1470 2079 1547; x_wconf 85' lang='lat' dir='ltr'>putant</span> <span class='ocrx_word' id='word_1_114' title='bbox 2130 1484 2201 1529; x_wconf 88' lang='lat' dir='ltr'>se</span> <span class='ocrx_word' id='word_1_115' title='bbox 2252 1484 2396 1530; x_wconf 88' lang='lat' dir='ltr'>esse</span> <span class='ocrx_word' id='word_1_116' title='bbox 2447 1484 2525 1529; x_wconf 92' lang='lat' dir='ltr'>eo</span> <span class='ocrx_word' id='word_1_117' title='bbox 2577 1464 3021 1545; x_wconf 55' lang='lat' dir='ltr'>religiosiores</span> <span class='ocrx_word' id='word_1_118' title='bbox 3073 1483 3207 1546; x_wconf 91' lang='lat' dir='ltr'>quo</span> 
     </span>
     <span class='ocr_line' id='line_1_12' title="bbox 586 1570 1865 1652; baseline 0.002 -20"><span class='ocrx_word' id='word_1_119' title='bbox 586 1570 789 1650; x_wconf 83' lang='lat' dir='ltr'>magis</span> <span class='ocrx_word' id='word_1_120' title='bbox 821 1578 971 1635; x_wconf 83' lang='lat' dir='ltr'>sunt</span> <span class='ocrx_word' id='word_1_121' title='bbox 1004 1590 1155 1652; x_wconf 85' lang='lat' dir='ltr'>erga</span> <span class='ocrx_word' id='word_1_122' title='bbox 1186 1570 1302 1636; x_wconf 94' lang='lat' dir='ltr'>Dei</span> <span class='ocrx_word' id='word_1_123' title='bbox 1335 1573 1579 1635; x_wconf 87' lang='lat' dir='ltr'>amicos</span> <span class='ocrx_word' id='word_1_124' title='bbox 1611 1571 1865 1635; x_wconf 81' lang='lat' dir='ltr'>inculti!</span> 
     </span>
    </p>

    <p class='ocr_par' dir='ltr' id='par_1_4' title="bbox 584 1676 3213 2296">
     <span class='ocr_line' id='line_1_13' title="bbox 763 1676 3213 1753; baseline -0.002 -7"><span class='ocrx_word' id='word_1_125' title='bbox 763 1680 828 1752; x_wconf 80' lang='lat'>3.</span> <span class='ocrx_word' id='word_1_126' title='bbox 864 1678 995 1743; x_wconf 90' lang='lat' dir='ltr'>Imo</span> <span class='ocrx_word' id='word_1_127' title='bbox 1031 1686 1406 1743; x_wconf 90' lang='lat' dir='ltr'>sanctorum</span> <span class='ocrx_word' id='word_1_128' title='bbox 1437 1676 1648 1743; x_wconf 86' lang='lat' dir='ltr'>cultus</span> <span class='ocrx_word' id='word_1_129' title='bbox 1680 1678 1905 1743; x_wconf 89' lang='lat' dir='ltr'>intime</span> <span class='ocrx_word' id='word_1_130' title='bbox 1951 1680 2228 1744; x_wconf 83' lang='lat' dir='ltr'>nectitur</span> <span class='ocrx_word' id='word_1_131' title='bbox 2275 1696 2424 1742; x_wconf 90' lang='lat' dir='ltr'>cum</span> <span class='ocrx_word' id='word_1_132' title='bbox 2458 1678 2631 1742; x_wconf 87' lang='lat' dir='ltr'>cultu</span> <span class='ocrx_word' id='word_1_133' title='bbox 2664 1677 2796 1753; x_wconf 90' lang='lat' dir='ltr'>Dei,</span> <span class='ocrx_word' id='word_1_134' title='bbox 2831 1696 2908 1741; x_wconf 81' lang='lat' dir='ltr'>ex</span> <span class='ocrx_word' id='word_1_135' title='bbox 2942 1677 3063 1741; x_wconf 92' lang='lat' dir='ltr'>hoc</span> <span class='ocrx_word' id='word_1_136' title='bbox 3096 1695 3213 1741; x_wconf 81' lang='lat' dir='ltr'>ve·</span> 
     </span>
     <span class='ocr_line' id='line_1_14' title="bbox 585 1784 3210 1868; baseline -0.001 -21"><span class='ocrx_word' id='word_1_137' title='bbox 585 1784 699 1847; x_wconf 91' lang='lat' dir='ltr'>luti</span> <span class='ocrx_word' id='word_1_138' title='bbox 733 1784 1069 1860; x_wconf 83' lang='lat' dir='ltr'>redundat,</span> <span class='ocrx_word' id='word_1_139' title='bbox 1100 1786 1192 1850; x_wconf 85' lang='lat' dir='ltr'>ita</span> <span class='ocrx_word' id='word_1_140' title='bbox 1222 1793 1293 1850; x_wconf 91' lang='lat' dir='ltr'>ut</span> <span class='ocrx_word' id='word_1_141' title='bbox 1322 1804 1513 1851; x_wconf 89' lang='lat' dir='ltr'>verus</span> <span class='ocrx_word' id='word_1_142' title='bbox 1544 1785 1658 1849; x_wconf 93' lang='lat' dir='ltr'>Dei</span> <span class='ocrx_word' id='word_1_143' title='bbox 1691 1784 1901 1850; x_wconf 87' lang='lat' dir='ltr'>cultus</span> <span class='ocrx_word' id='word_1_144' title='bbox 1933 1784 2038 1849; x_wconf 85' lang='lat' dir='ltr'>vix</span> <span class='ocrx_word' id='word_1_145' title='bbox 2072 1786 2322 1867; x_wconf 90' lang='lat' dir='ltr'>concipi</span> <span class='ocrx_word' id='word_1_146' title='bbox 2342 1784 2547 1868; x_wconf 86' lang='lat' dir='ltr'>possit</span> <span class='ocrx_word' id='word_1_147' title='bbox 2567 1784 2813 1866; x_wconf 86' lang='lat' dir='ltr'>absque</span> <span class='ocrx_word' id='word_1_148' title='bbox 2834 1790 3210 1848; x_wconf 88' lang='lat' dir='ltr'>sanctorum</span> 
     </span>
     <span class='ocr_line' id='line_1_15' title="bbox 584 1889 3211 1975; baseline -0 -22"><span class='ocrx_word' id='word_1_149' title='bbox 584 1891 774 1955; x_wconf 91' lang='lat' dir='ltr'>cultu.</span> <span class='ocrx_word' id='word_1_150' title='bbox 838 1889 1017 1956; x_wconf 85' lang='lat' dir='ltr'>Sicut</span> <span class='ocrx_word' id='word_1_151' title='bbox 1049 1893 1221 1957; x_wconf 90' lang='lat' dir='ltr'>enim</span> <span class='ocrx_word' id='word_1_152' title='bbox 1251 1892 1478 1969; x_wconf 90' lang='lat' dir='ltr'>honor,</span> <span class='ocrx_word' id='word_1_153' title='bbox 1513 1893 1621 1975; x_wconf 85' lang='lat' dir='ltr'>qui</span> <span class='ocrx_word' id='word_1_154' title='bbox 1650 1892 1866 1973; x_wconf 86' lang='lat' dir='ltr'>regiae</span> <span class='ocrx_word' id='word_1_155' title='bbox 1912 1892 2191 1957; x_wconf 80' lang='lat' dir='ltr'>defertur</span> <span class='ocrx_word' id='word_1_156' title='bbox 2234 1891 2575 1973; x_wconf 67' lang='lat' dir='ltr'>maiestati,</span> <span class='ocrx_word' id='word_1_157' title='bbox 2623 1892 2687 1954; x_wconf 91' lang='lat' dir='ltr'>in</span> <span class='ocrx_word' id='word_1_158' title='bbox 2720 1891 2856 1972; x_wconf 87' lang='lat' dir='ltr'>ejus</span> <span class='ocrx_word' id='word_1_159' title='bbox 2889 1889 3211 1955; x_wconf 81' lang='lat' dir='ltr'>redundat</span> 
     </span>
     <span class='ocr_line' id='line_1_16' title="bbox 586 1996 3213 2081; baseline -0.001 -21"><span class='ocrx_word' id='word_1_160' title='bbox 586 1998 927 2074; x_wconf 82' lang='lat' dir='ltr'>ministrOS,</span> <span class='ocrx_word' id='word_1_161' title='bbox 960 2018 1146 2064; x_wconf 90' lang='lat' dir='ltr'>amor</span> <span class='ocrx_word' id='word_1_162' title='bbox 1178 1999 1292 2063; x_wconf 92' lang='lat' dir='ltr'>Dei</span> <span class='ocrx_word' id='word_1_163' title='bbox 1323 1999 1389 2063; x_wconf 94' lang='lat' dir='ltr'>in</span> <span class='ocrx_word' id='word_1_164' title='bbox 1422 2000 1820 2081; x_wconf 87' lang='lat' dir='ltr'>proximum:</span> <span class='ocrx_word' id='word_1_165' title='bbox 1870 2000 1963 2064; x_wconf 89' lang='lat' dir='ltr'>ita</span> <span class='ocrx_word' id='word_1_166' title='bbox 2010 2019 2202 2064; x_wconf 87' lang='lat' dir='ltr'>verus</span> <span class='ocrx_word' id='word_1_167' title='bbox 2235 1997 2354 2063; x_wconf 90' lang='lat' dir='ltr'>Dei</span> <span class='ocrx_word' id='word_1_168' title='bbox 2399 1999 2614 2063; x_wconf 90' lang='lat' dir='ltr'>cultus</span> <span class='ocrx_word' id='word_1_169' title='bbox 2645 1998 2964 2062; x_wconf 80' lang='lat' dir='ltr'>redundat</span> <span class='ocrx_word' id='word_1_170' title='bbox 2993 1998 3061 2060; x_wconf 91' lang='lat' dir='ltr'>in</span> <span class='ocrx_word' id='word_1_171' title='bbox 3092 1996 3213 2061; x_wconf 89' lang='lat' dir='ltr'>Dei</span> 
     </span>
     <span class='ocr_line' id='line_1_17' title="bbox 586 2104 3213 2189; baseline -0 -21"><span class='ocrx_word' id='word_1_172' title='bbox 586 2106 829 2170; x_wconf 85' lang='lat' dir='ltr'>amicos</span> <span class='ocrx_word' id='word_1_173' title='bbox 862 2105 1131 2189; x_wconf 87' lang='lat' dir='ltr'>illosque</span> <span class='ocrx_word' id='word_1_174' title='bbox 1165 2124 1409 2182; x_wconf 79' lang='lat' dir='ltr'>omneS,</span> <span class='ocrx_word' id='word_1_175' title='bbox 1459 2107 1523 2169; x_wconf 90' lang='lat' dir='ltr'>in</span> <span class='ocrx_word' id='word_1_176' title='bbox 1574 2105 1805 2188; x_wconf 90' lang='lat' dir='ltr'>quibus</span> <span class='ocrx_word' id='word_1_177' title='bbox 1854 2104 2167 2186; x_wconf 79' lang='lat' dir='ltr'>refulgent</span> <span class='ocrx_word' id='word_1_178' title='bbox 2214 2105 2742 2187; x_wconf 86' lang='lat' dir='ltr'>participationes</span> <span class='ocrx_word' id='word_1_179' title='bbox 2792 2123 3018 2169; x_wconf 89' lang='lat' dir='ltr'>earum</span> <span class='ocrx_word' id='word_1_180' title='bbox 3063 2122 3213 2186; x_wconf 89' lang='lat' dir='ltr'>per-</span> 
     </span>
     <span class='ocr_line' id='line_1_18' title="bbox 586 2210 2078 2296; baseline -0.001 -21"><span class='ocrx_word' id='word_1_181' title='bbox 586 2210 951 2290; x_wconf 88' lang='lat' dir='ltr'>fectionum,</span> <span class='ocrx_word' id='word_1_182' title='bbox 983 2221 1246 2295; x_wconf 88' lang='lat' dir='ltr'>propter</span> <span class='ocrx_word' id='word_1_183' title='bbox 1276 2232 1437 2296; x_wconf 88' lang='lat' dir='ltr'>quas</span> <span class='ocrx_word' id='word_1_184' title='bbox 1471 2213 1827 2277; x_wconf 87' lang='lat' dir='ltr'>adoramus</span> <span class='ocrx_word' id='word_1_185' title='bbox 1859 2212 2078 2277; x_wconf 89' lang='lat' dir='ltr'>Deum.</span> 
     </span>
    </p>
   </div>
   <div class='ocr_carea' id='block_1_4' title="bbox 519 2339 3212 4199">
    <p class='ocr_par' dir='ltr' id='par_1_5' title="bbox 519 2339 3212 4199">
     <span class='ocr_line' id='line_1_19' title="bbox 765 2339 3211 2416; baseline -0.001 -17"><span class='ocrx_word' id='word_1_186' title='bbox 765 2341 1127 2415; x_wconf 83' lang='lat' dir='ltr'>,Christum‚</span> <span class='ocrx_word' id='word_1_187' title='bbox 1163 2341 1372 2400; x_wconf 86' lang='lat' dir='ltr'>scribit</span> <span class='ocrx_word' id='word_1_188' title='bbox 1401 2341 1646 2400; x_wconf 85' lang='lat' dir='ltr'>ecclesia</span> <span class='ocrx_word' id='word_1_189' title='bbox 1677 2342 1777 2400; x_wconf 78' lang='lat' dir='ltr'>sm</span> <span class='ocrx_word' id='word_1_190' title='bbox 1794 2361 1832 2416; x_wconf 87' lang='lat' dir='ltr'><strong>y</strong></span> <span class='ocrx_word' id='word_1_191' title='bbox 1850 2340 2163 2400; x_wconf 87' lang='lat' dir='ltr'>rnensis</span> <span class='ocrx_word' id='word_1_192' title='bbox 2193 2341 2256 2399; x_wconf 90' lang='lat' dir='ltr'>in</span> <span class='ocrx_word' id='word_1_193' title='bbox 2288 2359 2377 2416; x_wconf 90' lang='lat' dir='ltr'>ep.</span> <span class='ocrx_word' id='word_1_194' title='bbox 2409 2339 2483 2399; x_wconf 91' lang='lat' dir='ltr'>de</span> <span class='ocrx_word' id='word_1_195' title='bbox 2502 2339 2791 2416; x_wconf 82' lang='lat' dir='ltr'>martyrio</span> <span class='ocrx_word' id='word_1_196' title='bbox 2824 2359 2872 2401; x_wconf 79' lang='lat' dir='ltr'>s,</span> <span class='ocrx_word' id='word_1_197' title='bbox 2897 2340 3211 2416; x_wconf 82' lang='lat' dir='ltr'>Polycarpi</span> 
     </span>
     <span class='ocr_line' id='line_1_20' title="bbox 586 2429 3211 2506; baseline -0.001 -18"><span class='ocrx_word' id='word_1_198' title='bbox 586 2449 643 2491; x_wconf 91' lang='lat' dir='ltr'>n.</span> <span class='ocrx_word' id='word_1_199' title='bbox 685 2440 781 2500; x_wconf 87' lang='lat'>17,</span> <span class='ocrx_word' id='word_1_200' title='bbox 830 2433 1038 2505; x_wconf 87' lang='lat' dir='ltr'>utpote</span> <span class='ocrx_word' id='word_1_201' title='bbox 1069 2430 1176 2488; x_wconf 90' lang='lat' dir='ltr'>Dei</span> <span class='ocrx_word' id='word_1_202' title='bbox 1207 2430 1427 2488; x_wconf 87' lang='lat' dir='ltr'>Filium</span> <span class='ocrx_word' id='word_1_203' title='bbox 1460 2429 1791 2501; x_wconf 79' lang='lat' dir='ltr'>adoramus„</span> <span class='ocrx_word' id='word_1_204' title='bbox 1838 2433 2128 2505; x_wconf 77' lang='lat' dir='ltr'>martyres</span> <span class='ocrx_word' id='word_1_205' title='bbox 2172 2432 2476 2506; x_wconf 88' lang='lat' dir='ltr'>tamquam</span> <span class='ocrx_word' id='word_1_206' title='bbox 2510 2430 2745 2491; x_wconf 86' lang='lat' dir='ltr'>Domini</span> <span class='ocrx_word' id='word_1_207' title='bbox 2780 2429 3105 2506; x_wconf 77' lang='lat' dir='ltr'>discipulos</span> <span class='ocrx_word' id='word_1_208' title='bbox 3150 2436 3211 2487; x_wconf 87' lang='lat' dir='ltr'>et</span> 
     </span>
     <span class='ocr_line' id='line_1_21' title="bbox 586 2515 3209 2600; baseline -0.001 -24"><span class='ocrx_word' id='word_1_209' title='bbox 586 2518 915 2577; x_wconf 87' lang='lat' dir='ltr'>imitatores</span> <span class='ocrx_word' id='word_1_210' title='bbox 935 2519 1146 2578; x_wconf 89' lang='lat' dir='ltr'>merito</span> <span class='ocrx_word' id='word_1_211' title='bbox 1168 2519 1474 2595; x_wconf 85' lang='lat' dir='ltr'>diligimus</span> <span class='ocrx_word' id='word_1_212' title='bbox 1498 2515 1858 2600; x_wconf 78' lang='lat' dir='ltr'>(dilectione,</span> <span class='ocrx_word' id='word_1_213' title='bbox 1892 2538 2043 2594; x_wconf 84' lang='lat' dir='ltr'>quae</span> <span class='ocrx_word' id='word_1_214' title='bbox 2071 2523 2163 2578; x_wconf 92' lang='lat' dir='ltr'>est</span> <span class='ocrx_word' id='word_1_215' title='bbox 2189 2519 2594 2595; x_wconf 83' lang='lat' dir='ltr'>praecipuum,</span> <span class='ocrx_word' id='word_1_216' title='bbox 2631 2519 2788 2593; x_wconf 91' lang='lat' dir='ltr'>quod</span> <span class='ocrx_word' id='word_1_217' title='bbox 2811 2518 2985 2577; x_wconf 85' lang='lat' dir='ltr'>alteri</span> <span class='ocrx_word' id='word_1_218' title='bbox 3009 2518 3209 2576; x_wconf 84' lang='lat' dir='ltr'>offerri</span> 
     </span>
     <span class='ocr_line' id='line_1_22' title="bbox 586 2604 3207 2686; baseline -0 -20"><span class='ocrx_word' id='word_1_219' title='bbox 586 2608 791 2685; x_wconf 88' lang='lat' dir='ltr'>possit,</span> <span class='ocrx_word' id='word_1_220' title='bbox 823 2608 1194 2684; x_wconf 79' lang='lat' dir='ltr'>obsequium,</span> <span class='ocrx_word' id='word_1_221' title='bbox 1228 2627 1498 2684; x_wconf 88' lang='lat' dir='ltr'>quaeque</span> <span class='ocrx_word' id='word_1_222' title='bbox 1530 2626 1592 2666; x_wconf 92' lang='lat' dir='ltr'>se</span> <span class='ocrx_word' id='word_1_223' title='bbox 1624 2607 1918 2685; x_wconf 76' lang='lat' dir='ltr'>prodebat</span> <span class='ocrx_word' id='word_1_224' title='bbox 1936 2610 2106 2668; x_wconf 88' lang='lat' dir='ltr'>cultu</span> <span class='ocrx_word' id='word_1_225' title='bbox 2125 2608 2421 2685; x_wconf 78' lang='lat' dir='ltr'>religi080,</span> <span class='ocrx_word' id='word_1_226' title='bbox 2457 2608 2562 2682; x_wconf 91' lang='lat' dir='ltr'>qui</span> <span class='ocrx_word' id='word_1_227' title='bbox 2581 2608 2800 2666; x_wconf 84' lang='lat' dir='ltr'>ibidem</span> <span class='ocrx_word' id='word_1_228' title='bbox 2819 2604 3207 2686; x_wconf 86' lang='lat' dir='ltr'>describitur)</span> 
     </span>
     <span class='ocr_line' id='line_1_23' title="bbox 588 2696 3205 2775; baseline 0 -20"><span class='ocrx_word' id='word_1_229' title='bbox 588 2700 832 2774; x_wconf 88' lang='lat' dir='ltr'>propter</span> <span class='ocrx_word' id='word_1_230' title='bbox 882 2698 1157 2756; x_wconf 81' lang='lat' dir='ltr'>eximiam</span> <span class='ocrx_word' id='word_1_231' title='bbox 1205 2698 1472 2774; x_wconf 86' lang='lat' dir='ltr'>ipsorum</span> <span class='ocrx_word' id='word_1_232' title='bbox 1522 2717 1663 2775; x_wconf 88' lang='lat' dir='ltr'>erga</span> <span class='ocrx_word' id='word_1_233' title='bbox 1713 2698 1931 2775; x_wconf 84' lang='lat' dir='ltr'>Regem</span> <span class='ocrx_word' id='word_1_234' title='bbox 1983 2702 2045 2757; x_wconf 89' lang='lat' dir='ltr'>et</span> <span class='ocrx_word' id='word_1_235' title='bbox 2094 2699 2448 2775; x_wconf 86' lang='lat' dir='ltr'>magistrum</span> <span class='ocrx_word' id='word_1_236' title='bbox 2495 2716 2669 2756; x_wconf 87' lang='lat' dir='ltr'>suum</span> <span class='ocrx_word' id='word_1_237' title='bbox 2716 2696 3205 2766; x_wconf 80' lang='lat' dir='ltr'>benevolentiam,</span> 
     </span>
     <span class='ocr_line' id='line_1_24' title="bbox 588 2785 3206 2863; baseline -0.001 -18"><span class='ocrx_word' id='word_1_238' title='bbox 588 2806 840 2863; x_wconf 89' lang='lat' dir='ltr'>quorum</span> <span class='ocrx_word' id='word_1_239' title='bbox 874 2787 1105 2845; x_wconf 88' lang='lat' dir='ltr'>utinam</span> <span class='ocrx_word' id='word_1_240' title='bbox 1137 2793 1200 2845; x_wconf 87' lang='lat' dir='ltr'>et</span> <span class='ocrx_word' id='word_1_241' title='bbox 1230 2806 1338 2845; x_wconf 91' lang='lat' dir='ltr'>nos</span> <span class='ocrx_word' id='word_1_242' title='bbox 1371 2787 1581 2845; x_wconf 84' lang='lat' dir='ltr'>fiamus</span> <span class='ocrx_word' id='word_1_243' title='bbox 1614 2790 1917 2846; x_wconf 81' lang='lat' dir='ltr'>consortes</span> <span class='ocrx_word' id='word_1_244' title='bbox 1950 2805 2017 2846; x_wconf 86' lang='lat' dir='ltr'>ac</span> <span class='ocrx_word' id='word_1_245' title='bbox 2049 2787 2393 2862; x_wconf 82' lang='lat' dir='ltr'>discipuli.‘</span> <span class='ocrx_word' id='word_1_246' title='bbox 2426 2820 2515 2830; x_wconf 90' lang='lat'>—</span> <span class='ocrx_word' id='word_1_247' title='bbox 2547 2785 2798 2862; x_wconf 85' lang='lat' dir='ltr'>Egregie</span> <span class='ocrx_word' id='word_1_248' title='bbox 2831 2785 2925 2843; x_wconf 84' lang='lat' dir='ltr'>J0.</span> <span class='ocrx_word' id='word_1_249' title='bbox 2959 2787 3206 2844; x_wconf 85' lang='lat' dir='ltr'>Dama-</span> 
     </span>
     <span class='ocr_line' id='line_1_25' title="bbox 589 2873 3209 2952; baseline -0.001 -18"><span class='ocrx_word' id='word_1_250' title='bbox 589 2893 866 2934; x_wconf 86' lang='lat' dir='ltr'>scenus</span> <span class='ocrx_word' id='word_1_251' title='bbox 899 2892 982 2933; x_wconf 88' lang='lat' dir='ltr'>or.</span> <span class='ocrx_word' id='word_1_252' title='bbox 1006 2886 1040 2939; x_wconf 90' lang='lat'><strong>3</strong></span> <span class='ocrx_word' id='word_1_253' title='bbox 1078 2877 1148 2934; x_wconf 90' lang='lat' dir='ltr'>de</span> <span class='ocrx_word' id='word_1_254' title='bbox 1179 2878 1356 2952; x_wconf 84' lang='lat' dir='ltr'>imag.</span> <span class='ocrx_word' id='word_1_255' title='bbox 1376 2896 1433 2934; x_wconf 91' lang='lat' dir='ltr'>n.</span> <span class='ocrx_word' id='word_1_256' title='bbox 1458 2886 1572 2938; x_wconf 85' lang='lat'>33:</span> <span class='ocrx_word' id='word_1_257' title='bbox 1607 2876 2157 2946; x_wconf 82' lang='lat' dir='ltr'>,Quemadmodum</span> <span class='ocrx_word' id='word_1_258' title='bbox 2175 2876 2365 2952; x_wconf 87' lang='lat' dir='ltr'>igitur</span> <span class='ocrx_word' id='word_1_259' title='bbox 2386 2874 2576 2933; x_wconf 86' lang='lat' dir='ltr'>sancti</span> <span class='ocrx_word' id='word_1_260' title='bbox 2608 2893 2747 2933; x_wconf 90' lang='lat' dir='ltr'>vere</span> <span class='ocrx_word' id='word_1_261' title='bbox 2778 2877 2922 2932; x_wconf 87' lang='lat' dir='ltr'>sunt</span> <span class='ocrx_word' id='word_1_262' title='bbox 2952 2873 3055 2944; x_wconf 90' lang='lat' dir='ltr'>dii,</span> <span class='ocrx_word' id='word_1_263' title='bbox 3089 2892 3209 2932; x_wconf 90' lang='lat' dir='ltr'>non</span> 
     </span>
     <span class='ocr_line' id='line_1_26' title="bbox 589 2964 3208 3042; baseline -0.002 -19"><span class='ocrx_word' id='word_1_264' title='bbox 589 2965 828 3039; x_wconf 90' lang='lat' dir='ltr'>quidem</span> <span class='ocrx_word' id='word_1_265' title='bbox 861 2968 1093 3035; x_wconf 84' lang='lat' dir='ltr'>natura,</span> <span class='ocrx_word' id='word_1_266' title='bbox 1142 2965 1245 3023; x_wconf 91' lang='lat' dir='ltr'>sed</span> <span class='ocrx_word' id='word_1_267' title='bbox 1278 2971 1571 3040; x_wconf 84' lang='lat' dir='ltr'>quatenus</span> <span class='ocrx_word' id='word_1_268' title='bbox 1601 2965 1921 3042; x_wconf 85' lang='lat' dir='ltr'>participes</span> <span class='ocrx_word' id='word_1_269' title='bbox 1967 2967 2097 3041; x_wconf 88' lang='lat' dir='ltr'>ejus</span> <span class='ocrx_word' id='word_1_270' title='bbox 2143 2967 2302 3033; x_wconf 89' lang='lat' dir='ltr'>sunt,</span> <span class='ocrx_word' id='word_1_271' title='bbox 2351 2964 2456 3038; x_wconf 91' lang='lat' dir='ltr'>qui</span> <span class='ocrx_word' id='word_1_272' title='bbox 2502 2967 2718 3021; x_wconf 86' lang='lat' dir='ltr'>natura</span> <span class='ocrx_word' id='word_1_273' title='bbox 2762 2968 2851 3022; x_wconf 88' lang='lat' dir='ltr'>est</span> <span class='ocrx_word' id='word_1_274' title='bbox 2885 2964 3077 3032; x_wconf 87' lang='lat' dir='ltr'>Deus;</span> <span class='ocrx_word' id='word_1_275' title='bbox 3122 2964 3208 3020; x_wconf 86' lang='lat' dir='ltr'>ita</span> 
     </span>
     <span class='ocr_line' id='line_1_27' title="bbox 588 3051 3208 3129; baseline -0.001 -18"><span class='ocrx_word' id='word_1_276' title='bbox 588 3071 826 3129; x_wconf 88' lang='lat' dir='ltr'>quoque</span> <span class='ocrx_word' id='word_1_277' title='bbox 857 3054 1198 3123; x_wconf 87' lang='lat' dir='ltr'>adorantur,</span> <span class='ocrx_word' id='word_1_278' title='bbox 1245 3072 1365 3111; x_wconf 90' lang='lat' dir='ltr'>non</span> <span class='ocrx_word' id='word_1_279' title='bbox 1398 3053 1558 3128; x_wconf 89' lang='lat' dir='ltr'>quod</span> <span class='ocrx_word' id='word_1_280' title='bbox 1592 3059 1802 3129; x_wconf 85' lang='lat' dir='ltr'>suapte</span> <span class='ocrx_word' id='word_1_281' title='bbox 1834 3058 2050 3112; x_wconf 85' lang='lat' dir='ltr'>natura</span> <span class='ocrx_word' id='word_1_282' title='bbox 2082 3054 2202 3112; x_wconf 87' lang='lat' dir='ltr'>sint</span> <span class='ocrx_word' id='word_1_283' title='bbox 2233 3053 2535 3124; x_wconf 84' lang='lat' dir='ltr'>adorandi,</span> <span class='ocrx_word' id='word_1_284' title='bbox 2570 3051 2673 3111; x_wconf 88' lang='lat' dir='ltr'>sed</span> <span class='ocrx_word' id='word_1_285' title='bbox 2704 3053 2986 3127; x_wconf 89' lang='lat' dir='ltr'>quoniam</span> <span class='ocrx_word' id='word_1_286' title='bbox 3016 3051 3208 3120; x_wconf 89' lang='lat' dir='ltr'>illum,</span> 
     </span>
     <span class='ocr_line' id='line_1_28' title="bbox 519 3141 3207 3218; baseline -0.001 -18"><span class='ocrx_word' id='word_1_287' title='bbox 519 3201 525 3207; x_wconf 78' lang='grc'><strong><em>,</em></strong></span> <span class='ocrx_word' id='word_1_288' title='bbox 591 3143 694 3216; x_wconf 91' lang='lat' dir='ltr'>qui</span> <span class='ocrx_word' id='word_1_289' title='bbox 727 3160 833 3217; x_wconf 90' lang='lat' dir='ltr'>pro</span> <span class='ocrx_word' id='word_1_290' title='bbox 865 3145 1081 3200; x_wconf 87' lang='lat' dir='ltr'>natura</span> <span class='ocrx_word' id='word_1_291' title='bbox 1112 3161 1221 3201; x_wconf 88' lang='lat' dir='ltr'>sua</span> <span class='ocrx_word' id='word_1_292' title='bbox 1251 3141 1588 3201; x_wconf 84' lang='lat' dir='ltr'>adorandus</span> <span class='ocrx_word' id='word_1_293' title='bbox 1620 3146 1728 3214; x_wconf 89' lang='lat' dir='ltr'>est,</span> <span class='ocrx_word' id='word_1_294' title='bbox 1779 3143 1844 3200; x_wconf 91' lang='lat' dir='ltr'>in</span> <span class='ocrx_word' id='word_1_295' title='bbox 1877 3143 2088 3218; x_wconf 88' lang='lat' dir='ltr'>seipsis</span> <span class='ocrx_word' id='word_1_296' title='bbox 2120 3143 2357 3201; x_wconf 88' lang='lat' dir='ltr'>babent.</span> <span class='ocrx_word' id='word_1_297' title='bbox 2424 3142 2672 3201; x_wconf 87' lang='lat' dir='ltr'>Ferrum</span> <span class='ocrx_word' id='word_1_298' title='bbox 2705 3141 2960 3218; x_wconf 87' lang='lat' dir='ltr'>ignitum</span> <span class='ocrx_word' id='word_1_299' title='bbox 2997 3159 3207 3199; x_wconf 85' lang='lat' dir='ltr'>secun·</span> 
     </span>
     <span class='ocr_line' id='line_1_29' title="bbox 590 3229 3210 3309; baseline 0 -22"><span class='ocrx_word' id='word_1_300' title='bbox 590 3230 735 3288; x_wconf 89' lang='lat' dir='ltr'>dum</span> <span class='ocrx_word' id='word_1_301' title='bbox 765 3233 1041 3289; x_wconf 89' lang='lat' dir='ltr'>naturam</span> <span class='ocrx_word' id='word_1_302' title='bbox 1075 3250 1242 3290; x_wconf 86' lang='lat' dir='ltr'>suam</span> <span class='ocrx_word' id='word_1_303' title='bbox 1276 3231 1572 3307; x_wconf 85' lang='lat' dir='ltr'>ejusmodi</span> <span class='ocrx_word' id='word_1_304' title='bbox 1604 3249 1726 3290; x_wconf 88' lang='lat' dir='ltr'>non</span> <span class='ocrx_word' id='word_1_305' title='bbox 1758 3239 1869 3302; x_wconf 86' lang='lat' dir='ltr'>est,</span> <span class='ocrx_word' id='word_1_306' title='bbox 1904 3237 1976 3290; x_wconf 88' lang='lat' dir='ltr'>ut</span> <span class='ocrx_word' id='word_1_307' title='bbox 2006 3233 2174 3309; x_wconf 88' lang='lat' dir='ltr'>tangi</span> <span class='ocrx_word' id='word_1_308' title='bbox 2196 3235 2453 3308; x_wconf 84' lang='lat' dir='ltr'>nequeat</span> <span class='ocrx_word' id='word_1_309' title='bbox 2483 3235 2545 3289; x_wconf 88' lang='lat' dir='ltr'>et</span> <span class='ocrx_word' id='word_1_310' title='bbox 2574 3233 2731 3301; x_wconf 86' lang='lat' dir='ltr'>urat,</span> <span class='ocrx_word' id='word_1_311' title='bbox 2764 3229 2868 3288; x_wconf 91' lang='lat' dir='ltr'>sed</span> <span class='ocrx_word' id='word_1_312' title='bbox 2892 3229 3044 3305; x_wconf 78' lang='lat' dir='ltr'>&#39;quia</span> <span class='ocrx_word' id='word_1_313' title='bbox 3075 3248 3210 3304; x_wconf 86' lang='lat' dir='ltr'>par-</span> 
     </span>
     <span class='ocr_line' id='line_1_30' title="bbox 589 3319 3211 3397; baseline 0 -21"><span class='ocrx_word' id='word_1_314' title='bbox 589 3320 779 3396; x_wconf 79' lang='lat' dir='ltr'>ticeps</span> <span class='ocrx_word' id='word_1_315' title='bbox 812 3319 1003 3378; x_wconf 86' lang='lat' dir='ltr'>factus</span> <span class='ocrx_word' id='word_1_316' title='bbox 1046 3325 1138 3378; x_wconf 86' lang='lat' dir='ltr'>est</span> <span class='ocrx_word' id='word_1_317' title='bbox 1183 3321 1362 3397; x_wconf 83' lang='lat' dir='ltr'>igniS,</span> <span class='ocrx_word' id='word_1_318' title='bbox 1409 3322 1580 3397; x_wconf 85' lang='lat' dir='ltr'>cujus</span> <span class='ocrx_word' id='word_1_319' title='bbox 1612 3325 1832 3380; x_wconf 88' lang='lat' dir='ltr'>natura</span> <span class='ocrx_word' id='word_1_320' title='bbox 1863 3327 1954 3380; x_wconf 88' lang='lat' dir='ltr'>est</span> <span class='ocrx_word' id='word_1_321' title='bbox 1984 3324 2055 3380; x_wconf 90' lang='lat' dir='ltr'>ut</span> <span class='ocrx_word' id='word_1_322' title='bbox 2085 3325 2238 3380; x_wconf 87' lang='lat' dir='ltr'>urat.</span> <span class='ocrx_word' id='word_1_323' title='bbox 2303 3321 2647 3384; x_wconf 82' lang='lat' dir='ltr'>Adorantur</span> <span class='ocrx_word' id='word_1_324' title='bbox 2679 3320 2881 3394; x_wconf 84' lang='lat' dir='ltr'>itaque</span> <span class='ocrx_word' id='word_1_325' title='bbox 2914 3321 3211 3395; x_wconf 79' lang='lat' dir='ltr'>quatenus</span> 
     </span>
     <span class='ocr_line' id='line_1_31' title="bbox 590 3407 3209 3487; baseline -0 -22"><span class='ocrx_word' id='word_1_326' title='bbox 590 3409 839 3484; x_wconf 84' lang='lat' dir='ltr'>gloriam</span> <span class='ocrx_word' id='word_1_327' title='bbox 873 3428 908 3466; x_wconf 85' lang='lat' dir='ltr'>a</span> <span class='ocrx_word' id='word_1_328' title='bbox 938 3409 1058 3468; x_wconf 91' lang='lat' dir='ltr'>Deo</span> <span class='ocrx_word' id='word_1_329' title='bbox 1090 3410 1289 3487; x_wconf 89' lang='lat' dir='ltr'>adepti</span> <span class='ocrx_word' id='word_1_330' title='bbox 1322 3415 1482 3481; x_wconf 89' lang='lat' dir='ltr'>sunt,</span> <span class='ocrx_word' id='word_1_331' title='bbox 1530 3413 1592 3469; x_wconf 90' lang='lat' dir='ltr'>et</span> <span class='ocrx_word' id='word_1_332' title='bbox 1637 3411 1780 3486; x_wconf 87' lang='lat' dir='ltr'>quia</span> <span class='ocrx_word' id='word_1_333' title='bbox 1824 3411 1898 3469; x_wconf 90' lang='lat' dir='ltr'>ab</span> <span class='ocrx_word' id='word_1_334' title='bbox 1944 3411 2074 3487; x_wconf 88' lang='lat' dir='ltr'>ipso</span> <span class='ocrx_word' id='word_1_335' title='bbox 2106 3415 2476 3486; x_wconf 82' lang='lat' dir='ltr'>acceperunt,</span> <span class='ocrx_word' id='word_1_336' title='bbox 2524 3411 2595 3467; x_wconf 88' lang='lat' dir='ltr'>ut</span> <span class='ocrx_word' id='word_1_337' title='bbox 2624 3411 2826 3466; x_wconf 83' lang='lat' dir='ltr'>essent</span> <span class='ocrx_word' id='word_1_338' title='bbox 2857 3407 3209 3466; x_wconf 84' lang='lat' dir='ltr'>adversariis</span> 
     </span>
     <span class='ocr_line' id='line_1_32' title="bbox 592 3495 3208 3576; baseline -0 -22"><span class='ocrx_word' id='word_1_339' title='bbox 592 3496 913 3567; x_wconf 71' lang='lat' dir='ltr'>terribileS,</span> <span class='ocrx_word' id='word_1_340' title='bbox 949 3500 1010 3555; x_wconf 90' lang='lat' dir='ltr'>et</span> <span class='ocrx_word' id='word_1_341' title='bbox 1041 3502 1182 3575; x_wconf 81' lang='lat' dir='ltr'>erga</span> <span class='ocrx_word' id='word_1_342' title='bbox 1213 3517 1331 3570; x_wconf 89' lang='lat' dir='ltr'>eos,</span> <span class='ocrx_word' id='word_1_343' title='bbox 1380 3500 1484 3574; x_wconf 91' lang='lat' dir='ltr'>qui</span> <span class='ocrx_word' id='word_1_344' title='bbox 1531 3501 1602 3558; x_wconf 87' lang='lat' dir='ltr'>ad</span> <span class='ocrx_word' id='word_1_345' title='bbox 1647 3500 1810 3574; x_wconf 87' lang='lat' dir='ltr'>ipsos</span> <span class='ocrx_word' id='word_1_346' title='bbox 1844 3500 2255 3576; x_wconf 87' lang='lat' dir='ltr'>confugerent,</span> <span class='ocrx_word' id='word_1_347' title='bbox 2302 3498 2567 3570; x_wconf 89' lang='lat' dir='ltr'>benefici,</span> <span class='ocrx_word' id='word_1_348' title='bbox 2614 3497 2734 3556; x_wconf 89' lang='lat' dir='ltr'>imo</span> <span class='ocrx_word' id='word_1_349' title='bbox 2765 3500 3073 3571; x_wconf 86' lang='lat' dir='ltr'>tamquam</span> <span class='ocrx_word' id='word_1_350' title='bbox 3105 3495 3208 3554; x_wconf 88' lang='lat' dir='ltr'>Dei</span> 
     </span>
     <span class='ocr_line' id='line_1_33' title="bbox 590 3585 3209 3664; baseline -0 -20"><span class='ocrx_word' id='word_1_351' title='bbox 590 3586 803 3644; x_wconf 86' lang='lat' dir='ltr'>famuli</span> <span class='ocrx_word' id='word_1_352' title='bbox 840 3591 903 3644; x_wconf 84' lang='lat' dir='ltr'>et</span> <span class='ocrx_word' id='word_1_353' title='bbox 945 3587 1208 3645; x_wconf 87' lang='lat' dir='ltr'>ministri</span> <span class='ocrx_word' id='word_1_354' title='bbox 1243 3589 1465 3662; x_wconf 91' lang='lat' dir='ltr'>quique</span> <span class='ocrx_word' id='word_1_355' title='bbox 1497 3590 1741 3664; x_wconf 88' lang='lat' dir='ltr'>propter</span> <span class='ocrx_word' id='word_1_356' title='bbox 1774 3607 1944 3647; x_wconf 87' lang='lat' dir='ltr'>suam</span> <span class='ocrx_word' id='word_1_357' title='bbox 1978 3588 2281 3646; x_wconf 84' lang='lat' dir='ltr'>caritatem</span> <span class='ocrx_word' id='word_1_358' title='bbox 2313 3587 2567 3645; x_wconf 89' lang='lat' dir='ltr'>liberum</span> <span class='ocrx_word' id='word_1_359' title='bbox 2598 3585 2759 3662; x_wconf 85' lang='lat' dir='ltr'>apud</span> <span class='ocrx_word' id='word_1_360' title='bbox 2788 3585 2984 3662; x_wconf 89' lang='lat' dir='ltr'>ipsum</span> <span class='ocrx_word' id='word_1_361' title='bbox 3018 3603 3209 3644; x_wconf 84' lang='lat' dir='ltr'>acces-</span> 
     </span>
     <span class='ocr_line' id='line_1_34' title="bbox 593 3674 3211 3752; baseline 0 -19"><span class='ocrx_word' id='word_1_362' title='bbox 593 3694 726 3734; x_wconf 84' lang='lat' dir='ltr'>sum</span> <span class='ocrx_word' id='word_1_363' title='bbox 758 3675 1033 3734; x_wconf 84' lang='lat' dir='ltr'>habeant.</span> <span class='ocrx_word' id='word_1_364' title='bbox 1100 3676 1491 3745; x_wconf 84' lang='lat' dir='ltr'>Quamobrem</span> <span class='ocrx_word' id='word_1_365' title='bbox 1523 3695 1622 3735; x_wconf 91' lang='lat' dir='ltr'>eos</span> <span class='ocrx_word' id='word_1_366' title='bbox 1655 3675 1988 3747; x_wconf 87' lang='lat' dir='ltr'>adoramus,</span> <span class='ocrx_word' id='word_1_367' title='bbox 2022 3676 2163 3752; x_wconf 79' lang='lat' dir='ltr'>quia</span> <span class='ocrx_word' id='word_1_368' title='bbox 2192 3695 2292 3734; x_wconf 82' lang='lat' dir='ltr'>rex</span> <span class='ocrx_word' id='word_1_369' title='bbox 2325 3676 2452 3751; x_wconf 88' lang='lat' dir='ltr'>ipse</span> <span class='ocrx_word' id='word_1_370' title='bbox 2482 3675 2718 3746; x_wconf 89' lang='lat' dir='ltr'>colitur,</span> <span class='ocrx_word' id='word_1_371' title='bbox 2754 3693 2885 3733; x_wconf 90' lang='lat' dir='ltr'>cum</span> <span class='ocrx_word' id='word_1_372' title='bbox 2919 3674 3211 3733; x_wconf 87' lang='lat' dir='ltr'>famulum</span> 
     </span>
     <span class='ocr_line' id='line_1_35' title="bbox 593 3763 3207 3842; baseline -0.001 -20"><span class='ocrx_word' id='word_1_373' title='bbox 593 3783 789 3840; x_wconf 71' lang='lat' dir='ltr'>suum,</span> <span class='ocrx_word' id='word_1_374' title='bbox 825 3784 1002 3839; x_wconf 88' lang='lat' dir='ltr'>quem</span> <span class='ocrx_word' id='word_1_375' title='bbox 1035 3763 1254 3841; x_wconf 86' lang='lat' dir='ltr'>diligit,</span> <span class='ocrx_word' id='word_1_376' title='bbox 1299 3783 1419 3823; x_wconf 92' lang='lat' dir='ltr'>non</span> <span class='ocrx_word' id='word_1_377' title='bbox 1465 3765 1622 3842; x_wconf 88' lang='lat' dir='ltr'>regis</span> <span class='ocrx_word' id='word_1_378' title='bbox 1667 3766 1876 3835; x_wconf 85' lang='lat' dir='ltr'>instar,</span> <span class='ocrx_word' id='word_1_379' title='bbox 1923 3765 2024 3824; x_wconf 88' lang='lat' dir='ltr'>sed</span> <span class='ocrx_word' id='word_1_380' title='bbox 2069 3767 2379 3840; x_wconf 81' lang='lat' dir='ltr'>tamqnam</span> <span class='ocrx_word' id='word_1_381' title='bbox 2410 3765 2835 3840; x_wconf 85' lang='lat' dir='ltr'>obsequentem</span> <span class='ocrx_word' id='word_1_382' title='bbox 2866 3763 3207 3822; x_wconf 86' lang='lat' dir='ltr'>ministrum</span> 
     </span>
     <span class='ocr_line' id='line_1_36' title="bbox 591 3851 3211 3928; baseline -0.001 -17"><span class='ocrx_word' id='word_1_383' title='bbox 591 3852 1066 3928; x_wconf 87' lang='lat' dir='ltr'>benevolumque</span> <span class='ocrx_word' id='word_1_384' title='bbox 1117 3854 1373 3912; x_wconf 85' lang='lat' dir='ltr'>amicum</span> <span class='ocrx_word' id='word_1_385' title='bbox 1423 3854 1610 3912; x_wconf 88' lang='lat' dir='ltr'>cernit</span> <span class='ocrx_word' id='word_1_386' title='bbox 1658 3853 1955 3912; x_wconf 76' lang='lat' dir='ltr'>adorari.‘</span> <span class='ocrx_word' id='word_1_387' title='bbox 2033 3855 2221 3912; x_wconf 89' lang='lat' dir='ltr'>Nemo</span> <span class='ocrx_word' id='word_1_388' title='bbox 2271 3853 2608 3913; x_wconf 86' lang='lat' dir='ltr'>offendatur</span> <span class='ocrx_word' id='word_1_389' title='bbox 2656 3871 2799 3912; x_wconf 88' lang='lat' dir='ltr'>voce</span> <span class='ocrx_word' id='word_1_390' title='bbox 2847 3851 3211 3911; x_wconf 85' lang='lat' dir='ltr'>adorationis</span> 
     </span>
     <span class='ocr_line' id='line_1_37' title="bbox 593 3941 3212 4026; baseline -0.002 -22"><span class='ocrx_word' id='word_1_391' title='bbox 593 3944 1013 4026; x_wconf 75' lang='grc' dir='ltr'>προσκὺνησις,</span> <span class='ocrx_word' id='word_1_392' title='bbox 1061 3962 1179 4017; x_wconf 89' lang='lat' dir='ltr'>qua</span> <span class='ocrx_word' id='word_1_393' title='bbox 1214 3941 1255 3999; x_wconf 84' lang='lat' dir='ltr'>J</span> <span class='ocrx_word' id='word_1_394' title='bbox 1269 3961 1552 4001; x_wconf 84' lang='lat' dir='ltr'>oannes</span> <span class='ocrx_word' id='word_1_395' title='bbox 1583 3943 1858 4020; x_wconf 87' lang='lat' dir='ltr'>designat</span> <span class='ocrx_word' id='word_1_396' title='bbox 1889 3945 2158 4001; x_wconf 89' lang='lat' dir='ltr'>nostrum</span> <span class='ocrx_word' id='word_1_397' title='bbox 2191 3962 2332 4019; x_wconf 87' lang='lat' dir='ltr'>erga</span> <span class='ocrx_word' id='word_1_398' title='bbox 2363 3945 2596 4001; x_wconf 86' lang='lat' dir='ltr'>sanctos</span> <span class='ocrx_word' id='word_1_399' title='bbox 2629 3942 2891 4000; x_wconf 87' lang='lat' dir='ltr'>cultum:</span> <span class='ocrx_word' id='word_1_400' title='bbox 2940 3960 3009 4000; x_wconf 84' lang='lat' dir='ltr'>ea</span> <span class='ocrx_word' id='word_1_401' title='bbox 3054 3941 3212 4000; x_wconf 84' lang='lat' dir='ltr'>enim</span> 
     </span>
     <span class='ocr_line' id='line_1_38' title="bbox 593 4030 3209 4109; baseline -0.001 -21"><span class='ocrx_word' id='word_1_402' title='bbox 593 4049 706 4088; x_wconf 83' lang='lat' dir='ltr'>vox</span> <span class='ocrx_word' id='word_1_403' title='bbox 754 4031 994 4090; x_wconf 86' lang='lat' dir='ltr'>laxioris</span> <span class='ocrx_word' id='word_1_404' title='bbox 1043 4031 1495 4107; x_wconf 84' lang='lat' dir='ltr'>significationis</span> <span class='ocrx_word' id='word_1_405' title='bbox 1541 4034 1634 4090; x_wconf 84' lang='lat' dir='ltr'>est</span> <span class='ocrx_word' id='word_1_406' title='bbox 1678 4032 1835 4107; x_wconf 87' lang='lat' dir='ltr'>apud</span> <span class='ocrx_word' id='word_1_407' title='bbox 1882 4049 2140 4109; x_wconf 83' lang='lat' dir='ltr'>graecos,</span> <span class='ocrx_word' id='word_1_408' title='bbox 2194 4051 2373 4106; x_wconf 89' lang='lat' dir='ltr'>quam</span> <span class='ocrx_word' id='word_1_409' title='bbox 2405 4030 2765 4089; x_wconf 84' lang='lat' dir='ltr'>adorationis</span> <span class='ocrx_word' id='word_1_410' title='bbox 2798 4049 3015 4089; x_wconf 90' lang='lat' dir='ltr'>nomen</span> <span class='ocrx_word' id='word_1_411' title='bbox 3050 4030 3209 4105; x_wconf 88' lang='lat' dir='ltr'>apud</span> 
     </span>
     <span class='ocr_line' id='line_1_39' title="bbox 593 4114 3208 4199; baseline 0.001 -24"><span class='ocrx_word' id='word_1_412' title='bbox 593 4118 837 4178; x_wconf 88' lang='lat' dir='ltr'>latinos:</span> <span class='ocrx_word' id='word_1_413' title='bbox 885 4119 1379 4196; x_wconf 84' lang='lat' dir='ltr'>significationem</span> <span class='ocrx_word' id='word_1_414' title='bbox 1411 4120 1572 4178; x_wconf 90' lang='lat' dir='ltr'>enim</span> <span class='ocrx_word' id='word_1_415' title='bbox 1604 4121 1940 4196; x_wconf 79' lang='lat' dir='ltr'>genericam</span> <span class='ocrx_word' id='word_1_416' title='bbox 1974 4121 2153 4179; x_wconf 88' lang='lat' dir='ltr'>babet</span> <span class='ocrx_word' id='word_1_417' title='bbox 2182 4120 2340 4197; x_wconf 89' lang='lat' dir='ltr'>apud</span> <span class='ocrx_word' id='word_1_418' title='bbox 2372 4120 2507 4178; x_wconf 87' lang='lat' dir='ltr'>illos</span> <span class='ocrx_word' id='word_1_419' title='bbox 2547 4120 2633 4198; x_wconf 89' lang='lat' dir='ltr'>(et</span> <span class='ocrx_word' id='word_1_420' title='bbox 2678 4120 2741 4178; x_wconf 89' lang='lat' dir='ltr'>in</span> <span class='ocrx_word' id='word_1_421' title='bbox 2788 4137 2831 4178; x_wconf 84' lang='lat' dir='ltr'>S.</span> <span class='ocrx_word' id='word_1_422' title='bbox 2877 4114 3208 4199; x_wconf 85' lang='lat' dir='ltr'>Scriptura)</span> 
     </span>
    </p>
   </div>
   <div class='ocr_carea' id='block_1_5' title="bbox 595 4208 3217 4838">
    <p class='ocr_par' dir='ltr' id='par_1_6' title="bbox 595 4208 1245 4272">
     <span class='ocr_line' id='line_1_40' title="bbox 595 4208 1245 4272; baseline 0.009 -7"><span class='ocrx_word' id='word_1_423' title='bbox 595 4208 752 4266; x_wconf 81' lang='lat' dir='ltr'>sicut</span> <span class='ocrx_word' id='word_1_424' title='bbox 783 4227 996 4267; x_wconf 90' lang='lat' dir='ltr'>nomen</span> <span class='ocrx_word' id='word_1_425' title='bbox 1028 4210 1245 4272; x_wconf 79' lang='lat' dir='ltr'>cultus.</span> 
     </span>
    </p>

    <p class='ocr_par' dir='ltr' id='par_1_7' title="bbox 595 4325 3217 4838">
     <span class='ocr_line' id='line_1_41' title="bbox 772 4325 3211 4410; baseline -0.001 -18"><span class='ocrx_word' id='word_1_426' title='bbox 772 4329 839 4394; x_wconf 84' lang='lat'>4.</span> <span class='ocrx_word' id='word_1_427' title='bbox 872 4328 1033 4391; x_wconf 91' lang='lat' dir='ltr'>Hinc</span> <span class='ocrx_word' id='word_1_428' title='bbox 1065 4345 1197 4391; x_wconf 87' lang='lat' dir='ltr'>una</span> <span class='ocrx_word' id='word_1_429' title='bbox 1227 4335 1486 4408; x_wconf 87' lang='lat' dir='ltr'>patrum</span> <span class='ocrx_word' id='word_1_430' title='bbox 1532 4336 1630 4392; x_wconf 89' lang='lat' dir='ltr'>est</span> <span class='ocrx_word' id='word_1_431' title='bbox 1664 4346 1810 4405; x_wconf 71' lang='grc' dir='ltr'>νοΧ,</span> <span class='ocrx_word' id='word_1_432' title='bbox 1858 4329 2006 4410; x_wconf 87' lang='lat' dir='ltr'>quia</span> <span class='ocrx_word' id='word_1_433' title='bbox 2051 4347 2177 4392; x_wconf 87' lang='lat' dir='ltr'>vox</span> <span class='ocrx_word' id='word_1_434' title='bbox 2209 4329 2517 4404; x_wconf 79' lang='lat' dir='ltr'>veritatiS,</span> <span class='ocrx_word' id='word_1_435' title='bbox 2572 4333 2824 4391; x_wconf 86' lang='lat' dir='ltr'>tantum</span> <span class='ocrx_word' id='word_1_436' title='bbox 2858 4325 3107 4402; x_wconf 74' lang='lat' dir='ltr'>abesse,</span> <span class='ocrx_word' id='word_1_437' title='bbox 3142 4333 3211 4390; x_wconf 92' lang='lat' dir='ltr'>ut</span> 
     </span>
     <span class='ocr_line' id='line_1_42' title="bbox 595 4431 3214 4516; baseline 0.001 -23"><span class='ocrx_word' id='word_1_438' title='bbox 595 4431 803 4495; x_wconf 91' lang='lat' dir='ltr'>cultus</span> <span class='ocrx_word' id='word_1_439' title='bbox 835 4439 1206 4497; x_wconf 86' lang='lat' dir='ltr'>sanctorum</span> <span class='ocrx_word' id='word_1_440' title='bbox 1238 4435 1301 4498; x_wconf 91' lang='lat' dir='ltr'>in</span> <span class='ocrx_word' id='word_1_441' title='bbox 1333 4433 1449 4498; x_wconf 92' lang='lat' dir='ltr'>Dei</span> <span class='ocrx_word' id='word_1_442' title='bbox 1480 4434 1670 4498; x_wconf 84' lang='lat' dir='ltr'>cedat</span> <span class='ocrx_word' id='word_1_443' title='bbox 1700 4435 2020 4516; x_wconf 87' lang='lat' dir='ltr'>injuriam,</span> <span class='ocrx_word' id='word_1_444' title='bbox 2066 4440 2137 4498; x_wconf 92' lang='lat' dir='ltr'>ut</span> <span class='ocrx_word' id='word_1_445' title='bbox 2169 4435 2382 4515; x_wconf 87' lang='lat' dir='ltr'>potius</span> <span class='ocrx_word' id='word_1_446' title='bbox 2414 4434 2616 4499; x_wconf 90' lang='lat' dir='ltr'>Deum</span> <span class='ocrx_word' id='word_1_447' title='bbox 2667 4434 2734 4497; x_wconf 89' lang='lat' dir='ltr'>in</span> <span class='ocrx_word' id='word_1_448' title='bbox 2763 4433 3003 4496; x_wconf 87' lang='lat' dir='ltr'>sanctis</span> <span class='ocrx_word' id='word_1_449' title='bbox 3036 4433 3214 4496; x_wconf 92' lang='lat' dir='ltr'>cola-</span> 
     </span>
     <span class='ocr_line' id='line_1_43' title="bbox 595 4539 3215 4623; baseline 0.002 -24"><span class='ocrx_word' id='word_1_450' title='bbox 595 4555 770 4600; x_wconf 89' lang='lat' dir='ltr'>mus:</span> <span class='ocrx_word' id='word_1_451' title='bbox 816 4539 979 4602; x_wconf 87' lang='lat' dir='ltr'>sicut</span> <span class='ocrx_word' id='word_1_452' title='bbox 1011 4540 1265 4604; x_wconf 90' lang='lat' dir='ltr'>dilectio</span> <span class='ocrx_word' id='word_1_453' title='bbox 1297 4541 1572 4622; x_wconf 82' lang='lat' dir='ltr'>proximi</span> <span class='ocrx_word' id='word_1_454' title='bbox 1602 4550 1750 4623; x_wconf 87' lang='lat' dir='ltr'>post</span> <span class='ocrx_word' id='word_1_455' title='bbox 1797 4549 1860 4606; x_wconf 90' lang='lat' dir='ltr'>et</span> <span class='ocrx_word' id='word_1_456' title='bbox 1891 4547 2152 4623; x_wconf 89' lang='lat' dir='ltr'>propter</span> <span class='ocrx_word' id='word_1_457' title='bbox 2182 4541 2387 4605; x_wconf 90' lang='lat' dir='ltr'>Deum</span> <span class='ocrx_word' id='word_1_458' title='bbox 2434 4560 2565 4605; x_wconf 92' lang='lat' dir='ltr'>non</span> <span class='ocrx_word' id='word_1_459' title='bbox 2610 4541 2991 4605; x_wconf 85' lang='lat' dir='ltr'>adversatur</span> <span class='ocrx_word' id='word_1_460' title='bbox 3020 4540 3215 4604; x_wconf 90' lang='lat' dir='ltr'>dilec-</span> 
     </span>
     <span class='ocr_line' id='line_1_44' title="bbox 598 4643 3217 4730; baseline 0.001 -24"><span class='ocrx_word' id='word_1_461' title='bbox 598 4644 756 4706; x_wconf 87' lang='lat' dir='ltr'>tioni</span> <span class='ocrx_word' id='word_1_462' title='bbox 788 4643 903 4708; x_wconf 91' lang='lat' dir='ltr'>Dei</span> <span class='ocrx_word' id='word_1_463' title='bbox 934 4664 1125 4727; x_wconf 90' lang='lat' dir='ltr'>super</span> <span class='ocrx_word' id='word_1_464' title='bbox 1157 4648 1391 4722; x_wconf 83' lang='lat' dir='ltr'>omnia,</span> <span class='ocrx_word' id='word_1_465' title='bbox 1440 4647 1554 4710; x_wconf 90' lang='lat' dir='ltr'>sed</span> <span class='ocrx_word' id='word_1_466' title='bbox 1605 4645 1794 4729; x_wconf 87' lang='lat' dir='ltr'>hujus</span> <span class='ocrx_word' id='word_1_467' title='bbox 1842 4648 2055 4728; x_wconf 84' lang='lat' dir='ltr'>potius</span> <span class='ocrx_word' id='word_1_468' title='bbox 2106 4654 2204 4711; x_wconf 86' lang='lat' dir='ltr'>est</span> <span class='ocrx_word' id='word_1_469' title='bbox 2253 4647 2495 4712; x_wconf 82' lang='lat' dir='ltr'>fructus</span> <span class='ocrx_word' id='word_1_470' title='bbox 2527 4648 2857 4728; x_wconf 82' lang='lat' dir='ltr'>genuinuS,</span> <span class='ocrx_word' id='word_1_471' title='bbox 2903 4665 3030 4730; x_wconf 91' lang='lat' dir='ltr'>quo</span> <span class='ocrx_word' id='word_1_472' title='bbox 3062 4664 3217 4711; x_wconf 88' lang='lat' dir='ltr'>vera</span> 
     </span>
     <span class='ocr_line' id='line_1_45' title="bbox 597 4751 3214 4838; baseline 0.001 -26"><span class='ocrx_word' id='word_1_473' title='bbox 597 4751 976 4832; x_wconf 88' lang='lat' dir='ltr'>sinceraque</span> <span class='ocrx_word' id='word_1_474' title='bbox 1008 4751 1124 4816; x_wconf 91' lang='lat' dir='ltr'>Dei</span> <span class='ocrx_word' id='word_1_475' title='bbox 1155 4754 1393 4817; x_wconf 85' lang='lat' dir='ltr'>caritas</span> <span class='ocrx_word' id='word_1_476' title='bbox 1427 4753 1838 4833; x_wconf 81' lang='lat' dir='ltr'>dignoscitur.</span> <span class='ocrx_word' id='word_1_477' title='bbox 1896 4753 2269 4836; x_wconf 73' lang='lat' dir='ltr'>„Quidquid,</span> <span class='ocrx_word' id='word_1_478' title='bbox 2304 4755 2508 4838; x_wconf 90' lang='lat' dir='ltr'>inquit</span> <span class='ocrx_word' id='word_1_479' title='bbox 2537 4754 2932 4818; x_wconf 87' lang='lat' dir='ltr'>Maximus</span> <span class='ocrx_word' id='word_1_480' title='bbox 2964 4752 3214 4818; x_wconf 86' lang='lat' dir='ltr'>vercell.</span> 
     </span>
    </p>
   </div>
  </div>
 </body>
</html>
