3538 5364
925 303 1123 357 'rhesis
1153 303 1388 358 CCXIH.
1420 303 1719 357 Catharini
1746 304 2031 359 sententia
2060 305 2362 360 refellitur.
2830 314 2955 378 257

508 489 660 552 294·
694 486 946 553 ThOSlS
979 482 1301 553 CCXIII·
1352 508 1714 561 Sententia
1744 507 2118 562 camarini
2144 509 2544 572 affirmans,
2577 511 2957 563 materiam

331 600 396 648 et
421 596 746 658 formam
783 597 947 660 ipsa
983 600 1283 649 externa
1334 596 1732 650 deliberata
1785 599 2062 651 actione
2117 599 2565 665 externisque
2600 599 2958 663 adiunctis

329 687 430 738 ita
467 686 938 740 determinari
974 685 1070 739 ad
1106 686 1461 739 rationem
1502 687 1956 749 sacramenti,
2001 689 2078 737 ut
2133 685 2338 738 nulla
2377 687 2759 739 intentione
2796 701 2957 739 con-

328 777 589 838 traria,
627 787 808 840 quae
844 776 923 827 in
962 768 1204 827 animo
1242 774 1562 827 ministri
1604 773 1848 839 lateat,
1897 774 2098 827 valor
2150 776 2577 828 sacramenti
2616 776 2955 841 impediri

325 866 568 930 possit,
603 865 888 917 admitti
924 865 1190 930 nequit.

513 986 1084 1053 Demonstrati&
1117 990 1425 1049 Sententia
1448 991 1588 1049 haec
1608 990 1682 1049 ab
1703 991 2015 1049 Ambrosio
2048 990 2090 1049 C
2103 1010 2137 1048 a
2151 991 2179 1047 t
2195 992 2230 1048 h
2245 1009 2279 1048 a
2296 1010 2323 1049 r
2338 991 2357 1048 i
2375 1009 2417 1049 n
2433 1009 2466 1049 o
2487 989 2546 1067 (†
2576 1003 2596 1053 1
2614 1002 2647 1054 5
2660 989 2768 1074 53)
2789 1011 2957 1051 suam

327 1080 510 1138 habet
540 1080 949 1138 celebritatem
973 1073 1117 1159 (non
1142 1074 1483 1162 originem),
1517 1098 1763 1155 eamque
1784 1084 2121 1156 sequnntur
2140 1080 2399 1157 theologi
2422 1081 2777 1155 praesertim
2794 1082 2957 1157 galli,

327 1173 400 1227 ut
432 1169 878 1228 Contenson
911 1164 971 1248 (†
1001 1162 1210 1247 1674),
1244 1169 1635 1227 Arnaldus
1669 1165 1971 1251 (†1694),
2007 1169 2143 1228 Nat.
2175 1169 2617 1227 Alexander
2650 1168 2708 1247 (†
2737 1166 2953 1252 1724),

328 1258 829 1327 ScriboniuS,
861 1256 1152 1316 Juenin
1187 1255 1249 1339 (†
1278 1253 1490 1335 1713),
1524 1258 2050 1317 L'Herminier
2072 1253 2134 1340 (†
2164 1254 2375 1337 1735),
2398 1255 2953 1340 Serry(†1738),

328 1348 586 1405 Drouv
607 1346 831 1405 enine
853 1342 914 1426 (1·
943 1341 1168 1427 1742);
1203 1366 1272 1404 ex
1295 1347 1484 1423 belgis
1515 1347 1955 1422 Farvaques
1987 1351 2128 1417 etc.;
2162 1366 2228 1405 ex
2254 1347 2517 1423 hispanis
2552 1348 2954 1408 Salmeron

329 1434 392 1513 (†
434 1434 658 1511 1585);
707 1454 773 1494 ex
811 1435 966 1494 italis
1014 1436 1494 1513 Pasqualigo
1539 1434 1604 1516 (1·
1643 1432 1859 1518 1664),
1908 1438 2230 1496 Milante
2264 1432 2324 1517 (†
2366 1433 2576 1518 1749),
2623 1438 2953 1497 Ansaldi

328 1521 390 1605 (†
431 1523 662 1604 1779);
697 1544 764 1583 ex
797 1524 1093 1602 germanis
1128 1521 1812 1606 Stattler(†17‘.)7),
1848 1526 2271 1602 Dobmayer
2305 1523 2366 1605 (1·
2409 1522 2620 1607 1805),
2657 1527 2953 1586 Waibel

328 1613 390 1693 (†
432 1624 552 1678 135
566 1615 626 1690 2)
644 1636 657 1681 ;
708 1620 769 1672 et
817 1633 886 1672 ex
936 1613 1363 1672 recentioribus
1414 1614 1460 1673 Ο
1478 1634 1505 1673 s
1521 1635 1576 1673 w
1591 1615 1716 1674 ald
1765 1611 1898 1697 (qui
1944 1620 2142 1674 tamen
2188 1635 2314 1674 eam
2358 1617 2705 1675 retractavit
2737 1618 2781 1687 I,
2831 1626 2948 1679 126

329 1704 417 1764 ed.
455 1714 490 1765 5
529 1721 620 1779 op.
653 1702 726 1760 de
759 1700 1184 1783 sacramentis),
1219 1703 1273 1761 H
1292 1723 1327 1762 a
1342 1723 1375 1761 a
1389 1724 1416 1761 s
1432 1748 1446 1774 ,
1496 1704 1541 1761 G
1560 1704 1630 1763 lo
1647 1723 1674 1762 s
1693 1723 1720 1761 s
1736 1723 1778 1762 n
1794 1723 1825 1762 e
1842 1725 1887 1766 r.
1948 1704 2227 1763 Rationes
2258 1704 2628 1780 praecipuae,
2665 1724 2813 1779 quae
2846 1706 2951 1764 hos

326 1792 640 1868 theologos
661 1793 1031 1867 impulerunt
1062 1790 1136 1848 ad
1169 1810 1297 1850 eam
1330 1792 1818 1869 amplectendam,
1854 1794 2101 1852 fuerunt
2119 1795 2305 1869 major
2322 1793 2587 1852 fidelium
2608 1795 2951 1869 tranquilli·

326 1883 421 1939 tas
455 1886 519 1939 et
548 1880 845 1939 certitudo
878 1880 949 1938 de
981 1883 1484 1939 sacramentorum
1516 1883 1731 1953 valore,
1780 1883 1884 1958 qui
1933 1883 2079 1958 ipsis
2124 1884 2189 1941 in
2221 1882 2471 1941 dubium
2503 1886 2681 1941 toties
2716 1884 2953 1942 videtur

327 1971 544 2035 vocari,
593 1976 732 2044 quot
742 1970 826 2027 ies
861 1969 1197 2044 dependens
1243 1970 1311 2027 fit
1356 1971 1428 2028 ab
1475 1971 1808 2030 intentione
1840 1991 1999 2031 mere
2030 1972 2266 2031 interna
2295 1971 2590 2030 ministri:
2641 1975 2772 2031 tum
2825 1974 2954 2048 ipsa

324 2060 480 2117 ratio
514 2059 690 2135 signi,
738 2059 910 2134 cujus
944 2059 1136 2116 virtus
1169 2058 1572 2134 independens
1603 2063 1696 2119 est
1725 2062 1800 2118 ab
1832 2061 2164 2120 intentione
2196 2062 2382 2132 illius,
2432 2061 2538 2137 qui
2583 2061 2733 2121 illud
2782 2064 2953 2137 ponit

326 2166 435 2206 seu
466 2148 725 2209 adhibet.
789 2147 869 2208 Cf.
902 2147 1147 2206 historia
1177 2149 1608 2207 controversiae
1639 2149 1797 2224 apud
1830 2150 1883 2208 M
1904 2154 2170 2226 orgott
2201 2151 2239 2208 l.
2273 2168 2317 2211 c.
2352 2168 2398 2208 c.
2437 2159 2490 2211 2.

511 2289 660 2353 295.
699 2288 761 2353 1.
795 2284 968 2349 Haec
1015 2285 1230 2365 opinio
1275 2285 1580 2350 refellitur
1625 2286 1808 2349 dictis
1855 2306 1914 2349 n.
1950 2292 2095 2355 292.
2158 2287 2460 2351 Ministris
2515 2289 2686 2352 enim
2731 2306 2951 2354 sacra-

329 2398 701 2456 mentorum
733 2409 866 2454 non
897 2391 1106 2454 solum
1139 2393 1555 2455 commissum
1591 2400 1688 2456 est
1710 2411 1947 2456 munus
1969 2393 2399 2457 denunciandi
2420 2413 2534 2457 seu
2555 2394 2951 2473 significandi

327 2499 779 2562 remissionem
811 2506 1222 2580 peccatorum
1257 2504 1322 2562 et
1353 2498 1948 2577 sanctificationem,
1996 2501 2107 2564 sed
2155 2506 2446 2581 potestas
2478 2519 2632 2565 vera
2664 2502 2950 2566 ministe-

324 2605 503 2669 rialis
535 2605 798 2668 nomine
819 2605 932 2669 Dei
954 2613 1020 2670 et
1039 2604 1275 2670 Christi
1295 2625 1410 2688 per
1443 2607 1732 2671 actiones
1766 2607 2275 2672 sacramentales
2299 2607 2664 2672 remittendi
2683 2618 2951 2690 peccata

325 2721 394 2777 et
424 2711 798 2778 conferendi
830 2715 1119 2793 gratiam,
1171 2732 1300 2796 qua
1335 2720 1659 2794 potestate
1691 2733 1810 2795 pro
1844 2734 1961 2778 suo
1989 2715 2229 2795 judicio
2264 2721 2328 2778 et
2359 2713 2621 2777 arbitrio
2655 2721 2950 2779 utantur:

323 2823 474 2884 hinc
509 2840 642 2885 non
676 2827 827 2884 sunt
860 2838 1037 2884 mera
1057 2821 1501 2896 instrumenta,
1534 2821 1649 2886 sed
1684 2840 1827 2885 esse
1849 2821 2088 2886 debent
2108 2822 2584 2903 dispensatores
2606 2823 2947 2903 prudentes

323 2928 781 3010 mysteriorum
815 2926 942 2990 Dei.
1007 2927 1412 3008 Quapropter
1456 2928 1539 2991 ab
1598 2946 1822 2992 eorum
1853 2929 2188 2993 voluntate
2220 2928 2473 3009 pendet,
2508 2935 2723 2991 utrum
2754 2930 2952 2994 velint

322 3036 617 3098 actiones
648 3032 790 3096 illas
822 3052 1060 3114 ponere
1093 3034 1331 3097 utendo
1367 3051 1445 3098 ea
1477 3041 1800 3115 potestate
1838 3035 2311 3114 supernaturali
2334 3033 2458 3097 sibi
2477 3036 2842 3114 commissa,
2865 3056 2947 3101 an

322 3160 444 3205 suo
496 3142 758 3205 nomine
808 3140 1112 3203 facultate
1163 3140 1284 3203 sibi
1332 3140 1701 3204 inhaerente
1750 3160 1926 3205 mere
1972 3140 2268 3216 naturali,
2319 3159 2447 3222 qua
2498 3142 2707 3205 omnis
2752 3143 2947 3208 homo

322 3249 536 3330 pollet.
601 3247 764 3328 Ergo
798 3254 870 3312 ut
900 3246 1007 3311 illa
1038 3247 1207 3311 actio
1242 3265 1354 3327 per
1387 3266 1456 3311 se
1489 3247 1859 3311 indifferens
1912 3248 2075 3312 illius
2127 3248 2343 3328 potius
2379 3267 2572 3330 quam
2608 3250 2797 3330 hujus
2830 3270 2948 3333 po-

325 3356 580 3421 testatis
613 3356 697 3419 sit
728 3355 1121 3430 exercitium,
1155 3355 1237 3417 sit
1256 3353 1750 3419 sacramentalis
1773 3373 1850 3419 ex
1871 3361 2195 3436 potestate
2226 3354 2620 3419 ministeriali
2642 3357 2945 3437 profecta,

324 3463 700 3528 necessaria
731 3469 828 3526 est
859 3459 1161 3525 voluntas
1195 3461 1422 3527 saltem
1446 3462 1753 3543 implicita
1785 3462 1847 3525 in
1881 3461 2173 3524 ministro
2208 3461 2427 3527 utendi
2460 3463 2584 3526 hac
2616 3482 2734 3526 sua
2765 3473 2949 3544 pote-

325 3575 493 3633 state
526 3576 594 3633 et
625 3567 1126 3633 ministerialiter
1156 3568 1439 3648 ponendi
1460 3568 1819 3633 actionem:
1852 3587 1985 3632 non
2017 3569 2186 3632 enim
2223 3569 2339 3632 erit
2374 3569 2544 3632 actio
2578 3587 2948 3634 sacramen-

331 3676 490 3748 talis,
527 3676 582 3739 si
612 3675 903 3740 minister
935 3675 1084 3739 velit
1116 3675 1372 3756 quidem
1404 3693 1645 3756 ponere
1667 3676 2007 3748 actionem,
2040 3674 2153 3740 sed
2185 3693 2313 3757 qua
2346 3675 2718 3739 exercitium
2747 3676 2947 3740 facul-

327 3783 475 3846 tatis
508 3800 669 3847 suae
702 3782 1045 3858 naturalis3
1092 3801 1208 3847 seu
1256 3782 1599 3864 requiritur
1646 3782 1862 3863 aliqua
1906 3782 2173 3846 intentio
2226 3781 2478 3845 interna
2512 3783 2947 3847 determinans

325 3890 669 3965 actionem,
705 3896 773 3952 ut
803 3889 885 3952 sit
915 3888 1129 3969 potius
1163 3888 1533 3953 exercitium
1569 3890 1910 3969 potestatis
1944 3889 2376 3954 ministerialis
2410 3908 2602 3971 quam
2637 3891 2945 3954 naturalis

326 3997 625 4061 omnibus
656 3996 1038 4072 hominibuS,
1088 3997 1281 4061 etiam
1328 3994 1596 4073 feminiS,
1644 3997 2020 4061 communis.
2086 3996 2266 4060 Unde
2311 3997 2438 4060 ruit
2484 4005 2548 4062 et
2595 3998 2798 4062 altera
2831 3999 2945 4061 ad-

324 4104 758 4168 versariorum
793 4102 960 4167 ratio
995 4123 1073 4169 ex
1105 4103 1327 4183 signi
1375 4111 1606 4167 natura
1637 4104 1871 4183 petita:
1917 4112 2019 4167 est
2051 4104 2219 4168 enim
2254 4104 2639 4167 sacramenti
2673 4104 2946 4167 admini-

324 4212 554 4276 stratio
590 4230 720 4275 non
752 4229 932 4275 mera
965 4210 1198 4293 positio
1231 4212 1411 4292 signi,
1444 4211 1559 4275 sed
1592 4217 1656 4274 et
1686 4211 2026 4293 potestatis
2058 4230 2228 4273 usus.
2276 4209 2572 4276 Ceterum
2605 4211 2724 4274 etsi
2758 4230 2946 4291 urge-

327 4326 432 4382 tur
462 4319 625 4400 signi
659 4319 845 4392 rati0,
878 4324 1095 4383 tamen
1128 4317 1475 4400 requiritur
1524 4319 1843 4400 loquentis
1875 4318 2177 4392 intenti0;
2225 4335 2374 4380 nam
2410 4317 2660 4400 quoties
2695 4318 2945 4396 signum

323 4426 521 4490 aliam
552 4432 748 4506 atque
782 4424 974 4488 aliam
1006 4431 1220 4505 potest
1249 4424 1494 4488 habere
1547 4423 2074 4503 significationem
2123 4430 2187 4487 et
2238 4442 2442 4498 usum,
2476 4424 2816 4504 requiritur
2850 4425 2944 4486 in-

325 4533 530 4597 tentio
561 4532 901 4613 loquentiS,
935 4537 1006 4595 ut
1037 4537 1187 4595 actu
1218 4532 1342 4595 hoc
1374 4531 1606 4612 potiuS,
1643 4548 1840 4613 quam
1873 4531 2023 4593 illud
2055 4530 2381 4611 significet.

502 4659 567 4724 ⁶2.
601 4656 913 4735 Quamvis
946 4657 1107 4720 haec
1139 4655 1356 4737 opinio
1392 4673 1432 4718 a
1462 4655 1734 4719 concilio
1767 4655 1951 4719 trid.
1998 4654 2359 4736 proscripta
2390 4655 2637 4718 censeri
2668 4663 2946 4735 nequeat

317 4764 690 4851 (damnavit
721 4765 1038 4846 siquidem
1069 4764 1407 4829 concilium
1440 4785 1481 4846 p
1497 4785 1529 4828 r
1544 4771 1622 4829 ot
1640 4784 1675 4829 e
1693 4785 1724 4827 s
1743 4771 1767 4827 t
1784 4782 1823 4827 a
1839 4764 1959 4827 nti
1978 4785 2016 4827 u
2034 4784 2097 4826 m
2146 4780 2447 4838 errorem,
2483 4781 2521 4825 a
2554 4782 2680 4844 quo
2715 4781 2791 4826 ea
2824 4762 2943 4824 dil-

541 4878 582 4924 H
601 4894 629 4924 u
650 4883 818 4937 rtet,
858 4878 1107 4938 compend.
1147 4880 1409 4935 theologiae
1451 4879 1531 4935 111,
1580 4881 1657 4925 11.
1696 4879 1771 4924 ed.
2562 4871 2624 4921 17
