3538 5364
578 287 662 353 38
1057 280 1241 334 Tract.
1270 281 1418 334 Vm.
1445 280 1515 333 de
1541 279 1747 350 gratia.
1775 279 1972 334 Thesis
2002 279 2262 335 CLXXX.
2291 279 2511 348 Nequit
2526 280 2723 350 justus

573 460 787 524 rantia
817 461 1089 542 gloriari,
1123 479 1292 543 quae
1326 467 1501 525 certe
1532 479 1835 542 magnum
1874 461 2253 526 esthonum.
2287 459 2504 541 Quare
2524 461 2970 525 concludimus
2990 466 3208 531 verbis

577 567 1040 634 Coelestini
1085 585 1180 650 ep.
1223 574 1305 638 21
1360 567 1444 631 ad
1476 568 1667 649 episc,
1702 565 1859 632 Gall.
1893 585 1946 631 c.
1981 572 2053 637 6:
2124 566 2496 642 ,Neminem
2547 568 2741 634 etiam
2791 568 3201 649 baptismatis

575 675 785 757 gratia
814 681 1197 741 renovatum
1231 673 1539 740 idoneum
1570 692 1712 739 esse
1743 674 1829 737 ad
1851 674 2259 756 superandas
2291 673 2530 738 diaboli
2560 675 2826 739 insidias
2863 682 2928 740 et
2960 677 3044 740 ad
3063 678 3206 741 vin-

577 779 818 846 cendas
851 781 1063 846 carnis
1095 781 1672 862 concupiscentiaS,
1703 781 1829 845 nisi
1862 801 1977 863 per
2008 781 2454 865 quotidianum
2487 781 2877 862 adjutorium
2910 780 3026 846 Dei
3057 801 3209 864 per-

576 889 1007 953 severantiam
1038 888 1252 953 bonae
1283 888 1797 953 conversationis
1831 890 2213 979 acceperit<

756 1017 859 1081 43.
893 1013 1149 1081 'rhesis
1182 1011 1534 1084 CLXXX.
1591 1037 1880 1089 Pariter
1914 1036 2423 1104 nequit'iustua
2457 1035 2712 1103 absque
2734 1035 3028 1101 speciali
3048 1037 3207 1101 pri-

574 1126 826 1192 vacato
864 1126 945 1178 in
980 1129 1129 1179 tota
1166 1127 1311 1179 vua
1346 1140 1480 1180 sua
1511 1130 1803 1193 peccata
1843 1127 2089 1179 omnia
2125 1126 2442 1180 venialia
2479 1127 2730 1178 vitare.

755 1246 1198 1315 Declaratio.
1265 1250 1563 1311 Statuitur
1592 1251 1782 1310 thesis
1814 1253 2023 1310 contra
2052 1248 2548 1327 pelagianos,
2596 1248 2704 1323 qui
2742 1268 2810 1308 eo
2841 1249 3206 1307 temeritatis

577 1343 994 1415 pervenerunt,
1045 1344 1116 1398 ut
1164 1340 1603 1410 contenderent,
1655 1358 1827 1416 posse
1873 1340 2171 1398 hominem
2215 1339 2440 1414 absque
2483 1340 2677 1415 gratia
2722 1340 2920 1397 omnia
2967 1341 3211 1412 peccata

576 1428 831 1488 venialia
862 1429 1069 1499 vitare,
1116 1430 1236 1489 imo
1268 1430 1550 1504 consequi
1582 1430 1900 1505 perfectam
1936 1428 2621 1503 imperturbabilitatem.
2685 1427 2769 1485 Ea
2813 1430 2906 1485 est
2951 1425 3025 1484 de
3074 1425 3208 1493 fide,

577 1520 649 1575 ut
681 1521 845 1592 patet
875 1537 946 1577 ex
977 1536 1134 1577 conc.
1167 1518 1811 1595 carthaginensis
1843 1536 1968 1577 can.
1994 1527 2047 1579 6.
2075 1522 2134 1579 7.
2166 1526 2199 1580 8
2239 1511 2456 1598 (r..44)
2492 1519 2553 1574 et
2583 1515 3024 1575 tridentini
3056 1532 3209 1575 sess.

580 1616 613 1667 6
650 1624 775 1665 can.
803 1615 915 1669 23:
952 1607 1056 1676 ,Si
1088 1608 1225 1682 quis
1258 1607 1555 1666 hominem
1587 1608 1766 1667 semel
1793 1607 2189 1683 justificatum
2223 1605 2441 1665 dixerit
2473 1651 2485 1663 .
2518 1649 2532 1663 .
2566 1650 2579 1663 .
2612 1623 2787 1681 posse
2819 1605 2885 1663 in
2916 1606 3050 1663 tota
3080 1603 3207 1662 vita

576 1699 817 1771 peccata
846 1695 1062 1767 omnia,
1111 1696 1287 1755 etiam
1318 1696 1594 1765 venialia,
1640 1696 1830 1755 vitare
1861 1696 1979 1756 nisi
2013 1715 2082 1754 ex
2116 1695 2361 1772 speciali
2396 1694 2498 1753 Dei
2533 1694 2867 1770 privilegio,
2916 1692 3208 1768 quemad-

577 1784 821 1843 modum
852 1785 923 1843 de
953 1784 1012 1842 b.
1045 1785 1229 1843 Maria
1259 1785 1326 1847 V.
1368 1788 1535 1844 tenet
1564 1786 1842 1856 Ecclesia,
1892 1787 1958 1845 A.
1992 1784 2090 1847 S.‘
2158 1785 2240 1844 cf.
2288 1784 2465 1842 etiam
2499 1802 2664 1859 prop.
2705 1793 2780 1846 57
2815 1785 2879 1842 et
2910 1791 2996 1847 52
3035 1780 3210 1843 Mich.

581 1872 653 1932 de
686 1873 1018 1933 Molinos
1051 1875 1374 1932 damnatae.
1406 1874 1700 1950 Loquitur
1716 1878 1920 1934 autem
1954 1869 2014 1937 l.
2034 1873 2107 1933 de
2130 1873 2319 1950 justis
2350 1873 2797 1948 praesentis
2831 1875 3050 1938 status,
3084 1888 3207 1929 non

582 1961 654 2021 de
693 1962 871 2037 justis
915 1964 980 2020 in
1025 1966 1189 2021 statu
1232 1966 1480 2022 naturae
1525 1963 1813 2040 integrae,
1865 1963 1938 2022 de
1987 1963 2208 2038 quibus
2237 1959 2482 2021 consule
2514 1980 2560 2022 s,
2597 1961 2948 2020 Thomam
2993 1972 3042 2022 1.
3082 1968 3115 2021 2
3153 1978 3207 2032 q.

590 2061 709 2115 109
746 2072 796 2109 a.
820 2060 889 2122 8;
923 2049 989 2114 2.
1024 2052 1096 2110 de
1129 2053 1254 2111 vita
1284 2071 1403 2111 non
1432 2052 1617 2125 brevi,
1653 2052 1757 2112 sed
1788 2054 1927 2129 plus
1959 2053 2233 2112 minusve
2265 2051 2677 2121 diuturna;
2710 2069 2829 2109 non
2861 2068 3006 2109 vero
3039 2044 3104 2112 3.
3137 2046 3209 2105 de

580 2140 834 2216 singulis
854 2140 1111 2215 peccatis
1132 2141 1482 2214 venialibus,
1516 2143 1619 2202 sed
1640 2142 1711 2201 de
1738 2145 1816 2201 to
1832 2146 1859 2201 t
1874 2163 1909 2201 a
1938 2142 2262 2201 eorundem
2281 2141 2449 2200 serie.
2482 2140 2735 2198 Nomine
2756 2143 2964 2198 autem
2981 2133 3051 2201 4.
3072 2154 3208 2213 pec-

580 2232 843 2288 catorum
878 2229 1312 2289 venialium
1342 2231 1738 2307 intelligimus
1771 2250 1894 2290 non
1924 2234 2045 2289 tam
2079 2249 2164 2303 ea,
2196 2249 2346 2306 quae
2379 2230 2557 2304 plena
2587 2227 3018 2288 deliberatione
3050 2244 3208 2285 com-

579 2318 922 2389 mittuntur,
957 2337 1133 2393 quam
1156 2319 1420 2379 defectus
1454 2324 1515 2379 et
1542 2320 2016 2396 imperfectiones
2046 2338 2115 2378 ex
2137 2320 2395 2378 humana
2411 2317 2739 2394 fragilitate
2759 2320 2956 2377 ortas:
2995 2332 3202 2391 ,quae,

580 2410 651 2465 ut
680 2406 831 2465 belle
862 2409 1363 2484 Augustinus
1397 2428 1568 2467 serm.
1604 2419 1718 2473 181
1758 2429 1808 2473 c.
1842 2421 1877 2472 6
1914 2409 2015 2478 ait,
2050 2408 2333 2468 orationis
2364 2407 2641 2484 penicillo
2675 2409 3066 2484 terguntur.‘
3114 2403 3204 2462 Ad

578 2496 720 2555 haec
765 2496 1006 2555 vitanda
1052 2493 1115 2558 5.
1163 2517 1281 2556 non
1328 2498 1636 2558 sufficiunt
1677 2498 1921 2574 gratiae,
1975 2516 2126 2573 quae
2164 2497 2468 2557 ordinarie
2492 2495 2678 2573 justis
2711 2495 2958 2554 concedi
2991 2494 3204 2560 solent,

580 2585 678 2645 sed
708 2585 1038 2661 requiritur
1069 2586 1581 2663 privilegium
1628 2589 1689 2645 et
1733 2587 1976 2660 quidem
2019 2587 2157 2656 tale,
2204 2586 2366 2660 quod
2409 2589 2503 2646 est
2549 2589 2821 2644 contra
2864 2582 3207 2661 generalem

580 2676 773 2752 legem
805 2693 911 2734 seu
943 2675 1100 2751 quod
1133 2678 1223 2735 est
1253 2676 1521 2752 exceptio
1553 2675 1625 2735 ab
1658 2676 2096 2735 universalibus
2124 2675 2533 2736 locutionibus
2567 2673 2936 2749 Scripturas:
2973 2676 3036 2734 et
3066 2688 3206 2731 sane

578 2764 731 2824 illud
762 2765 1005 2823 videtur
1034 2766 1269 2842 exigere
1306 2766 1743 2824 immunitatem
1792 2785 1825 2823 a
1869 2765 2350 2841 concupiscentia
2379 2765 2628 2841 ideoque
2660 2764 2837 2823 etiam
2883 2784 2918 2821 a
2965 2763 3207 2839 peccato

580 2854 890 2931 originali:
937 2853 1096 2912 unde
1142 2872 1469 2912 connexum
1501 2854 1655 2913 illud
1684 2853 1959 2913 videmus
1992 2873 2127 2914 cum
2159 2855 2453 2931 dignitate
2484 2853 2693 2912 matris
2727 2852 2849 2911 Dei.
2917 2850 3207 2922 Quocirca

580 2943 677 3001 vix
723 2943 842 3001 erit
884 2943 1219 3018 theologus,
1265 2943 1371 3017 qui
1417 2943 1570 3002 illud
1608 2943 1711 3002 alii
1746 2947 2090 3003 sanctorum
2124 2938 2202 3025 (si
2233 2943 2386 3003 forte
2418 2961 2462 3004 s,
2495 2942 2786 3002 Joannem
2820 2941 2885 2999 B.
2918 2931 3203 3018 excipias)

580 3031 856 3090 vindicet.
902 3032 981 3089 Et
1011 3050 1213 3089 revera
1243 3032 1359 3090 etsi
1391 3050 1547 3091 conc.
1581 3031 1981 3091 tridentinum
2012 3051 2132 3091 non
2164 3032 2237 3092 de
2268 3032 2438 3104 facto,
2474 3032 2579 3090 sed
2608 3032 2846 3089 tantum
2878 3029 2956 3087 de
2987 3030 3204 3105 pote-

581 3123 787 3179 state
831 3119 1058 3178 vitandi
1107 3120 1305 3178 omnia
1340 3125 1577 3196 peccata
1607 3121 1863 3180 venialia
1891 3122 2180 3197 loquitur,
2229 3140 2386 3181 conc.
2420 3119 2869 3197 carthaginense
2902 3118 3204 3178 disserens

583 3209 653 3266 de
685 3208 839 3266 facto
872 3208 1153 3268 omnibus
1186 3209 1428 3268 omnino
1458 3210 1612 3268 illud
1644 3209 1929 3287 denegari
1956 3211 2198 3270 videtur
2220 3211 2408 3286 justis
2441 3207 2710 3291 (excepta
2741 3208 2795 3268 b.
2829 3205 2945 3286 V.).
3011 3206 3204 3280 Ιωρο-

579 3297 769 3356 tentia
799 3315 936 3355 vero
968 3296 1110 3356 haec
1141 3298 1373 3357 vitandi
1391 3299 1590 3358 omnia
1608 3304 1842 3374 peccata
1860 3300 2117 3358 venialia
2145 3295 2212 3362 6.
2248 3319 2366 3360 non
2399 3303 2493 3359 est
2522 3299 2782 3374 physica,
2818 3296 2920 3355 sed
2955 3313 3204 3355 mora-

579 3386 712 3444 lis:
760 3389 891 3444 orta
937 3405 1058 3445 non
1101 3405 1171 3446 ex
1217 3387 1452 3448 defectu
1484 3388 1704 3447 virium
1734 3389 2133 3464 physicarum,
2183 3389 2286 3447 sed
2329 3407 2400 3447 ex
2432 3406 2666 3447 summa
2698 3386 3052 3444 difficultate
3083 3380 3200 3458 ipsi

579 3477 827 3533 naturae
859 3476 1147 3535 humanae
1178 3477 1357 3536 insita
1388 3477 1571 3554 (unde
1603 3476 1959 3537 antecedens
2006 3478 2121 3535 dici
2166 3472 2409 3560 potest),
2459 3496 2638 3552 quam
2669 3494 2978 3550 nunquam
3010 3470 3197 3531 homi-

578 3583 683 3622 nes
716 3563 789 3622 de
819 3564 971 3623 facto
1016 3566 1411 3641 superabunt:
1459 3568 1521 3625 et
1565 3567 1838 3641 quamvis
1885 3567 1995 3626 hoc
2038 3569 2268 3625 attenta
2299 3566 2558 3624 hominis
2592 3563 2921 3641 fragilitate
2953 3585 2988 3621 a
3018 3557 3201 3638 priori

580 3652 857 3712 videatur
887 3657 1134 3725 certum,
1167 3654 1567 3713 infallibiliter
1599 3660 1830 3714 certum
1849 3655 2118 3714 redditur
2149 3674 2218 3714 ex
2251 3655 2610 3714 revelatione
2630 3654 2735 3712 Dei
2758 3652 2983 3711 factum
3005 3653 3200 3726 ipsum

581 3742 993 3818 praevidentis.
1056 3742 1449 3812 Quamobrem
1495 3745 1996 3822 Augustinus
2046 3743 2118 3802 de
2166 3761 2322 3820 pecc.
2353 3763 2496 3803 mer.
2529 3748 2591 3803 et
2620 3742 2852 3802 remiss.
2885 3743 2924 3800 l.
2962 3751 2997 3804 2
3031 3759 3090 3797 n.
3132 3746 3196 3799 3:

584 3831 760 3901 ,Non
790 3831 998 3890 vident
1014 3826 1381 3915 (pelagiani),
1416 3833 1578 3909 quod
1610 3834 1684 3892 ad
1715 3834 2021 3905 nonnulla,
2055 3834 2152 3891 vel
2184 3851 2336 3909 quae
2369 3834 2520 3891 male
2545 3834 2889 3908 cupiuntur,
2924 3830 3021 3890 vel
3051 3842 3200 3903 quae

581 3920 733 3979 male
763 3923 1133 3992 metuuntur,
1169 3922 1397 3998 magnis
1429 3921 1749 3998 aliquando
1782 3926 1843 3982 et
1873 3923 2017 3981 totis
2048 3922 2279 3981 viribus
2311 3941 2461 3997 opus
2495 3940 2622 3980 esse
2650 3920 3016 3980 voluntatis:
3052 3930 3198 3990 quas

583 4027 702 4067 non
734 4009 987 4085 perfecte
1018 4010 1082 4069 in
1112 4011 1390 4070 omnibus
1412 4011 1782 4070 adhibiturus
1801 4011 2114 4088 praevidit,
2149 4011 2254 4087 qui
2286 4031 2391 4086 per
2421 4011 2765 4087 prophetam
2793 4009 3046 4068 veridice
3081 4001 3200 4062 dici

581 4098 803 4157 voluit:
850 4117 964 4156 non
1003 4100 1415 4172 justificabitur
1449 4102 1514 4158 in
1543 4108 1838 4177 conspectu
1869 4108 1964 4159 tuo
1996 4103 2182 4159 omnis
2212 4103 2401 4159 vivens
2433 4097 2555 4181 (Ps.
2596 4107 2736 4167 142,
2776 4094 2903 4181 2).‘
2968 4096 3049 4155 Cf.
3084 4094 3121 4151 l.
3165 4102 3185 4152 l

582 4207 638 4245 n.
677 4197 774 4248 69.
841 4186 921 4249 cf.
953 4187 1324 4247 Palmieri
1356 4189 1441 4249 th.
1479 4199 1558 4252 29
1595 4190 1901 4249 subtiliter
1931 4190 2004 4248 de
2038 4191 2143 4249 hac
2174 4189 2331 4248 thesi
2364 4189 2792 4265 disputantem.

763 4310 867 4372 44.
898 4306 1468 4377 Demonstratio.
1531 4306 1589 4377 l.
1621 4306 1720 4370 Ad
1750 4306 2200 4388 probationem
2235 4306 2435 4371 thesis
2469 4305 2702 4370 sufficit
2732 4320 3087 4387 provocare
3121 4295 3202 4360 ad

587 4411 837 4476 concilii
885 4412 1350 4477 milevitani
1399 4413 1464 4476 ΙΙ.
1518 4419 1584 4477 et
1632 4413 2326 4493 carthaginensis
2377 4412 2644 4494 plenarii
2695 4412 2777 4499 (a.
2811 4412 2968 4496 418)
3004 4421 3200 4471 cano-

585 4537 703 4583 nes
735 4525 884 4596 treS,
915 4520 982 4582 in
1013 4519 1242 4603 quibus
1275 4518 1460 4601 plura
1490 4517 1856 4600 Scripturae
1892 4525 2343 4601 proponuntur
2375 4518 2566 4583 effata
2598 4524 2793 4602 atque
2827 4535 2866 4580 a
2897 4524 3203 4598 perversa

585 4626 1068 4707 pelagianorum
1099 4626 1624 4707 interpretatione
1669 4624 2090 4689 vindicantur.
2155 4625 2310 4689 Can.
2344 4631 2417 4694 6:
2489 4626 2681 4699 „Item
2725 4623 2982 4706 placuit,
3028 4612 3199 4699 quod

584 4733 677 4796 ait
707 4752 754 4796 s.
787 4733 1071 4798 Joannes
1105 4730 1438 4814 apostolus
1472 4731 1556 4818 (1.
1594 4751 1689 4812 ep.
1729 4736 1784 4808 1,
1822 4731 1921 4816 8):
1956 4732 2027 4797 Si
2053 4731 2419 4812 dixerimus,
2439 4733 2930 4816 quiapeccatum
2953 4745 3071 4788 mm
3091 4720 3198 4783 ha·
