3538 5364
1503 240 1796 294 filiatione.
2841 252 2964 316 159

526 436 671 491 190.
705 421 1062 491 Scholion
1094 423 1154 492 I.
1191 423 1253 490 l.
1317 427 1626 497 Quaerunt
1670 427 1951 505 theologi,
1998 435 2195 487 utrum
2240 430 2437 504 qratia
2488 430 2860 503 sanctificans
2889 432 2964 487 sit

331 517 535 589 forma
566 517 899 592 adaequata
930 520 993 575 et
1023 517 1263 593 propria
1290 517 1487 593 seipsa
1516 519 1862 576 constituens
1880 518 2138 576 homines
2153 519 2305 591 filios
2326 518 2452 592 Dei,
2476 518 2635 592 quod
2660 518 2961 593 plerisque

333 604 640 680 theologis
673 607 885 681 placet,
918 624 1052 671 oum
1088 606 1229 666 haec
1259 606 1535 665 videatur
1578 606 1735 664 clara
1767 605 2042 666 doctrina
2071 625 2232 665 conc.
2280 607 2713 666 tridentini
2747 625 2889 671 sess,
2926 619 2959 671 6

332 704 382 757 c.
422 705 492 763 ”13
526 712 604 753 an
626 694 840 770 ,potius
863 696 1018 770 justi
1048 696 1496 754 constituantur
1527 695 1634 754 filii
1669 695 1776 754 Dei
1821 696 2280 773 participatione
2312 696 2549 755 divinae
2581 701 2829 755 naturae
2863 716 2969 756 seu

334 782 608 857 Spiritus
641 785 850 854 sancti,
884 803 1061 860 quem
1094 783 1464 844 sanctificans
1510 786 1706 861 gratia
1737 785 1990 843 attrahit
2038 786 2098 844 in
2126 786 2327 860 justos
2360 785 2557 860 iisque
2588 785 2741 844 unit.
2804 784 2972 853 Quod

332 873 620 930 nonnulli
665 877 918 933 tuentur
961 874 1242 950 theologi,
1291 878 1363 933 ιιι
1394 869 1809 955 ¹{Lessius¹),
1856 874 2236 934 Patavius
2284 874 2355 932 de
2403 874 2563 932 Trin.
2596 874 2751 943 v111.
2804 885 2839 935 4
2876 892 2970 944 ss..

336 995 463 1001 ’Ἠ
526 996 773 1003 Ἰ--ῡ-ι-

562 1090 600 1159 ¹)
629 1086 709 1141 Dc
736 1087 851 1141 div.
878 1089 1109 1158 perfect.
1136 1088 1260 1152 XII,
1300 1105 1430 1142 cum
1456 1087 1775 1159 appendice
1816 1088 2073 1158 subjecta
2108 1090 2167 1143 et
2191 1088 2261 1142 de
2289 1104 2510 1143 summo
2536 1087 2686 1143 bono
2713 1087 2751 1143 l.
2781 1096 2814 1144 2
2839 1105 2886 1145 o.
2919 1097 2965 1145 l·.

333 1165 441 1245 qui
470 1166 652 1237 priori
678 1168 803 1221 loco
829 1183 991 1222 suam
1017 1156 1357 1223 sententiam
1385 1168 1466 1222 ita
1492 1168 1773 1239 explicat:
1803 1168 1943 1231 „Sed
1972 1186 2087 1236 quo
2104 1168 2311 1233 medio,
2329 1184 2444 1236 qua
2463 1160 2686 1222 ratione
2708 1167 2964 1238 adoptio-

331 1263 466 1300 nem
485 1247 654 1301 nobis
669 1248 950 1303 contulit?
966 1249 1207 1304 Ratione
1221 1266 1454 1321 prorsus
1467 1248 1822 1309 admirabili;
1839 1266 1973 1302 nam
1993 1244 2179 1340 priino
2195 1266 2378 1303 unum
2393 1248 2716 1304 hominem
2701 1267 2764 1302 ιιι
2782 1248 2964 1304 filium

330 1328 666 1383 naturalem
690 1329 1003 1401 assumpsit
1025 1332 1148 1384 tota
1173 1330 1503 1385 diuinitatis
1529 1329 1934 1401 plenitudine
1919 1347 1979 1383 ιιι
2007 1330 2196 1400 ipsum
2225 1331 2415 1384 refusa
2434 1332 2494 1383 et
2510 1329 2967 1385 substantialiter

332 1407 535 1461 unita·
522 1449 535 1467 .
562 1425 666 1478 per
690 1409 847 1463 hunc
872 1408 1113 1480 adoptat
1137 1414 1195 1463 et
1220 1409 1368 1465 filios
1395 1410 1499 1464 Dei
1526 1410 1703 1464 efficit
1727 1426 1922 1464 omnes
1943 1409 2090 1473 illos,
2127 1410 2230 1479 qui
2250 1409 2338 1464 illi
2354 1408 2576 1465 homini
2599 1425 2698 1480 per
2719 1409 2887 1463 fldem
2909 1414 2968 1474 et

333 1493 695 1542 sacramenta
722 1491 1015 1558 tamquam
1042 1490 1189 1544 rami
1215 1493 1417 1546 trunco
1446 1494 1504 1544 et
1528 1489 1793 1561 palmites
1822 1489 1928 1543 viti
1948 1489 2300 1545 inseruntur.
2327 1488 2535 1543 Statim
2556 1488 2727 1553 enim,
2748 1491 2817 1542 ut
2836 1489 2965 1558 quis

330 1567 700 1623 adhaerescit
726 1567 969 1633 Christo,
995 1586 1028 1623 a
1054 1569 1275 1641 Spiritu
1307 1569 1536 1633 Christi,
1564 1569 1665 1638 qui
1695 1573 1784 1624 est
1810 1570 1933 1640 ejus
1960 1569 2255 1635 diviuitas,
2284 1568 2466 1625 veluti
2491 1568 2782 1624 animatur
2806 1574 2864 1622 et
2890 1568 2967 1623 vi-

334 1646 624 1713 vificatur,
650 1664 717 1702 ac
736 1649 977 1719 proinde
999 1649 1246 1704 efficitur
1267 1650 1420 1704 filius
1443 1651 1578 1705 Dei:
1604 1657 1699 1720 qui
1716 1656 1852 1705 enim
1877 1655 2089 1720 Spiritu
2112 1654 2217 1705 Dei
2234 1660 2488 1719 ayuntur.
2508 1654 2569 1704 1η·
2584 1659 2708 1704 sunt
2728 1654 2831 1717 filii
2850 1653 2966 1713 Dei,

333 1730 406 1779 ut
429 1726 631 1795 inquit
655 1730 966 1799 Apostolus
992 1729 1152 1783 Rom.
1177 1735 1227 1793 8,
1264 1739 1341 1785 14.
1372 1730 1582 1784 Eodem
1610 1729 1761 1783 enim
1789 1729 2006 1801 Spiritu
2037 1729 2260 1793 vivunt,
2289 1747 2404 1798 quo
2424 1729 2576 1784 Deus
2605 1729 2746 1799 ipse,
2773 1732 2833 1783 et
2852 1747 2966 1799 quo

332 1804 602 1862 Christus
622 1808 800 1863 Filius
816 1809 920 1864 Dei
938 1810 1218 1864 naturalis
1238 1812 1401 1875 vivit,
1416 1812 1525 1865 etsi
1542 1812 1637 1865 hic
1652 1811 1892 1880 spiritus
1912 1810 2136 1865 diverso
2157 1810 2324 1865 modo
2347 1811 2473 1864 istis
2492 1811 2964 1865 communicetur.

332 1884 603 1942 Personis
627 1888 781 1945 enim
806 1889 1021 1946 divinis
1047 1892 1505 1946 communicatur
1530 1909 1631 1963 per
1669 1891 2033 1946 identitatem
2062 1930 2075 1944 .
2104 1928 2117 1944 .
2144 1930 2159 1945 .
2186 1890 2539 1945 humanitati
2582 1907 2715 1945 vero
2752 1890 2964 1945 Christi

331 1984 440 2037 per
466 1968 888 2039 hypostaticam
917 1970 1209 2035 unionem,
1248 1972 1415 2026 nobis
1454 1988 1555 2041 per
1598 1972 1890 2040 quandam
1918 1970 2327 2034 extensionem,
2354 1987 2469 2038 qua
2495 1969 2786 2025 mediante
2813 1971 2963 2025 dono

330 2048 559 2117 gratiae
578 2050 954 2118 justificantis
979 2052 1188 2123 incipit
1212 2070 1331 2107 esse
1357 2057 1549 2107 noster
1572 2052 1712 2124 spiri
1723 2056 1830 2115 tus,
1860 2054 2055 2104 nostra
2083 2051 2204 2107 vita
2220 2068 2322 2105 nos
2338 2049 2691 2113 inhabitans,
2713 2066 2963 2113 movens,

337 2142 569 2194 ornans,
595 2146 799 2199 regens
824 2136 882 2184 et
906 2149 1101 2186 omnes
1126 2132 1332 2189 vitales
1372 2134 1696 2189 functiones
1720 2131 1967 2188 Domino
2010 2132 2300 2202 placentes
2343 2131 2405 2185 in
2432 2129 2598 2184 nobis
2625 2129 2880 2184 excitans
2906 2135 2964 2185 et

331 2206 526 2263 edens.
580 2209 781 2278 Itaque
809 2211 919 2265 hoc
943 2211 1162 2282 Spiritu
1203 2212 1436 2268 divinae
1475 2230 1749 2283 personae
1795 2214 2004 2267 vivunt
2044 2211 2401 2274 naturaliter,
2443 2228 2572 2265 cum
2614 2210 2689 2263 sit
2728 2209 2960 2264 illarum

332 2300 454 2339 esse
480 2292 540 2340 et
566 2290 687 2341 vita
714 2290 1024 2352 naturalis;
1065 2292 1396 2346 humanitas
1422 2293 1635 2347 Christi
1675 2292 1842 2361 quasi
1881 2291 2222 2348 naturaliter
2263 2292 2493 2361 propter
2521 2289 2957 2343 substantialem

329 2366 639 2423 unionem:
667 2387 768 2424 nos
796 2388 929 2424 vero
956 2371 1189 2426 omnino
1216 2373 1800 2444 supernaturaliter..
1823 2370 2068 2441 ‚Cogita
2097 2370 2314 2442 Spiritu
2329 2390 2374 2423 ·n
2404 2368 2619 2424 Christi
2638 2386 2755 2423 esse
2779 2368 2958 2423 veluti

326 2443 666 2502 immensam
692 2449 986 2517 quandam
1012 2450 1281 2515 animam,
1310 2468 1456 2520 quae
1481 2450 1766 2521 angustiis
1793 2450 1961 2504 istius
1989 2449 2368 2504 humanitatis
2397 2467 2511 2502 non
2531 2451 2838 2511 coercetur,
2860 2448 2958 2501 sed

330 2524 397 2577 in
423 2542 653 2581 omnem
679 2532 902 2599 partem
931 2530 1095 2599 quasi
1124 2531 1186 2584 in
1213 2530 1503 2587 infinitum
1533 2532 1819 2585 exundat:
1846 2531 2046 2599 itaque
2073 2530 2363 2585 sufficiens
2390 2532 2492 2592 est,
2538 2532 2606 2583 ut
2633 2546 2747 2583 non
2773 2528 2956 2582 solum

330 2605 504 2661 illurn
532 2608 821 2664 hominem
850 2628 948 2665 seu
979 2613 1086 2667 hoc
1113 2611 1500 2677 individuum,
1540 2612 1637 2666 sed
1678 2628 1875 2667 ornnes
1913 2612 2087 2667 etiam
2130 2611 2278 2676 illos,
2320 2610 2417 2680 qui
2461 2609 2552 2665 illi
2576 2607 2957 2672 adhaeserint,

330 2685 592 2742 vivificet
618 2693 677 2744 et
700 2695 1117 2759 consequenter
1142 2692 1289 2747 filios
1316 2693 1419 2746 Dei
1445 2693 1671 2747 efficiat.
1701 2693 1864 2747 Facit
1888 2697 2081 2748 autem
2109 2692 2249 2746 haec
2275 2709 2390 2746 non
2417 2690 2747 2745 immediate
2773 2707 2873 2758 per
2900 2706 2956 2742 se

328 2782 435 2820 nos
464 2768 846 2832 informando,
873 2772 970 2825 sed
999 2790 1101 2842 per
1126 2772 1275 2827 dona
1303 2774 1540 2844 gratiae,
1567 2789 1714 2842 quae
1760 2773 1925 2828 nobis
1953 2772 2229 2827 infundit.
2283 2773 2487 2838 Sumus
2529 2786 2663 2840 ergo
2702 2767 2813 2821 filii
2853 2767 2957 2821 Dei

328 2848 567 2922 proprie
592 2852 653 2904 et
675 2850 995 2907 formaliter
1037 2871 1153 2908 non
1199 2858 1314 2908 tam
1343 2871 1443 2925 per
1486 2855 1701 2908 donum
1744 2854 1984 2923 aliquod
2025 2855 2277 2907 creatum
2324 2849 2635 2905 secundum
2663 2847 2956 2919 physicam

328 2943 499 2981 suam
527 2929 823 2985 entitatem
850 2933 1289 2999 consideratum,
1316 2951 1490 3003 quam
1520 2951 1619 3006 per
1646 2933 2130 2988 inhabitationem
2170 2935 2229 2987 et
2267 2929 2678 3000 possessionem
2707 2925 2957 2997 Spiritus

326 3006 525 3062 divini
550 3009 899 3067 vivificantis
921 3017 983 3068 et
1004 3014 1257 3083 regentis
1280 3013 1503 3068 animas
1528 3017 1767 3077 nostrae,
1796 3013 1916 3067 sive
1944 3030 2045 3084 per
2069 3013 2316 3083 gratiam
2345 3009 2719 3071 habitualem,
2763 3009 2958 3075 quate.-

328 3105 443 3141 nus
468 3089 613 3144 haec
639 3091 779 3148 facit
820 3110 923 3147 nos
966 3095 1254 3162 possidere
1297 3094 1575 3166 Spiritum
1600 3095 1756 3148 Deiu.
1811 3093 1963 3147 Haec
2007 3092 2294 3148 sententia
2337 3090 2649 3145 admodum
2689 3088 2960 3158 displicet

328 3167 471 3239 Rip
488 3170 728 3236 aldae,
754 3172 858 3241 qui
883 3173 1030 3244 disp.
1059 3175 1165 3229 ult.
1192 3179 1325 3230 sect.
1353 3185 1387 3232 8
1412 3181 1469 3228 et
1500 3181 1563 3234 10
1592 3194 1645 3228 ιι.
1681 3180 1779 3232 127
1821 3175 1991 3228 nimis
2032 3174 2276 3244 rigidam
2320 3187 2617 3227 censuram
2644 3169 2714 3223 de
2741 3185 2807 3222 ea
2834 3185 2957 3239 pro·

323 3249 605 3304 nunciat:
634 3250 822 3317 „Quae
849 3253 1135 3309 sententia
1160 3255 1307 3310 mihi
1334 3256 1562 3311 videtur
1587 3258 1853 3326 suspecta
1877 3257 1937 3308 ct
1963 3258 2122 3308 tanto
2147 3254 2413 3322 theologo
2431 3251 2691 3322 indigna.
2721 3248 2959 3303 Accedit

322 3327 590 3402 proxime
618 3333 935 3386 sententiae
963 3334 1379 3391 haereticorum
1405 3336 1782 3389 asserentium
1809 3352 1912 3389 nos
1931 3333 2239 3402 justificari
2281 3351 2380 3405 per
2421 3332 2660 3386 formam
2688 3328 2957 3383 extrinse-

320 3422 504 3465 oem.·
559 3410 843 3466 Censurae
871 3413 1046 3480 hujus
1071 3414 1317 3485 rigorem
1346 3415 1546 3470 merito
1574 3416 1821 3486 carpunt
1845 3413 1945 3468 alii
1973 3413 2297 3484 gravissimi
2319 3411 2591 3480 theologi,
2620 3413 2686 3465 ut
2711 3409 2840 3464 Kle
2859 3427 2896 3462 ιι
2914 3410 2957 3462 ι-

318 3506 464 3561 gen
507 3490 703 3547 Theol.
743 3492 843 3546 der
886 3494 1047 3548 Vorz.
1092 3495 1158 3559 11,
1198 3500 1332 3556 727;
1378 3496 1786 3550 Franzelin
1831 3497 1900 3549 dc
1942 3495 2146 3548 Trinit.
2188 3514 2242 3565 p.
2285 3501 2388 3551 636
2428 3509 2478 3544 a·
2519 3495 2578 3544 et
2616 3489 2849 3545 Pessssh
2889 3489 2957 3543 Π-

322 3589 379 3623 ιι.
399 3573 510 3626 676
526 3589 617 3636 ss„
644 3574 748 3640 qui
765 3572 941 3629 Lessii
958 3575 1299 3629 sententiam
1316 3577 1631 3646 benignum
1647 3575 1710 3631 in
1725 3594 1948 3630 sensum
1968 3576 2399 3646 interpretatur.
2428 3572 2590 3638 Quod
2612 3573 2678 3625 cl.
2707 3571 2742 3624 S
2760 3567 2842 3625 ch
2860 3586 2889 3623 c
2906 3586 2957 3623 e·

322 3651 486 3714 ben,
515 3651 620 3719 qui
646 3653 822 3721 hujus
849 3654 1167 3710 sententiae
1207 3656 1463 3727 patronis
1503 3659 1850 3715 accensetur.
1897 3658 2198 3727 propterea
2225 3655 2479 3725 graviter
2519 3651 2897 3720 impugnatus
2923 3666 2957 3701 a

322 3729 858 3786 Granderath'
841 3752 903 3787 ιιι
931 3737 1064 3790 fasc.
1093 3735 1180 3789 lit.
1196 3735 1525 3790 Zeitschrift
1539 3738 1629 3790 fur
1645 3737 1805 3791 kath.
1823 3737 2020 3791 Theol.
2039 3741 2248 3805 1878p.
2269 3741 2366 3791 581
2389 3751 2459 3786 ss.
2478 3737 2654 3792 :1881
2674 3749 2730 3800 p.
2748 3735 2956 3789 28388·

328 3818 470 3870 1883
497 3832 553 3883 p.
581 3820 688 3870 492
714 3832 786 3868 ss.
807 3822 1023 3875 ;1884
1015 3837 1069 3887 p.
1097 3826 1200 3874 545
1227 3835 1315 3882 ss„
1341 3817 1570 3882 attinet,
1599 3822 1831 3871 notetur
1859 3821 1914 3874 1.
1940 3833 2072 3871 eum
2099 3832 2308 3886 negare
2329 3813 2609 3885 Spiritum
2629 3830 2672 3866 s.
2693 3827 2811 3864 esse
2828 3825 2956 3865 cau·

322 3909 445 3945 sam
476 3892 777 3947 formalem
818 3894 1164 3966 adoptionis,
1204 3901 1490 3967 quatenus
1533 3897 1674 3950 haec
1720 3914 1836 3951 una
1881 3901 1969 3952 est
2010 3912 2140 3950 cum
2182 3893 2633 3964 sanctificatione
2673 3907 2955 3982 verusque

324 3973 759 4038 iustificationis
785 3976 1019 4030 effectus
1041 3978 1311 4044 formalis,
1342 3981 1513 4049 prout
1537 3994 1660 4032 eam
1689 3978 1924 4031 exhibet
1947 3994 2104 4032 conc.
2133 3976 2534 4030 tridentinum.
2562 3970 2733 4026 Tueri
2761 3974 2816 4028 2.
2836 3973 2955 4040 jus·

318 4051 699 4110 tifieationem
732 4058 893 4127 plene
921 4058 1289 4113 constitutim
1317 4057 1707 4129 praesupponi
1734 4058 1789 4111 ei
1815 4051 2108 4114 filiationis
2135 4054 2504 4128 plenitudini,
2533 4069 2705 4122 quam
2733 4051 2956 4121 perficit

319 4133 382 4186 et
405 4140 773 4189 consummat
799 4133 1146 4192 inhabitatio
1172 4137 1420 4209 Spiritus
1446 4157 1487 4191 s.
1508 4141 1600 4196 ι3.
1630 4138 1928 4192 filiationis
1948 4136 2372 4209 plenitudinem
2400 4134 2720 4202 adaequate
2749 4148 2813 4184 co
2824 4131 2953 4184 nsti³

319 4212 412 4266 tui
435 4215 632 4285 gratia
648 4216 1023 4284 justificante,
1052 4220 1338 4287 quatenus
1381 4220 1520 4272 haec
1564 4222 1651 4274 est
1694 4235 1810 4272 non
1853 4220 2039 4273 solum
2083 4218 2267 4273 forma
2292 4216 2614 4279 inhaerens,
2659 4212 2756 4265 sed
2784 4209 2952 4264 simul

315 4291 496 4347 etiam
524 4293 825 4350 vinculum
852 4297 1102 4368 Spiritus
1125 4298 1524 4363 inhabitantis,
1550 4298 1726 4367 idque
1765 4305 1822 4356 4.
1862 4298 2146 4354 illustrari
2171 4314 2238 4350 ex
2265 4297 2528 4367 conjuge,
2556 4311 2702 4364 quae
2730 4291 2803 4346 ob
2829 4290 2954 4345 uni-

317 4373 505 4426 tatem
532 4376 738 4439 carnis,
765 4394 939 4444 quam
966 4378 1255 4436 contrahit
1279 4397 1409 4435 cum
1436 4379 1576 4443 viro,
1592 4378 1850 4450 pleniore
1866 4379 2088 4433 ratione
2106 4379 2170 4432 st
2187 4378 2304 4431 filia
2320 4377 2501 4449 patris
2518 4375 2628 4429 viri
2653 4374 2762 4436 sui,
2779 4389 2952 4442 quam

319 4468 483 4506 mera
508 4453 837 4526 adoptione.
892 4459 976 4512 lta
1003 4461 1061 4512 et
1085 4476 1187 4513 nos
1213 4457 1673 4530 incorporatione
1701 4460 1761 4513 in
1792 4459 2080 4514 Christum
2123 4457 2367 4529 pleniori
2410 4456 2632 4512 ratione
2659 4453 2954 4522 reddimur

318 4535 636 4607 participes
668 4537 963 4593 filiationis
989 4539 1239 4605 divinae,
1281 4558 1454 4609 quam
1496 4559 1650 4595 mera
1688 4541 2000 4612 adoptione
2028 4557 2128 4611 per
2153 4539 2415 4610 gratiam.
2469 4538 2552 4593 Cf.
2579 4537 2802 4591 Handb.
2837 4541 2952 4599 169.

318 4620 664 4697 praesertim
691 4637 748 4673 n.
774 4627 878 4677 844
904 4638 1006 4681 ss.;
1056 4625 1161 4678 879
1179 4628 1336 4682 -83;
1387 4628 1491 4678 863
1518 4640 1587 4675 ss.
1615 4621 1718 4675 col.
1745 4629 1882 4683 83&
1929 4613 2207 4674 Katholik
2240 4626 2392 4677 1884.
2421 4621 2487 4682 ΙΙ,
2517 4624 2607 4675 561
2645 4636 2747 4676 ss.;
2801 4622 2953 4672 1885.

322 4703 367 4763 I,
401 4707 469 4756 18
496 4719 565 4754 ss.
