3538 5364
1134 194 1214 248 De
1239 193 1642 248 reviviscentia
1671 191 2026 247 meritorum.
2757 200 2893 263 203

267 380 590 444 Ecclesiae
622 386 843 462 patres
877 386 1205 459 tamquam
1239 395 1374 440 rem
1408 375 1833 440 indubitatam
1866 375 2116 449 docent,
2151 375 2304 456 quin
2337 393 2500 437 unus
2523 391 2669 437 eam
2690 390 2885 451 nega·

265 488 497 562 verit3·
557 494 624 551 et
672 487 908 550 docent
952 484 1209 565 quidem
1261 482 1601 547 occasione
1649 481 1995 546 verborum
2045 500 2091 545 s.
2128 479 2307 544 Pauli
2354 480 2435 543 ad
2483 477 2687 545 Galat.
2722 484 2780 556 3,
2814 485 2887 552 4;

268 593 456 657 Hebr.
491 598 553 667 6,
594 597 703 661 10:
769 592 908 655 Non
957 593 1118 653 enim
1161 591 1436 672 injustus
1469 588 1660 667 Deua,
1711 595 1780 651 ut
1813 588 2210 651 obliviscatur
2254 588 2460 669 operis
2492 588 2675 649 vestri
2708 594 2762 650 et
2794 588 2886 649 def-

265 701 564 783 lectioniS,
596 719 786 783 quam
817 698 1139 761 ostenditis
1171 699 1234 759 in
1267 697 1511 759 nomine
1541 698 1761 780 ipsius,
1807 696 1914 780 qui
1958 695 2368 758 ministrastis
2398 695 2651 773 sanctis,
2686 701 2739 757 et
2770 697 2888 757 mi-

268 811 570 872 nistratis
618 807 820 870 Favet
864 805 1058 869 etiam
1104 803 1444 867 concilium
1494 802 1674 865 trid.
1723 820 1876 865 sess.
1913 806 1952 869 6
1986 819 2036 863 c.
2080 808 2155 869 1ss
2192 808 2255 864 et
2288 818 2425 863 can.
2463 805 2546 868 32
2582 801 2665 886 (n.
2700 802 2887 887 235):

266 916 352 979 ab
384 916 512 979 hoc
544 915 734 991 enim,
766 920 839 977 ut
870 931 1068 994 opera
1093 912 1410 992 justorum
1434 911 1559 974 sint
1577 909 1923 985 meritoria,
1948 908 2137 990 exigit
2169 913 2440 981 tantum,
2462 914 2532 970 ut
2551 908 2677 971 sint
2698 908 2888 973 bona.

268 1024 440 1086 sacta
473 1041 587 1102 per
618 1022 889 1101 gratiam
939 1038 979 1083 a
1025 1019 1173 1081 vivo
1224 1017 1514 1081 membro
1548 1015 1780 1081 Christi
1832 1022 1894 1080 et
1946 1023 2016 1080 ut
2040 1016 2253 1095 justus
2286 1016 2350 1079 in
2383 1016 2589 1095 gratia
2620 1016 2893 1080 decedat

269 1132 431 1214 (non
465 1136 702 1204 autern,
736 1134 808 1191 ut
839 1128 901 1189 in
935 1126 1141 1207 gratia
1172 1126 1308 1189 sine
1340 1125 1804 1205 interruptione
1836 1124 2259 1207 perseveret):
2292 1141 2458 1204 quae
2491 1122 2890 1186 conditiones

267 1237 673 1317 reperiuntur
704 1235 898 1299 etiam
931 1235 995 1296 in
1028 1232 1327 1313 operibus
1358 1231 1611 1294 illorum
1637 1231 1976 1312 justorum,
2012 1230 2117 1312 qui
2157 1229 2239 1292 ad
2276 1236 2527 1311 tempus
2552 1230 2756 1311 gratia
2777 1248 2887 1293 ex-

266 1344 507 1407 cidunt.
540 1343 705 1421 Ergo
736 1360 868 1404 non
902 1346 999 1404 est
1030 1340 1193 1402 ratio
1227 1338 1577 1413 dubitandi,
1611 1357 1764 1400 num
1801 1356 2001 1417 opera
2047 1356 2086 1399 a
2125 1337 2298 1418 justo
2352 1337 2522 1401 sacta
2555 1345 2705 1401 ante
2736 1354 2887 1419 pec-

265 1456 509 1523 catum,
540 1449 664 1512 hoc
695 1447 1090 1529 poenitentia
1115 1447 1248 1526 J'am
1283 1445 1569 1521 remiss0,
1603 1446 1833 1509 iterum
1871 1451 2284 1525 acceptentur
2306 1463 2345 1507 a
2366 1444 2497 1510 Deo
2521 1445 2601 1508 ad
2624 1443 2888 1526 gloriam

265 1576 388 1619 suo
421 1564 715 1637 tempore
746 1553 1237 1635 rependendam.
1302 1552 1491 1617 Ratio
1540 1558 1754 1617 autem
1805 1551 2166 1631 theologica
2216 1571 2330 1633 pro
2379 1552 2693 1633 ejusmodi
2726 1552 2897 1617 revi-

265 1663 582 1727 viscentia
612 1662 824 1742 potior
855 1662 1017 1724 haec
1047 1660 1312 1734 videtur,
1346 1659 1496 1742 quia
1530 1657 1698 1723 Deus
1730 1657 2004 1723 delendo
2039 1659 2295 1740 culpam
2335 1679 2479 1722 cum
2506 1660 2611 1722 illa
2632 1677 2889 1723 omnem

264 1770 648 1849 dignitatem
681 1768 763 1832 ad
795 1785 1070 1848 poenam
1105 1774 1432 1832 aeternam
1466 1765 1649 1833 delet.
1685 1764 2071 1831 Solemniter
2102 1767 2272 1831 enim
2307 1766 2616 1847 promittit
2650 1765 2748 1828 Ez.
2786 1772 2891 1839 33,

275 1881 389 1944 12:
425 1877 728 1959 Impietas
759 1877 938 1958 impii
968 1895 1092 1936 non
1126 1874 1357 1937 nocebit
1389 1875 1466 1951 ei,
1502 1877 1564 1937 in
1595 1894 1954 1958 quocunque
1986 1875 2085 1936 die
2117 1894 2442 1936 conversus
2461 1872 2657 1954 fuerit
2679 1875 2754 1937 ab
2776 1875 2894 1935 im-

257 1985 503 2068 pietate
531 2003 667 2045 sua.
701 1981 894 2064 Atqui
925 1982 1194 2063 privatio
1228 1980 1661 2044 irrevocabilis
1695 1980 1938 2060 gratiae
1961 1987 2020 2044 et
2044 1980 2281 2060 gloriae
2303 1981 2622 2061 prioribus
2643 1981 2885 2045 meriti„-

269 2089 528 2154 debitae
559 2094 731 2153 esset
780 2106 990 2170 poena
1039 2096 1321 2163 aeterna,
1373 2087 1520 2150 hinc
1570 2085 1841 2150 multum
1892 2088 2214 2166 peccatori
2264 2106 2576 2151 converso
2610 2096 2889 2152 noceret.

267 2196 434 2277 Ergo
469 2195 738 2259 remisso
771 2203 1037 2276 peccato
1069 2195 1387 2259 reviviscit
1411 2195 1515 2275 jus
1549 2194 1631 2256 ad
1664 2194 1931 2273 gloriam
1984 2213 2061 2257 ex
2114 2195 2352 2259 meritis
2385 2195 2705 2276 prioribus
2738 2216 2888 2277 pro-

270 2305 527 2366 iectum.
560 2300 746 2365 Patet
778 2321 931 2366 vero
967 2302 1047 2365 ad
1069 2302 1381 2382 ejusmodi
1400 2300 1676 2364 reditum
1710 2301 2083 2365 meritorum
2116 2302 2350 2383 requiri
2370 2308 2625 2382 praeter
2644 2306 2889 2383 pcccati

266 2412 716 2476 remissionem
747 2410 1032 2474 favorem
1066 2409 1179 2473 Dei
1210 2408 1570 2490 specialem,
1604 2408 1756 2489 quia
1778 2408 1945 2471 Deus
1967 2396 2528 2488 possetr‘emittere
2549 2418 2884 2489 peccatum

267 2537 399 2582 non
431 2518 705 2582 remissa
735 2534 951 2597 poena
981 2516 1342 2578 amissionis
1375 2516 1640 2595 praemii
1672 2533 1792 2596 pro
1825 2516 2066 2579 meritis
2113 2515 2487 2595 praeteritis.
2555 2513 2889 2580 Sententia

265 2631 489 2690 autem
522 2624 915 2706 probabilior
947 2630 1060 2698 est,
1093 2622 1300 2687 redire
1333 2624 1560 2688 merita
1582 2622 1795 2705 quoad
1842 2628 2101 2687 totam
2134 2622 2406 2702 gratiam
2439 2629 2503 2687 et
2535 2624 2886 2703 praemium

262 2735 419 2814 ipsis
454 2732 763 2806 debiturn,
812 2739 883 2794 ut
929 2730 1180 2812 plurimi
1232 2731 1511 2807 theologi
1545 2737 1802 2795 tuentur
1853 2731 2023 2812 apud
2058 2730 2406 2811 Ripalda
2438 2730 2517 2793 ib.
2552 2751 2599 2794 s.
2637 2737 2707 2806 7;
2758 2751 2887 2794 non

261 2846 518 2903 tantum
552 2839 637 2902 ad
669 2836 1089 2920 praemiolum
1140 2838 1397 2919 aliquod
1450 2838 1862 2912 accidentale,
1915 2856 2081 2919 quae
2133 2844 2229 2901 est
2282 2838 2495 2919 opinio
2551 2837 2887 2916 singularis

259 2945 608 3010 Bafiesii
655 2947 722 3008 in
754 2951 811 3012 2.
847 2952 887 3012 :2
920 2963 976 3025 q.
1011 2948 1096 3010 24
1129 2961 1183 3005 a.
1219 2947 1258 3010 6
1292 2943 1436 3006 dub.
1473 2950 1531 3017 6,
1583 2950 1646 3006 et
1698 2943 1956 3024 quidem
2020 2944 2243 3007 statim
2289 2946 2372 3032 ,in
2435 2945 2574 3025 ipso
2627 2947 2887 3008 instanti

246 3053 755 3134 justificationis
790 3069 920 3113 non
951 3050 1225 3131 primum
1259 3052 1323 3114 in
1355 3051 1578 3114 mortis
1612 3051 1789 3114 hora.
1838 3051 2191 3133 Ripalda
2224 3052 2463 3133 pariter
2495 3069 2641 3114 cum
2677 3050 2888 3114 multis

253 3159 408 3222 aliis
440 3165 683 3233 censet,
717 3158 1095 3222 reviviscere
1127 3175 1381 3240 quoque
1415 3158 1684 3237 gratiam
1733 3160 2153 3222 sacramentis
2188 3158 2521 3222 obtentam
2557 3167 2707 3224 ante
2739 3177 2890 3241 pec-

250 3273 485 3330 catum
520 3271 586 3328 et
618 3270 886 3345 peccato
921 3266 1241 3327 amissam.
1305 3264 1727 3344 Resragantur
1773 3271 1992 3328 tamen
2042 3264 2165 3341 alii.
2214 3272 2283 3340 ut
2316 3264 2570 3330 Billot
2603 3266 2680 3329 de
2716 3263 2889 3329 Sac'r.

245 3374 317 3435 in
355 3378 403 3441 3
436 3392 495 3453 p.
532 3391 589 3452 q.
627 3375 710 3439 79
744 3373 777 3455 ᾗ
814 3377 854 3438 2
887 3371 1114 3434 saltem
1149 3371 1360 3454 quoad
1394 3372 1662 3452 gratiam
1684 3372 1745 3434 vi
1765 3372 2153 3436 sacramenti
2187 3373 2624 3437 eucharistiae
2658 3393 2889 3454 accep-

243 3485 416 3543 tam.
453 3479 617 3541 Cum
650 3477 821 3542 enim
853 3478 977 3542 hoc
1008 3476 1160 3541 nihil
1193 3477 1509 3560 relinquat
1540 3477 1606 3541 in
1638 3479 1855 3541 anima
1887 3479 2323 3556 inamissibile,
2359 3479 2603 3544 nullum
2638 3480 2888 3544 titulum

238 3593 313 3650 et
349 3585 680 3649 rationem
716 3585 1126 3665 accipiendae
1159 3586 1401 3665 gratiae
1421 3585 1586 3648 sicut
1607 3585 1734 3647 alia
1753 3593 2179 3654 sacramenta,
2202 3585 2349 3648 hinc
2370 3606 2697 3669 nunquam
2724 3589 2889 3672 (ces-

233 3699 406 3756 sata
441 3692 603 3755 reali
634 3691 1027 3777 praesentia)
1061 3692 1379 3755 reviviscit
1411 3692 1615 3772 gratia
1648 3691 1865 3756 ablato
1901 3693 2101 3767 obice,
2136 3693 2409 3775 ideoque
2444 3714 2651 3776 neque
2686 3697 2887 3774 gratia

231 3819 365 3881 per
404 3817 558 3862 eam
594 3797 1061 3879 praecedenter
1093 3799 1330 3862 habita.

448 3954 596 4007 240.
649 3944 839 4013 Quare
890 3946 1099 4022 ingens
1145 3953 1234 4005 est
1279 3947 1596 4005 discrimen
1643 3948 1802 4006 inter
1844 3953 2166 4022 peccata
2211 3953 2272 4006 et
2315 3950 2611 4007 merita.
2678 3951 2887 4008 Merita

222 4039 504 4112 peceato
539 4035 759 4092 amissa
790 4053 895 4093 seu
917 4037 1119 4109 potius
1139 4036 1501 4106 mortificata,
1537 4036 1728 4094 deleto
1760 4041 2017 4112 peccato,
2051 4038 2433 4106 reviviscunt,
2468 4039 2611 4096 adeo
2643 4045 2713 4097 ut
2747 4060 2885 4114 pec-

220 4130 456 4184 catum
509 4142 572 4180 se
619 4123 834 4181 habeat,
881 4124 954 4182 ad
1003 4125 1110 4182 illa
1160 4125 1410 4183 obicis
1457 4129 1692 4183 tantum
1725 4127 1934 4194 instar,
1988 4128 2091 4201 qui
2126 4127 2374 4202 praemii
2408 4130 2884 4186 consecutionem

219 4212 548 4291 impedit;
602 4230 672 4269 eo
722 4213 912 4288 igitur
956 4219 1179 4272 remoto
1226 4233 1458 4273 omnem
1493 4216 1656 4272 illam
1690 4221 1973 4274 exserunt
2020 4217 2140 4273 vim
2187 4216 2370 4274 relate
2417 4218 2490 4273 ad
2537 4219 2884 4291 praemium,

220 4321 432 4380 quam
477 4301 822 4359 habuerunt
853 4307 991 4360 ante
1024 4307 1347 4377 peccatum.
1397 4304 1639 4361 Peccata
1671 4323 1812 4362 vero
1847 4306 2305 4378 superveniente
2338 4306 2592 4364 hominis
2625 4325 2885 4384 congrua

218 4390 638 4471 poenitentia
682 4410 715 4447 a
762 4391 878 4448 Deo
923 4411 1043 4450 non
1088 4393 1282 4450 solum
1325 4395 1632 4469 teguntur,
1685 4395 1973 4468 quamdiu
2023 4394 2245 4469 gratiae
2293 4398 2488 4452 status
2536 4396 2727 4464 durat,
2785 4398 2883 4453 sel

218 4498 512 4558 prorsus
563 4480 959 4538 remittuntur
1006 4484 1066 4538 et
1115 4481 1406 4550 delentur,
1459 4485 1518 4539 et·
1569 4501 1688 4540 non
1740 4484 1935 4539 solum
1987 4482 2406 4552 conditionate,
2460 4485 2558 4542 sed
2614 4485 2885 4542 absolute

220 4568 311 4654 (n.
363 4583 384 4633 1
411 4579 456 4632 6
479 4563 573 4650 1):
624 4587 807 4641 quare
838 4569 948 4628 etsi
972 4570 1180 4644 justus
1213 4574 1374 4628 statu
1405 4572 1631 4646 gratiae
1663 4570 1897 4638 excidit,
1932 4575 2173 4646 peccata
2205 4590 2322 4629 non
2356 4572 2736 4642 reviviscunt,
2788 4579 2885 4631 ut-

213 4667 370 4741 pote
410 4664 612 4720 antea
641 4676 882 4734 prorsus
915 4659 1137 4719 deleta:
1185 4678 1320 4722 nam
1354 4663 1476 4720 sine
1501 4662 1850 4739 poenitentia
1881 4669 2015 4718 sum
2046 4662 2199 4718 dona
2234 4661 2364 4734 Dei,
2410 4665 2482 4718 ut
2526 4663 2704 4719 toties
2752 4682 2887 4719 cum
