<?xml version="1.0" encoding="UTF-8"?>
<!DOCTYPE html PUBLIC "-//W3C//DTD XHTML 1.0 Transitional//EN"
    "http://www.w3.org/TR/xhtml1/DTD/xhtml1-transitional.dtd">
<html xmlns="http://www.w3.org/1999/xhtml" xml:lang="en" lang="en">
 <head>
  <title>
</title>
<meta http-equiv="Content-Type" content="text/html;charset=utf-8" />
  <meta name='ocr-system' content='tesseract 3.04.00' />
  <meta name='ocr-capabilities' content='ocr_page ocr_carea ocr_par ocr_line ocrx_word'/>
</head>
<body>
  <div class='ocr_page' id='page_1' title='image "./theologiaedogma00hurtgoog_0550.png"; bbox 0 0 3538 5364; ppageno 0'>
   <div class='ocr_carea' id='block_1_1' title="bbox 554 275 2594 353">
    <p class='ocr_par' dir='ltr' id='par_1_1' title="bbox 554 275 2594 353">
     <span class='ocr_line' id='line_1_1' title="bbox 554 275 2594 353; baseline -0.004 -15"><span class='ocrx_word' id='word_1_1' title='bbox 554 289 693 353; x_wconf 71' lang='lat'><strong>540</strong></span> <span class='ocrx_word' id='word_1_2' title='bbox 1144 278 1329 332; x_wconf 82' lang='lat' dir='ltr'><strong>Tract.</strong></span> <span class='ocrx_word' id='word_1_3' title='bbox 1356 277 1448 330; x_wconf 85' lang='lat' dir='ltr'><strong>IX.</strong></span> <span class='ocrx_word' id='word_1_4' title='bbox 1477 277 1545 330; x_wconf 85' lang='lat' dir='ltr'><strong>de</strong></span> <span class='ocrx_word' id='word_1_5' title='bbox 1573 276 1790 334; x_wconf 82' lang='lat' dir='ltr'><strong>ordine.</strong></span> <span class='ocrx_word' id='word_1_6' title='bbox 1819 276 1899 331; x_wconf 86' lang='lat' dir='ltr'><strong>De</strong></span> <span class='ocrx_word' id='word_1_7' title='bbox 1928 275 2229 332; x_wconf 79' lang='lat' dir='ltr'>ordinibus</span> <span class='ocrx_word' id='word_1_8' title='bbox 2257 277 2594 332; x_wconf 86' lang='lat' dir='ltr'><strong>minoribus.</strong></span> 
     </span>
    </p>
   </div>
   <div class='ocr_carea' id='block_1_2' title="bbox 552 463 3197 2228">
    <p class='ocr_par' dir='ltr' id='par_1_2' title="bbox 552 463 3197 2228">
     <span class='ocr_line' id='line_1_2' title="bbox 552 463 3182 543; baseline -0.002 -17"><span class='ocrx_word' id='word_1_9' title='bbox 552 467 819 543; x_wconf 75' lang='lat' dir='ltr'>episcopi</span> <span class='ocrx_word' id='word_1_10' title='bbox 850 469 912 525; x_wconf 89' lang='lat' dir='ltr'><strong>et</strong></span> <span class='ocrx_word' id='word_1_11' title='bbox 955 482 1320 524; x_wconf 92' lang='lat' dir='ltr'><strong>successores</strong></span> <span class='ocrx_word' id='word_1_12' title='bbox 1351 482 1558 523; x_wconf 88' lang='lat' dir='ltr'><strong>eorum</strong></span> <span class='ocrx_word' id='word_1_13' title='bbox 1603 483 1794 539; x_wconf 89' lang='lat' dir='ltr'><strong>usqne</strong></span> <span class='ocrx_word' id='word_1_14' title='bbox 1841 464 1914 522; x_wconf 90' lang='lat' dir='ltr'><strong>ad</strong></span> <span class='ocrx_word' id='word_1_15' title='bbox 1958 481 2086 539; x_wconf 89' lang='lat' dir='ltr'><strong>nos,</strong></span> <span class='ocrx_word' id='word_1_16' title='bbox 2134 463 2240 539; x_wconf 91' lang='lat' dir='ltr'><strong>qui</strong></span> <span class='ocrx_word' id='word_1_17' title='bbox 2271 464 2425 522; x_wconf 91' lang='lat' dir='ltr'><strong>nihil</strong></span> <span class='ocrx_word' id='word_1_18' title='bbox 2456 465 2576 522; x_wconf 85' lang='lat' dir='ltr'><strong>tale</strong></span> <span class='ocrx_word' id='word_1_19' title='bbox 2609 464 2954 536; x_wconf 89' lang='lat' dir='ltr'><strong>docuerunt,</strong></span> <span class='ocrx_word' id='word_1_20' title='bbox 2988 483 3182 540; x_wconf 90' lang='lat' dir='ltr'><strong>neque</strong></span> 
     </span>
     <span class='ocr_line' id='line_1_3' title="bbox 554 545 3180 633; baseline -0.002 -17"><span class='ocrx_word' id='word_1_21' title='bbox 554 557 967 633; x_wconf 87' lang='lat' dir='ltr'><strong>cognoverunt</strong></span> <span class='ocrx_word' id='word_1_22' title='bbox 997 554 1173 631; x_wconf 84' lang='lat' dir='ltr'><strong>quale</strong></span> <span class='ocrx_word' id='word_1_23' title='bbox 1203 554 1277 612; x_wconf 85' lang='lat' dir='ltr'><strong>ab</strong></span> <span class='ocrx_word' id='word_1_24' title='bbox 1298 553 1389 612; x_wconf 89' lang='lat' dir='ltr'><strong>his</strong></span> <span class='ocrx_word' id='word_1_25' title='bbox 1409 552 1760 615; x_wconf 69' lang='lat' dir='ltr'><strong>deliratur.“</strong></span> <span class='ocrx_word' id='word_1_26' title='bbox 1804 553 1898 612; x_wconf 89' lang='lat' dir='ltr'><strong>Ita</strong></span> <span class='ocrx_word' id='word_1_27' title='bbox 1928 556 1989 611; x_wconf 90' lang='lat' dir='ltr'><strong>et</strong></span> <span class='ocrx_word' id='word_1_28' title='bbox 2017 545 2566 612; x_wconf 75' lang='lat' dir='ltr'><strong>Tertullianus</strong></span> <span class='ocrx_word' id='word_1_29' title='bbox 2600 553 2673 611; x_wconf 92' lang='lat' dir='ltr'><strong>de</strong></span> <span class='ocrx_word' id='word_1_30' title='bbox 2704 571 2956 628; x_wconf 80' lang='lat' dir='ltr'><strong>praescr.</strong></span> <span class='ocrx_word' id='word_1_31' title='bbox 2986 573 3045 615; x_wconf 90' lang='lat' dir='ltr'><strong>n.</strong></span> <span class='ocrx_word' id='word_1_32' title='bbox 3082 562 3180 617; x_wconf 86' lang='lat'><strong>32.</strong></span> 
     </span>
     <span class='ocr_line' id='line_1_4' title="bbox 560 642 3182 720; baseline -0.002 -16"><span class='ocrx_word' id='word_1_33' title='bbox 560 645 853 705; x_wconf 83' lang='lat' dir='ltr'><strong>Incolumi</strong></span> <span class='ocrx_word' id='word_1_34' title='bbox 886 643 1066 702; x_wconf 85' lang='lat' dir='ltr'><strong>etiam</strong></span> <span class='ocrx_word' id='word_1_35' title='bbox 1087 643 1362 720; x_wconf 79' lang='lat' dir='ltr'><strong>dogmate</strong></span> <span class='ocrx_word' id='word_1_36' title='bbox 1382 643 1696 702; x_wconf 81' lang='lat' dir='ltr'><strong>concedere</strong></span> <span class='ocrx_word' id='word_1_37' title='bbox 1715 661 2056 718; x_wconf 89' lang='lat' dir='ltr'><strong>possumus,</strong></span> <span class='ocrx_word' id='word_1_38' title='bbox 2089 642 2153 700; x_wconf 91' lang='lat' dir='ltr'><strong>in</strong></span> <span class='ocrx_word' id='word_1_39' title='bbox 2173 642 2465 701; x_wconf 79' lang='lat' dir='ltr'><strong>Ecclesiae</strong></span> <span class='ocrx_word' id='word_1_40' title='bbox 2486 642 2757 712; x_wconf 75' lang='lat' dir='ltr'><strong>exordiiS,</strong></span> <span class='ocrx_word' id='word_1_41' title='bbox 2791 660 2925 702; x_wconf 89' lang='lat' dir='ltr'><strong>cum</strong></span> <span class='ocrx_word' id='word_1_42' title='bbox 2957 642 3182 718; x_wconf 87' lang='lat' dir='ltr'><strong>ubique</strong></span> 
     </span>
     <span class='ocr_line' id='line_1_5' title="bbox 555 731 3186 808; baseline -0.002 -15"><span class='ocrx_word' id='word_1_43' title='bbox 555 734 840 794; x_wconf 85' lang='lat' dir='ltr'><strong>ecclesiae</strong></span> <span class='ocrx_word' id='word_1_44' title='bbox 873 732 1283 803; x_wconf 78' lang='lat' dir='ltr'><strong>fundarentur,</strong></span> <span class='ocrx_word' id='word_1_45' title='bbox 1318 731 1588 790; x_wconf 89' lang='lat' dir='ltr'><strong>nondum</strong></span> <span class='ocrx_word' id='word_1_46' title='bbox 1610 732 1809 790; x_wconf 86' lang='lat' dir='ltr'><strong>omnia</strong></span> <span class='ocrx_word' id='word_1_47' title='bbox 1838 731 2021 790; x_wconf 88' lang='lat' dir='ltr'><strong>fuisse</strong></span> <span class='ocrx_word' id='word_1_48' title='bbox 2054 732 2141 789; x_wconf 87' lang='lat' dir='ltr'><strong>ita</strong></span> <span class='ocrx_word' id='word_1_49' title='bbox 2170 734 2442 790; x_wconf 89' lang='lat' dir='ltr'><strong>accurate</strong></span> <span class='ocrx_word' id='word_1_50' title='bbox 2461 731 2768 808; x_wconf 84' lang='lat' dir='ltr'><strong>disposita,</strong></span> <span class='ocrx_word' id='word_1_51' title='bbox 2803 731 2961 790; x_wconf 90' lang='lat' dir='ltr'><strong>sicut</strong></span> <span class='ocrx_word' id='word_1_52' title='bbox 2979 735 3186 807; x_wconf 88' lang='lat' dir='ltr'><strong>postea</strong></span> 
     </span>
     <span class='ocr_line' id='line_1_6' title="bbox 561 820 3184 898; baseline -0.002 -15"><span class='ocrx_word' id='word_1_53' title='bbox 561 823 932 883; x_wconf 78' lang='lat' dir='ltr'><strong>adolescente</strong></span> <span class='ocrx_word' id='word_1_54' title='bbox 954 823 1081 898; x_wconf 88' lang='lat' dir='ltr'><strong>jam</strong></span> <span class='ocrx_word' id='word_1_55' title='bbox 1112 820 1393 886; x_wconf 85' lang='lat' dir='ltr'><strong>Ecclesia.</strong></span> <span class='ocrx_word' id='word_1_56' title='bbox 1459 821 1613 880; x_wconf 89' lang='lat' dir='ltr'><strong>Hinc</strong></span> <span class='ocrx_word' id='word_1_57' title='bbox 1645 820 1935 897; x_wconf 89' lang='lat' dir='ltr'><strong>quamdiu</strong></span> <span class='ocrx_word' id='word_1_58' title='bbox 1969 821 2225 895; x_wconf 89' lang='lat' dir='ltr'><strong>apostoli</strong></span> <span class='ocrx_word' id='word_1_59' title='bbox 2258 820 2541 880; x_wconf 80' lang='lat' dir='ltr'><strong>vivebant</strong></span> <span class='ocrx_word' id='word_1_60' title='bbox 2572 820 2806 895; x_wconf 83' lang='lat' dir='ltr'><strong>sibique</strong></span> <span class='ocrx_word' id='word_1_61' title='bbox 2837 840 3184 896; x_wconf 88' lang='lat' dir='ltr'><strong>supremum</strong></span> 
     </span>
     <span class='ocr_line' id='line_1_7' title="bbox 559 909 3186 987; baseline -0.003 -15"><span class='ocrx_word' id='word_1_62' title='bbox 559 912 940 973; x_wconf 88' lang='lat' dir='ltr'><strong>ecclesiarum</strong></span> <span class='ocrx_word' id='word_1_63' title='bbox 973 910 1239 987; x_wconf 83' lang='lat' dir='ltr'><strong>regimen</strong></span> <span class='ocrx_word' id='word_1_64' title='bbox 1270 910 1668 979; x_wconf 78' lang='lat' dir='ltr'><strong>reservabant,</strong></span> <span class='ocrx_word' id='word_1_65' title='bbox 1715 909 1844 968; x_wconf 91' lang='lat' dir='ltr'><strong>fieri</strong></span> <span class='ocrx_word' id='word_1_66' title='bbox 1890 910 2108 985; x_wconf 89' lang='lat' dir='ltr'><strong>potnit,</strong></span> <span class='ocrx_word' id='word_1_67' title='bbox 2156 913 2227 968; x_wconf 90' lang='lat' dir='ltr'><strong>ut</strong></span> <span class='ocrx_word' id='word_1_68' title='bbox 2271 909 2737 969; x_wconf 86' lang='lat' dir='ltr'><strong>instituerentur</strong></span> <span class='ocrx_word' id='word_1_69' title='bbox 2780 909 3075 979; x_wconf 87' lang='lat' dir='ltr'><strong>ecclesiae,</strong></span> <span class='ocrx_word' id='word_1_70' title='bbox 3122 909 3186 966; x_wconf 91' lang='lat' dir='ltr'><strong>in</strong></span> 
     </span>
     <span class='ocr_line' id='line_1_8' title="bbox 557 998 3184 1078; baseline -0.002 -17"><span class='ocrx_word' id='word_1_71' title='bbox 557 1001 785 1078; x_wconf 86' lang='lat' dir='ltr'><strong>quibus</strong></span> <span class='ocrx_word' id='word_1_72' title='bbox 818 1002 1017 1060; x_wconf 86' lang='lat' dir='ltr'><strong>essent</strong></span> <span class='ocrx_word' id='word_1_73' title='bbox 1045 1001 1284 1058; x_wconf 88' lang='lat' dir='ltr'><strong>tantum</strong></span> <span class='ocrx_word' id='word_1_74' title='bbox 1317 999 1650 1075; x_wconf 87' lang='lat' dir='ltr'><strong>presbyteri</strong></span> <span class='ocrx_word' id='word_1_75' title='bbox 1681 1005 1743 1057; x_wconf 90' lang='lat' dir='ltr'><strong>et</strong></span> <span class='ocrx_word' id='word_1_76' title='bbox 1775 998 2036 1068; x_wconf 84' lang='lat' dir='ltr'><strong>diaconi3</strong></span> <span class='ocrx_word' id='word_1_77' title='bbox 2084 999 2251 1070; x_wconf 90' lang='lat' dir='ltr'><strong>aliae,</strong></span> <span class='ocrx_word' id='word_1_78' title='bbox 2300 998 2363 1056; x_wconf 93' lang='lat' dir='ltr'><strong>in</strong></span> <span class='ocrx_word' id='word_1_79' title='bbox 2394 999 2614 1074; x_wconf 90' lang='lat' dir='ltr'><strong>quibus</strong></span> <span class='ocrx_word' id='word_1_80' title='bbox 2646 1002 2803 1058; x_wconf 91' lang='lat' dir='ltr'><strong>esset</strong></span> <span class='ocrx_word' id='word_1_81' title='bbox 2834 999 3023 1058; x_wconf 90' lang='lat' dir='ltr'><strong>solum</strong></span> <span class='ocrx_word' id='word_1_82' title='bbox 3060 999 3184 1074; x_wconf 91' lang='lat' dir='ltr'><strong>epi·</strong></span> 
     </span>
     <span class='ocr_line' id='line_1_9' title="bbox 562 1087 3184 1167; baseline -0.002 -16"><span class='ocrx_word' id='word_1_83' title='bbox 562 1110 777 1167; x_wconf 89' lang='lat' dir='ltr'><strong>scopus</strong></span> <span class='ocrx_word' id='word_1_84' title='bbox 808 1108 942 1148; x_wconf 91' lang='lat' dir='ltr'><strong>cum</strong></span> <span class='ocrx_word' id='word_1_85' title='bbox 975 1088 1251 1159; x_wconf 88' lang='lat' dir='ltr'><strong>diaconis,</strong></span> <span class='ocrx_word' id='word_1_86' title='bbox 1285 1089 1443 1147; x_wconf 89' lang='lat' dir='ltr'><strong>sicut</strong></span> <span class='ocrx_word' id='word_1_87' title='bbox 1460 1089 1906 1164; x_wconf 80' lang='lat' dir='ltr'><strong>Hierosolymis,</strong></span> <span class='ocrx_word' id='word_1_88' title='bbox 1939 1088 2046 1147; x_wconf 89' lang='lat' dir='ltr'><strong>ubi</strong></span> <span class='ocrx_word' id='word_1_89' title='bbox 2073 1087 2356 1147; x_wconf 90' lang='lat' dir='ltr'><strong>videntur</strong></span> <span class='ocrx_word' id='word_1_90' title='bbox 2373 1089 2629 1163; x_wconf 91' lang='lat' dir='ltr'><strong>primum</strong></span> <span class='ocrx_word' id='word_1_91' title='bbox 2662 1088 2914 1165; x_wconf 89' lang='lat' dir='ltr'><strong>apostoli</strong></span> <span class='ocrx_word' id='word_1_92' title='bbox 2947 1089 3184 1146; x_wconf 88' lang='lat' dir='ltr'><strong>tantum</strong></span> 
     </span>
     <span class='ocr_line' id='line_1_10' title="bbox 556 1176 3183 1252; baseline -0.002 -13"><span class='ocrx_word' id='word_1_93' title='bbox 556 1180 749 1240; x_wconf 75' lang='lat' dir='ltr'><strong>fuisse</strong></span> <span class='ocrx_word' id='word_1_94' title='bbox 781 1181 843 1237; x_wconf 89' lang='lat' dir='ltr'><strong>et</strong></span> <span class='ocrx_word' id='word_1_95' title='bbox 871 1178 1132 1246; x_wconf 82' lang='lat' dir='ltr'><strong>diaconi3</strong></span> <span class='ocrx_word' id='word_1_96' title='bbox 1166 1177 1314 1236; x_wconf 90' lang='lat' dir='ltr'><strong>aliae</strong></span> <span class='ocrx_word' id='word_1_97' title='bbox 1347 1177 1484 1236; x_wconf 93' lang='lat' dir='ltr'><strong>dein</strong></span> <span class='ocrx_word' id='word_1_98' title='bbox 1503 1177 1655 1237; x_wconf 87' lang='lat' dir='ltr'><strong>forte</strong></span> <span class='ocrx_word' id='word_1_99' title='bbox 1674 1180 1848 1236; x_wconf 89' lang='lat' dir='ltr'><strong>erant</strong></span> <span class='ocrx_word' id='word_1_100' title='bbox 1866 1176 2164 1248; x_wconf 88' lang='lat' dir='ltr'><strong>ecclesiae,</strong></span> <span class='ocrx_word' id='word_1_101' title='bbox 2199 1178 2262 1235; x_wconf 91' lang='lat' dir='ltr'><strong>in</strong></span> <span class='ocrx_word' id='word_1_102' title='bbox 2293 1177 2513 1252; x_wconf 90' lang='lat' dir='ltr'><strong>quibus</strong></span> <span class='ocrx_word' id='word_1_103' title='bbox 2546 1179 2747 1236; x_wconf 83' lang='lat' dir='ltr'><strong>essent</strong></span> <span class='ocrx_word' id='word_1_104' title='bbox 2775 1177 2982 1252; x_wconf 89' lang='lat' dir='ltr'><strong>plures</strong></span> <span class='ocrx_word' id='word_1_105' title='bbox 3014 1193 3183 1252; x_wconf 89' lang='lat' dir='ltr'><strong>pres·</strong></span> 
     </span>
     <span class='ocr_line' id='line_1_11' title="bbox 563 1265 3188 1347; baseline -0.003 -19"><span class='ocrx_word' id='word_1_106' title='bbox 563 1269 761 1347; x_wconf 86' lang='lat' dir='ltr'><strong>byteri</strong></span> <span class='ocrx_word' id='word_1_107' title='bbox 791 1267 1110 1344; x_wconf 88' lang='lat' dir='ltr'><strong>episcopali</strong></span> <span class='ocrx_word' id='word_1_108' title='bbox 1143 1285 1382 1342; x_wconf 91' lang='lat' dir='ltr'><strong>quoque</strong></span> <span class='ocrx_word' id='word_1_109' title='bbox 1415 1267 1621 1325; x_wconf 89' lang='lat' dir='ltr'><strong>ordine</strong></span> <span class='ocrx_word' id='word_1_110' title='bbox 1653 1265 1927 1343; x_wconf 90' lang='lat' dir='ltr'><strong>praediti,</strong></span> <span class='ocrx_word' id='word_1_111' title='bbox 1975 1267 2045 1325; x_wconf 88' lang='lat' dir='ltr'><strong>ut</strong></span> <span class='ocrx_word' id='word_1_112' title='bbox 2090 1285 2197 1340; x_wconf 89' lang='lat' dir='ltr'><strong>pro</strong></span> <span class='ocrx_word' id='word_1_113' title='bbox 2245 1266 2693 1341; x_wconf 82' lang='lat' dir='ltr'><strong>opportunitate</strong></span> <span class='ocrx_word' id='word_1_114' title='bbox 2739 1265 2812 1324; x_wconf 91' lang='lat' dir='ltr'><strong>ad</strong></span> <span class='ocrx_word' id='word_1_115' title='bbox 2850 1265 2994 1324; x_wconf 86' lang='lat' dir='ltr'><strong>alias</strong></span> <span class='ocrx_word' id='word_1_116' title='bbox 3027 1265 3188 1323; x_wconf 85' lang='lat' dir='ltr'><strong>mitti</strong></span> 
     </span>
     <span class='ocr_line' id='line_1_12' title="bbox 561 1354 3191 1435; baseline -0.002 -18"><span class='ocrx_word' id='word_1_117' title='bbox 561 1360 810 1435; x_wconf 86' lang='lat' dir='ltr'><strong>possent</strong></span> <span class='ocrx_word' id='word_1_118' title='bbox 839 1356 1114 1415; x_wconf 89' lang='lat' dir='ltr'><strong>ecclesias</strong></span> <span class='ocrx_word' id='word_1_119' title='bbox 1143 1355 1508 1414; x_wconf 88' lang='lat' dir='ltr'><strong>fundandas:</strong></span> <span class='ocrx_word' id='word_1_120' title='bbox 1544 1355 1816 1431; x_wconf 89' lang='lat' dir='ltr'><strong>quamvis</strong></span> <span class='ocrx_word' id='word_1_121' title='bbox 1835 1356 1977 1413; x_wconf 90' lang='lat' dir='ltr'><strong>haec</strong></span> <span class='ocrx_word' id='word_1_122' title='bbox 1995 1356 2288 1432; x_wconf 88' lang='lat' dir='ltr'><strong>posterior</strong></span> <span class='ocrx_word' id='word_1_123' title='bbox 2304 1354 2650 1432; x_wconf 83' lang='lat' dir='ltr'><strong>hypothesis</strong></span> <span class='ocrx_word' id='word_1_124' title='bbox 2682 1354 2884 1414; x_wconf 90' lang='lat' dir='ltr'><strong>minus</strong></span> <span class='ocrx_word' id='word_1_125' title='bbox 2914 1354 3191 1413; x_wconf 89' lang='lat' dir='ltr'><strong>videatur</strong></span> 
     </span>
     <span class='ocr_line' id='line_1_13' title="bbox 568 1443 3190 1525; baseline -0.003 -18"><span class='ocrx_word' id='word_1_126' title='bbox 568 1446 910 1525; x_wconf 82' lang='lat' dir='ltr'><strong>probabilis,</strong></span> <span class='ocrx_word' id='word_1_127' title='bbox 943 1445 1270 1503; x_wconf 88' lang='lat' dir='ltr'><strong>Concedere</strong></span> <span class='ocrx_word' id='word_1_128' title='bbox 1301 1448 1362 1503; x_wconf 91' lang='lat' dir='ltr'><strong>et</strong></span> <span class='ocrx_word' id='word_1_129' title='bbox 1392 1444 1540 1503; x_wconf 90' lang='lat' dir='ltr'><strong>illud</strong></span> <span class='ocrx_word' id='word_1_130' title='bbox 1571 1463 1908 1521; x_wconf 89' lang='lat' dir='ltr'><strong>possumus,</strong></span> <span class='ocrx_word' id='word_1_131' title='bbox 1944 1445 2199 1502; x_wconf 83' lang='lat' dir='ltr'><strong>schisma</strong></span> <span class='ocrx_word' id='word_1_132' title='bbox 2218 1444 2647 1503; x_wconf 87' lang='lat' dir='ltr'><strong>corinthiacum</strong></span> <span class='ocrx_word' id='word_1_133' title='bbox 2666 1443 3031 1503; x_wconf 88' lang='lat' dir='ltr'><strong>occasionem</strong></span> <span class='ocrx_word' id='word_1_134' title='bbox 3051 1461 3190 1519; x_wconf 87' lang='lat' dir='ltr'><strong>apo·</strong></span> 
     </span>
     <span class='ocr_line' id='line_1_14' title="bbox 569 1532 3191 1611; baseline -0.002 -16"><span class='ocrx_word' id='word_1_135' title='bbox 569 1537 742 1596; x_wconf 90' lang='lat' dir='ltr'><strong>stolis</strong></span> <span class='ocrx_word' id='word_1_136' title='bbox 772 1534 1114 1611; x_wconf 87' lang='lat' dir='ltr'><strong>praebuisse</strong></span> <span class='ocrx_word' id='word_1_137' title='bbox 1146 1534 1506 1609; x_wconf 81' lang='lat' dir='ltr'><strong>exsequendi</strong></span> <span class='ocrx_word' id='word_1_138' title='bbox 1537 1534 1884 1592; x_wconf 88' lang='lat' dir='ltr'><strong>mandatum</strong></span> <span class='ocrx_word' id='word_1_139' title='bbox 1917 1534 2278 1592; x_wconf 88' lang='lat' dir='ltr'><strong>dominicum</strong></span> <span class='ocrx_word' id='word_1_140' title='bbox 2323 1532 2397 1593; x_wconf 90' lang='lat' dir='ltr'><strong>de</strong></span> <span class='ocrx_word' id='word_1_141' title='bbox 2442 1532 2828 1592; x_wconf 88' lang='lat' dir='ltr'><strong>instituendis</strong></span> <span class='ocrx_word' id='word_1_142' title='bbox 2861 1532 3191 1609; x_wconf 82' lang='lat' dir='ltr'><strong>praefigen-</strong></span> 
     </span>
     <span class='ocr_line' id='line_1_15' title="bbox 569 1620 3191 1700; baseline -0.002 -16"><span class='ocrx_word' id='word_1_143' title='bbox 569 1627 782 1700; x_wconf 90' lang='lat' dir='ltr'><strong>disque</strong></span> <span class='ocrx_word' id='word_1_144' title='bbox 814 1624 1069 1700; x_wconf 86' lang='lat' dir='ltr'><strong>singulis</strong></span> <span class='ocrx_word' id='word_1_145' title='bbox 1102 1623 1364 1682; x_wconf 89' lang='lat' dir='ltr'><strong>ecclesiis</strong></span> <span class='ocrx_word' id='word_1_146' title='bbox 1396 1623 1706 1699; x_wconf 89' lang='lat' dir='ltr'><strong>episcopis,</strong></span> <span class='ocrx_word' id='word_1_147' title='bbox 1750 1622 1908 1681; x_wconf 90' lang='lat' dir='ltr'><strong>sicut</strong></span> <span class='ocrx_word' id='word_1_148' title='bbox 1951 1639 2297 1699; x_wconf 86' lang='lat' dir='ltr'><strong>graecorum</strong></span> <span class='ocrx_word' id='word_1_149' title='bbox 2338 1641 2611 1681; x_wconf 87' lang='lat' dir='ltr'><strong>murmur</strong></span> <span class='ocrx_word' id='word_1_150' title='bbox 2643 1620 3036 1681; x_wconf 87' lang='lat' dir='ltr'><strong>instituendis</strong></span> <span class='ocrx_word' id='word_1_151' title='bbox 3067 1621 3191 1679; x_wconf 89' lang='lat' dir='ltr'><strong>dia·</strong></span> 
     </span>
     <span class='ocr_line' id='line_1_16' title="bbox 564 1710 3193 1788; baseline -0.003 -14"><span class='ocrx_word' id='word_1_152' title='bbox 564 1715 735 1774; x_wconf 85' lang='lat' dir='ltr'><strong>conis</strong></span> <span class='ocrx_word' id='word_1_153' title='bbox 766 1713 887 1772; x_wconf 87' lang='lat' dir='ltr'><strong>fuit</strong></span> <span class='ocrx_word' id='word_1_154' title='bbox 917 1712 1162 1774; x_wconf 81' lang='lat' dir='ltr'><strong>occasio,</strong></span> <span class='ocrx_word' id='word_1_155' title='bbox 1230 1711 1359 1770; x_wconf 87' lang='lat' dir='ltr'><strong>Etsi</strong></span> <span class='ocrx_word' id='word_1_156' title='bbox 1405 1731 1545 1771; x_wconf 92' lang='lat' dir='ltr'><strong>vero</strong></span> <span class='ocrx_word' id='word_1_157' title='bbox 1591 1713 1828 1770; x_wconf 88' lang='lat' dir='ltr'><strong>ordines</strong></span> <span class='ocrx_word' id='word_1_158' title='bbox 1873 1712 2272 1788; x_wconf 86' lang='lat' dir='ltr'><strong>episcopatus,</strong></span> <span class='ocrx_word' id='word_1_159' title='bbox 2324 1711 2794 1787; x_wconf 84' lang='lat' dir='ltr'><strong>presbyteratus,</strong></span> <span class='ocrx_word' id='word_1_160' title='bbox 2843 1710 3193 1770; x_wconf 87' lang='lat' dir='ltr'><strong>diaconatus</strong></span> 
     </span>
     <span class='ocr_line' id='line_1_17' title="bbox 571 1799 3193 1880; baseline -0.002 -18"><span class='ocrx_word' id='word_1_161' title='bbox 571 1805 867 1880; x_wconf 86' lang='lat' dir='ltr'><strong>potestate</strong></span> <span class='ocrx_word' id='word_1_162' title='bbox 900 1805 961 1861; x_wconf 90' lang='lat' dir='ltr'><strong>et</strong></span> <span class='ocrx_word' id='word_1_163' title='bbox 981 1802 1119 1877; x_wconf 86' lang='lat' dir='ltr'><strong>jure</strong></span> <span class='ocrx_word' id='word_1_164' title='bbox 1142 1804 1286 1860; x_wconf 90' lang='lat' dir='ltr'><strong>sunt</strong></span> <span class='ocrx_word' id='word_1_165' title='bbox 1305 1801 1594 1872; x_wconf 88' lang='lat' dir='ltr'><strong>distincti,</strong></span> <span class='ocrx_word' id='word_1_166' title='bbox 1628 1801 1755 1860; x_wconf 91' lang='lat' dir='ltr'><strong>fieri</strong></span> <span class='ocrx_word' id='word_1_167' title='bbox 1787 1801 2003 1877; x_wconf 86' lang='lat' dir='ltr'><strong>potuit,</strong></span> <span class='ocrx_word' id='word_1_168' title='bbox 2035 1804 2109 1860; x_wconf 91' lang='lat' dir='ltr'><strong>ut</strong></span> <span class='ocrx_word' id='word_1_169' title='bbox 2138 1800 2379 1859; x_wconf 88' lang='lat' dir='ltr'><strong>nomina</strong></span> <span class='ocrx_word' id='word_1_170' title='bbox 2403 1800 2650 1871; x_wconf 88' lang='lat' dir='ltr'><strong>diaconi,</strong></span> <span class='ocrx_word' id='word_1_171' title='bbox 2683 1799 3033 1876; x_wconf 87' lang='lat' dir='ltr'><strong>presbyteri,</strong></span> <span class='ocrx_word' id='word_1_172' title='bbox 3068 1799 3193 1876; x_wconf 92' lang='lat' dir='ltr'><strong>epi·</strong></span> 
     </span>
     <span class='ocr_line' id='line_1_18' title="bbox 565 1888 3194 1968; baseline -0.002 -16"><span class='ocrx_word' id='word_1_173' title='bbox 565 1892 751 1968; x_wconf 84' lang='lat' dir='ltr'><strong>scopi,</strong></span> <span class='ocrx_word' id='word_1_174' title='bbox 801 1910 950 1967; x_wconf 89' lang='lat' dir='ltr'><strong>quae</strong></span> <span class='ocrx_word' id='word_1_175' title='bbox 983 1909 1087 1967; x_wconf 89' lang='lat' dir='ltr'><strong>per</strong></span> <span class='ocrx_word' id='word_1_176' title='bbox 1118 1908 1181 1949; x_wconf 90' lang='lat' dir='ltr'><strong>se</strong></span> <span class='ocrx_word' id='word_1_177' title='bbox 1212 1909 1394 1967; x_wconf 86' lang='lat' dir='ltr'><strong>vagae</strong></span> <span class='ocrx_word' id='word_1_178' title='bbox 1426 1894 1571 1949; x_wconf 88' lang='lat' dir='ltr'><strong>sunt</strong></span> <span class='ocrx_word' id='word_1_179' title='bbox 1601 1889 2073 1967; x_wconf 87' lang='lat' dir='ltr'><strong>significationis,</strong></span> <span class='ocrx_word' id='word_1_180' title='bbox 2106 1889 2250 1948; x_wconf 90' lang='lat' dir='ltr'><strong>adeo</strong></span> <span class='ocrx_word' id='word_1_181' title='bbox 2281 1892 2354 1947; x_wconf 90' lang='lat' dir='ltr'><strong>ut</strong></span> <span class='ocrx_word' id='word_1_182' title='bbox 2382 1889 2720 1964; x_wconf 89' lang='lat' dir='ltr'><strong>promiscue</strong></span> <span class='ocrx_word' id='word_1_183' title='bbox 2751 1888 3023 1947; x_wconf 89' lang='lat' dir='ltr'><strong>adhiberi</strong></span> <span class='ocrx_word' id='word_1_184' title='bbox 3055 1907 3194 1963; x_wconf 91' lang='lat' dir='ltr'><strong>pos·</strong></span> 
     </span>
     <span class='ocr_line' id='line_1_19' title="bbox 573 1977 3192 2056; baseline -0.002 -16"><span class='ocrx_word' id='word_1_185' title='bbox 573 1984 713 2051; x_wconf 89' lang='lat' dir='ltr'><strong>sint,</strong></span> <span class='ocrx_word' id='word_1_186' title='bbox 748 1980 921 2039; x_wconf 88' lang='lat' dir='ltr'><strong>initio</strong></span> <span class='ocrx_word' id='word_1_187' title='bbox 952 1999 1073 2039; x_wconf 91' lang='lat' dir='ltr'><strong>non</strong></span> <span class='ocrx_word' id='word_1_188' title='bbox 1103 1980 1246 2038; x_wconf 88' lang='lat' dir='ltr'><strong>satis</strong></span> <span class='ocrx_word' id='word_1_189' title='bbox 1279 1979 1814 2056; x_wconf 81' lang='lat' dir='ltr'><strong>distinguerentur,</strong></span> <span class='ocrx_word' id='word_1_190' title='bbox 1857 1977 2042 2037; x_wconf 90' lang='lat' dir='ltr'><strong>donec</strong></span> <span class='ocrx_word' id='word_1_191' title='bbox 2073 1978 2488 2055; x_wconf 85' lang='lat' dir='ltr'><strong>progrediente</strong></span> <span class='ocrx_word' id='word_1_192' title='bbox 2517 1980 2783 2054; x_wconf 90' lang='lat' dir='ltr'><strong>tempore</strong></span> <span class='ocrx_word' id='word_1_193' title='bbox 2816 1977 3192 2053; x_wconf 84' lang='lat' dir='ltr'><strong>singulorum</strong></span> 
     </span>
     <span class='ocr_line' id='line_1_20' title="bbox 567 2066 3197 2148; baseline -0.002 -19"><span class='ocrx_word' id='word_1_194' title='bbox 567 2068 925 2148; x_wconf 83' lang='lat' dir='ltr'><strong>significatio</strong></span> <span class='ocrx_word' id='word_1_195' title='bbox 943 2069 1212 2127; x_wconf 89' lang='lat' dir='ltr'><strong>technica</strong></span> <span class='ocrx_word' id='word_1_196' title='bbox 1243 2086 1349 2126; x_wconf 90' lang='lat' dir='ltr'><strong>seu</strong></span> <span class='ocrx_word' id='word_1_197' title='bbox 1380 2069 1618 2144; x_wconf 87' lang='lat' dir='ltr'><strong>propria</strong></span> <span class='ocrx_word' id='word_1_198' title='bbox 1646 2068 1947 2145; x_wconf 85' lang='lat' dir='ltr'><strong>figeretur.</strong></span> <span class='ocrx_word' id='word_1_199' title='bbox 1996 2066 2155 2136; x_wconf 87' lang='lat' dir='ltr'><strong>Quae</strong></span> <span class='ocrx_word' id='word_1_200' title='bbox 2185 2067 2235 2126; x_wconf 92' lang='lat' dir='ltr'><strong>si</strong></span> <span class='ocrx_word' id='word_1_201' title='bbox 2266 2086 2407 2144; x_wconf 88' lang='lat' dir='ltr'><strong>prae</strong></span> <span class='ocrx_word' id='word_1_202' title='bbox 2438 2067 2626 2126; x_wconf 90' lang='lat' dir='ltr'><strong>oculis</strong></span> <span class='ocrx_word' id='word_1_203' title='bbox 2656 2067 2972 2136; x_wconf 87' lang='lat' dir='ltr'><strong>habentur,</strong></span> <span class='ocrx_word' id='word_1_204' title='bbox 3006 2066 3197 2125; x_wconf 90' lang='lat' dir='ltr'><strong>omnis</strong></span> 
     </span>
     <span class='ocr_line' id='line_1_21' title="bbox 574 2155 3194 2228; baseline -0.002 -9"><span class='ocrx_word' id='word_1_205' title='bbox 574 2160 694 2219; x_wconf 89' lang='lat' dir='ltr'><strong>fere</strong></span> <span class='ocrx_word' id='word_1_206' title='bbox 738 2159 1049 2217; x_wconf 88' lang='lat' dir='ltr'><strong>evanascet</strong></span> <span class='ocrx_word' id='word_1_207' title='bbox 1081 2157 1417 2220; x_wconf 79' lang='lat' dir='ltr'><strong>difficultas,</strong></span> <span class='ocrx_word' id='word_1_208' title='bbox 1483 2158 1564 2216; x_wconf 86' lang='lat' dir='ltr'><strong>cf.</strong></span> <span class='ocrx_word' id='word_1_209' title='bbox 1610 2157 1986 2217; x_wconf 87' lang='lat' dir='ltr'><strong>Petavius</strong></span> <span class='ocrx_word' id='word_1_210' title='bbox 2032 2157 2071 2215; x_wconf 92' lang='lat'><strong>1.</strong></span> <span class='ocrx_word' id='word_1_211' title='bbox 2104 2173 2151 2214; x_wconf 91' lang='lat' dir='ltr'><strong>c.</strong></span> <span class='ocrx_word' id='word_1_212' title='bbox 2184 2155 2231 2228; x_wconf 93' lang='lat' dir='ltr'><strong>I,</strong></span> <span class='ocrx_word' id='word_1_213' title='bbox 2265 2166 2335 2226; x_wconf 89' lang='lat'><strong>4;</strong></span> <span class='ocrx_word' id='word_1_214' title='bbox 2383 2156 2480 2227; x_wconf 91' lang='lat' dir='ltr'><strong>IV,</strong></span> <span class='ocrx_word' id='word_1_215' title='bbox 2522 2167 2588 2226; x_wconf 77' lang='lat'><strong>13</strong></span> <span class='ocrx_word' id='word_1_216' title='bbox 2636 2155 2874 2219; x_wconf 88' lang='lat' dir='ltr'><strong>dissert.</strong></span> <span class='ocrx_word' id='word_1_217' title='bbox 2906 2155 3116 2216; x_wconf 91' lang='lat' dir='ltr'><strong>eccles.</strong></span> <span class='ocrx_word' id='word_1_218' title='bbox 3151 2157 3194 2225; x_wconf 91' lang='grc' dir='ltr'><strong>Ι,</strong></span> 
     </span>
    </p>
   </div>
   <div class='ocr_carea' id='block_1_3' title="bbox 573 2244 3208 3159">
    <p class='ocr_par' dir='ltr' id='par_1_3' title="bbox 573 2244 3197 2500">
     <span class='ocr_line' id='line_1_22' title="bbox 588 2244 3197 2322; baseline -0.002 -15"><span class='ocrx_word' id='word_1_219' title='bbox 588 2262 611 2312; x_wconf 90' lang='grc'><strong>1</strong></span> <span class='ocrx_word' id='word_1_220' title='bbox 655 2267 732 2318; x_wconf 84' lang='lat' dir='ltr'><strong>S.;</strong></span> <span class='ocrx_word' id='word_1_221' title='bbox 767 2246 1135 2305; x_wconf 87' lang='lat' dir='ltr'><strong>Mamachi</strong></span> <span class='ocrx_word' id='word_1_222' title='bbox 1165 2245 1426 2322; x_wconf 82' lang='lat' dir='ltr'><strong>origines</strong></span> <span class='ocrx_word' id='word_1_223' title='bbox 1460 2249 1521 2305; x_wconf 90' lang='lat' dir='ltr'><strong>et</strong></span> <span class='ocrx_word' id='word_1_224' title='bbox 1553 2246 1838 2320; x_wconf 84' lang='lat' dir='ltr'><strong>antiquit.</strong></span> <span class='ocrx_word' id='word_1_225' title='bbox 1871 2245 2070 2306; x_wconf 86' lang='lat' dir='ltr'><strong>christ.</strong></span> <span class='ocrx_word' id='word_1_226' title='bbox 2090 2244 2188 2316; x_wconf 89' lang='lat' dir='ltr'><strong>IV,</strong></span> <span class='ocrx_word' id='word_1_227' title='bbox 2226 2255 2346 2309; x_wconf 89' lang='grc'><strong>337</strong></span> <span class='ocrx_word' id='word_1_228' title='bbox 2385 2263 2497 2314; x_wconf 88' lang='lat' dir='ltr'><strong>ss.;</strong></span> <span class='ocrx_word' id='word_1_229' title='bbox 2530 2245 3094 2304; x_wconf 86' lang='lat' dir='ltr'><strong>Thomassinus</strong></span> <span class='ocrx_word' id='word_1_230' title='bbox 3127 2244 3197 2302; x_wconf 93' lang='lat' dir='ltr'><strong>de</strong></span> 
     </span>
     <span class='ocr_line' id='line_1_23' title="bbox 579 2333 3197 2411; baseline -0.002 -15"><span class='ocrx_word' id='word_1_231' title='bbox 579 2342 694 2400; x_wconf 84' lang='lat' dir='ltr'><strong>vet.</strong></span> <span class='ocrx_word' id='word_1_232' title='bbox 742 2338 802 2395; x_wconf 88' lang='lat' dir='ltr'><strong>et</strong></span> <span class='ocrx_word' id='word_1_233' title='bbox 846 2354 999 2394; x_wconf 91' lang='lat' dir='ltr'><strong>nova</strong></span> <span class='ocrx_word' id='word_1_234' title='bbox 1028 2335 1181 2393; x_wconf 88' lang='lat' dir='ltr'><strong>Eccl.</strong></span> <span class='ocrx_word' id='word_1_235' title='bbox 1215 2334 1534 2411; x_wconf 86' lang='lat' dir='ltr'><strong>disciplina</strong></span> <span class='ocrx_word' id='word_1_236' title='bbox 1563 2339 1606 2397; x_wconf 84' lang='lat' dir='ltr'><strong>t.</strong></span> <span class='ocrx_word' id='word_1_237' title='bbox 1647 2346 1669 2397; x_wconf 93' lang='lat' dir='ltr'><strong>l</strong></span> <span class='ocrx_word' id='word_1_238' title='bbox 1713 2336 1751 2393; x_wconf 95' lang='lat' dir='ltr'><strong>l.</strong></span> <span class='ocrx_word' id='word_1_239' title='bbox 1795 2347 1818 2398; x_wconf 92' lang='grc'><strong>1</strong></span> <span class='ocrx_word' id='word_1_240' title='bbox 1862 2353 1908 2393; x_wconf 91' lang='lat' dir='ltr'><strong>c.</strong></span> <span class='ocrx_word' id='word_1_241' title='bbox 1943 2344 2054 2403; x_wconf 84' lang='lat'><strong>54;</strong></span> <span class='ocrx_word' id='word_1_242' title='bbox 2101 2333 2517 2392; x_wconf 84' lang='lat' dir='ltr'><strong>Franzelin</strong></span> <span class='ocrx_word' id='word_1_243' title='bbox 2549 2334 2623 2392; x_wconf 93' lang='lat' dir='ltr'><strong>de</strong></span> <span class='ocrx_word' id='word_1_244' title='bbox 2653 2334 2807 2392; x_wconf 90' lang='lat' dir='ltr'><strong>Eccl.</strong></span> <span class='ocrx_word' id='word_1_245' title='bbox 2838 2334 2923 2395; x_wconf 89' lang='lat' dir='ltr'><strong>th.</strong></span> <span class='ocrx_word' id='word_1_246' title='bbox 2967 2344 3079 2404; x_wconf 82' lang='lat'><strong>163</strong></span> <span class='ocrx_word' id='word_1_247' title='bbox 3126 2334 3197 2392; x_wconf 89' lang='lat' dir='ltr'><strong>de</strong></span> 
     </span>
     <span class='ocr_line' id='line_1_24' title="bbox 573 2423 2585 2500; baseline -0.002 -14"><span class='ocrx_word' id='word_1_248' title='bbox 573 2425 833 2486; x_wconf 82' lang='lat' dir='ltr'><strong>Smedt</strong></span> <span class='ocrx_word' id='word_1_249' title='bbox 863 2425 926 2483; x_wconf 91' lang='lat' dir='ltr'><strong>in</strong></span> <span class='ocrx_word' id='word_1_250' title='bbox 958 2425 1157 2482; x_wconf 83' lang='lat' dir='ltr'><strong>Revue</strong></span> <span class='ocrx_word' id='word_1_251' title='bbox 1189 2424 1292 2483; x_wconf 91' lang='lat' dir='ltr'><strong>des</strong></span> <span class='ocrx_word' id='word_1_252' title='bbox 1327 2443 1421 2500; x_wconf 90' lang='lat' dir='ltr'><strong>qq.</strong></span> <span class='ocrx_word' id='word_1_253' title='bbox 1454 2423 1817 2499; x_wconf 89' lang='lat' dir='ltr'><strong>historiques</strong></span> <span class='ocrx_word' id='word_1_254' title='bbox 1857 2433 2042 2493; x_wconf 88' lang='lat'>1888,</span> <span class='ocrx_word' id='word_1_255' title='bbox 2079 2433 2179 2494; x_wconf 91' lang='lat'><strong>44,</strong></span> <span class='ocrx_word' id='word_1_256' title='bbox 2218 2431 2585 2486; x_wconf 84' lang='lat'><strong>329—384.</strong></span> 
     </span>
    </p>

    <p class='ocr_par' dir='ltr' id='par_1_4' title="bbox 575 2541 3208 3159">
     <span class='ocr_line' id='line_1_25' title="bbox 756 2541 3199 2627; baseline -0.004 -14"><span class='ocrx_word' id='word_1_257' title='bbox 756 2547 903 2613; x_wconf 81' lang='lat'><strong>572.</strong></span> <span class='ocrx_word' id='word_1_258' title='bbox 939 2543 1294 2613; x_wconf 78' lang='lat' dir='ltr'><strong>Scholion</strong></span> <span class='ocrx_word' id='word_1_259' title='bbox 1315 2545 1373 2613; x_wconf 91' lang='lat'><strong>1.</strong></span> <span class='ocrx_word' id='word_1_260' title='bbox 1407 2544 1577 2606; x_wconf 77' lang='lat' dir='ltr'><strong>Num</strong></span> <span class='ocrx_word' id='word_1_261' title='bbox 1589 2543 1789 2627; x_wconf 80' lang='lat' dir='ltr'><strong>plura</strong></span> <span class='ocrx_word' id='word_1_262' title='bbox 1808 2545 1932 2606; x_wconf 80' lang='lat' dir='ltr'><strong>sint</strong></span> <span class='ocrx_word' id='word_1_263' title='bbox 1950 2544 2189 2606; x_wconf 81' lang='lat' dir='ltr'><strong>ordinis</strong></span> <span class='ocrx_word' id='word_1_264' title='bbox 2221 2548 2634 2607; x_wconf 79' lang='lat' dir='ltr'><strong>sacramenta.</strong></span> <span class='ocrx_word' id='word_1_265' title='bbox 2669 2581 2754 2591; x_wconf 95' lang='lat'><strong>--</strong></span> <span class='ocrx_word' id='word_1_266' title='bbox 2788 2541 2879 2606; x_wconf 83' lang='lat' dir='ltr'><strong>Ex</strong></span> <span class='ocrx_word' id='word_1_267' title='bbox 2908 2560 3007 2618; x_wconf 88' lang='lat' dir='ltr'><strong>e0,</strong></span> <span class='ocrx_word' id='word_1_268' title='bbox 3028 2542 3199 2624; x_wconf 89' lang='lat' dir='ltr'><strong>quod</strong></span> 
     </span>
     <span class='ocr_line' id='line_1_26' title="bbox 580 2650 3201 2734; baseline -0.001 -17"><span class='ocrx_word' id='word_1_269' title='bbox 580 2662 713 2718; x_wconf 85' lang='lat' dir='ltr'><strong>tam</strong></span> <span class='ocrx_word' id='word_1_270' title='bbox 746 2653 1125 2718; x_wconf 83' lang='lat' dir='ltr'><strong>diaconatus</strong></span> <span class='ocrx_word' id='word_1_271' title='bbox 1157 2669 1352 2734; x_wconf 87' lang='lat' dir='ltr'><strong>quam</strong></span> <span class='ocrx_word' id='word_1_272' title='bbox 1383 2650 1868 2734; x_wconf 78' lang='lat' dir='ltr'><strong>presbyteratus</strong></span> <span class='ocrx_word' id='word_1_273' title='bbox 1901 2656 1959 2715; x_wconf 81' lang='lat' dir='ltr'><strong>et</strong></span> <span class='ocrx_word' id='word_1_274' title='bbox 1998 2650 2405 2733; x_wconf 86' lang='lat' dir='ltr'><strong>episcopatus</strong></span> <span class='ocrx_word' id='word_1_275' title='bbox 2440 2657 2589 2715; x_wconf 88' lang='lat' dir='ltr'><strong>sunt</strong></span> <span class='ocrx_word' id='word_1_276' title='bbox 2621 2657 3050 2727; x_wconf 78' lang='lat' dir='ltr'><strong>sacramenta,</strong></span> <span class='ocrx_word' id='word_1_277' title='bbox 3074 2669 3201 2714; x_wconf 90' lang='lat' dir='ltr'><strong>non</strong></span> 
     </span>
     <span class='ocr_line' id='line_1_27' title="bbox 575 2756 3203 2843; baseline -0.001 -19"><span class='ocrx_word' id='word_1_278' title='bbox 575 2761 886 2843; x_wconf 86' lang='lat' dir='ltr'><strong>sequitur,</strong></span> <span class='ocrx_word' id='word_1_279' title='bbox 920 2759 1109 2840; x_wconf 88' lang='lat' dir='ltr'><strong>plura</strong></span> <span class='ocrx_word' id='word_1_280' title='bbox 1141 2779 1283 2825; x_wconf 89' lang='lat' dir='ltr'><strong>esse</strong></span> <span class='ocrx_word' id='word_1_281' title='bbox 1317 2760 1560 2823; x_wconf 88' lang='lat' dir='ltr'><strong>ordinis</strong></span> <span class='ocrx_word' id='word_1_282' title='bbox 1594 2767 2025 2824; x_wconf 88' lang='lat' dir='ltr'><strong>sacramenta.</strong></span> <span class='ocrx_word' id='word_1_283' title='bbox 2089 2756 2332 2838; x_wconf 88' lang='lat' dir='ltr'><strong>Singuli</strong></span> <span class='ocrx_word' id='word_1_284' title='bbox 2376 2758 2547 2822; x_wconf 89' lang='lat' dir='ltr'><strong>enim</strong></span> <span class='ocrx_word' id='word_1_285' title='bbox 2599 2758 2856 2824; x_wconf 88' lang='lat' dir='ltr'><strong>ordines</strong></span> <span class='ocrx_word' id='word_1_286' title='bbox 2887 2777 3021 2823; x_wconf 88' lang='lat' dir='ltr'><strong>non</strong></span> <span class='ocrx_word' id='word_1_287' title='bbox 3054 2764 3203 2822; x_wconf 87' lang='lat' dir='ltr'><strong>sunt</strong></span> 
     </span>
     <span class='ocr_line' id='line_1_28' title="bbox 580 2864 3205 2949; baseline -0.002 -18"><span class='ocrx_word' id='word_1_288' title='bbox 580 2868 700 2931; x_wconf 89' lang='lat' dir='ltr'><strong>nisi</strong></span> <span class='ocrx_word' id='word_1_289' title='bbox 732 2874 949 2948; x_wconf 86' lang='lat' dir='ltr'><strong>partes</strong></span> <span class='ocrx_word' id='word_1_290' title='bbox 982 2866 1225 2931; x_wconf 90' lang='lat' dir='ltr'><strong>ordinis</strong></span> <span class='ocrx_word' id='word_1_291' title='bbox 1258 2867 1494 2944; x_wconf 83' lang='lat' dir='ltr'><strong>totaliS,</strong></span> <span class='ocrx_word' id='word_1_292' title='bbox 1528 2866 1641 2949; x_wconf 89' lang='lat' dir='ltr'><strong>qui</strong></span> <span class='ocrx_word' id='word_1_293' title='bbox 1673 2867 1864 2948; x_wconf 90' lang='lat' dir='ltr'><strong>plene</strong></span> <span class='ocrx_word' id='word_1_294' title='bbox 1895 2865 2262 2947; x_wconf 89' lang='lat' dir='ltr'><strong>possidetur</strong></span> <span class='ocrx_word' id='word_1_295' title='bbox 2293 2864 2519 2929; x_wconf 89' lang='lat' dir='ltr'><strong>ultimo</strong></span> <span class='ocrx_word' id='word_1_296' title='bbox 2553 2864 2819 2929; x_wconf 87' lang='lat' dir='ltr'><strong>obtento</strong></span> <span class='ocrx_word' id='word_1_297' title='bbox 2853 2864 3111 2929; x_wconf 90' lang='lat' dir='ltr'><strong>ordine:</strong></span> <span class='ocrx_word' id='word_1_298' title='bbox 3144 2872 3205 2929; x_wconf 86' lang='lat' dir='ltr'><strong>et</strong></span> 
     </span>
     <span class='ocr_line' id='line_1_29' title="bbox 580 2970 3204 3052; baseline -0.001 -15"><span class='ocrx_word' id='word_1_299' title='bbox 580 2975 729 3037; x_wconf 85' lang='lat' dir='ltr'><strong>hinc</strong></span> <span class='ocrx_word' id='word_1_300' title='bbox 780 2975 903 3038; x_wconf 87' lang='lat' dir='ltr'><strong>tria</strong></span> <span class='ocrx_word' id='word_1_301' title='bbox 954 2978 1105 3037; x_wconf 84' lang='lat' dir='ltr'><strong>sunt</strong></span> <span class='ocrx_word' id='word_1_302' title='bbox 1149 2978 1558 3036; x_wconf 88' lang='lat' dir='ltr'><strong>sacramenta</strong></span> <span class='ocrx_word' id='word_1_303' title='bbox 1607 2971 1926 3052; x_wconf 75' lang='lat' dir='ltr'><strong>partialis,</strong></span> <span class='ocrx_word' id='word_1_304' title='bbox 1978 2970 2435 3035; x_wconf 86' lang='lat' dir='ltr'><strong>constituentia</strong></span> <span class='ocrx_word' id='word_1_305' title='bbox 2480 2990 2682 3035; x_wconf 90' lang='lat' dir='ltr'><strong>unum</strong></span> <span class='ocrx_word' id='word_1_306' title='bbox 2727 2978 3204 3035; x_wconf 88' lang='lat' dir='ltr'><strong>sacramentum</strong></span> 
     </span>
     <span class='ocr_line' id='line_1_30' title="bbox 575 3076 3208 3159; baseline -0.001 -15"><span class='ocrx_word' id='word_1_307' title='bbox 575 3079 820 3144; x_wconf 86' lang='lat' dir='ltr'><strong>ordinis</strong></span> <span class='ocrx_word' id='word_1_308' title='bbox 870 3079 1154 3142; x_wconf 83' lang='lat' dir='ltr'><strong>totale.</strong></span> <span class='ocrx_word' id='word_1_309' title='bbox 1230 3076 1432 3141; x_wconf 87' lang='lat' dir='ltr'><strong>Porro</strong></span> <span class='ocrx_word' id='word_1_310' title='bbox 1485 3077 1645 3141; x_wconf 90' lang='lat' dir='ltr'><strong>ordo</strong></span> <span class='ocrx_word' id='word_1_311' title='bbox 1697 3077 1945 3141; x_wconf 86' lang='lat' dir='ltr'><strong>definiri</strong></span> <span class='ocrx_word' id='word_1_312' title='bbox 1988 3083 2202 3159; x_wconf 88' lang='lat' dir='ltr'><strong>potest</strong></span> <span class='ocrx_word' id='word_1_313' title='bbox 2264 3082 2762 3154; x_wconf 85' lang='lat' dir='ltr'><strong>sacramentum,</strong></span> <span class='ocrx_word' id='word_1_314' title='bbox 2824 3095 2952 3159; x_wconf 89' lang='lat' dir='ltr'><strong>quo</strong></span> <span class='ocrx_word' id='word_1_315' title='bbox 3001 3078 3208 3157; x_wconf 90' lang='lat' dir='ltr'><strong>gratia</strong></span> 
     </span>
    </p>
   </div>
   <div class='ocr_carea' id='block_1_4' title="bbox 579 3183 3205 3372">
    <p class='ocr_par' dir='ltr' id='par_1_5' title="bbox 579 3183 3205 3372">
     <span class='ocr_line' id='line_1_31' title="bbox 581 3183 3205 3267; baseline -0.001 -18"><span class='ocrx_word' id='word_1_316' title='bbox 581 3186 1052 3267; x_wconf 87' lang='lat' dir='ltr'><strong>spiritualisque</strong></span> <span class='ocrx_word' id='word_1_317' title='bbox 1098 3190 1388 3265; x_wconf 89' lang='lat' dir='ltr'><strong>potestas</strong></span> <span class='ocrx_word' id='word_1_318' title='bbox 1436 3183 1762 3248; x_wconf 86' lang='lat' dir='ltr'><strong>confertur</strong></span> <span class='ocrx_word' id='word_1_319' title='bbox 1809 3184 2044 3249; x_wconf 89' lang='lat' dir='ltr'><strong>clerico</strong></span> <span class='ocrx_word' id='word_1_320' title='bbox 2092 3184 2176 3247; x_wconf 92' lang='lat' dir='ltr'><strong>ad</strong></span> <span class='ocrx_word' id='word_1_321' title='bbox 2222 3183 2675 3248; x_wconf 90' lang='lat' dir='ltr'><strong>eucharistiam</strong></span> <span class='ocrx_word' id='word_1_322' title='bbox 2725 3183 3074 3265; x_wconf 85' lang='lat' dir='ltr'><strong>muniaque</strong></span> <span class='ocrx_word' id='word_1_323' title='bbox 3126 3183 3205 3247; x_wconf 88' lang='lat' dir='ltr'><strong>ad</strong></span> 
     </span>
     <span class='ocr_line' id='line_1_32' title="bbox 579 3291 1631 3372; baseline -0.004 -15"><span class='ocrx_word' id='word_1_324' title='bbox 579 3312 730 3357; x_wconf 87' lang='lat' dir='ltr'><strong>eum</strong></span> <span class='ocrx_word' id='word_1_325' title='bbox 764 3292 1061 3355; x_wconf 88' lang='lat' dir='ltr'><strong>ordinata</strong></span> <span class='ocrx_word' id='word_1_326' title='bbox 1091 3291 1211 3354; x_wconf 88' lang='lat' dir='ltr'><strong>rite</strong></span> <span class='ocrx_word' id='word_1_327' title='bbox 1243 3291 1631 3372; x_wconf 89' lang='lat' dir='ltr'><strong>peragenda.</strong></span> 
     </span>
    </p>
   </div>
   <div class='ocr_carea' id='block_1_5' title="bbox 581 3415 3213 4353">
    <p class='ocr_par' dir='ltr' id='par_1_6' title="bbox 581 3415 3213 4353">
     <span class='ocr_line' id='line_1_33' title="bbox 764 3415 3205 3486; baseline -0.002 -2"><span class='ocrx_word' id='word_1_328' title='bbox 764 3420 909 3484; x_wconf 77' lang='lat'><strong>573.</strong></span> <span class='ocrx_word' id='word_1_329' title='bbox 945 3417 1298 3485; x_wconf 82' lang='lat' dir='ltr'><strong>Scholion</strong></span> <span class='ocrx_word' id='word_1_330' title='bbox 1332 3418 1431 3486; x_wconf 86' lang='grc' dir='ltr'><strong>ΙΙ.</strong></span> <span class='ocrx_word' id='word_1_331' title='bbox 1482 3417 1580 3479; x_wconf 80' lang='lat' dir='ltr'><strong>De</strong></span> <span class='ocrx_word' id='word_1_332' title='bbox 1613 3417 1940 3479; x_wconf 79' lang='lat' dir='ltr'><strong>ordinibus</strong></span> <span class='ocrx_word' id='word_1_333' title='bbox 1970 3416 2331 3484; x_wconf 78' lang='lat' dir='ltr'><strong>minoribus,</strong></span> <span class='ocrx_word' id='word_1_334' title='bbox 2366 3454 2450 3464; x_wconf 89' lang='lat'><strong>—</strong></span> <span class='ocrx_word' id='word_1_335' title='bbox 2485 3415 2751 3481; x_wconf 88' lang='lat' dir='ltr'><strong>Praeter</strong></span> <span class='ocrx_word' id='word_1_336' title='bbox 2780 3416 2903 3480; x_wconf 89' lang='lat' dir='ltr'><strong>hos</strong></span> <span class='ocrx_word' id='word_1_337' title='bbox 2937 3422 3069 3481; x_wconf 90' lang='lat' dir='ltr'><strong>tres</strong></span> <span class='ocrx_word' id='word_1_338' title='bbox 3103 3434 3205 3480; x_wconf 91' lang='lat' dir='ltr'><strong>or-</strong></span> 
     </span>
     <span class='ocr_line' id='line_1_34' title="bbox 581 3521 3206 3609; baseline 0 -24"><span class='ocrx_word' id='word_1_339' title='bbox 581 3523 766 3586; x_wconf 89' lang='lat' dir='ltr'><strong>dines</strong></span> <span class='ocrx_word' id='word_1_340' title='bbox 796 3523 1010 3603; x_wconf 87' lang='lat' dir='ltr'><strong>plures</strong></span> <span class='ocrx_word' id='word_1_341' title='bbox 1044 3523 1150 3587; x_wconf 89' lang='lat' dir='ltr'><strong>alii</strong></span> <span class='ocrx_word' id='word_1_342' title='bbox 1183 3541 1224 3586; x_wconf 93' lang='lat' dir='ltr'><strong>a</strong></span> <span class='ocrx_word' id='word_1_343' title='bbox 1256 3523 1529 3586; x_wconf 90' lang='lat' dir='ltr'><strong>concilio</strong></span> <span class='ocrx_word' id='word_1_344' title='bbox 1566 3521 1747 3586; x_wconf 90' lang='lat' dir='ltr'><strong>trid.</strong></span> <span class='ocrx_word' id='word_1_345' title='bbox 1784 3541 1939 3587; x_wconf 75' lang='lat' dir='ltr'><strong>sess,</strong></span> <span class='ocrx_word' id='word_1_346' title='bbox 1961 3527 2046 3591; x_wconf 84' lang='lat'><strong>23</strong></span> <span class='ocrx_word' id='word_1_347' title='bbox 2068 3540 2119 3585; x_wconf 91' lang='lat' dir='ltr'><strong>c.</strong></span> <span class='ocrx_word' id='word_1_348' title='bbox 2141 3527 2182 3591; x_wconf 81' lang='grc'><strong>2</strong></span> <span class='ocrx_word' id='word_1_349' title='bbox 2221 3523 2723 3609; x_wconf 82' lang='lat' dir='ltr'><strong>recensentur1),</strong></span> <span class='ocrx_word' id='word_1_350' title='bbox 2756 3541 3034 3605; x_wconf 89' lang='lat' dir='ltr'><strong>quorum</strong></span> <span class='ocrx_word' id='word_1_351' title='bbox 3066 3539 3206 3586; x_wconf 92' lang='lat' dir='ltr'><strong>om-</strong></span> 
     </span>
     <span class='ocr_line' id='line_1_35' title="bbox 583 3627 3209 3711; baseline -0.001 -18"><span class='ocrx_word' id='word_1_352' title='bbox 583 3630 763 3693; x_wconf 87' lang='lat' dir='ltr'><strong>nium</strong></span> <span class='ocrx_word' id='word_1_353' title='bbox 795 3630 981 3694; x_wconf 91' lang='lat' dir='ltr'><strong>simul</strong></span> <span class='ocrx_word' id='word_1_354' title='bbox 1007 3630 1144 3711; x_wconf 87' lang='lat' dir='ltr'><strong>jam</strong></span> <span class='ocrx_word' id='word_1_355' title='bbox 1176 3630 1394 3694; x_wconf 90' lang='lat' dir='ltr'><strong>seculo</strong></span> <span class='ocrx_word' id='word_1_356' title='bbox 1428 3628 1520 3692; x_wconf 91' lang='lat' dir='ltr'><strong>Ill.</strong></span> <span class='ocrx_word' id='word_1_357' title='bbox 1557 3629 1953 3694; x_wconf 88' lang='lat' dir='ltr'><strong>mentionem</strong></span> <span class='ocrx_word' id='word_1_358' title='bbox 1985 3627 2136 3693; x_wconf 88' lang='lat' dir='ltr'><strong>facit</strong></span> <span class='ocrx_word' id='word_1_359' title='bbox 2167 3628 2571 3694; x_wconf 90' lang='lat' dir='ltr'><strong>Cornelius</strong></span> <span class='ocrx_word' id='word_1_360' title='bbox 2612 3646 2782 3711; x_wconf 89' lang='lat' dir='ltr'><strong>papa</strong></span> <span class='ocrx_word' id='word_1_361' title='bbox 2813 3629 2877 3692; x_wconf 90' lang='lat' dir='ltr'><strong>in</strong></span> <span class='ocrx_word' id='word_1_362' title='bbox 2910 3629 3094 3709; x_wconf 85' lang='lat' dir='ltr'><strong>epist.</strong></span> <span class='ocrx_word' id='word_1_363' title='bbox 3127 3628 3209 3692; x_wconf 91' lang='lat' dir='ltr'><strong>ad</strong></span> 
     </span>
     <span class='ocr_line' id='line_1_36' title="bbox 588 3734 3207 3821; baseline 0 -22"><span class='ocrx_word' id='word_1_364' title='bbox 588 3736 855 3800; x_wconf 87' lang='lat' dir='ltr'><strong>Fabium</strong></span> <span class='ocrx_word' id='word_1_365' title='bbox 888 3737 1350 3800; x_wconf 89' lang='lat' dir='ltr'><strong>antiochenum</strong></span> <span class='ocrx_word' id='word_1_366' title='bbox 1384 3737 1475 3800; x_wconf 91' lang='lat' dir='ltr'><strong>ita</strong></span> <span class='ocrx_word' id='word_1_367' title='bbox 1495 3735 1818 3799; x_wconf 85' lang='lat' dir='ltr'><strong>scribens:</strong></span> <span class='ocrx_word' id='word_1_368' title='bbox 1859 3734 2002 3809; x_wconf 87' lang='lat' dir='ltr'><strong>,Ille</strong></span> <span class='ocrx_word' id='word_1_369' title='bbox 2035 3753 2187 3816; x_wconf 89' lang='lat' dir='ltr'><strong>ergo</strong></span> <span class='ocrx_word' id='word_1_370' title='bbox 2207 3735 2532 3816; x_wconf 87' lang='lat' dir='ltr'><strong>Evangelii</strong></span> <span class='ocrx_word' id='word_1_371' title='bbox 2552 3735 2786 3800; x_wconf 87' lang='lat' dir='ltr'><strong>vindex</strong></span> <span class='ocrx_word' id='word_1_372' title='bbox 2819 3734 3207 3821; x_wconf 87' lang='lat' dir='ltr'><strong>(Novatia-</strong></span> 
     </span>
     <span class='ocr_line' id='line_1_37' title="bbox 585 3842 3209 3930; baseline 0 -24"><span class='ocrx_word' id='word_1_373' title='bbox 585 3863 762 3920; x_wconf 79' lang='lat' dir='ltr'><strong>nuS,</strong></span> <span class='ocrx_word' id='word_1_374' title='bbox 810 3862 1000 3925; x_wconf 89' lang='lat' dir='ltr'><strong>quem</strong></span> <span class='ocrx_word' id='word_1_375' title='bbox 1047 3844 1138 3906; x_wconf 89' lang='lat' dir='ltr'><strong>ita</strong></span> <span class='ocrx_word' id='word_1_376' title='bbox 1182 3861 1297 3924; x_wconf 87' lang='lat' dir='ltr'><strong>per</strong></span> <span class='ocrx_word' id='word_1_377' title='bbox 1346 3843 1620 3906; x_wconf 90' lang='lat' dir='ltr'><strong>ironiam</strong></span> <span class='ocrx_word' id='word_1_378' title='bbox 1667 3843 1973 3930; x_wconf 81' lang='lat' dir='ltr'><strong>appellat)</strong></span> <span class='ocrx_word' id='word_1_379' title='bbox 2020 3842 2379 3923; x_wconf 88' lang='lat' dir='ltr'><strong>ignorabat,</strong></span> <span class='ocrx_word' id='word_1_380' title='bbox 2426 3861 2627 3907; x_wconf 91' lang='lat' dir='ltr'><strong>unum</strong></span> <span class='ocrx_word' id='word_1_381' title='bbox 2660 3843 3035 3925; x_wconf 89' lang='lat' dir='ltr'><strong>episcopum</strong></span> <span class='ocrx_word' id='word_1_382' title='bbox 3068 3861 3209 3907; x_wconf 87' lang='lat' dir='ltr'><strong>esse</strong></span> 
     </span>
     <span class='ocr_line' id='line_1_38' title="bbox 587 3948 3207 4037; baseline -0.001 -23"><span class='ocrx_word' id='word_1_383' title='bbox 587 3957 883 4032; x_wconf 87' lang='lat' dir='ltr'><strong>oportere</strong></span> <span class='ocrx_word' id='word_1_384' title='bbox 918 3952 984 4015; x_wconf 90' lang='lat' dir='ltr'><strong>in</strong></span> <span class='ocrx_word' id='word_1_385' title='bbox 1016 3951 1303 4015; x_wconf 88' lang='lat' dir='ltr'><strong>Ecclesia</strong></span> <span class='ocrx_word' id='word_1_386' title='bbox 1334 3949 1704 4014; x_wconf 78' lang='lat' dir='ltr'><strong>catholica?</strong></span> <span class='ocrx_word' id='word_1_387' title='bbox 1739 3950 1805 4013; x_wconf 89' lang='lat' dir='ltr'><strong>in</strong></span> <span class='ocrx_word' id='word_1_388' title='bbox 1837 3968 1967 4032; x_wconf 90' lang='lat' dir='ltr'><strong>qua</strong></span> <span class='ocrx_word' id='word_1_389' title='bbox 1999 3950 2274 4037; x_wconf 85' lang='lat' dir='ltr'><strong>(Romae</strong></span> <span class='ocrx_word' id='word_1_390' title='bbox 2308 3950 2464 4036; x_wconf 91' lang='lat' dir='ltr'><strong>scil.)</strong></span> <span class='ocrx_word' id='word_1_391' title='bbox 2500 3969 2631 4014; x_wconf 90' lang='lat' dir='ltr'><strong>non</strong></span> <span class='ocrx_word' id='word_1_392' title='bbox 2663 3951 2722 4015; x_wconf 91' lang='lat' dir='ltr'><strong>ei</strong></span> <span class='ocrx_word' id='word_1_393' title='bbox 2752 3948 3002 4014; x_wconf 88' lang='lat' dir='ltr'><strong>latebat</strong></span> <span class='ocrx_word' id='word_1_394' title='bbox 3021 3949 3207 4035; x_wconf 90' lang='lat' dir='ltr'><strong>(quo-</strong></span> 
     </span>
     <span class='ocr_line' id='line_1_39' title="bbox 585 4056 3211 4143; baseline -0.001 -23"><span class='ocrx_word' id='word_1_395' title='bbox 585 4057 781 4121; x_wconf 89' lang='lat' dir='ltr'><strong>modo</strong></span> <span class='ocrx_word' id='word_1_396' title='bbox 816 4058 986 4121; x_wconf 91' lang='lat' dir='ltr'><strong>enim</strong></span> <span class='ocrx_word' id='word_1_397' title='bbox 1017 4058 1219 4121; x_wconf 88' lang='lat' dir='ltr'><strong>latere</strong></span> <span class='ocrx_word' id='word_1_398' title='bbox 1251 4064 1469 4139; x_wconf 85' lang='lat' dir='ltr'><strong>potest</strong></span> <span class='ocrx_word' id='word_1_399' title='bbox 1483 4059 1558 4143; x_wconf 66' lang='lat'><strong>1³),</strong></span> <span class='ocrx_word' id='word_1_400' title='bbox 1610 4056 2023 4139; x_wconf 84' lang='lat' dir='ltr'><strong>presbyteros</strong></span> <span class='ocrx_word' id='word_1_401' title='bbox 2073 4075 2216 4122; x_wconf 87' lang='lat' dir='ltr'><strong>esse</strong></span> <span class='ocrx_word' id='word_1_402' title='bbox 2263 4057 2687 4138; x_wconf 88' lang='lat' dir='ltr'><strong>quadraginta</strong></span> <span class='ocrx_word' id='word_1_403' title='bbox 2719 4074 2848 4134; x_wconf 86' lang='lat' dir='ltr'><strong>sex,</strong></span> <span class='ocrx_word' id='word_1_404' title='bbox 2897 4056 3211 4120; x_wconf 90' lang='lat' dir='ltr'><strong>diaconos</strong></span> 
     </span>
     <span class='ocr_line' id='line_1_40' title="bbox 587 4163 3212 4246; baseline -0.001 -19"><span class='ocrx_word' id='word_1_405' title='bbox 587 4170 850 4245; x_wconf 87' lang='lat' dir='ltr'><strong>septem,</strong></span> <span class='ocrx_word' id='word_1_406' title='bbox 885 4163 1322 4228; x_wconf 89' lang='lat' dir='ltr'><strong>subdiaconos</strong></span> <span class='ocrx_word' id='word_1_407' title='bbox 1356 4171 1621 4244; x_wconf 82' lang='lat' dir='ltr'><strong>septem,</strong></span> <span class='ocrx_word' id='word_1_408' title='bbox 1656 4164 2102 4246; x_wconf 79' lang='lat' dir='ltr'><strong>acolythos</strong></span> <span class='ocrx_word' id='word_1_409' title='bbox 2134 4164 2296 4227; x_wconf 92' lang='lat' dir='ltr'><strong>duos</strong></span> <span class='ocrx_word' id='word_1_410' title='bbox 2329 4170 2394 4229; x_wconf 88' lang='lat' dir='ltr'><strong>et</strong></span> <span class='ocrx_word' id='word_1_411' title='bbox 2418 4164 2860 4246; x_wconf 87' lang='lat' dir='ltr'><strong>quadraginta,</strong></span> <span class='ocrx_word' id='word_1_412' title='bbox 2892 4163 3212 4227; x_wconf 83' lang='lat' dir='ltr'><strong>exorci-</strong></span> 
     </span>
     <span class='ocr_line' id='line_1_41' title="bbox 588 4269 3213 4353; baseline 0 -22"><span class='ocrx_word' id='word_1_413' title='bbox 588 4276 762 4333; x_wconf 87' lang='lat' dir='ltr'><strong>stas</strong></span> <span class='ocrx_word' id='word_1_414' title='bbox 796 4278 1012 4335; x_wconf 88' lang='lat' dir='ltr'><strong>autem</strong></span> <span class='ocrx_word' id='word_1_415' title='bbox 1049 4278 1113 4335; x_wconf 87' lang='lat' dir='ltr'><strong>et</strong></span> <span class='ocrx_word' id='word_1_416' title='bbox 1143 4271 1513 4335; x_wconf 86' lang='lat' dir='ltr'><strong>lectores</strong></span> <span class='ocrx_word' id='word_1_417' title='bbox 1545 4290 1693 4335; x_wconf 92' lang='lat' dir='ltr'><strong>cum</strong></span> <span class='ocrx_word' id='word_1_418' title='bbox 1727 4270 2115 4335; x_wconf 89' lang='lat' dir='ltr'><strong>ostiariis</strong></span> <span class='ocrx_word' id='word_1_419' title='bbox 2149 4271 2614 4353; x_wconf 87' lang='lat' dir='ltr'><strong>quinquaginta</strong></span> <span class='ocrx_word' id='word_1_420' title='bbox 2645 4270 2862 4334; x_wconf 74' lang='lat' dir='ltr'><strong>duos&lt;</strong></span> <span class='ocrx_word' id='word_1_421' title='bbox 2902 4269 2999 4335; x_wconf 87' lang='lat' dir='ltr'><strong>lta</strong></span> <span class='ocrx_word' id='word_1_422' title='bbox 3018 4270 3213 4335; x_wconf 88' lang='lat' dir='ltr'><strong>etiam</strong></span> 
     </span>
    </p>
   </div>
   <div class='ocr_carea' id='block_1_6' title="bbox 585 4505 3213 4817">
    <p class='ocr_par' dir='ltr' id='par_1_7' title="bbox 585 4505 3213 4817">
     <span class='ocr_line' id='line_1_42' title="bbox 813 4505 3210 4579; baseline -0.002 -18"><span class='ocrx_word' id='word_1_423' title='bbox 813 4512 847 4579; x_wconf 86' lang='lat'><strong>¹)</strong></span> <span class='ocrx_word' id='word_1_424' title='bbox 877 4508 964 4561; x_wconf 89' lang='lat' dir='ltr'><strong>Ad</strong></span> <span class='ocrx_word' id='word_1_425' title='bbox 992 4508 1219 4562; x_wconf 86' lang='lat' dir='ltr'><strong>ordines</strong></span> <span class='ocrx_word' id='word_1_426' title='bbox 1245 4510 1493 4563; x_wconf 86' lang='lat' dir='ltr'><strong>minores</strong></span> <span class='ocrx_word' id='word_1_427' title='bbox 1539 4525 1653 4561; x_wconf 91' lang='lat' dir='ltr'><strong>non</strong></span> <span class='ocrx_word' id='word_1_428' title='bbox 1694 4509 1915 4578; x_wconf 84' lang='lat' dir='ltr'><strong>spectat</strong></span> <span class='ocrx_word' id='word_1_429' title='bbox 1955 4508 2206 4571; x_wconf 84' lang='lat' dir='ltr'><strong>tonsura,</strong></span> <span class='ocrx_word' id='word_1_430' title='bbox 2247 4523 2395 4574; x_wconf 87' lang='lat' dir='ltr'><strong>quae</strong></span> <span class='ocrx_word' id='word_1_431' title='bbox 2435 4512 2519 4561; x_wconf 88' lang='lat' dir='ltr'><strong>est</strong></span> <span class='ocrx_word' id='word_1_432' title='bbox 2547 4507 2827 4576; x_wconf 87' lang='lat' dir='ltr'><strong>quaedam</strong></span> <span class='ocrx_word' id='word_1_433' title='bbox 2855 4505 3116 4560; x_wconf 84' lang='lat' dir='ltr'><strong>initiatio</strong></span> <span class='ocrx_word' id='word_1_434' title='bbox 3141 4505 3210 4558; x_wconf 86' lang='lat' dir='ltr'><strong>ad</strong></span> 
     </span>
     <span class='ocr_line' id='line_1_43' title="bbox 591 4586 3212 4656; baseline -0.001 -16"><span class='ocrx_word' id='word_1_435' title='bbox 591 4590 804 4641; x_wconf 80' lang='lat' dir='ltr'><strong>statum</strong></span> <span class='ocrx_word' id='word_1_436' title='bbox 833 4589 1166 4644; x_wconf 82' lang='lat' dir='ltr'><strong>clericalem.</strong></span> <span class='ocrx_word' id='word_1_437' title='bbox 1221 4588 1331 4651; x_wconf 83' lang='lat' dir='ltr'><strong>„Ut</strong></span> <span class='ocrx_word' id='word_1_438' title='bbox 1357 4589 1511 4642; x_wconf 89' lang='lat' dir='ltr'><strong>enim</strong></span> <span class='ocrx_word' id='word_1_439' title='bbox 1539 4588 1815 4653; x_wconf 88' lang='lat' dir='ltr'><strong>homines,</strong></span> <span class='ocrx_word' id='word_1_440' title='bbox 1842 4587 2040 4655; x_wconf 88' lang='lat' dir='ltr'><strong>inquit</strong></span> <span class='ocrx_word' id='word_1_441' title='bbox 2064 4586 2295 4642; x_wconf 86' lang='lat' dir='ltr'><strong>Catech.</strong></span> <span class='ocrx_word' id='word_1_442' title='bbox 2320 4588 2454 4643; x_wconf 85' lang='lat' dir='ltr'><strong>trid.</strong></span> <span class='ocrx_word' id='word_1_443' title='bbox 2482 4590 2534 4642; x_wconf 89' lang='lat'><strong>11</strong></span> <span class='ocrx_word' id='word_1_444' title='bbox 2558 4605 2603 4642; x_wconf 89' lang='lat' dir='ltr'><strong>c.</strong></span> <span class='ocrx_word' id='word_1_445' title='bbox 2632 4592 2665 4645; x_wconf 74' lang='lat'><strong>7</strong></span> <span class='ocrx_word' id='word_1_446' title='bbox 2692 4606 2747 4640; x_wconf 92' lang='lat' dir='ltr'><strong>n.</strong></span> <span class='ocrx_word' id='word_1_447' title='bbox 2774 4590 2861 4651; x_wconf 76' lang='lat'><strong>27,</strong></span> <span class='ocrx_word' id='word_1_448' title='bbox 2899 4587 2975 4639; x_wconf 86' lang='lat' dir='ltr'><strong>ad</strong></span> <span class='ocrx_word' id='word_1_449' title='bbox 3004 4586 3212 4656; x_wconf 81' lang='lat' dir='ltr'><strong>baptis-</strong></span> 
     </span>
     <span class='ocr_line' id='line_1_44' title="bbox 591 4666 3213 4738; baseline 0 -19"><span class='ocrx_word' id='word_1_450' title='bbox 591 4685 745 4720; x_wconf 86' lang='lat' dir='ltr'><strong>mum</strong></span> <span class='ocrx_word' id='word_1_451' title='bbox 774 4667 1117 4732; x_wconf 84' lang='lat' dir='ltr'><strong>exorcismis,</strong></span> <span class='ocrx_word' id='word_1_452' title='bbox 1144 4670 1216 4721; x_wconf 87' lang='lat' dir='ltr'><strong>ad</strong></span> <span class='ocrx_word' id='word_1_453' title='bbox 1244 4668 1678 4722; x_wconf 86' lang='lat' dir='ltr'><strong>matrimonium</strong></span> <span class='ocrx_word' id='word_1_454' title='bbox 1723 4666 2087 4738; x_wconf 84' lang='lat' dir='ltr'><strong>sponsalibus</strong></span> <span class='ocrx_word' id='word_1_455' title='bbox 2131 4668 2461 4737; x_wconf 83' lang='lat' dir='ltr'><strong>praeparari</strong></span> <span class='ocrx_word' id='word_1_456' title='bbox 2506 4669 2719 4728; x_wconf 80' lang='lat' dir='ltr'><strong>solent:</strong></span> <span class='ocrx_word' id='word_1_457' title='bbox 2765 4667 2848 4720; x_wconf 82' lang='lat' dir='ltr'><strong>ita</strong></span> <span class='ocrx_word' id='word_1_458' title='bbox 2892 4684 3022 4721; x_wconf 89' lang='lat' dir='ltr'><strong>cum</strong></span> <span class='ocrx_word' id='word_1_459' title='bbox 3051 4668 3213 4719; x_wconf 89' lang='lat' dir='ltr'><strong>tonso</strong></span> 
     </span>
     <span class='ocr_line' id='line_1_45' title="bbox 585 4745 3139 4817; baseline -0 -18"><span class='ocrx_word' id='word_1_460' title='bbox 585 4746 798 4816; x_wconf 80' lang='lat' dir='ltr'><strong>capillo</strong></span> <span class='ocrx_word' id='word_1_461' title='bbox 827 4747 941 4802; x_wconf 89' lang='lat' dir='ltr'><strong>Deo</strong></span> <span class='ocrx_word' id='word_1_462' title='bbox 970 4748 1325 4813; x_wconf 79' lang='lat' dir='ltr'><strong>dedicantur,</strong></span> <span class='ocrx_word' id='word_1_463' title='bbox 1353 4755 1649 4816; x_wconf 81' lang='lat' dir='ltr'><strong>tamquam</strong></span> <span class='ocrx_word' id='word_1_464' title='bbox 1679 4748 1874 4802; x_wconf 85' lang='lat' dir='ltr'><strong>aditus</strong></span> <span class='ocrx_word' id='word_1_465' title='bbox 1899 4748 1972 4800; x_wconf 84' lang='lat' dir='ltr'><strong>ad</strong></span> <span class='ocrx_word' id='word_1_466' title='bbox 2001 4747 2219 4801; x_wconf 89' lang='lat' dir='ltr'><strong>ordinis</strong></span> <span class='ocrx_word' id='word_1_467' title='bbox 2248 4751 2663 4802; x_wconf 80' lang='lat' dir='ltr'><strong>sacramentum</strong></span> <span class='ocrx_word' id='word_1_468' title='bbox 2691 4746 2807 4803; x_wconf 90' lang='lat' dir='ltr'><strong>illis</strong></span> <span class='ocrx_word' id='word_1_469' title='bbox 2831 4745 3139 4817; x_wconf 78' lang='lat' dir='ltr'><strong>aperitur.⁶·</strong></span> 
     </span>
    </p>
   </div>
  </div>
 </body>
</html>
