3538 5364
410 298 417 305 -
525 277 664 340 684
1020 266 1205 320 Tract.
1233 267 1299 319 X.
1327 267 1396 320 de
1424 265 1541 320 Deo
1568 267 2042 319 consummatore.
2070 264 2151 319 De
2177 280 2342 319 cruce
2369 265 2672 321 dominica.

532 449 822 513 innititur
872 456 937 513 et
986 466 1152 530 quae
1202 467 1243 511 a
1291 467 1338 511 s.
1390 446 1451 511 M
1470 447 1738 511 aximo
1786 447 2175 522 audivimu53
2227 464 2307 510 ex
2359 446 2610 524 modo,
2661 466 2788 529 quo
2846 447 3170 530 reliquiae

526 563 905 620 sanctorum
930 554 1067 636 jam
1100 572 1141 617 a
1170 555 1602 620 remotissima
1635 554 2016 636 antiquitate
2036 551 2335 618 solebant
2354 553 2508 618 coli:
2540 553 2858 635 prodebat
2890 554 3063 617 enim
3085 574 3168 618 se

530 664 635 725 hic
667 662 875 726 cultus
907 661 1241 748 multiplici·
1268 662 1391 747 ritu
1423 661 1751 739 religioso;
1787 679 1866 725 ex
1898 658 2177 725 indole
2209 652 2553 738 societatiS,
2586 661 2650 724 in
2684 680 2813 743 qua
2833 661 3161 725 coluntur.

708 770 777 836 4.
813 766 1031 832 Cultus
1064 768 1166 832 ille
1199 762 1446 833 censeri
1476 769 1698 850 nequit
1728 768 1963 849 impius
1997 774 2062 833 et
2090 768 2547 845 idololatricuS,
2580 769 2688 850 qui
2718 769 2870 832 hinc
2893 768 3163 850 quidem

527 875 840 957 eloquens
873 882 971 940 est
1001 859 1466 939 demonstratio
1500 874 1808 956 triumphi
1840 892 1881 937 a
1912 871 2165 938 Christo
2199 875 2279 939 de
2305 873 2671 939 idololatria
2702 875 2907 951 relati,
2945 876 3162 938 omni-

531 982 810 1063 potentis
844 981 1129 1062 ejusdem
1161 981 1413 1045 virtutis
1434 987 1625 1063 atque
1657 981 2024 1056 divinitatis,
2057 980 2205 1046 inde
2236 1000 2391 1048 vero
2424 980 2651 1046 efficax
2683 982 2767 1045 ad
2798 1000 2991 1048 omne
3022 983 3162 1046 vir-

533 1096 743 1153 tutum
773 1107 975 1169 genus
1007 1089 1399 1170 provocatio.
1463 1087 1792 1169 Ejusmodi
1839 1094 1939 1152 est
1967 1088 2380 1170 reliquiarum
2413 1088 2635 1153 cultus.
2698 1089 3026 1176 Frequens
3059 1097 3163 1155 est

528 1194 583 1258 C
598 1196 640 1259 h
656 1215 687 1258 r
705 1216 743 1277 y
764 1215 794 1259 s
814 1213 852 1258 o
870 1202 998 1259 sto
1016 1215 1080 1258 m
1098 1214 1139 1258 u
1156 1213 1186 1256 s
1220 1195 1284 1256 in
1317 1194 1698 1275 expoliendo
1731 1195 1857 1257 hoc
1890 1201 2284 1275 argumento

713 1307 1038 1381 ,Sepulcra
1068 1324 1289 1376 eorum,
1324 1306 1523 1381 inquit
1553 1306 1706 1365 hom.
1744 1314 1823 1369 26
1859 1307 1921 1365 in
1959 1316 2014 1369 2.
2038 1306 2163 1365 Cor.
2184 1326 2241 1366 n.
2268 1317 2321 1378 5,
2356 1307 2463 1382 qui
2482 1307 2768 1366 crucifixo
2795 1307 3157 1377 servierunt,

529 1397 724 1473 regias
758 1397 923 1454 aulas
970 1395 1283 1470 splendore
1329 1395 1597 1463 vincunt,
1649 1413 1767 1454 non
1818 1398 2054 1454 tantum
2101 1394 2510 1471 magnitudine
2557 1400 2662 1455 aut
2705 1395 3159 1472 pulchritudine

528 1485 965 1554 aedificiorum3
1014 1504 1151 1543 nam
1187 1483 1295 1542 hac
1325 1483 1504 1542 etiam
1538 1487 1705 1560 parte
1737 1484 1842 1542 illa
1875 1488 2191 1560 superant3
2238 1485 2359 1553 sed,
2408 1484 2568 1559 quod
2599 1485 2789 1543 multo
2819 1486 3011 1560 majus
3043 1498 3158 1556 est,

529 1574 878 1634 coeuntium
910 1573 1111 1632 studio
1143 1576 1203 1632 et
1234 1573 1554 1631 alacritate.
1610 1574 1760 1632 Nam
1794 1578 1856 1632 et
1886 1574 2006 1644 ille,
2037 1574 2143 1648 qui
2175 1593 2499 1649 purpuram
2531 1577 2741 1650 gestat,
2775 1574 2851 1632 ad
2882 1575 3161 1648 sepulcra

534 1664 638 1722 illa
686 1682 747 1721 se
794 1662 1039 1733 confert,
1087 1665 1158 1720 ut
1203 1680 1272 1720 ea
1316 1663 1710 1733 exosculetur,
1757 1663 2108 1737 abjectoque
2153 1664 2315 1721 fastu
2361 1663 2611 1738 supplex
2644 1667 2766 1721 stat
2798 1669 3159 1739 sanctosque

530 1753 819 1820 obsecrat,
853 1756 926 1809 ut
958 1751 1074 1827 ipsi
1107 1751 1264 1826 apud
1299 1751 1487 1810 Deum
1519 1751 1635 1809 sibi
1667 1751 1967 1826 praesidio
2001 1751 2153 1809 sint:
2190 1754 2372 1827 atque
2404 1754 2474 1809 ut
2505 1754 2566 1809 et
2596 1753 2994 1811 tentoriorum
3027 1754 3157 1828 opi-

528 1842 698 1900 ficem
746 1843 806 1897 et
850 1841 1204 1915 piscatorem
1235 1840 1354 1899 fato
1387 1840 1625 1919 functos
1660 1842 1940 1915 patronos
1973 1840 2202 1910 habeat,
2248 1841 2526 1916 precibus
2572 1841 2624 1899 is
2671 1841 2998 1909 contendit,
3047 1843 3156 1917 qui

529 1929 866 1988 diademate
898 1930 1129 1988 cinctus
1160 1932 1269 1990 est.
1336 1929 1566 2005 Ergone
1599 1929 1717 1999 dic,
1752 1947 1991 2004 quaeSO,
2026 1930 2235 1988 horum
2273 1929 2592 1988 Dominum
2624 1934 2926 1989 mortuum
2958 1929 3155 1988 dicere

528 2019 797 2088 audebiS,
831 2019 1002 2094 cujus
1037 2018 1210 2088 servi,
1254 2018 1432 2077 etiam
1468 2017 1752 2089 defuncti,
1800 2036 2019 2089 eorum,
2066 2018 2171 2093 qui
2216 2018 2493 2077 universo
2525 2019 2656 2077 orbi
2687 2018 3000 2094 imperant,
3049 2039 3154 2094 pa·

533 2107 687 2167 troni
740 2111 967 2167 sunt?‘
1041 2107 1120 2165 cf.
1166 2107 1357 2167 inPS.
1393 2116 1505 2174 48;
1557 2108 1621 2165 in
1673 2107 1709 2166 l.
1755 2107 1917 2182 quod
1950 2107 2222 2165 Christus
2255 2107 2336 2165 sit
2367 2107 2556 2177 Deus3
2609 2107 3158 2166 Theodoretus

531 2216 706 2256 serm.
745 2206 778 2260 8
815 2197 886 2255 de
920 2196 1196 2255 curandis
1229 2214 1418 2272 graec.
1452 2195 1637 2254 effect.
1672 2196 2160 2271 eloquentissime
2193 2196 2508 2278 disserenS,
2543 2200 2604 2254 et
2633 2197 2738 2255 alii
2768 2197 2927 2273 apud
2959 2197 3158 2256 Tho-

535 2285 953 2345 massinum
984 2284 1203 2345 xl1.1.
1240 2294 1308 2354 23
1346 2303 1392 2343 s.
1426 2284 1745 2343 Thomas
1783 2295 1817 2348 3
1852 2305 1908 2361 p.
1944 2304 1999 2360 q.
2035 2294 2114 2347 25
2150 2305 2201 2344 a.
2238 2296 2305 2355 6;
2342 2285 2643 2343 Oswald
2677 2290 2816 2348 sect.
2853 2294 2887 2347 2
2925 2304 2969 2344 c.
3009 2297 3066 2348 4.

688 2392 861 2456 734.
896 2386 1390 2455 corollarium
1422 2387 1483 2453 I.
1569 2386 1666 2450 De
1713 2408 1893 2449 cruce
1941 2388 2279 2451 dominica.
2311 2425 2396 2435 —
2430 2383 2678 2465 Omnia,
2727 2381 2897 2469 quae
2947 2388 3159 2451 cultus

534 2494 950 2576 reliquiarum
982 2492 1265 2574 probant
1295 2494 1602 2574 pietatem
1648 2499 1711 2558 et
1753 2494 2180 2570 honestatem,
2230 2493 2578 2558 ostendunt
2610 2490 2822 2569 etiam,
2854 2495 3021 2560 inter
3052 2513 3159 2558 re-

535 2600 765 2681 liquias
798 2616 1023 2662 omnes
1058 2616 1170 2662 eas
1202 2598 1480 2662 maxime
1514 2616 1655 2662 esse
1688 2597 2012 2675 colendae,
2046 2616 2213 2680 quae
2246 2599 2691 2681 pertinuerunt
2710 2600 2792 2663 ad
2813 2598 3159 2673 Christum,

534 2706 917 2770 nominatim
948 2706 1187 2785 lignum
1220 2706 1390 2782 illud,
1425 2705 1490 2768 in
1524 2724 1651 2786 quo
1684 2705 1859 2776 salus
1892 2706 2112 2769 mundi
2144 2707 2464 2789 pependit.
2528 2708 2687 2771 Hinc
2719 2707 3064 2772 Damasc
3085 2728 3156 2773 e-

534 2832 685 2876 nus
719 2812 784 2875 F.
818 2809 889 2875 O.
922 2811 1022 2890 IV,
1060 2818 1173 2881 ll:
1244 2813 1414 2886 „Hoc
1447 2813 1663 2894 itaque
1696 2814 2051 2893 pretiosum
2104 2832 2262 2877 sane
2295 2832 2373 2878 ac
2402 2815 2768 2881 venerabile
2800 2816 3057 2896 lignum,
3089 2818 3155 2879 in

532 2939 664 3002 quo
696 2939 768 2985 se
799 2918 1088 2983 Christus
1121 2938 1236 3001 pro
1269 2918 1456 2982 nobis
1488 2919 1767 2983 hostiam
1803 2919 2051 2996 obtulit,
2107 2922 2199 2985 uti
2231 2940 2312 2984 SS.
2346 2922 2634 3002 corporis
2666 2927 2863 3004 atque
2893 2923 3155 3001 sangui-

533 3029 632 3091 nis
665 3033 839 3090 tactu
870 3026 1340 3090 sanctificatum
1366 3025 1511 3106 jure
1543 3025 1736 3091 debet
1767 3027 2055 3091 adorari:
2088 3026 2381 3109 clavique
2412 3028 2566 3092 item
2598 3034 2662 3092 et
2693 3028 2937 3102 lancea,
2973 3036 3036 3093 et
3057 3029 3154 3091 in-

530 3133 843 3198 dumenta
888 3138 953 3198 et
992 3149 1218 3197 sacrae
1269 3133 1405 3213 ejus
1440 3134 1811 3198 mansiones
1844 3135 1903 3197 h.
1937 3152 1988 3199 e.
2022 3152 2351 3216 praesepe,
2385 3151 2615 3216 specus
2648 3134 2969 3210 salutarie,
3001 3133 3155 3198 Gol-

532 3239 747 3319 gatha,
778 3239 1097 3304 vivificum
1128 3240 1508 3321 sepulcrum,
1559 3238 1715 3304 Sion
1745 3240 2161 3305 ecclesiarum
2197 3258 2311 3304 arx
2346 3248 2411 3305 et
2441 3240 2727 3305 similia‘
2795 3240 3004 3319 Quam
3037 3260 3155 3305 au-

535 3352 665 3411 tem
696 3345 989 3425 vulgatus
1023 3345 1210 3410 fuerit
1241 3347 1395 3410 olim
1429 3347 1532 3410 hic
1564 3347 1774 3411 cultus
1794 3353 1975 3428 patet
1995 3365 2073 3411 ex
2096 3345 2394 3427 Cyrilli
2424 3347 2656 3412 hieros.
2691 3353 2813 3410 cat.
2854 3352 2935 3417 10
2955 3366 3015 3410 n.
3041 3353 3155 3416 18:

542 3453 846 3533 „Lignum
877 3452 1029 3516 illud
1061 3459 1357 3516 sanctum
1387 3451 1596 3515 crucis
1630 3458 1906 3517 testatur
1940 3451 2287 3538 (Christum
2322 3471 2465 3517 esse
2487 3453 2736 3540 Deum),
2770 3453 2945 3535 quod
2964 3453 3155 3518 hodie

533 3560 707 3641 apud
737 3577 858 3622 nos
890 3559 1169 3622 cernitur
1201 3565 1265 3623 et
1288 3577 1405 3641 per
1437 3577 1568 3636 e03,
1603 3560 1713 3641 qui
1744 3575 1891 3622 cum
1923 3559 2046 3623 fide
2076 3558 2459 3641 particulam
2491 3578 2571 3624 ex
2602 3559 2709 3623 illo
2741 3561 3021 3642 capiunt,
3056 3567 3156 3624 to-

535 3675 671 3731 turn
716 3667 948 3730 isthinc
998 3665 1222 3730 orbem
1273 3670 1590 3730 terrarum
1623 3664 1754 3730 fere
1787 3666 2104 3747 replevit‘
2172 3664 2259 3729 Cf.
2294 3673 2420 3729 cat.
2453 3672 2513 3733 4.
2547 3704 2633 3713 —
2666 3664 2734 3729 Si
2767 3684 2920 3730 vero
2952 3684 3156 3730 nova-

535 3782 705 3837 tores
738 3791 884 3837 cum
918 3772 1256 3854 gentilibus
1290 3772 1524 3857 (neque
1559 3773 1729 3837 enim
1761 3772 1992 3836 horum
2037 3774 2102 3836 in
2146 3772 2583 3854 impugnanda
2614 3772 2899 3837 Ecclesia
2930 3773 3156 3836 catho-

535 3880 658 3943 lica
719 3881 1096 3945 societatem
1158 3880 1440 3955 horrent,
1501 3879 1858 3961 iisdemque
1920 3881 2367 3961 exceptionum
2429 3881 2676 3945 naeniis
2731 3879 3156 3965 delectantur)

535 3994 871 4069 quaerunt,
905 4005 1104 4069 quare
1137 4006 1270 4051 non
1302 3987 1431 4050 alia
1468 4004 1723 4069 quoque
1769 4005 1937 4069 quae
1971 3987 2259 4051 Christus
2292 3988 2587 4068 tetigerit,
2633 3986 2927 4053 colantur
2958 3994 3030 4051 ut
3059 4006 3157 4051 ex.

532 4114 620 4175 gr.
656 4096 894 4170 asinuS,
929 4095 1031 4158 cui
1063 4095 1296 4159 insedit
1330 4095 1483 4181 (quo
1518 4094 1825 4174 exemplo¹
1846 4095 1946 4158 usi
1980 4102 2131 4158 sunt
2143 4094 2364 4175 judaei
2384 4101 2448 4159 et
2468 4092 2733 4175 gentiles
2766 4094 2937 4175 apud
2969 4111 3157 4156 auc-

533 4209 793 4266 torem
826 4222 926 4284 qq.
962 4201 1045 4265 ad
1076 4200 1464 4264 Antiochum
1498 4201 1663 4264 inter
1695 4218 1839 4281 opp.
1872 4199 2373 4286 Athanasii):
2405 4202 2889 4283 respondemus,
2921 4201 3159 4264 horum

531 4307 909 4372 cavillorum
942 4325 1325 4373 evanescere
1360 4306 1740 4384 futilitatem,
1774 4307 1830 4370 si
1863 4308 1945 4371 ad
1976 4307 2311 4371 hominum
2332 4305 2549 4373 mores
2570 4309 2870 4389 legesque
2891 4307 3159 4370 honoris

530 4414 945 4490 attendimuS,
980 4415 1333 4480 secundum
1366 4432 1526 4496 quas
1561 4432 1641 4478 ea
1673 4420 1926 4478 tantum
1972 4415 2219 4478 honore
2252 4414 2579 4491 afficimus.
2627 4431 2793 4496 quae
2827 4413 3157 4495 quandum

530 4519 783 4583 decoris
815 4522 1094 4602 speciem
1125 4539 1280 4602 prae
1313 4538 1383 4584 se
1416 4520 1640 4596 ferunt,
1676 4539 1799 4586 nec
1830 4521 1896 4584 in
1929 4520 2124 4585 ullam
2145 4530 2416 4603 possunt
2446 4523 2803 4586 facetorum
2820 4519 3161 4608 hominum

530 4625 943 4692 dicacitatem
975 4629 1329 4692 incurrere:
1382 4634 1453 4692 ut
1485 4627 1880 4709 significatur
1924 4628 2025 4692 vel
2058 4629 2122 4692 in
2156 4628 2295 4708 ipsa
2326 4629 2736 4711 reliquiarum
2768 4625 3159 4700 definitione,

531 4750 728 4813 quam
761 4752 822 4796 n.
858 4740 986 4802 728
1020 4734 1326 4798 dedimus.
1391 4733 1478 4799 Cf.
1513 4734 1910 4800 Petavius
1942 4734 2076 4810 XV,
2110 4741 2166 4806 8.
