3538 5364
1110 302 1379 355 tenentur
1404 297 1812 370 sponsionibus
1840 299 2127 370 baptismi.
2792 309 2918 373 277

301 499 503 562 neque
535 479 975 560 interrogandi
1007 486 1174 557 sunt,
1214 480 1494 546 velintne
1536 498 1616 545 ea
1652 486 1796 544 rata
1828 480 2086 546 habere.
2148 481 2313 561 Ergo
2359 499 2399 544 a
2448 481 2588 563 pari
2618 482 2694 545 iis
2726 482 2920 547 etiam

303 586 788 667 obstringentur
808 586 1323 668 obligationibuS,
1357 606 1518 669 quas
1552 588 1909 669 baptismus
1955 588 2037 651 ad
2084 589 2357 652 salutem
2402 606 2664 668 prorsus
2696 605 2920 653 neces-

292 692 498 757 sarius
531 710 754 758 secum
785 693 923 759 lert.
986 693 1305 760 Probatur

475 820 541 887 2.
579 836 660 882 ex
684 818 828 900 ,iure
860 820 1111 883 civili.
1174 819 1337 883 Nam
1362 820 1506 901 ,iure
1539 820 1706 884 civili
1739 821 1894 907 (imo
1928 827 1992 885 et
2022 820 2323 906 naturali)
2375 825 2675 885 tenentur
2704 820 2925 902 pupilli

299 926 372 987 iis
407 933 580 990 stare
612 926 841 1007 pactiS,
876 945 1042 1009 quae
1075 928 1139 991 in
1172 944 1397 991 eorum
1445 927 1784 992 utilitatem
1815 926 2093 991 inierunt
2125 934 2386 991 tutores,
2451 927 2646 1010 Atqui
2675 933 2924 992 tutores

277 1022 643 1096 ‘infantium
676 1040 832 1097 sunt
863 1040 1180 1114 parentes,
1213 1034 1463 1116 patrini,
1486 1033 1803 1098 Ecclesia:
1835 1052 2001 1116 quae
2033 1052 2186 1098 vero
2218 1034 2285 1097 hi
2305 1034 2642 1116 spondent,
2661 1033 2729 1096 in
2746 1052 2922 1097 sum-

301 1156 490 1214 mam,
524 1138 592 1201 in
624 1145 960 1204 aeternam
993 1159 1217 1205 eorum
1248 1140 1486 1206 cedunt
1533 1141 1811 1206 salutem
1842 1148 1907 1207 et
1938 1142 2367 1206 commodum.
2430 1140 2741 1222 lnjustum
2772 1158 2922 1220 ergo

311 1263 439 1307 non
474 1252 591 1322 est,
625 1246 682 1308 si
714 1245 798 1309 ab
833 1246 1064 1310 adultis
1097 1246 1384 1326 exigitur,
1418 1254 1488 1310 ut
1516 1247 1696 1311 hisce
1728 1254 1900 1312 stent
1943 1247 2290 1330 promissis.
2352 1248 2451 1311 Ad
2483 1248 2647 1312 haec
2677 1248 2739 1311 vi
2766 1249 2924 1329 juris

305 1352 506 1415 civilis
540 1359 842 1417 tenentur
875 1353 1171 1430 infanteS,
1223 1354 1376 1435 quin
1410 1354 1611 1420 adulti
1643 1355 2129 1435 interrogentur,
2162 1363 2424 1437 propter
2454 1355 2658 1418 solam
2689 1355 2923 1419 nativi-

309 1466 506 1522 tatem
540 1459 623 1522 ad
654 1459 828 1541 leges
860 1462 1109 1543 patriae
1141 1461 1411 1526 subinde
1445 1462 1656 1538 duraS,
1676 1461 1948 1526 subinde
1969 1461 2240 1538 inutileS,
2260 1461 2629 1527 servandas.
2662 1460 2922 1542 Quanto
2996 1442 3009 1457 ¹

315 1566 520 1629 minus
554 1585 707 1647 ergo
740 1567 1046 1649 injustum
1078 1575 1193 1646 est,
1226 1586 1339 1633 eos
1372 1569 1433 1632 vi
1465 1569 1973 1649 regenerationis
2005 1567 2321 1632 obnoxios
2353 1568 2487 1634 fieri
2521 1569 2764 1650 legibus
2795 1568 2922 1633 rei-

304 1672 598 1753 publicae
630 1675 1017 1740 christianae
1048 1676 1238 1757 plane
1271 1676 1704 1741 salutaribus?

485 1800 553 1866 3.
587 1798 916 1866 Probatur
948 1821 1024 1866 ex
1052 1802 1201 1883 jure
1233 1801 1624 1866 mosaico.
1658 1801 1935 1867 Infantes
1968 1802 2138 1867 enim
2163 1801 2548 1883 judaeorum
2568 1801 2630 1864 vi
2650 1802 2922 1865 circum-

306 1905 567 1970 cisionis
600 1908 865 1973 obnoxii
896 1910 1332 1975 reddebantur
1361 1910 1699 1976 universae
1730 1910 1854 1991 legi
1885 1910 2230 1975 mosaicae.
2263 1909 2667 1991 Quapropter
2697 1917 2925 1974 contra

299 2012 618 2092 justitiam
651 2034 783 2080 non
816 2018 955 2091 erit,
988 2018 1042 2081 si
1073 2018 1322 2099 parvuli
1353 2017 1660 2099 baptizati
1689 2018 1751 2081 vi
1785 2016 2286 2082 circumcisionis
2306 2014 2650 2099 spiritualis
2671 2017 2705 2079 i.
2730 2036 2780 2081 e.
2805 2018 2923 2082 ba-

305 2120 517 2199 ptismi
552 2122 636 2185 ad
665 2122 871 2204 legem
905 2124 1319 2188 christianam
1350 2125 1737 2191 servandam
1769 2124 2142 2205 obligentur.

481 2248 551 2314 4.
587 2246 912 2314 Probatur
943 2249 1216 2333 denique
1249 2269 1328 2315 ex
1353 2251 1495 2332 ,iure
1528 2250 1754 2313 divin
1774 2268 1840 2313 o:
1891 2267 2043 2313 nam
2077 2249 2579 2314 circumcisionis
2610 2250 2711 2315 lex
2742 2251 2921 2314 insti-

312 2353 576 2416 tutionis
609 2361 754 2419 erat
784 2356 1068 2422 divinae:
1102 2376 1253 2438 ergo
1286 2357 1638 2423 secundum
1664 2357 1773 2439 jus
1804 2356 2090 2421 divinum
2123 2365 2238 2435 est,
2270 2363 2342 2422 ut
2360 2358 2519 2438 quiS,
2553 2357 2705 2439 quin
2725 2357 2919 2421 inter-

312 2466 567 2539 rogetur
600 2461 705 2526 vel
736 2463 1119 2540 consentiat,
1164 2465 1510 2530 obstrictus
1560 2466 1643 2530 sit
1684 2465 1810 2547 legi
1855 2464 2108 2531 divinae
2138 2464 2513 2530 servandae.
2573 2463 2921 2529 Praeterea

318 2570 523 2632 omnis
556 2569 755 2634 homo
793 2570 856 2633 vi
885 2571 1253 2648 nativitatiS,
1285 2571 1438 2637 velit
1467 2572 1643 2649 nolit,
1675 2578 1931 2638 tenetur
1962 2572 2045 2636 ad
2064 2571 2219 2653 legis
2237 2571 2547 2635 naturalis
2567 2570 2920 2635 observan-

308 2675 474 2738 tiam.
511 2674 660 2740 Non
693 2676 813 2741 erit
845 2696 996 2758 ergo
1030 2686 1258 2743 contra
1294 2678 1400 2760 jus
1450 2678 1751 2756 divinum,
1795 2686 1866 2744 ut
1895 2677 2101 2745 infans
2132 2679 2196 2743 vi
2238 2678 2758 2759 regenerationis
2792 2698 2918 2760 quo

304 2783 366 2847 fit
398 2785 758 2850 membrum
791 2787 1029 2851 ordinis
1074 2788 1597 2870 supernaturaliS,
1630 2788 1950 2852 obnoxius
1981 2787 2287 2853 reddatur
2331 2786 2521 2868 hujus
2553 2784 2793 2849 ordinis
2825 2784 2916 2848 le-

299 2890 495 2969 gibus.
558 2891 856 2958 Ceterum
889 2895 1098 2957 omnis
1129 2900 1474 2960 evanescet
1506 2893 1861 2972 difficultaS,
1882 2895 1934 2957 si
1956 2901 2230 2969 notetur,
2265 2891 2555 2970 infanteS,
2575 2898 2920 2974 postquam

315 2997 733 3077 adoleverint,
772 2999 853 3063 ad
886 3000 950 3063 id
982 3006 1235 3065 tantum
1255 3000 1542 3082 obligari,
1563 3002 1648 3065 ad
1668 3002 1841 3084 quod
1861 3000 2222 3082 obligantur
2237 3000 2489 3065 etiamsi
2507 3018 2636 3064 non
2657 2997 2924 3063 fuissent

311 3103 633 3186 baptizati,
666 3107 1172 3189 independenter
1203 3126 1244 3172 a
1273 3107 1804 3191 promissionibus
1825 3109 1886 3172 in
1910 3108 2230 3190 baptismo
2252 3105 2452 3185 factiS,
2473 3107 2533 3170 vi
2546 3105 2707 3187 juris
2727 3105 2923 3168 divini

309 3212 637 3292 exigentis
672 3220 743 3277 ut
774 3222 989 3280 certae
1021 3223 1358 3280 serventur
1390 3215 1793 3279 conditiones
1826 3215 1908 3278 ad
1940 3215 2462 3296 consequendam
2495 3214 2784 3278 salutern.

482 3343 629 3407 317·
664 3341 920 3408 'rhesis
953 3341 1299 3409 CCXVII·
1345 3364 1758 3429 Baptismus
1796 3363 2119 3415 omnibus
2156 3366 2307 3414 tam
2343 3361 2671 3428 parvulis
2707 3374 2917 3428 quam

295 3450 562 3504 adultis
600 3454 699 3506 aa
732 3452 1032 3505 salutem
1070 3456 1171 3506 est
1206 3454 1668 3506 necessarius.

473 3552 918 3622 Declaratlo.
999 3559 1249 3634 Reliqua
1298 3562 1391 3616 est
1438 3558 1706 3634 quaestio
1767 3556 1856 3616 de
1904 3557 2279 3632 baptismi
2329 3557 2671 3628 necessitate,
2736 3573 2915 3628 quam

297 3653 600 3721 negarunt
630 3651 861 3706 veteres
892 3654 953 3706 et
984 3646 1340 3706 recentiores
1359 3647 1656 3705 haeretici.
1702 3646 1796 3705 Ita
1827 3645 2249 3722 pelagiani,
2285 3649 2498 3722 negato
2531 3645 2768 3719 peccato
2801 3644 2916 3701 ori-

296 3734 500 3810 ginali,
553 3735 943 3808 affirmabant,
994 3736 1358 3812 baptismum
1407 3734 1807 3794 necessarium
1853 3734 2094 3811 quidem
2144 3752 2273 3793 esse
2324 3734 2396 3792 ad
2448 3731 2918 3807 consequendam

298 3823 679 3899 adoptionem
727 3826 790 3882 in
835 3825 989 3885 filios
1022 3826 1130 3884 Dei
1175 3829 1235 3883 et
1280 3844 1532 3902 regnum
1564 3825 1895 3884 coelorum:
1947 3842 2068 3882 non
2116 3825 2316 3882 autem
2361 3823 2434 3880 ad
2480 3820 2919 3898 adipiscendam

298 3912 482 3970 vitam
511 3917 831 3984 aeternam,
866 3934 1041 3990 quam
1074 3915 1148 3973 ab
1178 3915 1283 3972 illo
1315 3913 1787 3991 distinguebant.
1836 3911 2246 3972 Sooiniani
2277 3930 2437 3982 vero,
2472 3909 2917 3978 arminiani,

297 4002 858 4062 rationalistae
891 4008 1016 4073 etc„
1062 4003 1298 4079 rejectis
1329 4003 1552 4079 pariter
1582 4006 1820 4079 peccato
1853 4002 2127 4080 originali
2159 4004 2220 4060 et
2254 4003 2754 4059 sacramentorum
2786 3997 2913 4057 effi—

294 4090 451 4148 cacia
482 4091 817 4150 conferendi
861 4093 1132 4170 gratiam,
1180 4095 1608 4168 consequenter
1649 4091 1931 4167 baptismi
1964 4090 2378 4150 necessitatem
2409 4087 2657 4147 inficiati
2690 4090 2835 4145 sunt
2849 4083 2914 4166 ¹).

297 4180 507 4238 Contra
539 4198 688 4255 qnos
722 4200 926 4240 omnes
959 4181 1177 4240 statuit
1208 4182 1526 4241 concilium
1571 4180 1750 4240 trid.
1786 4199 1927 4241 sess,
1967 4192 1996 4242 7
2035 4198 2190 4241 cano.
2229 4189 2295 4242 5:
2347 4179 2453 4247 ,Si
2498 4178 2632 4253 quis
2679 4176 2915 4245 dixerit,

297 4268 658 4344 baptismum
693 4270 946 4329 liberum
976 4288 1121 4341 esse,
1157 4270 1212 4327 h.
1245 4290 1291 4332 e.
1325 4289 1441 4329 non
1474 4270 1870 4329 necessarium
1904 4269 1975 4328 ad
2009 4269 2276 4338 salutem,
2312 4268 2377 4327 A.
2413 4267 2545 4336 S.;‹
2592 4270 2652 4324 et
2698 4283 2836 4324 sess,
2874 4275 2907 4326 6

519 4461 555 4530 ¹)
584 4457 800 4512 Mirum
829 4474 956 4512 vere
985 4462 1085 4522 est,
1113 4457 1398 4527 quomodo
1427 4459 1823 4527 protestanteS,
1852 4457 2049 4509 saltem
2079 4454 2398 4519 orthodoxi,
2428 4453 2699 4524 baptismi
2738 4468 2920 4507 neces-

301 4538 527 4591 sitatem
561 4538 712 4592 tueri
739 4537 978 4607 possint,
1020 4537 1066 4591 si
1107 4537 1229 4592 sola.
1271 4538 1406 4591 fides
1425 4538 1710 4606 justificat
1747 4543 1923 4604 atque
1952 4538 2302 4590 sacramenta
2329 4535 2547 4589 nullam
2574 4535 2790 4588 habent
2816 4531 2922 4584 vir-

304 4623 481 4672 tutem
514 4619 848 4673 conferendi
869 4618 1115 4688 gratiam
1136 4635 1204 4672 ex
1222 4634 1390 4687 opere
1412 4620 1662 4688 operato.
1692 4618 1799 4672 Sed
1817 4617 1919 4686 qui
1936 4616 2215 4670 rebellant
2228 4617 2498 4669 adversus
2513 4615 2920 4670 revelationem

299 4705 352 4752 et
381 4699 712 4755 infallibilis
742 4699 1022 4753 Ecclesiae
1050 4699 1471 4762 auctoritatem,
1498 4700 1715 4770 logicae
1745 4715 1974 4767 quoque
1997 4699 2197 4768 jugum
2220 4700 2481 4751 excutere
2503 4698 2741 4766 ejusque
2770 4699 2922 4767 leges

294 4783 658 4834 contemnere
685 4778 887 4834 solent.
2759 4780 2765 4785 ’
