3538 5364
626 237 763 301 414
1347 231 1530 284 Tract.
1562 232 1654 285 IX.
1680 232 1749 285 de
1778 232 2141 286 eucharistia..
2169 231 2524 288 Concionum

627 417 929 488 sacrificia,
963 416 1340 493 quotidianas
1372 417 1562 475 carnis
1592 420 1721 492 ejus
1754 421 1816 475 et
1849 418 2160 495 sauguinis
2192 419 2416 478 hostias
2437 419 2761 482 immolare.
2801 420 2959 479 Haec
2988 439 3248 496 namque

630 507 1015 584 singulariter
1042 505 1286 565 victima
1318 506 1391 563 ab
1424 510 1666 565 aeterno
1697 507 1950 566 interitu
1981 508 2233 567 animam
2264 508 2472 574 salvat.
2507 527 2656 583 quae
2687 509 2849 568 iilam
2885 510 3059 568 uobis
3092 500 3247 569 mor-

625 599 744 654 tem
780 595 1084 673 Unigeniti
1116 613 1223 669 per
1254 595 1603 671 mysterium
1636 598 1889 672 reparat,
1938 596 2043 671 qui
2087 596 2230 655 licet
2274 616 2592 674 resurgens
2623 618 2660 656 a
2690 597 2945 658 mortuis
2970 600 3098 674 jam
3130 618 3248 658 non

626 685 881 744 moritur
910 687 971 742 et
1000 702 1158 743 mors
1191 684 1245 742 ei
1276 685 1439 743 ultra
1469 703 1589 743 non
1623 684 2056 744 dominabitur:
2103 688 2305 745 tamen
2352 685 2414 743 in
2462 688 2781 763 semetipso
2827 687 3247 747 immortaliter

627 779 806 849 atque
838 773 1376 849 incorruptibiliter
1407 774 1632 845 vivenS,
1679 792 1787 850 pro
1832 774 2004 833 nobis
2049 774 2269 833 iterum
2301 775 2364 833 in
2396 776 2505 834 hoc
2537 776 2817 851 mysterio
2851 794 3049 835 sacrae
3081 777 3245 836 obla·

624 863 808 921 tionis
840 863 1202 921 immolatur.
1235 862 1379 937 Ejus
1413 862 1634 938 quippe
1665 863 1749 921 ibi
1782 882 1998 939 corpus
2019 863 2295 934 sumitur,
2330 864 2460 940 ejus
2493 883 2624 923 caro
2656 865 2719 922 in
2751 866 2960 941 populi
2993 867 3249 925 salutem

624 951 904 1027 partitur,
938 953 1066 1027 ejus
1099 952 1344 1028 sanguis
1376 970 1497 1009 non
1520 952 1646 1026 jam
1680 952 1740 1009 in
1774 971 1985 1011 manus
2019 952 2369 1026 infidelium,
2418 953 2518 1011 sed
2566 953 2630 1011 in
2677 972 2779 1012 ora
2810 954 3079 1013 fidelium
3111 955 3248 1013 fun·

625 1042 829 1115 ditur.
872 1041 1028 1099 Hinc
1059 1060 1199 1117 ergo
1231 1059 1567 1116 pensemus,
1602 1042 1780 1116 quale
1812 1042 1893 1099 sit
1923 1060 2029 1117 pro
2061 1042 2234 1100 nobis
2267 1042 2376 1100 hoc
2406 1042 2777 1114 sacrificium,
2810 1044 2971 1119 quod
3002 1062 3114 1118 pro
3147 1045 3246 1102 ab·

624 1129 923 1189 solutione
953 1133 1158 1188 nostra
1187 1130 1520 1206 passionem
1552 1130 1851 1205 unigeniti
1871 1130 2010 1189 Filii
2043 1149 2274 1207 semper
2293 1131 2582 1193 imitatur.
2616 1130 2758 1199 Quis
2790 1132 2949 1190 enim
2982 1132 3248 1192 fidelium

628 1219 842 1277 habere
873 1219 1125 1278 dubium
1157 1219 1366 1293 possit,
1413 1219 1477 1276 in
1523 1218 1651 1294 ipsa
1694 1219 2118 1278 immolationis
2153 1221 2298 1278 hora
2341 1219 2414 1278 ad
2461 1220 2780 1279 sacerdotis
2812 1239 3015 1281 vocem
3049 1224 3244 1281 coelos

625 1308 861 1383 aperiri,
908 1309 969 1366 in
1015 1309 1118 1367 illo
1164 1308 1219 1371 J.
1263 1307 1481 1366 Christi
1514 1309 1797 1383 mysterio
1831 1308 2174 1385 angelorum
2206 1310 2414 1368 choros
2447 1309 2668 1380 adesse,
2718 1311 2968 1369 summis
3000 1311 3122 1370 ima
3155 1330 3247 1369 so·

625 1399 787 1466 ciari,
833 1402 1067 1456 terrena
1113 1397 1465 1457 coelestibus
1502 1397 1699 1473 jungi,
1751 1416 2061 1473 unumque
2110 1417 2178 1456 ex
2230 1397 2573 1456 visibilibus
2614 1402 2799 1473 ‘atque
2833 1400 3244 1459 invisibilibus

626 1489 795 1547 fieri?
843 1487 954 1546 Sed
988 1505 1222 1546 necesse
1254 1490 1362 1557 est,
1395 1488 1467 1544 ut
1499 1505 1633 1543 cum
1664 1486 1809 1544 haec
1842 1486 2092 1563 agimuS,
2126 1488 2518 1562 nosmetipsos
2553 1488 2671 1546 Deo
2705 1488 2766 1545 in
2799 1489 2993 1547 cordis
3027 1490 3247 1547 contri-

622 1578 789 1636 tione
821 1580 1179 1635 mactemus:
1215 1575 1358 1650 quia
1390 1575 1494 1650 qui
1524 1575 1819 1651 passionis
1851 1576 2177 1634 dominicae
2208 1576 2498 1652 mysteria
2528 1576 2912 1647 celebramus,
2962 1578 3245 1637 debemus

622 1666 849 1725 imitari
882 1665 1042 1741 quod
1073 1664 1324 1742 agimus.
1376 1664 1539 1723 Tunc
1571 1683 1711 1741 ergo
1747 1683 1883 1722 vere
1913 1683 2020 1739 pro
2053 1665 2227 1723 nobis
2248 1664 2444 1723 hostia
2464 1665 2581 1723 erit
2600 1666 2739 1736 Deo,
2773 1684 2907 1724 cum
2941 1685 3051 1725 nos
3085 1668 3244 1742 ipsos

623 1757 885 1816 hostiam
913 1753 1279 1813 fecerimus<

806 1925 951 1981 432.
985 1910 1340 1978 Scholion
1375 1911 1805 1994 practicum.
1867 1914 2011 1973 Post
2042 1925 2162 1972 tam
2195 1916 2489 1990 praeclara
2522 1934 2600 1977 ss,
2631 1918 2869 1991 patrum
2900 1916 3246 1975 testimonia

623 2007 697 2064 de
730 2004 1120 2065 eucharistiae
1151 2003 1515 2078 praestantia
1548 2003 1749 2062 deesse
1782 2021 1903 2062 non
1933 2004 2156 2079 poterit
2186 2004 2434 2062 materia
2465 2004 2763 2063 concionis
2794 2003 2867 2061 de
2901 2003 3014 2063 hoc
3045 2023 3121 2063 ss.
3154 2024 3244 2063 sa-

622 2097 942 2153 eramento.
1004 2093 1196 2163 Quare
1230 2092 1486 2151 sufficiet
1516 2092 1803 2167 quaedam
1833 2094 2070 2150 tant-um
2104 2092 2393 2151 innuisse.

802 2214 861 2284 I.
894 2217 1047 2277 Huic
1078 2221 1441 2277 sacramento
1477 2217 1902 2275 accommodari
1933 2222 2185 2292 possunt
2217 2219 2312 2276 Ps.
2355 2230 2494 2287 110,
2532 2228 2587 2280 4.
2626 2228 2695 2281 5:
2731 2219 3078 2277 Memoriam
3112 2222 3241 2293 fecit

624 2308 982 2367 mirabilium
1014 2326 1253 2366 suorum
1284 2307 1614 2365 misericors
1644 2313 1695 2363 et
1725 2308 2034 2364 miserator
2065 2307 2372 2381 Dominus,
2405 2326 2590 2365 escam
2620 2308 2776 2366 dedit
2807 2308 3137 2367 timentibus
3167 2328 3238 2367 se.

622 2398 729 2457 Est
773 2398 934 2457 enim
982 2394 1041 2462 l.
1086 2396 1450 2455 eucharistia
1492 2395 1774 2454 memoria
1822 2395 2185 2454 mirabilium
2237 2396 2710 2467 divinorum,
2763 2397 3243 2472 splendidissima

620 2486 1051 2563 perfectionum
1085 2486 1419 2543 divinarum
1451 2484 1884 2542 manifestatio:

802 2627 869 2674 a.
903 2609 1309 2669 caritatis:
1358 2608 1502 2666 Cum
1535 2609 1824 2665 dilexisset
1854 2626 1990 2666 suos
2022 2654 2034 2666 .
2070 2654 2081 2665 .
2117 2652 2130 2665 .
2176 2610 2238 2665 in
2284 2610 2453 2682 finem
2483 2609 2685 2668 dilexit
2716 2628 2807 2668 eos
2837 2610 3006 2669 Joan.
3047 2622 3145 2684 13,
3191 2622 3239 2681 1,

623 2702 1007 2760 institutione
1039 2700 1220 2774 hujus
1252 2698 1601 2756 sacramenti
1633 2716 1977 2771 supremum
1998 2699 2263 2756 caritatis
2283 2698 2528 2774 gradum
2563 2693 2795 2782 (finem)
2830 2700 3062 2777 attigit:
3098 2702 3239 2777 quid

620 2791 782 2849 enim
828 2809 891 2849 se
937 2788 1341 2862 praestantius
1385 2786 1587 2862 potuit
1636 2786 1804 2844 dare:
1857 2804 2039 2861 seque
2084 2786 2252 2845 dedit
2297 2806 2428 2845 cum
2459 2790 2628 2846 tanta
2674 2789 2767 2847 sui
2813 2789 3237 2860 exinanitione,

622 2898 756 2938 cum
789 2883 958 2937 tanta
989 2896 1124 2936 eum
1158 2895 1223 2934 ex
1255 2878 1423 2952 parte
1455 2880 1661 2932 nostra
1691 2874 2013 2950 accipiendi
2047 2875 2325 2934 facilitate
2361 2870 2445 2957 (n.
2482 2872 2663 2959 349):

801 2999 869 3067 b.
903 3019 1033 3078 pro
1052 2999 1452 3059 videntiae
1485 3017 1625 3074 erga
1655 3016 1763 3056 nos
1796 3001 2073 3073 paternae
2106 3000 2294 3076 magis
2326 3019 2504 3076 quam
2536 3001 2892 3060 miraculosa
2923 3003 3239 3079 largitione

624 3110 841 3149 manna
873 3091 934 3148 in
969 3090 1230 3147 deserto:
1266 3089 1399 3145 Non
1436 3088 1656 3163 Moyses
1685 3088 1840 3145 dedit
1871 3088 2030 3146 vobis
2050 3105 2267 3161 panem
2297 3091 2366 3147 de
2396 3090 2580 3147 coelo:
2613 3091 2711 3148 sed
2741 3089 2918 3148 Pater
2949 3111 3110 3150 meus
3138 3093 3238 3150 dat

625 3181 777 3237 cobis
799 3197 1016 3252 panem
1048 3178 1116 3235 de
1146 3179 1292 3235 coelo
1321 3195 1517 3234 verum
1550 3222 1561 3234 .
1598 3222 1609 3234 .
1644 3220 1656 3234 .
1702 3175 1909 3235 Patres
1954 3179 2126 3235 vestri
2155 3179 2647 3236 manducaverunt
2676 3197 2894 3238 manna
2926 3182 2988 3239 in
3020 3182 3239 3239 deserto

622 3277 673 3324 et
704 3269 919 3326 mortui
948 3274 1097 3328 sunt.
1164 3266 1275 3324 Hic
1306 3273 1387 3324 est
1417 3266 1592 3341 panis
1622 3267 1691 3323 de
1721 3266 1869 3324 coelo
1900 3267 2258 3338 descendenS,
2303 3274 2367 3325 ut
2410 3269 2463 3324 si
2498 3270 2629 3343 quis
2659 3286 2729 3326 ex
2759 3270 2884 3340 ipso
2917 3271 3237 3328 manduca·

624 3358 787 3430 verit,
833 3374 945 3414 non
994 3358 1283 3414 mom'atur
1327 3355 1419 3413 Jo.
1470 3366 1524 3423 6,
1573 3363 1671 3416 32.
1708 3365 1809 3416 49.
1847 3365 1924 3416 50
1969 3351 2058 3435 (n.
2095 3363 2216 3418 389
2257 3355 2350 3435 a.).
2418 3357 2541 3414 Hoc
2586 3357 2715 3415 cibo
2760 3359 2995 3417 suffulti
3046 3361 3240 3418 securi

622 3445 1034 3520 perveniemus
1070 3445 1142 3502 ad
1173 3448 1391 3502 terram
1423 3443 1907 3519 promissionum.

801 3585 865 3634 (3.
900 3569 1373 3644 sapientiae,
1410 3587 1560 3643 quae
1592 3586 1698 3644 per
1726 3568 1890 3625 illam
1923 3567 2155 3626 invenit
2185 3568 2442 3639 modum,
2475 3589 2595 3645 quo
2628 3567 2860 3646 semper
2890 3572 3082 3646 possit
3113 3592 3242 3632 esse

620 3659 949 3729 nobiscum,
997 3658 1145 3734 quin
1191 3657 1329 3716 fidei
1362 3658 1643 3717 meritum
1675 3656 2000 3725 minuatur,
2047 3657 2166 3715 imo
2215 3657 2415 3731 potius
2446 3662 2770 3735 augeatur:
2818 3662 2878 3717 et
2921 3661 3009 3718 ita
3054 3661 3242 3720 adim·

625 3749 788 3824 plere
818 3748 1180 3824 promissum
1213 3747 1377 3804 Zach.
1416 3755 1471 3817 2,
1513 3758 1621 3809 1οε
1672 3746 1886 3803 Lauda
1918 3754 1969 3804 et
1999 3747 2213 3804 laetare
2242 3748 2366 3820 filla
2399 3748 2575 3806 Sion:
2621 3751 2760 3826 quia
2806 3768 2922 3808 ecce
2953 3768 3052 3827 eqo
3083 3754 3242 3809 venio

620 3845 674 3894 et
703 3837 967 3896 habitabo
999 3839 1063 3895 in
1096 3838 1280 3894 medio
1311 3837 1416 3910 tui,
1451 3837 1536 3893 ait
1568 3835 1890 3893 Dominus:

798 3959 867 4026 (l.
918 3981 951 4021 ο
970 3983 1026 4021 ιιι
1044 3981 1083 4020 ιι
1101 3962 1120 4020 i
1139 3981 1176 4037 p
1193 3980 1226 4020 o
1242 3963 1270 4018 t
1285 3980 1316 4018 e
1330 3980 1371 4018 n
1386 3964 1413 4017 t
1428 3960 1446 4017 i
1462 3979 1496 4017 a
1510 3979 1541 4018 e
1560 4003 1573 4028 ,
1621 3963 1713 4018 est
1758 3959 1916 4017 enim
1963 3957 2354 4017 eucharistiae
2401 3966 2837 4018 sacramentum
2869 3962 3237 4022 mirabilium

623 4070 731 4110 seu
762 4052 904 4110 mir
922 4051 1144 4110 aculo
1162 4069 1322 4108 rum
1356 4067 1603 4118 summa,
1636 4053 1709 4106 ut
1740 4050 1907 4123 patet
1936 4067 2006 4106 ex
2037 4067 2094 4105 n.
2132 4057 2272 4110 348.
2311 4057 2433 4110 363
2451 4048 2493 4110 ⁸.

799 4173 865 4238 2.
900 4174 1274 4233 Eucharistia
1304 4172 1789 4231 mirabilium
1819 4179 1912 4230 est
1944 4172 2222 4230 memoria
2267 4188 2333 4235 a.
2368 4172 2443 4230 ob
2473 4173 2687 4231 miram
2717 4173 3051 4250 analogiam
3084 4176 3242 4234 inter

624 4263 814 4338 ipsam
847 4267 907 4322 et
939 4263 1365 4322 incarnationis
1397 4261 1769 4338 mysterium,
1803 4265 1874 4318 ut
1903 4260 2178 4335 pluribus
2210 4261 2580 4320 ostendimus
2613 4281 2669 4321 n.
2707 4271 2865 4332 3273

802 4385 868 4451 b.
901 4389 1043 4463 quia
1074 4408 1179 4464 per
1208 4388 1361 4446 illud
1394 4388 1722 4446 incarnatio
1746 4386 2182 4461 quadamtenus
2212 4387 2613 4459 continuatur,
2647 4390 2719 4445 ut
2749 4387 2827 4446 ib.
2859 4387 3151 4459 diximus3

800 4526 865 4574 (3.
899 4511 1043 4586 quia
1075 4513 1344 4572 Christus
1376 4531 1544 4588 opus,
1594 4511 1748 4586 quod
1786 4510 2043 4570 visibilis
2074 4511 2137 4569 in
2170 4511 2350 4570 terris
2382 4512 2605 4590 degens
2636 4513 2792 4570 inter
2816 4513 3066 4588 judaeos
3100 4513 3238 4589 egit,

618 4600 683 4658 in
732 4620 801 4658 ea
846 4600 1038 4676 quoad
1086 4602 1357 4678 singulos
1389 4601 1727 4668 continuat;
1781 4619 1886 4675 per
1935 4600 2098 4658 illam
2131 4600 2289 4659 enim
2322 4600 2397 4659 ad
2430 4601 2701 4677 singulos
2734 4601 2916 4671 venit,
2970 4602 3238 4678 singulos

617 4690 863 4759 solatur,
898 4690 1154 4761 roborat,
1188 4690 1447 4765 adjuvat,
1483 4709 1543 4748 se
1576 4689 1831 4765 singulis
1866 4688 2231 4749 Salvatorem
2262 4690 2498 4748 exhibet
2534 4686 2617 4771 (n.
2654 4687 2836 4766 328);
