3538 5364
1234 326 1318 375 est
1344 322 1416 375 N.
1442 321 1501 375 L.
1528 326 1965 377 sacramentum.
2776 329 2914 395 555

290 506 534 578 amittit,
582 507 739 582 quod
772 508 1001 566 lavacro
1033 508 1499 584 regenerationis
1530 508 1815 585 accepit.‘
1884 509 1965 567 De
2009 510 2146 571 bon.
2176 510 2326 586 conj.
2370 528 2416 572 c.
2467 518 2580 571 24:
2632 511 2909 577 ,Bonum

290 596 640 672 nuptiarum
670 616 776 671 per
805 614 1007 655 omnes
1039 599 1246 673 gentes
1277 602 1456 673 atque
1487 615 1689 656 omnes
1722 598 1991 658 homines
2037 598 2100 655 in
2145 617 2323 657 causa
2367 598 2689 675 generandi
2724 602 2817 657 est
2847 604 2907 657 et

288 684 868 856 Ξὲῢὲεξθὲἳξξΐῗῑίε.
935 684 1100 753 Quod
1135 690 1334 745 autem
1365 686 1437 744 ad
1471 688 1759 763 populum
1795 687 1900 746 Dei
1932 687 2213 762 pertinet,
2261 688 2441 746 etiam
2486 688 2549 745 in
2589 687 2913 746 sanctitate

467 915 615 980 592.
635 911 703 978 4.
726 911 947 995 Neque
968 913 1259 977 inefficax
1280 919 1379 977 est
1392 920 1842 994 argumentum
1859 932 1938 978 ex
1955 913 2167 977 verbis
2183 933 2230 976 s.
2248 906 2431 977 Pauli
2447 912 2598 994 Eph.
2617 916 2676 987 5,
2692 918 2776 980 22
2794 933 2874 976 ss.
2893 934 2913 974 ;

289 1016 586 1081 Mulieres
614 1019 770 1081 viris
800 1021 932 1082 suis
962 1018 1248 1083 subditae
1279 1021 1420 1097 sint,
1453 1021 1614 1083 sicut
1644 1018 1960 1084 Domino:
2008 1024 2110 1088 23.
2144 1021 2438 1105 quoniam
2477 1021 2574 1082 vir
2603 1026 2790 1102 caput
2820 1026 2906 1082 est

288 1126 590 1206 mulieris,
619 1127 778 1189 sicut
803 1125 1086 1190 Christus
1116 1133 1307 1210 caput
1338 1120 1426 1189 est
1458 1126 1788 1205 Ecclesiae,
1822 1129 1951 1210 ipse
1989 1124 2282 1191 Salvator
2313 1127 2591 1209 corporis
2622 1128 2769 1209 ejus.
2804 1130 2907 1193 24.

290 1228 413 1295 Sed
442 1234 599 1295 sicut
630 1231 909 1296 Ecclesia
941 1232 1214 1316 subjecta
1248 1239 1335 1296 est
1370 1232 1615 1296 Christo
1633 1282 1652 1314 ,
1697 1235 1790 1297 ita
1838 1239 1895 1296 et
1940 1233 2232 1296 mulieres
2263 1234 2416 1296 viris
2446 1235 2579 1296 suis
2611 1234 2677 1295 in
2708 1233 2912 1297 omni-

289 1338 418 1402 bus.
451 1344 553 1409 25.
604 1338 738 1402 Viri
768 1338 1005 1423 diliqite
1035 1360 1257 1404 uxores
1288 1346 1559 1422 vestras,
1604 1342 1765 1403 sicut
1798 1347 1856 1403 et
1890 1339 2178 1403 Christus
2209 1338 2424 1404 dilexit
2456 1338 2820 1422 Ecclesiam,
2852 1346 2914 1402 et

286 1447 555 1531 seipsum
586 1446 851 1510 tradidit
874 1466 997 1529 pro
1028 1468 1124 1529 ea,
1156 1452 1259 1515 26.
1294 1453 1361 1509 ut
1390 1446 1565 1511 illam
1599 1448 2039 1529 sanctificaret,
2072 1447 2391 1511 mundans
2420 1445 2673 1511 lavacro
2705 1467 2916 1531 aquae

287 1553 355 1616 in
388 1552 566 1616 verbo
598 1553 778 1637 vitae,
810 1558 914 1621 27.
946 1559 1015 1616 ut
1047 1552 1345 1618 exhiberet
1376 1555 1505 1640 ipse
1536 1555 1656 1618 sibi
1671 1553 2010 1635 qloriosam
2043 1553 2412 1637 Ecclesiam,
2444 1572 2569 1616 non
2588 1551 2905 1615 habentem

286 1660 624 1743 maculam,
671 1666 783 1724 aut
814 1680 1036 1743 ruqam
1054 1710 1075 1743 ,
1122 1666 1234 1725 aut
1284 1659 1528 1745 aliquid
1570 1660 1949 1741 hujusmodi,
1994 1660 2102 1725 sed
2134 1667 2202 1723 ut
2234 1662 2314 1723 sit
2345 1666 2561 1723 sancta
2592 1666 2646 1723 et
2678 1660 2909 1723 imma—-

285 1765 515 1830 calata.
538 1772 639 1835 28.
674 1765 779 1831 Ita
812 1774 868 1831 et
899 1769 1019 1830 viri
1049 1766 1264 1830 debent
1296 1769 1548 1850 diliqere
1580 1788 1804 1831 uxores
1834 1788 1984 1831 suas
2016 1774 2086 1829 ut
2117 1787 2384 1851 corpora
2405 1787 2544 1849 sua.
2578 1768 2702 1847 Qui
2722 1786 2907 1829 suam

285 1893 541 1937 umorem
575 1872 800 1956 diliyit,
832 1876 1100 1958 seipsum
1135 1874 1352 1956 diliqit.
1387 1880 1489 1943 29.
1531 1872 1725 1937 Nemo
1760 1877 1925 1938 enim
1958 1895 2236 1958 unquam
2267 1894 2516 1937 carnem
2550 1893 2729 1936 suam
2763 1873 2912 1935 odio

283 1980 503 2044 habuit
517 2002 546 2059 ,·
575 1981 680 2043 sed
712 1982 914 2043 nutrit
945 1990 998 2045 et
1027 1980 1192 2063 fovet
1222 2002 1379 2057 eam,
1412 1982 1569 2045 sicut
1601 1991 1655 2046 et
1678 1981 1964 2045 Christus
1983 1981 2368 2045 Ecclesiam:
2401 1986 2505 2049 30.
2539 1981 2689 2064 quia
2721 1999 2904 2041 mem-

287 2086 400 2149 bra
434 2106 648 2149 sumus
679 2089 958 2170 corporis
989 2087 1137 2169 ejus,
1170 2089 1245 2153 de
1277 2109 1466 2152 carne
1496 2090 1631 2171 ejus
1662 2094 1717 2151 et
1750 2089 1825 2152 de
1855 2087 2095 2151 ossibus
2126 2089 2279 2170 ejus.
2317 2092 2419 2156 31.
2484 2085 2752 2169 Propter
2794 2083 2914 2146 hoc

288 2192 589 2278 relinquet
619 2193 795 2256 homo
821 2203 1069 2277 patrem
1099 2201 1154 2259 et
1184 2201 1448 2260 matrem
1478 2215 1681 2280 suam,
1714 2202 1771 2258 et
1804 2194 2164 2259 adhaerebit
2199 2195 2385 2257 uxori
2412 2213 2603 2257 suae:
2635 2197 2688 2255 et
2721 2198 2904 2254 erunt

292 2299 411 2362 duo
446 2301 513 2363 in
559 2320 747 2364 carne
791 2321 939 2365 una.
988 2306 1090 2370 32.
1155 2299 1630 2366 Sacramentum
1661 2302 1773 2366 hoc
1803 2322 2108 2386 maynum
2140 2307 2248 2385 est,
2288 2320 2395 2385 eqo
2427 2306 2634 2363 autem
2666 2300 2803 2361 dico
2835 2299 2903 2360 in

290 2404 535 2470 Christo
567 2413 621 2471 et
652 2410 717 2471 in
742 2405 1034 2472 Ecclesia.
1071 2413 1175 2476 33.
1222 2408 1655 2473 Verumtamen
1689 2414 1745 2472 et
1777 2429 1882 2473 ros
1911 2409 2162 2492 simun,
2197 2407 2619 2492 unusquisque
2653 2425 2910 2467 umorem-

281 2533 467 2577 suam
500 2515 657 2578 sicut
686 2521 953 2599 seipsum
985 2516 1251 2599 diliqat;
1281 2537 1444 2579 uxor
1476 2523 1682 2580 autem
1717 2519 1932 2581 timeat
1964 2517 2168 2578 virum
2200 2534 2399 2578 suum.

466 2660 658 2720 Verba
678 2662 787 2722 illa
815 2665 877 2722 in
902 2663 1129 2723 Christo
1159 2672 1210 2722 et
1241 2666 1300 2723 in
1324 2666 1579 2725 Ecclesia
1613 2660 1696 2737 εἰς
1717 2661 1976 2747 Χριστὸν
2007 2667 2112 2728 καὶ
2143 2660 2228 2736 εἰς
2259 2668 2366 2750 τὴν
2398 2659 2733 2746 ἐκκλησίαν
2766 2678 2903 2736 pos-

282 2754 432 2809 sunt
462 2750 721 2829 intelligi
753 2753 824 2811 de
857 2771 1029 2812 causa
1048 2754 1406 2814 matrimonii
1437 2774 1636 2814 exem
1657 2775 1694 2830 p
1713 2757 1879 2825 lari,
1915 2753 2017 2813 sed
2048 2754 2209 2813 haud
2229 2752 2707 2829 improbabiliter
2724 2750 2901 2809 etiam

283 2839 359 2898 de
391 2857 570 2899 causa
599 2842 863 2916 ejusdem
899 2841 1149 2901 finali.
1199 2843 1276 2901 Et
1305 2863 1512 2902 revera
1540 2848 1680 2919 post
1710 2844 1942 2920 lapsum
1974 2844 2107 2902 ideo
2139 2841 2588 2902 matrimonium
2620 2840 2776 2898 tanti
2811 2842 2902 2897 est

284 2930 588 2999 momenti,
639 2930 798 3005 quod
843 2931 946 2989 illo
993 2932 1415 3008 suppeditatur
1446 2934 1692 2991 materia
1721 2933 2133 3004 aedificandae,
2179 2930 2598 3008 propagandae
2630 2946 2902 2988 consum-

284 3018 650 3094 mundaeque
683 3019 991 3092 Ecclesiae,
1026 3040 1178 3096 quae
1209 3040 1423 3098 corpus
1456 3025 1550 3081 est
1568 3013 1783 3081 chris&
1804 3022 2144 3099 mysticum,
2168 3023 2345 3097 juxta
2373 3019 2670 3097 praeclara
2689 3017 2911 3076 Tobiae

273 3107 536 3183 junioris
570 3108 776 3167 verba:
810 3110 1055 3168 Domine
1085 3118 1147 3168 tu
1177 3112 1312 3183 scis,
1350 3113 1488 3187 quia
1520 3131 1633 3171 non
1664 3113 1939 3171 luxuriae
1969 3130 2151 3170 causa
2183 3112 2403 3186 accipio
2433 3127 2688 3167 sororem
2718 3124 2912 3165 meam

281 3197 593 3274 conjuqem,
628 3197 727 3256 sed
756 3195 879 3257 sola
900 3189 1262 3274 posteritatis
1292 3201 1602 3277 dilectione,
1653 3203 1717 3258 in
1750 3221 1865 3278 qua
1898 3201 2263 3259 benedicatur
2292 3218 2496 3258 nomen
2527 3205 2691 3256 tuum
2724 3199 2785 3254 in
2816 3214 2904 3253 se-

280 3287 417 3343 cula
450 3288 786 3345 seculorum.
850 3287 994 3346 Inde
1024 3289 1246 3363 pendet
1276 3290 1527 3348 maxime
1560 3291 1732 3348 modo
1765 3290 2133 3349 matrimonii
2166 3290 2444 3349 honestas
2489 3291 2551 3346 et
2594 3304 2741 3345 usus
2772 3284 2903 3343 lici-

279 3379 401 3444 tu8‚
448 3375 554 3450 qui
600 3375 869 3450 alioquin
914 3376 1132 3437 dubius
1178 3377 1367 3436 videri
1401 3382 1619 3454 posset,
1668 3399 1805 3438 cum
1851 3379 2229 3437 matrimonio
2260 3378 2589 3455 gignantur
2620 3375 2728 3433 filii
2761 3375 2909 3444 irae,

276 3467 649 3541 propagetur
667 3475 991 3540 peccatum,
1026 3466 1317 3525 dilatetur
1335 3485 1529 3527 massa
1548 3467 1856 3526 damnata:
1890 3469 2029 3526 binc
2060 3468 2123 3526 in
2156 3468 2367 3544 primis
2388 3469 2685 3541 quatenus
2705 3463 2902 3521 tendit

279 3559 344 3611 et
374 3554 601 3629 aspirat
631 3551 715 3625 εἰς
736 3551 994 3635 Χριστὸν
1013 3559 1117 3618 καὶ
1137 3550 1224 3628 εἰς
1244 3560 1351 3642 τήν
1372 3555 1702 3641 ἐκκλησίαν
1726 3557 2064 3626 honestum,
2100 3575 2351 3626 sacrum,
2384 3556 2502 3614 imo
2535 3557 2595 3612 et
2628 3556 2904 3611 sanctum

276 3642 571 3702 redditur.
605 3643 733 3713 Qua
764 3644 1255 3719 interpretatione
1287 3665 1406 3704 non
1438 3650 1711 3723 negatur,
1744 3646 2219 3721 conjunctionem
2241 3644 2458 3703 Christi
2489 3661 2624 3701 cum
2642 3641 2910 3700 Ecclesia.

281 3749 412 3790 esse
446 3750 680 3790 causam
714 3733 1080 3793 matrimonii
1112 3734 1290 3792 etiam
1324 3737 1743 3811 exemplarem:
1792 3737 1900 3794 boc
1945 3736 2104 3794 enim
2134 3726 2288 3792 Ἠιιίτ
2332 3753 2401 3792 ex
2441 3735 2567 3790 toto
2600 3733 2906 3799 contextu,

502 3988 541 4057 1)
570 3983 651 4043 cf.
680 3985 854 4039 etiam
882 4001 961 4038 cc.
987 3989 1037 4041 7.
1070 3993 1149 4040 15.
1182 3991 1272 4048 18:
1328 3986 1396 4040 de
1436 3985 1725 4057 conjugiis
1749 3985 2093 4039 adulterinis
2121 3987 2188 4048 11,
2218 3995 2279 4044 5:
2330 3986 2398 4038 de
2426 3983 2535 4037 fide
2562 3984 2620 4036 et
2646 3998 2736 4051 op.
2763 3997 2809 4032 c.
2838 3983 2901 4040 ’ἴς

277 4067 352 4119 de
380 4065 573 4136 genesi
594 4066 662 4119 ad
689 4065 775 4119 lit.
798 4065 893 4130 IX,
914 4072 975 4124 7:
1004 4066 1129 4121 lvo
1155 4070 1369 4123 carnot.
1390 4083 1477 4138 ep.
1504 4076 1602 4123 155
1630 4066 1812 4138 (Mig.
1845 4073 1960 4128 162,
1985 4068 2137 4136 160);
2165 4065 2216 4117 Η
2235 4065 2339 4120 ild
2358 4082 2386 4118 e
2404 4065 2616 4119 bertu
2635 4080 2659 4115 s
2687 4077 2900 4116 cenom.

278 4162 448 4199 serm.
480 4152 580 4202 143
605 4145 772 4217 (Mig
789 4165 826 4198 n
843 4163 872 4200 e
906 4149 1021 4209 171,
1049 4149 1173 4218 956)
1200 4145 1345 4200 illud
1372 4147 1714 4202 adnumerat
1740 4148 2024 4218 baptismo
2051 4149 2109 4198 et
2127 4144 2521 4199 eucharistiae.
2573 4140 2792 4197 Referri
2819 4139 2900 4192 in-

276 4228 371 4278 ter
396 4223 726 4278 traditionis
753 4224 1081 4279 testimonia
1107 4227 1297 4295 potest
1322 4226 1607 4279 numisma
1623 4243 1889 4296 graecum
1905 4225 1977 4278 ad
1997 4242 2102 4279 sec.
2126 4225 2190 4277 V.
2213 4227 2271 4279 et
2291 4224 2383 4276 VI.
2405 4225 2682 4293 spectans,
2705 4220 2765 4273 in
2787 4237 2905 4288 quo

276 4320 527 4374 sponsus
550 4307 609 4357 et
622 4320 829 4373 sponsa
849 4304 1073 4358 dextras
1090 4306 1368 4375 jungunt,
1397 4304 1620 4359 Christo
1648 4308 1954 4359 exsistente
1981 4304 2043 4357 in
2069 4303 2276 4366 medio,
2322 4302 2425 4371 qui
2451 4305 2760 4369 utrumque
2786 4316 2903 4353 am-

277 4383 550 4453 plexatus
566 4382 784 4453 jungit,
812 4401 941 4438 cum
970 4385 1389 4455 subscriptione
1414 4387 1538 4441 Θεοῦ
1565 4391 1727 4459 χάρις.
1756 4385 1918 4450 Quod
1940 4385 2057 4454 jam
2088 4385 2134 4436 G
2151 4401 2179 4436 r
2195 4400 2223 4436 e
2240 4403 2279 4452 g
2296 4401 2326 4437 o
2346 4383 2460 4436 riu
2480 4401 2504 4436 s
2530 4399 2652 4437 naz.
2680 4397 2902 4451 expres-

277 4466 435 4516 serat
459 4464 567 4517 sub
592 4462 774 4516 forma
800 4464 1100 4532 paululum
1128 4464 1350 4518 diversa
1379 4482 1464 4536 ep.
1498 4472 1628 4522 193:
1658 4466 1719 4526 „J
1728 4464 1985 4519 uveniles
2012 4465 2238 4517 dextras
2265 4464 2412 4517 inter
2440 4479 2495 4516 se
2516 4464 2702 4532 jungo
2724 4465 2902 4528 atque

277 4545 586 4611 utramque
604 4541 706 4595 Dei
724 4543 969 4599 manui.“
998 4543 1076 4597 De
1094 4548 1323 4612 patrum
1350 4545 1609 4599 doctrina
1639 4546 1788 4599 circi
1817 4546 1924 4599 hoc
1952 4546 2356 4613 argumentum
2380 4543 2569 4597 minus
2593 4542 2896 4613 perspicua

277 4621 355 4675 cf.
382 4638 640 4692 sagacem
669 4622 799 4676 diss.
826 4622 879 4677 J.
906 4623 961 4675 M
980 4629 1015 4676 a
1032 4624 1054 4677 1
1070 4623 1089 4676 l
1105 4640 1134 4676 e
1153 4641 1189 4676 n
1206 4624 1240 4676 d
1261 4641 1292 4677 o
1309 4642 1336 4676 r
1353 4626 1383 4676 f
1403 4622 1490 4677 SJ.
1533 4624 1720 4678 Ueber
1740 4625 1850 4679 den
1871 4621 2276 4693 patristischen
2299 4622 2514 4676 Beweis
2541 4623 2634 4676 fiir
2659 4623 2751 4676 die
2779 4622 2899 4676 Ehe

274 4702 366 4754 als
392 4701 724 4756 Sacra-ment
747 4703 1015 4756 Zeitschr.
1042 4703 1133 4756 fur
1159 4703 1317 4759 kath.
1346 4703 1536 4759 Theol.
1570 4710 1707 4760 1878
1733 4707 1802 4770 ΙΙ,
1830 4710 2096 4762 633—50.
