3538 5364
571 220 702 284 352
917 211 1099 264 Tract.
1127 211 1217 264 IX.
1244 211 1312 264 de
1341 210 1701 264 eucharistia.
1733 211 1932 265 Thesis
1960 211 2301 265 CCXXVlll.
2329 212 2397 265 de
2426 212 2822 267 sacramentali

570 398 915 457 continetur
945 398 1210 456 oratione
1241 398 1346 455 illa
1378 397 1629 456 solemni
1660 398 1872 456 canoni
1903 398 2147 468 inserta,
2195 417 2315 473 qua
2358 399 2670 456 invocatur
2702 399 2964 475 Spiritus
2997 418 3041 458 5.
3073 421 3179 477 pro

570 486 872 545 efficienda
903 487 1300 557 conversione,
1334 490 1396 545 et
1425 486 1710 563 epiclesin
1743 487 1781 544 d
1799 506 1961 564 ogm
1979 488 2289 557 aticum,
2339 506 2489 562 quae
2534 487 2665 564 ipso
2696 489 2822 547 ritu
2855 507 3182 549 sacramen·

567 577 678 634 tali
724 595 828 635 seu
874 577 1055 652 hujus
1102 576 1288 634 forma
1332 577 1686 637 continetur.
1752 576 1885 651 Ipsa
1915 576 2074 634 enim
2106 576 2378 653 legitima
2409 576 2774 658 confectione
2805 577 2962 637 ritus
2995 596 3183 638 sacra-

567 665 846 724 mentalis
877 666 1198 723 attrahitur
1229 668 1291 723 et
1320 665 1561 723 realiter
1579 665 1891 724 invocatur
1912 666 2167 742 Spiritus
2201 684 2265 734 5.,
2301 666 2473 741 cujus
2494 666 2717 725 virtute
2751 673 3184 728 sacramentum

568 758 663 813 est
692 754 919 831 gratiae
950 754 1169 815 efficax.
1236 755 1370 812 Jam
1418 772 1556 813 vero
1599 755 1776 830 plura
1813 758 2072 831 patrum,
2121 758 2391 812 veterum
2423 756 2792 830 praesertim,
2840 758 3188 816 testimonia

567 845 783 903 merito
827 844 899 901 de
944 844 1052 902 hac
1095 843 1523 920 intelliguntur
1567 849 1628 902 et
1674 847 2052 919 praepostere
2084 844 2418 902 afferuntur
2462 844 2538 901 ad
2584 846 2876 904 tuendum
2907 865 3183 916 errorem,

567 932 810 1008 epiclesi
830 933 1145 1009 liturgicae
1164 932 1543 991 tribuendam
1564 951 1693 991 esse
1712 938 2015 1010 tamquam
2030 933 2251 992 formae
2267 934 2708 993 conversionem
2723 934 3186 994 eucharisticam.

1548 1125 2029 1192 Articulus
2079 1124 2223 1192 ΠΙ.

568 1248 673 1314 De
720 1249 975 1324 modo,
1026 1267 1178 1331 quo
1227 1266 1629 1329 praesens
1677 1256 1803 1312 est
1852 1247 2234 1313 Christus
2284 1248 2430 1312 sub
2464 1249 2911 1330 speciebus
2943 1251 3182 1330 panis

950 1356 1268 1431 etvini,
1316 1373 1459 1419 seu
1507 1355 1601 1420 de
1647 1357 2136 1437 praesentia
2182 1356 2807 1420 sacramentali.

745 1486 891 1549 372.
924 1482 1183 1549 Thesis
1214 1479 1678 1549 CCXXVIII·
1754 1502 1961 1556 Totus
2012 1502 2328 1556 Christus
2364 1504 2490 1556 sub
2530 1504 2804 1556 utravis
2855 1505 3080 1569 specte
3117 1509 3183 1556 et

567 1594 695 1647 sub
732 1593 1042 1661 qualibet
1079 1594 1450 1660 utriusque
1486 1594 1740 1657 speciei
1773 1597 1982 1657 parte
2014 1606 2354 1660 praecem
2391 1596 2510 1646 est.

746 1697 1186 1765 Declaratio.
1219 1695 1524 1759 Doctrina
1554 1695 1876 1759 catholica
1907 1696 1987 1759 de
2019 1695 2391 1776 praesentia
2424 1695 2881 1759 sacramentali
2912 1696 3004 1759 ita
3033 1715 3182 1777 pro-

567 1804 824 1885 ponitur
858 1821 898 1867 a
929 1820 1106 1867 conc.
1140 1802 1604 1865 tridentino
1638 1821 1793 1866 sess,
1831 1807 1914 1871 13
1947 1818 2083 1882 cap.
2118 1806 2191 1869 3:
2250 1798 2555 1882 ‚Semper
2586 1801 2748 1864 11360
2781 1801 2938 1866 fides
2970 1802 3034 1867 in
3065 1802 3185 1865 Ec-

566 1912 761 1976 clesia
792 1910 905 1975 Dei
938 1908 1071 1984 fuit,
1105 1909 1320 1973 statim
1351 1915 1501 1991 post
1549 1910 2106 1999 consecrationem
2153 1928 2375 1974 verum
2407 1908 2661 1973 Domini
2705 1909 2910 1975 nostri
2954 1927 3185 1990 corpus

565 2035 916 2099 verumque
949 2017 1086 2099 ejus
1118 2019 1495 2099 sanguinem
1527 2018 1648 2082 sub
1679 2019 1871 2100 panis
1904 2025 1969 2084 et
2003 2019 2129 2082 vini
2161 2019 2376 2101 specie
2408 2036 2540 2082 una
2571 2036 2718 2081 cum
2750 2016 2947 2097 ipsius
2969 2018 3186 2081 anima

566 2130 632 2189 et
662 2124 993 2188 divinitate
1024 2126 1361 2201 exsistere3
1395 2125 1510 2189 sed
1541 2143 1774 2206 corpus
1807 2127 2066 2209 quidem
2097 2126 2217 2190 sub
2249 2127 2461 2208 specie
2494 2125 2700 2207 pani5‚
2722 2132 2787 2188 et
2805 2125 3181 2205 sanguinem

567 2230 687 2294 sub
718 2231 847 2294 vini
880 2232 1093 2313 specie
1125 2251 1204 2297 ex
1236 2231 1298 2295 vi
1329 2231 1704 2296 verborum:
1751 2234 1961 2314 ipsum
2013 2240 2230 2297 autem
2276 2252 2509 2314 corpus
2542 2231 2664 2295 sub
2696 2232 2910 2310 specie
2940 2231 3087 2305 vini,
3121 2237 3186 2295 et

566 2339 943 2420 sanguinem
974 2339 1094 2403 sub
1127 2340 1339 2421 specie
1383 2340 1584 2421 931115,
1632 2341 2045 2423 animamque
2091 2340 2209 2404 sub
2258 2347 2534 2423 utraque
2567 2341 2629 2403 vi
2674 2339 2985 2404 naturalis
3016 2339 3182 2403 illius

566 2446 982 2509 connexionis
1016 2453 1081 2511 et
1111 2446 1674 2523 concomitantiae‚
1697 2464 1826 2529 qua
1847 2454 2064 2528 partes
2086 2446 2320 2513 Christi
2340 2446 2612 2522 Domini,
2633 2448 2742 2529 qui
2755 2448 2892 2529 jam
2912 2466 2991 2510 ex
3011 2464 3186 2509 mor-

566 2553 689 2617 tuis
721 2552 1069 2618 resurrexit
1099 2572 1231 2618 non
1278 2554 1548 2635 amplius
1596 2554 1961 2630 morituruS‚
2007 2556 2176 2618 inter
2207 2573 2277 2618 se
2311 2552 2726 2635 copulantur:
2778 2554 3185 2617 Divinitatem

565 2678 758 2748 porro
791 2669 1053 2742 propter
1085 2660 1530 2726 admirabilem
1562 2660 1734 2725 illam
1766 2661 1906 2743 ejus
1928 2678 2075 2726 cum
2095 2679 2365 2744 corpore
2386 2670 2450 2726 et
2469 2662 2687 2726 anima
2708 2661 3179 2745 hypostaticam

567 2768 888 2833 unionem.
921 2767 1325 2848 Quapropter
1344 2767 1745 2831 verissimum
1778 2774 1892 2844 est,
1924 2769 2303 2834 tantundem
2336 2768 2455 2832 sub
2494 2767 2806 2834 alterutra
2838 2769 3050 2849 specie
3083 2775 3182 2833 at-

567 2893 693 2956 que
725 2874 842 2938 sub
877 2881 1147 2956 utraque
1179 2874 1509 2949 contineri,
1543 2881 1718 2938 totus
1751 2875 1921 2939 enim
1955 2882 2020 2939 et
2051 2875 2295 2956 integer
2314 2874 2603 2939 Christus
2623 2875 2742 2938 sub
2764 2876 2948 2956 panis
2969 2876 3181 2957 specie

568 2985 633 3042 et
663 2978 782 3042 sub
817 2980 1042 3061 quavis
1074 2979 1271 3060 ipsius
1304 2979 1540 3061 speciei
1572 2987 1772 3061 parte,
1808 2987 1979 3044 totus
2028 2983 2182 3046 item
2235 2981 2355 3045 sub
2389 2980 2518 3044 vini
2550 2983 2764 3062 specie
2797 2988 2862 3047 et
2891 2981 3012 3045 sub
3046 2982 3183 3062 ejus

565 3086 855 3167 partibus
889 3087 1190 3149 exsistit<

747 3215 892 3278 373.
926 3211 1497 3280 Demonstratlo.
1530 3211 1599 3274 In
1632 3213 1797 3277 thesi
1820 3215 2176 3278 secundum
2196 3215 2448 3279 concilii
2482 3214 2664 3279 trid.
2699 3213 3185 3295 explicationem

566 3316 751 3398 plura
782 3315 1198 3394 affirmantur,
1230 3337 1506 3400 quorum
1538 3320 1755 3401 aliqua
1790 3321 1893 3383 vix
1927 3321 2212 3402 indigent
2245 3321 2819 3385 demonstratione.

749 3440 810 3510 l.
846 3440 1215 3506 Affirmatur
1247 3444 1309 3507 vi
1343 3443 1685 3508 verborum
1718 3446 2027 3510 exsistere
2061 3445 2271 3510 solum
2304 3453 2370 3509 et
2400 3452 2608 3510 totum
2641 3463 2877 3527 corpus
2899 3445 3018 3510 sub
3040 3463 3185 3526 spe·

567 3547 663 3611 cie
696 3548 902 3629 panis,
936 3555 1001 3614 et
1033 3549 1242 3613 solum
1264 3550 1641 3631 sanguinem
1662 3551 1781 3614 sub
1806 3552 2021 3632 specie
2043 3552 2187 3614 vini.
2225 3550 2395 3617 Sane
2419 3552 2484 3616 id
2502 3552 2565 3615 vi
2586 3552 2930 3617 verborum
2952 3551 3189 3617 Christi

568 3655 825 3719 exsistit
855 3655 975 3719 sub
1009 3657 1365 3737 speciebuS,
1397 3658 1571 3739 quod
1602 3658 1801 3723 verba
1832 3658 2208 3738 significant.
2242 3659 2439 3741 Atqui
2462 3659 2967 3725 consecrationis
2989 3659 3187 3724 verba

565 3780 680 3846 per
711 3781 781 3827 se
815 3763 1170 3843 significant
1206 3770 1458 3829 tantum
1489 3782 1722 3848 corpus
1738 3767 1784 3851 1)
1833 3771 1897 3831 et
1937 3767 2193 3848 quidem
2228 3772 2436 3832 totum
2469 3775 2533 3833 et
2565 3767 2959 3847 sanguinem.
3024 3766 3186 3847 Ergo

566 3870 629 3932 vi
660 3870 1010 3934 verborum
1029 3870 1192 3937 haec
1208 3873 1415 3936 solum
1431 3872 1680 3938 adsunt.
1714 3873 1998 3937 Dicimus
2032 3879 2207 3937 totu
2225 3893 2288 3937 111
2322 3892 2555 3956 corpus
2577 3881 2641 3940 et
2663 3875 2771 3962 (ob
2795 3874 3186 3959 analogiam)

567 3983 773 4041 totum
806 3979 1215 4059 sanguinem:
1247 3996 1399 4043 nam
1420 3981 1727 4043 damnata
1747 3988 1846 4044 est
1859 3998 2037 4062 prop.
2061 3986 2163 4049 31.
2197 3981 2541 4045 Rosmini
2575 4000 2615 4045 a
2645 4002 2858 4063 congr.
2882 4002 2929 4044 s,
2951 3978 3187 4045 Officii:

574 4083 681 4157 ,In
712 4093 1116 4150 sacramento
1151 4087 1581 4151 eucharistiae
1628 4087 1692 4149 vi
1736 4087 2085 4152 verborum
2131 4107 2370 4170 corpus
2418 4096 2483 4154 et
2525 4091 2784 4170 sanguis
2818 4088 3055 4153 Christi
3088 4095 3189 4153 est

568 4271 658 4338 (de
686 4288 799 4338 quo
827 4274 1018 4325 tamen
1045 4273 1115 4325 cf.
1144 4272 1422 4325 Katholik
1457 4279 1589 4329 1869
1615 4274 1657 4336 Ι,
1685 4277 1841 4342 383);
1868 4274 1903 4327 S
1920 4290 1949 4326 0
1966 4274 2003 4326 11
2020 4289 2050 4326 6
2067 4289 2095 4325 6
2115 4275 2195 4327 be
2213 4292 2249 4326 n
2278 4272 2519 4327 Studien
2547 4275 2686 4326 tiber
2712 4273 2821 4326 den
2850 4272 3184 4326 Messcanon

568 4350 629 4402 in
656 4349 787 4405 fasc.
831 4351 977 4405 liter.
1005 4351 1283 4405 Katholik
1316 4357 1448 4408 1866
1479 4354 1528 4405 11
1557 4360 1660 4409 526
1686 4371 1754 4406 ss,
1776 4375 1787 4412 ς
1830 4353 1871 4406 F
1888 4370 2018 4406 ran
2035 4372 2063 4407 z
2080 4353 2240 4406 elin
2269 4353 2409 4406 thee.
2436 4360 2500 4414 7;
2543 4353 2583 4404 F
2600 4371 2629 4406 1·
2648 4369 2736 4405 an
2754 4372 2781 4405 z
2821 4352 2914 4406 die
2954 4353 3184 4406 euchar.

568 4430 906 4501 Wandlung
946 4431 1064 4484 und
1104 4431 1196 4485 die
1225 4432 1491 4501 Epiklese
1532 4435 1632 4487 der
1670 4433 1883 4504 griech.
1924 4434 2043 4487 und
2071 4434 2273 4488 orient.
2304 4432 2618 4504 Liturgien‚
2660 4433 2985 4503 Wiirzburg
3017 4438 3186 4492 1880:

569 4511 620 4563 H
637 4511 818 4566 enke
846 4511 937 4564 die
965 4512 1122 4567 kath.
1151 4513 1329 4567 Lehre
1356 4517 1495 4568 iiber
1535 4513 1628 4568 die
1656 4514 2281 4577 consecrationsworte‚
2324 4514 2573 4568 Treviris
2605 4518 2772 4574 185ος
2824 4513 3022 4567 Plures
3048 4530 3185 4568 vero

561 4591 808 4646 'subtiles
835 4593 1198 4658 quaestiones
1224 4594 1293 4646 de
1320 4593 1501 4647 formu
1529 4594 1599 4649 of.
1627 4595 1784 4665 apud
1810 4594 1854 4646 B
1871 4611 1901 4648 6
1918 4612 1947 4648 0
1969 4610 2056 4648 an
2073 4613 2112 4648 u
2130 4613 2185 4648 m
2213 4611 2256 4648 c.
2289 4602 2372 4651 21.

790 4676 825 4744 ¹)
854 4671 1001 4737 Quid
1029 4690 1057 4725 c
1075 4691 1149 4726 or
1166 4692 1203 4742 p
1222 4691 1252 4726 o
1271 4675 1334 4728 ri
1352 4693 1377 4727 s
1416 4675 1648 4731 nomine
1674 4676 2056 4746 intelligatur,
2083 4676 2373 4731 subtiliter
2399 4675 2648 4744 inquirit
2683 4676 2725 4728 L
2745 4694 2783 4729 u
2800 4695 2838 4746 g
2855 4694 2887 4730 0
2916 4676 2970 4728 d.
2997 4683 3032 4731 8
3058 4692 3100 4727 s.
3130 4684 3182 4730 4.
