3538 5364
1191 236 1387 290 Gratia
1410 236 1703 291 reddimur
1730 236 1955 292 Christo
1983 236 2214 315 similes.
2878 249 2999 309 157

378 420 544 484 thes.
578 422 809 489 ass.32
844 417 966 503 (Mi
977 436 1115 497 gne
1151 422 1253 494 75,
1276 419 1452 503 526),
1485 417 1836 499 adoptione
1870 424 1935 483 et
1967 417 2375 483 similitudine
2403 417 2512 482 filii
2549 418 3001 491 essemus.nisi

383 527 522 607 ipso
553 540 711 589 vero
742 523 904 588 Filio
934 524 1443 606 praesupposito,
1475 524 1558 587 ad
1590 542 1783 606 quem
1817 524 2249 601 ell'ormamur,
2283 525 2391 608 qui
2420 525 2503 589 ad
2523 525 3000 592 similitudinem

380 632 583 713 ipsius
614 637 757 695 arte
789 629 1069 713 quadam
1103 638 1168 696 et
1198 631 1405 710 gratia
1438 620 1885 694 traducirnur.‘
1925 630 2113 710 Quod
2147 633 2216 700 2.
2249 651 2380 696 non
2413 632 2688 698 obscure
2719 652 2801 696 ss.
2830 631 2996 697 Scri-

380 745 612 821 pturae
640 738 935 814 innuunt,
965 754 1112 802 cum
1144 736 1470 805 Christum
1500 746 1739 804 vocant
1769 738 2265 820 primogenitum
2296 739 2462 805 inter
2480 737 2717 804 multos
2739 738 3001 804 fratres:

379 845 549 910 inter
579 844 810 911 fratres
842 852 1061 911 autem
1090 846 1153 908 vi
1181 845 1380 927 ipsius
1412 846 1846 926 generationis
1877 847 2043 912 solet
2076 866 2220 913 esse
2251 847 2573 929 quaedam
2622 844 3002 921 sirnilitudo;

378 953 558 1035 atqui
586 951 1078 1033 regeneratione
1107 950 1216 1015 filii
1246 951 1361 1018 Dei
1392 959 1458 1018 et
1488 952 1719 1018 iratres
1750 952 1987 1020 Christi
2028 955 2496 1019 constituimur.
2562 953 2812 1019 Clarius
2843 973 3000 1020 vero

375 1058 504 1122 hoc
548 1058 867 1139 significat
914 1078 964 1122 s.
1001 1056 1233 1122 Paulus
1282 1058 1367 1123 ad
1396 1058 1602 1124 Galat.
1637 1065 1696 1135 3.
1731 1064 1813 1128 27
1863 1060 2183 1125 scribens:
2245 1061 2609 1146 Quicunque
2655 1064 2724 1124 in
2757 1060 3002 1126 Christo

376 1166 686 1251 baptizati
715 1167 880 1249 est-is,
914 1164 1227 1229 Christum
1258 1166 1595 1245 induistis;
1625 1173 1690 1232 et
1723 1171 1784 1239 4.
1821 1171 1935 1235 19:
1988 1165 2204 1232 Filioli
2236 1170 2374 1251 mei,
2406 1189 2556 1254 quos
2586 1171 2812 1234 iterum
2837 1190 2997 1253 par-

374 1273 567 1353 turio,
598 1272 787 1336 donec
809 1273 1119 1356 formetur
1151 1271 1434 1336 Christus
1463 1276 1530 1337 in
1561 1273 1747 1341 vob-5³.

552 1402 628 1460 In
657 1420 810 1477 quae
828 1402 1009 1462 verba
1027 1402 1343 1479 cyrillus
1374 1403 1413 1461 l.
1446 1413 1483 1465 4
1517 1402 1584 1462 in
1611 1403 1825 1462 Isaiam
1859 1421 1940 1462 or.
1967 1412 2000 1465 2
2037 1400 2297 1486 (Migne
2324 1416 2422 1476 70,
2446 1401 2636 1485 935):
2674 1405 2998 1473 ‚Dicemus

370 1493 443 1548 ut
471 1508 833 1566 pessumum
864 1490 1159 1550 formatur
1174 1492 1332 1550 enim
1355 1491 1527 1550 homo
1548 1491 1913 1568 simpliciter,
1948 1512 2157 1570 nempe
2183 1493 2256 1552 de
2285 1499 2458 1563 terra,
2493 1493 2995 1571 quemadmodum

369 1582 434 1638 et
462 1580 699 1654 primus
730 1599 942 1656 parens
975 1580 1161 1639 Adam
1193 1624 1208 1637 .
1242 1629 1255 1641 .
1290 1624 1303 1637 .
1348 1580 1662 1639 Formatur
1705 1582 1846 1639 item
1896 1582 1959 1640 in
2005 1582 2190 1641 filium
2230 1583 2357 1653 Dei,
2402 1582 2870 1660 intelligibiliter
2901 1583 2993 1642 in-

369 1667 662 1727 formatus
694 1667 1033 1728 divinarum
1064 1669 1268 1744 legum
1299 1669 1564 1740 scientia,
1598 1669 1669 1727 ad
1704 1670 1959 1746 speeiem
1994 1672 2371 1748 effigiemque
2403 1672 2808 1743 excellentem,
2842 1691 2997 1748 quae

368 1757 673 1816 virtutum
705 1763 921 1817 ornatu
950 1758 1014 1816 in
1046 1758 1260 1817 animis
1293 1757 1598 1818 hominum
1630 1759 1901 1817 inhaeret
1931 1764 1992 1819 et
2022 1761 2258 1822 insidet.
2307 1761 2464 1819 Haec
2494 1765 2696 1821 autem
2728 1762 2995 1836 pulchri·

367 1844 518 1906 tudo
548 1846 925 1924 intelligitur
962 1846 1313 1923 spiritualis.
1375 1846 1689 1906 Formatur
1731 1847 1911 1907 etiam
1957 1850 2147 1909 veluti
2192 1850 2252 1908 in
2301 1849 2535 1909 Christo
2580 1869 2688 1926 per
2732 1851 2992 1926 Spiritus

366 1936 560 1993 sancti
594 1935 1113 2012 participationem
1144 1936 1219 1995 ad
1251 1936 1442 2013 ipsius
1475 1937 1727 2011 speciem
1750 1981 1763 1995 .
1785 1980 1798 1995 .
1820 1981 1834 1995 .
1867 1938 2180 1998 Formatur
2197 1942 2398 1997 autem
2430 1938 2494 1998 in
2525 1939 2699 1999 nobis
2720 1939 2996 1999 Christus

365 2029 575 2083 sancto
609 2024 843 2101 Spiritu
873 2025 1045 2085 nobis
1074 2025 1336 2085 divinam
1369 2025 1668 2102 quandum
1697 2025 1948 2085 formam
1987 2046 2094 2104 per
2138 2027 2664 2087 sanctificationem
2710 2032 2774 2087 et
2808 2030 2991 2104 justi·

365 2113 511 2171 tiam
546 2114 934 2175 immittente.
997 2114 1091 2173 Sic
1123 2115 1299 2186 enim,
1345 2116 1429 2174 sic
1474 2115 1535 2173 in
1568 2114 1782 2174 animis
1814 2117 2038 2175 nostris
2069 2117 2266 2175 elucet
2295 2117 2595 2177 character
2624 2117 2995 2177 substantiae

366 2202 471 2260 Dei
504 2206 570 2262 et
600 2203 818 2272 Patris,
852 2204 1227 2273 reformante,
1278 2208 1349 2262 ut
1390 2204 1535 2273 dixi,
1584 2207 1787 2262 sancto
1821 2204 2052 2279 Spiritu
2083 2224 2193 2265 nos
2225 2224 2336 2280 per
2367 2205 2894 2265 sanctificationem
2925 2208 2991 2266 in

364 2291 629 2366 ipsum.‘
667 2324 753 2335 —
787 2293 855 2350 In
888 2291 1144 2367 priorem
1176 2311 1314 2351 vero
1346 2293 1541 2351 locum
1575 2293 1786 2351 scribit
1815 2292 2448 2371 chrysostomus:
2497 2295 2667 2365 ,Hoc
2711 2299 2805 2353 est
2847 2314 2985 2354 ean-

365 2379 497 2438 dem
529 2379 799 2449 formam,
833 2381 1084 2440 eundem
1117 2386 1330 2457 typum
1363 2381 1593 2440 habetis
1626 2400 1848 2453 omnes,
1882 2383 2158 2443 videlicet
2188 2382 2425 2442 Christi.
2488 2382 2602 2452 Qui
2645 2384 2813 2459 prius
2858 2390 2990 2443 erat

363 2468 644 2527 ethnicus
674 2472 784 2527 aut
808 2470 1063 2543 judaeus
1094 2474 1204 2536 aut
1232 2488 1459 2539 servus,
1499 2489 1659 2530 nune
1689 2471 2037 2532 obambulat
2068 2474 2316 2532 sormam
2348 2476 2588 2550 gestans
2621 2491 2741 2531 non
2772 2474 2989 2550 angeli,

361 2576 557 2633 neque
588 2558 952 2634 archangeli,
985 2558 1087 2618 sed
1120 2559 1535 2619 universorum
1559 2559 1874 2619 Dominum
1906 2561 1970 2619 in
2003 2580 2126 2621 sese
2159 2562 2457 2621 Christum
2478 2566 2972 2637 repraesentans}

365 2681 444 2690 —
482 2647 919 2725 Gregorius
950 2667 1073 2707 naz.
1105 2667 1187 2712 or.
1221 2658 1302 2712 40
1338 2650 1401 2708 in
1434 2652 1636 2708 saneta
1664 2648 1894 2710 lumina
1924 2669 1981 2710 n.
2018 2660 2131 2713 27:
2184 2650 2309 2720 ,Ex
2345 2670 2465 2728 quo
2498 2650 2593 2709 die
2623 2669 2729 2727 per
2756 2651 2986 2728 baptis-

360 2756 529 2794 mum
560 2737 919 2807 immutaris,
953 2742 1182 2797 veteres
1214 2757 1417 2797 omnes
1437 2741 1612 2797 notae
1630 2744 1960 2812 cessarunt,
1992 2760 2114 2799 una
2143 2739 2330 2800 forma
2360 2740 2640 2800 omnibus
2672 2740 2990 2816 impositus

360 2829 458 2883 est
488 2825 838 2897 Christu83‘
886 2831 949 2885 et
991 2845 1073 2885 or.
1127 2836 1202 2890 18
1236 2846 1295 2885 n.
1338 2837 1410 2891 13
1456 2828 1528 2886 de
1573 2832 1740 2903 patre
1787 2846 1895 2887 suo
1940 2830 2053 2887 ait:
2103 2829 2238 2898 ,Ad
2282 2849 2410 2888 eam
2457 2830 2984 2907 regenerationem,

359 2932 518 2989 quae
547 2933 657 2990 per
688 2935 901 2992 aquam
934 2920 995 2973 et
1025 2916 1318 2990 Spiritum
1347 2916 1620 2987 efficitur,
1653 2917 1782 2992 ipse
1813 2918 2054 2989 aceedit,
2102 2938 2208 2994 per
2238 2937 2417 2994 quam
2451 2918 2721 2988 hominis,
2756 2919 2863 2993 qui
2894 2937 2984 2978 se-

360 3002 630 3062 cundum
677 3003 978 3078 Christum
1027 3011 1132 3076 est,
1182 3005 1594 3064 formationem
1625 3010 1689 3065 et
1720 3006 2144 3082 perfectionem
2193 3007 2534 3083 terrenique
2585 3008 2657 3066 ad
2704 3008 2987 3084 spiritum

360 3093 841 3151 immutationem
873 3095 934 3151 et
964 3092 1345 3154 refectionem
1376 3094 1497 3153 Deo
1530 3095 1942 3154 confitemur.‘

543 3196 611 3261 3.
643 3192 821 3258 Sicut
850 3193 1058 3259 Adam
1088 3214 1323 3277 parens
1356 3203 1456 3261 est
1485 3197 1753 3261 humani
1786 3198 2054 3278 generiS,
2092 3199 2181 3263 ita
2212 3197 2504 3262 Christus
2536 3217 2772 3280 parens
2791 3218 2987 3281 gene-

358 3303 449 3365 ris
480 3302 782 3384 reparati.
813 3299 1012 3383 Atqui
1042 3303 1456 3382 generatione
1490 3322 1567 3368 ex
1588 3303 1837 3369 Adamo
1874 3323 2101 3369 omnes
2122 3305 2566 3369 contrahimus
2598 3306 2990 3371 lineamenta

358 3408 585 3491 ipsiuS,
618 3413 956 3490 portamus
976 3408 1318 3490 imaginem
1340 3411 1577 3475 terreni
1596 3410 1890 3475 hominis.
1924 3411 2438 3492 Regeneratione
2459 3430 2610 3492 ergo
2632 3432 2709 3478 ex
2731 3411 2986 3478 Christo

358 3515 472 3579 illa
520 3514 920 3591 delebuntur,
971 3521 1035 3578 et
1084 3513 1322 3580 Christi
1372 3516 1710 3582 induemus
1760 3517 2120 3599 imaginem.
2187 3517 2350 3581 Nam
2384 3518 2437 3582 si
2470 3519 2724 3584 ratione
2768 3538 2985 3595 resur-

357 3622 670 3688 rectionis
701 3620 940 3686 Paulus
988 3622 1267 3689 scribere
1316 3624 1527 3706 potuit
1563 3629 1617 3691 1.
1652 3624 1794 3688 Cor.
1833 3629 1931 3702 15,
1963 3631 2082 3694 49:
2134 3624 2342 3710 lqitur
2392 3627 2548 3689 sicut
2589 3629 2990 3711 portavimus

360 3730 698 3812 imaqinem
729 3731 979 3816 terreni,
1004 3738 1326 3813 portemus
1357 3737 1413 3793 et
1445 3732 1778 3816 imaqinem
1811 3732 2115 3797 coelestis:
2145 3732 2384 3814 poterit
2417 3732 2587 3798 idem
2609 3733 2732 3797 dici
2751 3750 2984 3797 secun-

358 3836 516 3900 dum
551 3836 836 3899 animam
868 3837 1117 3922 ratione
1150 3838 1673 3918 regenerationis

544 3964 691 4029 187.
726 3960 1273 4031 Demonstratio
1303 3983 1371 4050 p.
1408 3963 1531 4032 VI.
1567 3963 2530 4045 Constituimur‚justificationis
2552 3965 2757 4045 gratia
2779 3984 2986 4029 mem-

357 4067 483 4131 bra
511 4067 702 4131 viva
732 4067 1020 4147 corporis
1053 4067 1302 4133 Christi.
1338 4070 1470 4135 Etsi
1502 4071 1673 4136 enim
1706 4071 2003 4135 homines
2036 4072 2390 4138 redduntur
2423 4071 2718 4136 membra
2749 4070 2983 4135 Christi

358 4192 440 4238 eo
473 4174 639 4255 ipSO,
674 4173 848 4257 quod
878 4172 1173 4238 membra
1205 4183 1355 4240 sunt
1374 4176 1730 4242 Ecclesiae:
1768 4184 1982 4241 tamen
2014 4179 2222 4258 gratia
2246 4177 2657 4259 justificante,
2691 4196 2819 4261 qua
2849 4178 2980 4241 vita

356 4280 874 4361 supernaturalis
907 4282 1287 4360 continetur,
1320 4283 1468 4347 viva
1500 4289 1652 4347 sunt
1682 4286 1993 4348 membra.
2028 4284 2199 4350 Belle
2230 4286 2295 4348 in
2321 4284 2781 4366 justificatione
2801 4304 2980 4348 com-

356 4388 572 4470 pletur
603 4394 795 4468 typus
825 4388 925 4452 vel
956 4390 1266 4470 repetitur
1297 4388 1912 4477 miraculuijlisei,
1944 4391 2052 4472 qui
2083 4390 2514 4455 incumbendo
2549 4411 2740 4472 super
2772 4388 2980 4456 Suna-

353 4494 600 4559 mitidis
630 4494 848 4571 filium,
881 4514 951 4560 se
981 4497 1428 4561 contrahendo
1461 4504 1525 4561 et
1555 4497 1858 4579 ponendo
1892 4515 1966 4561 os
1999 4517 2186 4560 suum
2208 4517 2400 4579 super
2421 4517 2495 4566 os
2517 4498 2653 4578 ejus
2675 4504 2739 4562 et
2758 4497 2980 4562 oculos

354 4620 558 4684 super
590 4602 817 4666 oculos
850 4603 986 4683 ejus
1019 4611 1079 4668 et
1114 4621 1343 4667 manus
1393 4623 1589 4685 super
1639 4623 1873 4669 manus
1925 4605 2060 4685 ejus
2109 4605 2310 4667 vitam
2359 4605 2665 4668 amissam
2708 4604 2981 4692 reddidit

353 4717 419 4778 4:
452 4709 607 4790 Reg.
641 4714 702 4786 4,
737 4714 841 4778 32.
901 4708 996 4772 Ita
1027 4709 1319 4774 Christus
1363 4711 1646 4776 Verbum
1690 4711 2135 4776 incarnatione
2180 4710 2630 4775 abbreviatum
2679 4729 2794 4792 per
2838 4729 2979 4773 om-
