3538 5364
569 287 698 352 438
1107 277 1292 331 Tract.
1324 278 1414 330 IX.
1442 276 1511 330 de
1542 274 1917 346 poenitentia.
1945 274 2393 344 Exceptionibus
2421 273 2644 331 satisfit.

745 462 812 527 5.
847 458 1131 540 Denique
1164 457 1478 539 ejusmodi
1510 458 1842 538 disciplina
1884 455 2025 537 plus
2056 457 2397 538 minusque
2429 456 2652 519 fuisset
2681 454 2930 520 laesum
2963 456 3188 536 sigil-

566 566 725 630 lum
758 564 1242 629 sacramentale.
1275 564 1489 642 Quare
1520 563 1807 629 Ecclesia
1840 582 1956 646 pro
1989 581 2109 627 sua
2128 563 2469 645 prudentia
2487 562 2624 643 lege
2648 561 2997 626 universali
3019 563 3190 643 ejus-

566 672 742 736 modi
774 671 1172 753 disciplinam
1206 672 1456 735 sancire
1488 689 1620 735 non
1651 672 1876 753 potuit.
1911 670 2162 750 Quibus
2196 669 2496 733 omnibus
2529 670 2825 751 expensis
2850 688 2982 733 non
3002 670 3187 732 nimis

566 779 781 843 audax
812 778 1011 842 videri
1043 778 1235 843 debet
1266 778 1555 852 assertiO,
1604 796 1800 859 quam
1836 777 1909 841 cl.
1946 775 2343 841 Palmieri
2388 777 2474 840 th.
2508 781 2548 845 9
2583 776 2672 840 ita
2707 776 3046 841 enunciat:
3087 773 3193 849 ,Si

566 886 849 952 Ecclesia
886 885 1138 950 veniam
1171 886 1429 965 negavit
1460 885 1830 962 idololatriS,
1862 884 2170 959 moechis,
2218 884 2554 948 homicidis
2600 884 2796 949 etiam
2853 884 3189 965 poeniten-

565 994 736 1058 tibus
770 998 833 1058 et
865 993 1297 1075 quamtumvis
1331 991 1826 1072 poenitentibus,
1881 1009 1960 1056 ea
2010 990 2111 1055 vel
2162 990 2245 1054 ab
2293 991 2537 1056 enormi
2571 990 3008 1055 inobedientia
3042 1007 3192 1071 erga

566 1100 799 1166 Christi
829 1101 1035 1180 legem
1067 1099 1166 1164 vel
1200 1098 1283 1163 ab
1317 1084 1532 1163 errore
1580 1099 1643 1161 in
1688 1098 1813 1163 fide
1859 1097 2080 1180 nequit
2110 1096 2400 1162 liberari:
2447 1097 2626 1180 atqui
2681 1098 2741 1161 id
2776 1097 3180 1174 absurdum,‘

568 1215 639 1273 ut
670 1227 784 1290 per
815 1225 885 1271 se
918 1214 1109 1287 patet.
1174 1203 1329 1269 lllud
1380 1224 1635 1287 quoque
1685 1224 1844 1270 saue
1895 1204 2246 1268 absurdum
2299 1210 2399 1268 est
2428 1204 2683 1285 fingere,
2733 1211 2805 1269 ut
2839 1222 2985 1267 cum
3020 1203 3191 1267 Deus

567 1316 740 1379 dicat
771 1322 836 1379 et
860 1314 1064 1395 juret:
1100 1311 1256 1374 Nolo
1286 1318 1541 1376 mortem
1572 1313 1752 1395 impii
1787 1311 1910 1397 (Ez.
1935 1315 2037 1387 33,
2066 1313 2205 1396 11):
2237 1310 2522 1375 Ecclesia
2556 1311 2694 1393 ejus
2727 1311 2968 1374 vicaria
2987 1317 3052 1375 et
3071 1329 3182 1391 pro

567 1423 706 1504 ipso
738 1421 1055 1501 legatione
1088 1418 1355 1499 fungens
1387 1416 1546 1482 nolit
1576 1436 1724 1481 eum
1756 1418 2110 1483 absolvere.
2153 1417 2352 1498 ,Ergo
2388 1417 2886 1492 evidentissime,
2923 1418 3183 1481 conclu-

566 1529 774 1593 dimus
807 1545 952 1591 cum
986 1526 1421 1589 Ambrosio
1455 1527 1534 1590 de
1566 1525 1803 1607 poenit.
1840 1526 1876 1588 l.
1913 1533 1952 1595 2
1986 1545 2043 1588 n.
2083 1531 2181 1600 18,
2215 1523 2469 1589 Domini
2488 1524 2969 1606 praedicatione
2999 1543 3183 1587 man·

567 1635 788 1698 datum
823 1642 938 1709 est,
973 1633 1168 1698 etiam
1200 1634 1560 1714 gravissimi
1590 1633 1873 1696 criminis
1917 1633 2064 1707 reis,
2111 1632 2164 1695 si
2213 1650 2290 1696 ex
2337 1637 2474 1696 toto
2523 1631 2717 1695 corde
2752 1636 2816 1695 et
2849 1631 3186 1695 manifesta

567 1739 968 1806 confessione
1000 1741 1248 1822 peccati
1279 1739 1740 1822 poenitentiam
1793 1746 2037 1819 gerant,
2090 1739 2476 1802 sacramenti
2508 1739 2807 1803 coelestis
2843 1737 3183 1802 refunden-

566 1848 717 1911 dam
749 1847 1074 1928 gratiam.‘

747 2006 891 2060 455.
927 1992 1293 2062 Scholion.
1328 1998 1776 2071 Exceptionibus
1805 1998 2032 2072 satisfit.
2056 2031 2143 2040 --
2167 1996 2302 2054 Non
2323 1995 2651 2054 diffitemur
2682 2013 2808 2053 esse
2840 1992 3186 2052 testimonia

566 2086 783 2162 aliqua,
830 2105 979 2160 quae
1012 2087 1256 2144 immani
1290 2086 1379 2144 illi
1411 2087 1612 2164 rigori,
1661 2106 1840 2162 quem
1871 2088 2074 2162 plures
2107 2085 2372 2162 theologi
2404 2085 2697 2143 Ecclesiae
2731 2083 3060 2160 primorum
3094 2101 3180 2140 se-

566 2175 833 2234 culorum
866 2175 1227 2246 adscribunt,
1261 2177 1453 2234 favere
1488 2175 1822 2234 videantur.
1891 2176 2218 2233 Provocant
2251 2173 2575 2233 adversarii

749 2294 807 2364 l.
851 2299 925 2358 ad
968 2300 1580 2371 Tertullianum,
1629 2301 1734 2376 qui
1768 2302 1832 2358 in
1865 2300 1902 2358 l.
1936 2300 2008 2359 de
2041 2300 2238 2375 pudic.
2271 2299 2492 2374 passim
2524 2297 2827 2373 supponit,
2861 2296 3184 2354 catholicos

564 2388 874 2447 homicidis
920 2393 983 2447 et
1030 2390 1211 2464 lapsis
1260 2390 1322 2447 in
1355 2389 1748 2448 idololatriam
1782 2391 2013 2448 veniam
2045 2407 2325 2465 negasse:
2378 2386 2654 2462 quocirca
2702 2404 2802 2446 eos
2849 2385 3052 2462 arguit
3093 2385 3182 2443 in·

563 2478 927 2537 constantiae
958 2482 1020 2538 et
1050 2479 1472 2554 acceptationis
1521 2497 1928 2555 personarum,
1981 2478 2139 2553 quod
2187 2477 2476 2536 adulteris
2525 2494 2727 2551 pacem
2775 2474 3180 2534 concederent.

563 2567 656 2625 Ita
686 2566 845 2625 enim
879 2585 965 2626 ex.
998 2587 1087 2643 gr.
1120 2588 1164 2631 c.
1203 2578 1235 2630 5
1271 2567 1503 2626 scribit:
1556 2567 1859 2636 ,Adsistit
1889 2568 2219 2637 idololatra,
2253 2565 2496 2626 adsistit
2529 2564 2838 2631 homicida,
2890 2563 2954 2621 in
2986 2562 3182 2623 medio

564 2674 770 2715 eorum
801 2656 1040 2716 adsistit
1068 2657 1379 2716 moechus:
1427 2656 1649 2733 pariter
1692 2657 1765 2715 de
1812 2656 2213 2733 poenitentiae
2251 2655 2444 2715 officio
2475 2655 2684 2715 sedent
2714 2654 2778 2714 in
2811 2670 2977 2713 sacco
3010 2657 3072 2711 et
3101 2652 3180 2711 ci-

562 2764 703 2804 nere
732 2746 1163 2806 inhorrescunt.
1229 2746 1447 2805 Eodem
1479 2745 1624 2806 fletu
1657 2746 2011 2824 gemiscunt,
2059 2746 2283 2804 eisdem
2315 2745 2590 2820 precibus
2624 2744 2915 2811 ambiunt,
2964 2741 3179 2801 eisdem

563 2834 818 2911 genibus
851 2837 1112 2904 exorant,
1146 2835 1426 2893 invocant
1457 2835 1701 2893 eandem
1735 2839 2003 2899 matrem.
2052 2834 2207 2905 Quid
2240 2835 2366 2910 agis
2398 2835 2751 2895 mollissima
2783 2835 2845 2891 et
2876 2833 3181 2890 humanis-

564 2924 712 2982 sima
744 2923 1121 2998 disciplina?'
1164 2925 1288 2981 Aut
1331 2923 1607 2982 omnibus
1646 2924 1733 2983 eis
1765 2926 1874 2984 hoc
1906 2942 2035 2983 esse
2067 2924 2311 2994 debebis
2347 2917 2537 3006 (beati
2567 2923 2726 2981 enim
2759 2918 3033 3000 pacifici),
3081 2923 3184 2980 aut

566 3014 616 3071 si
649 3031 770 3070 non
802 3012 1098 3083 omnibuS,
1131 3016 1334 3070 nostra
1364 3030 1508 3074 esse.
1545 3013 1924 3072 Idololatram
1946 3013 2188 3089 quidem
2220 3016 2282 3071 et
2312 3013 2668 3071 homicidam
2701 3013 2884 3071 semel
2916 3010 3178 3080 damnas,

564 3102 875 3160 moechum
910 3119 1047 3159 vero
1080 3100 1152 3158 de
1187 3100 1377 3160 medio
1410 3102 1644 3178 excipis,
1694 3102 2042 3162 idololatrae
2075 3120 2486 3173 successorem,
2535 3100 2885 3162 homicidiae
2916 3105 3178 3168 anteces-

566 3208 776 3260 sorem,
811 3190 1125 3264 utriusque
1157 3190 1458 3266 collegam.
1524 3192 1815 3251 Personae
1847 3191 2174 3268 acceptatio
2207 3193 2358 3251 est.‘
2424 3191 2504 3250 Cf.
2551 3210 2629 3250 cc.
2682 3203 2736 3253 9.
2793 3200 2887 3256 12.
2943 3200 3042 3253 19.
3087 3199 3181 3253 22-

566 3278 857 3336 Nonnulli
888 3279 1265 3354 respondent,
1313 3279 1749 3339 Tertullianum
1795 3300 1955 3341 more
1987 3281 2421 3339 haereticorum
2467 3299 2588 3340 non
2636 3280 2861 3339 sincere
2907 3279 3179 3338 exhibere

565 3366 857 3425 Ecclesiae
886 3368 1131 3442 praxim,
1165 3369 1338 3443 eique
1371 3368 1708 3429 adscribere
1738 3389 1848 3445 per
1877 3369 2233 3429 calumniam
2254 3369 2649 3445 disciplinam,
2687 3388 2863 3445 quam
2898 3386 3020 3427 non
3051 3387 3179 3445 pro·

565 3456 716 3513 fessa
747 3455 845 3514 sit.
908 3454 1003 3515 Ita
1032 3457 1262 3516 Natalis
1296 3458 1734 3517 Alexander
1765 3460 1905 3519 diss.
1943 3471 1974 3522 7
2010 3459 2075 3517 in
2109 3477 2222 3519 sec.
2256 3459 2360 3523 111.
2393 3477 2561 3534 prop.
2598 3467 2667 3528 3;
2702 3458 3054 3516 Morinus
3087 3456 3179 3524 IX,

578 3555 681 3608 19:
716 3545 1098 3604 Binterim
1139 3547 1741 3624 Denkwiirdigkeiten
1774 3552 1816 3607 t.
1856 3558 1888 3612 5
1925 3567 1978 3623 p.
2017 3558 2049 3610 2
2087 3568 2220 3625 pag.
2257 3557 2400 3611 263.
2433 3581 2522 3592 ——
2553 3548 2862 3606 Marano
2894 3547 3077 3622 praef.
3110 3545 3180 3605 ad

567 3652 658 3709 op.
693 3653 738 3692 s.
764 3634 932 3710 Cypr.
968 3632 999 3702 ἓ
1037 3645 1070 3697 9
1109 3635 1347 3694 videtur
1365 3635 1767 3696 Tertullianus
1800 3656 1977 3714 agere
2008 3653 2128 3695 non
2159 3637 2441 3696 adversus
2475 3636 2813 3707 catholicos,
2848 3635 2950 3695 sed
2985 3639 3185 3695 contra

565 3723 932 3784 adversarios
963 3743 1032 3783 ex
1080 3724 1221 3799 ipsis
1254 3725 1652 3797 montanistis,
1699 3726 1806 3802 qui
1838 3726 1953 3785 sibi
1983 3745 2102 3785 non
2135 3730 2471 3785 constantes
2503 3725 2812 3784 homicidis
2843 3727 2908 3784 et
2937 3724 3179 3785 idololo-

566 3812 733 3870 latris
765 3813 998 3871 veniam
1030 3813 1469 3890 denegaverint,
1506 3815 1761 3874 moechis
1793 3834 1932 3875 vero
1965 3815 2510 3875 reconciliationem
2542 3814 2923 3873 indulserint.
2992 3813 3082 3872 lta
3125 3817 3183 3872 et

565 3902 833 3960 Peters
867 3903 929 3960 in
962 3902 1243 3960 Katholik
1288 3904 1575 3971 1876.11,
1617 3913 1736 3966 113
1773 3922 1849 3962 ss.

748 4026 1004 4101 Utraque
1036 4030 1235 4085 tamen
1266 4027 1573 4102 responsio
1605 4047 1724 4087 non
1757 4029 1997 4088 videtur
2029 4029 2349 4088 sufficiens,
2384 4028 2575 4097 Quare
2608 4029 2862 4087 dicimus
2895 4043 2957 4094 a.
2988 4028 3182 4087 Eccle-

567 4113 692 4172 siae
725 4113 1098 4190 disciplinam
1131 4116 1331 4191 potius
1354 4116 1692 4175 discendam
1726 4135 1854 4176 esse
1886 4138 1920 4175 a
1951 4118 2320 4177 Tertulliano
2352 4118 2764 4188 catholice,
2800 4136 2977 4193 quam
3011 4118 3085 4177 ab
3119 4135 3185 4175 eo

568 4203 1074 4261 montanista:
1110 4204 1309 4280 potius
1329 4224 1395 4264 ex
1418 4205 1685 4265 fontibus
1704 4206 1968 4275 sinceris,
2002 4226 2179 4281 quam
2213 4226 2281 4265 ex
2316 4206 2469 4266 libro
2499 4207 2821 4276 haeretico:
2856 4203 2929 4269 l).
2951 4205 3184 4266 ostendi

568 4291 776 4348 multis
807 4291 1192 4364 documentis,
1225 4297 1287 4352 et
1317 4295 1494 4353 etiam
1525 4314 1557 4353 e
1577 4294 1929 4354 Tertulliani
1964 4296 2001 4355 l.
2034 4296 2106 4355 de
2137 4295 2519 4373 poenitentia,
2553 4314 2728 4370 quem
2762 4295 2953 4354 adhuc
2988 4296 3183 4355 catho-

568 4380 719 4437 licus
750 4380 999 4455 scripsit,
1032 4383 1309 4441 omnibus
1342 4384 1693 4443 criminibus
1726 4384 1924 4443 datam
1957 4385 2142 4444 fuisse
2176 4386 2423 4444 veniam.
2487 4384 2815 4444 Fatendum
2847 4403 2977 4444 esse
3022 4400 3084 4449 c.
3117 4387 3188 4444 ut

568 4472 625 4526 et
659 4469 941 4544 exemplis
972 4475 1217 4541 constat,
1252 4472 1692 4531 Tertullianum
1722 4473 1950 4533 haeresi
1981 4474 2266 4533 infectum
2289 4474 2615 4533 doctrinam
2641 4474 2987 4532 catholicam
3019 4492 3185 4549 saepe

568 4558 720 4614 male
753 4576 1040 4634 exponere
1073 4561 1166 4617 vel
1198 4560 1594 4637 interpretari,
1631 4581 1750 4637 quo
1784 4562 2020 4622 facilius
2055 4582 2181 4622 eam
2209 4564 2546 4640 impugnet.
2593 4563 2749 4622 Hinc
2781 4560 2850 4629 (l.
2882 4563 3184 4639 probabile

568 4664 714 4717 esse,
748 4647 1180 4706 Tertullianum
1214 4652 1619 4726 argumentari
1651 4670 1721 4710 ex
1754 4652 2100 4727 particulari
2122 4653 2497 4728 quorundam
2530 4652 2943 4727 episcoporum
2977 4651 3187 4730 agendi

566 4735 795 4794 ratione
830 4730 911 4816 (n.
947 4731 1120 4814 451),
1154 4756 1330 4812 quam
1362 4758 1470 4814 per
1501 4742 2019 4817 exaggerationem
2052 4743 2361 4800 universae
2396 4742 2678 4800 adscribit
2708 4741 3024 4804 Ecclesiae.
