3538 5364
554 303 686 368 664
1019 295 1205 349 Tract.
1233 296 1297 348 X.
1325 295 1394 348 de
1421 294 1538 351 Deo
1569 296 2040 350 consummatore.
2070 293 2151 347 De
2178 294 2535 365 apocalypsis
2563 312 2607 347 c.
2637 300 2721 352 20.

554 486 826 540 mentum
858 500 927 539 ex
959 484 1141 556 Apoc.
1174 499 1221 539 c.
1257 490 1336 543 20
1372 480 1615 556 petitur,
1658 481 1723 540 in
1753 499 1874 556 quo
1907 480 2133 540 mentio
2164 480 2232 538 fit
2263 480 2298 538 d
2317 481 2609 556 uplicis
2640 482 3099 541 resurrectionis
3134 486 3203 539 et-

553 571 727 648 regni
767 570 1208 630 millenarii
1240 569 1457 628 Christi
1490 570 1647 628 inter
1677 574 2013 645 utramque.
2077 569 2265 646 Atqui
2314 566 2377 631 l.
2421 571 2720 629 immerito
2751 576 3083 647 provocant
3118 570 3200 627 ad

551 660 665 719 hoc
709 662 889 735 caput
931 663 1237 736 tamquam
1281 660 1479 718 locum
1512 659 1834 723 classicum.
1884 677 2018 718 cum
2062 662 2416 736 argumenta
2459 677 2528 717 ex
2573 660 2867 719 vaticiniis
2911 661 3202 719 nondum

552 748 835 824 impletis,
883 748 997 807 nisi
1044 748 1365 806 admodum
1396 748 1518 806 sint
1550 748 1720 818 clara,
1772 747 2005 806 soleant
2034 765 2161 807 esse
2194 751 2287 806 sat
2334 748 2584 807 incerta:
2637 767 2809 826 saepe
2856 750 3014 808 enim
3065 767 3206 806 non

553 840 802 912 constat,
836 841 1042 897 utrum
1074 837 1257 896 verba
1289 837 1472 913 accipi
1492 836 1745 896 debeant
1766 855 1948 896 sensu
1979 837 2218 913 proprio
2249 855 2324 894 an
2356 838 2773 912 metaphorico.
2820 838 3207 897 Nominatim

552 927 971 1002 Apocalypsim
1017 926 1284 985 tenebris
1335 945 1464 985 esse
1511 926 1864 996 involutum,
1915 928 2219 985 testantur
2254 926 2378 1001 jam
2433 926 2850 1002 Dionysius
2898 928 2973 989 al.
3022 927 3208 1003 apud

551 1015 969 1075 Eusebium
1001 1016 1074 1073 H.
1105 1015 1171 1073 Ε.
1202 1015 1334 1092 VII,
1375 1024 1487 1087 253
1535 1016 2040 1093 Augustinus
2084 1015 2157 1073 de
2204 1015 2366 1073 civit.
2399 1016 2508 1074 Dei
2539 1016 2659 1087 XX,
2700 1024 2774 1079 17
2812 1019 2874 1076 et
2904 1017 3206 1074 Hiero-

553 1123 823 1180 nymus
868 1106 909 1163 l.
963 1116 1034 1167 11
1091 1104 1154 1161 in
1198 1104 1295 1168 Ez.
1332 1114 1449 1167 38:
1501 1105 1680 1174 ,Non
1724 1104 2133 1181 intelligentes
2165 1107 2361 1163 totum
2393 1105 2671 1163 volumen
2704 1106 2971 1175 Joannis,
3021 1106 3204 1180 quod

552 1194 933 1252 revelationis
965 1193 1147 1253 titulo
1180 1196 1589 1269 praenotatur,
1638 1212 1767 1253 esse
1799 1194 2118 1270 mysticum
2151 1197 2213 1251 et
2244 1192 2605 1252 revelatione
2636 1212 2743 1253 nos
2773 1194 3064 1270 indigere.
3123 1196 3208 1251 ut

553 1283 852 1358 possimus
901 1302 1035 1341 cum
1082 1283 1372 1358 propheta
1402 1282 1628 1342 dicere:
1679 1283 1885 1341 Revela
1936 1283 2123 1341 oculos
2169 1300 2321 1340 meos
2370 1290 2422 1339 et
2468 1284 2840 1342 considerabo
2885 1284 3208 1341 mirabilia

552 1372 620 1430 cle
651 1374 764 1448 leye
795 1379 896 1430 tua
943 1367 1059 1453 (Ps,
1103 1381 1248 1442 118,
1288 1366 1456 1453 18).‘
1526 1371 1896 1448 Quapropter
1926 1375 2201 1448 exegetae
2232 1371 2390 1429 inter
2433 1390 2494 1429 se
2539 1371 2925 1447 dissentiunt,
2972 1377 3203 1431 utrum

551 1480 636 1530 ea,
684 1479 836 1536 quae
866 1460 930 1518 in
963 1460 1322 1536 Apocalypsi
1363 1462 1427 1518 in
1473 1460 1662 1519 forma
1690 1461 1958 1519 vaticinii
1990 1460 2289 1530 dicuntur,
2316 1461 2442 1533 jam
2474 1461 2597 1519 sint
2628 1461 2950 1537 adimpleta
2980 1480 3203 1520 necne.

552 1550 642 1607 Ad
677 1549 819 1608 haec
863 1545 928 1613 2.
974 1568 1043 1607 ex
1094 1549 1324 1608 duabus
1356 1550 1949 1625 interpretationibus
1982 1550 2090 1608 loci
2124 1549 2363 1608 obscuri
2409 1567 2475 1606 ea
2521 1552 2614 1608 est
2645 1550 2978 1627 deligenda,
3031 1569 3204 1625 quae

554 1639 664 1696 etsi
693 1638 845 1697 forte
877 1638 1075 1696 minus
1107 1638 1357 1697 literalis
1389 1641 1450 1697 et
1482 1638 1675 1710 obvia,
1709 1639 1926 1697 melius
1959 1640 2159 1697 tamen
2192 1637 2466 1697 cohaeret
2498 1657 2632 1697 cum
2665 1638 3007 1716 dogmatum
3041 1658 3200 1697 ana-

555 1728 730 1803 logia,
779 1729 948 1802 cujus
994 1728 1058 1786 in
1089 1728 1436 1786 enarrandis
1471 1727 1797 1803 Scripturis
1829 1728 2082 1786 maxima
2112 1725 2382 1785 habenda
2413 1730 2504 1785 est
2534 1728 2702 1786 ratio.
2767 1728 3197 1787 chiliastarum

555 1835 694 1874 vero
727 1816 1145 1892 interpretatio
1176 1836 1211 1874 a
1241 1817 1589 1893 dogmatum
1615 1816 1889 1893 analogia
1907 1816 2201 1887 dissonat;
2238 1819 2517 1874 consonat
2547 1835 2632 1887 ea,
2666 1836 2844 1892 quam
2876 1836 3009 1875 mox
3040 1837 3196 1892 pro-

553 1923 861 1980 ponemus,
895 1924 1192 1981 quamque
1224 1905 1474 1964 tradunt
1504 1906 1600 1963 vel
1634 1906 1900 1965 innuunt
1931 1906 2038 1964 Au
2058 1905 2434 1982 gustinus
2466 1905 2537 1963 de
2569 1905 2679 1966 civ.
2714 1905 2819 1963 Dei
2849 1906 2969 1977 XX,
3010 1916 3040 1968 7
3080 1924 3194 1974 ss.;

553 1994 978 2070 Gregorius
1009 1995 1086 2054 M.
1118 1995 1262 2059 Mor.
1295 1995 1391 2063 IX,
1434 2007 1496 2063 13
1534 1994 1971 2053 Primasius
2003 2000 2065 2052 et
2095 1993 2296 2051 Beda
2328 1994 2388 2051 in
2419 1994 2475 2051 h.
2509 2012 2555 2055 c.

737 2147 881 2200 712.
926 2137 1172 2215 Ligatus
1218 2156 1357 2214 ergo
1408 2135 1469 2201 l.
1516 2138 1634 2196 fuit
1681 2137 1950 2196 diabolus
1992 2137 2182 2213 primo
2215 2136 2480 2196 adventu
2510 2141 2691 2214 atque
2723 2141 2912 2196 morte
2945 2137 3188 2203 Christi,

555 2246 674 2301 qua
705 2227 928 2285 factum
960 2230 1066 2296 est,
1116 2230 1188 2285 ut
1216 2228 1488 2303 princeps
1521 2227 1704 2303 hujus
1735 2226 1947 2286 mundi
1979 2228 2203 2302 ejectus
2235 2226 2315 2284 sit
2347 2226 2503 2284 foras
2534 2226 2574 2285 J
2577 2246 2626 2285 0.
2667 2235 2765 2297 12,
2800 2236 2901 2297 31,
2933 2228 3190 2302 ejusque

554 2315 886 2374 dominium
917 2315 1004 2373 ita
1035 2316 1439 2389 imminutum,
1488 2319 1560 2374 ut
1597 2317 1692 2374 vel
1726 2316 2066 2374 hominibus
2099 2333 2369 2374 concessa
2401 2314 2588 2375 suerit
2618 2317 2878 2391 potestas
2908 2315 3186 2390 ejiciendi

553 2424 688 2463 eum
721 2404 785 2462 in
815 2405 1053 2463 nomine
1086 2404 1305 2463 Christi
1338 2405 1547 2462 Matth.
1585 2414 1640 2476 8,
1681 2414 1795 2474 293
1838 2414 1935 2475 12,
1975 2413 2052 2468 28
2090 2423 2135 2463 s.
2170 2406 2278 2462 etc.
2337 2404 2496 2463 Haec
2527 2422 2664 2463 vero
2696 2403 2906 2480 ligatio
2940 2422 3063 2462 non
3095 2409 3188 2462 est

553 2514 587 2551 a
601 2493 639 2551 b
656 2512 683 2552 s
701 2512 733 2552 ο
751 2494 773 2551 l
789 2513 829 2552 u
844 2497 873 2551 t
887 2513 921 2551 a
937 2538 951 2564 ,
988 2494 1360 2570 permittitur
1391 2494 1548 2553 enim
1569 2494 1765 2552 adhuc
1787 2496 2021 2552 tentare
2041 2493 2325 2552 homines·
2369 2531 2397 2561 ,
2413 2493 2699 2570 Alligatio
2720 2493 2950 2564 diaboli,
2985 2494 3187 2569 inquit

552 2582 1055 2658 Augustinus
1088 2583 1127 2640 l.
1148 2601 1198 2649 c.
1225 2592 1259 2645 8
1282 2603 1339 2640 n.
1369 2595 1419 2652 1,
1455 2586 1549 2641 est
1568 2601 1688 2642 non
1710 2582 1980 2659 permitti
2001 2600 2267 2641 exercere
2296 2585 2538 2641 totam
2558 2583 2971 2652 tentationem,
3006 2602 3185 2657 quam

550 2674 752 2746 potest
798 2672 890 2730 vel
936 2671 994 2730 vi
1042 2672 1139 2730 vel
1183 2671 1318 2731 dolo
1363 2672 1435 2730 ad
1481 2671 1842 2732 seducendos
1891 2671 2217 2736 homines}
2268 2671 2544 2730 Ceterum
2585 2668 2650 2736 2.
2699 2671 2938 2731 nomine
2969 2672 3183 2733 diaboli

550 2760 812 2837 intelligi
857 2778 976 2820 non
1024 2761 1202 2820 debet
1242 2762 1432 2820 omnis
1462 2762 1658 2820 virtus
1703 2761 1998 2820 diabolica
2044 2780 2147 2819 seu
2194 2779 2396 2819 omnes
2441 2762 2773 2830 daemoneS‚
2825 2761 2926 2821 sed
2979 2781 3182 2820 eorum

552 2851 826 2925 princeps
857 2853 1126 2909 tantum:
1159 2870 1297 2909 num
1330 2854 1401 2909 ut
1432 2852 1641 2909 scribit
1671 2851 1716 2908 Τ
1735 2851 1993 2909 homas
2026 2851 2159 2909 lect.
2195 2860 2229 2912 2
2267 2851 2329 2908 in
2361 2849 2477 2908 ,Iob
2517 2863 2538 2913 1
2566 2871 2579 2909 :
2625 2851 2808 2920 ,Mali
2839 2850 3090 2925 spiritus
3121 2852 3182 2908 in

554 2940 862 3015 Scriptura
894 2940 1207 2999 daemones
1239 2940 1527 2999 dicuntur
1557 2943 1619 2998 et
1658 2958 1867 2999 eorum
1900 2939 2131 3016 primus
2162 2939 2434 2998 diabolus
2466 2940 2562 2998 vel
2593 2940 2772 2998 etiam
2805 2943 3037 3002 satan.‘
3102 2939 3181 2999 Cf.

552 3030 596 3086 t.
629 3028 686 3085 11
717 3047 777 3089 n.
813 3038 958 3089 414.
994 3037 1140 3091 425.
1206 3025 1268 3094 3.
1315 3029 1579 3087 Numero
1627 3030 1780 3087 mille
1824 3048 2114 3087 annorum
2161 3028 2508 3104 designatur
2552 3031 2793 3104 tempus
2826 3047 2999 3088 omne
3028 3029 3180 3087 inter

553 3117 813 3192 primum
846 3116 1062 3175 Christi
1095 3117 1425 3176 adventum
1473 3125 1533 3175 et
1578 3117 1919 3177 antichristi
1965 3117 2371 3177 seductionem
2402 3136 2462 3180 v.
2497 3128 2527 3178 7
2565 3118 2661 3175 vel
2692 3118 3178 3176 resurrectionem

553 3225 607 3267 v.
648 3215 746 3279 13,
783 3212 898 3274 ,ut
927 3207 1193 3280 perfecto
1224 3225 1474 3265 numero
1505 3209 1819 3265 notaretur
1849 3207 1979 3281 ipsa
2009 3206 2295 3281 temporis
2327 3205 2641 3281 plenitudo
2657 3202 2764 3289 ¹).‘
2832 3202 2901 3268 4.
2936 3209 3185 3265 Animae

553 3295 958 3352 decollatorum
990 3315 1043 3352 v.
1067 3304 1123 3365 4,
1158 3315 1310 3370 quae
1343 3298 1609 3353 vincerunt
1642 3304 1693 3354 et
1724 3303 2108 3372 reynaverunt
2138 3314 2267 3353 cum
2289 3295 2516 3353 Christo
2546 3297 2698 3354 mille
2728 3299 2920 3372 anule,
2956 3295 3184 3354 animae

556 3385 896 3441 sanctorum
930 3387 1089 3454 sunt,
1142 3384 1248 3459 qui
1281 3388 1420 3459 post
1453 3384 1676 3443 Christi
1706 3388 1955 3443 mortem
1987 3384 2275 3459 temporis
2306 3402 2486 3442 cursu
2519 3402 2711 3459 usque
2742 3384 2816 3443 ad
2848 3385 3185 3443 antichristi

552 3472 873 3530 adventum
918 3473 1245 3533 successive
1287 3473 1606 3549 participes
1648 3473 1985 3531 redduntur
2029 3472 2198 3549 regni
2244 3473 2530 3531 coelestis.
2592 3472 2783 3541 Quare
2829 3469 2893 3538 ὅ.
2943 3474 3185 3532 nomine

555 3563 722 3634 vitae,
755 3579 931 3635 quam
970 3562 1162 3620 vivere
1196 3561 1498 3632 dicuntur,
1533 3561 1925 3638 intelligenda
1955 3565 2046 3620 est
2078 3563 2199 3620 vita
2229 3563 2403 3620 beata
2434 3563 2763 3620 secundum
2793 3564 3072 3630 animam,
3127 3569 3185 3621 et

553 3650 793 3708 nomine
827 3653 1267 3709 resurrectionis
1288 3653 1524 3724 primae
1554 3651 1869 3710 translatio
1902 3651 1974 3708 ad
2008 3651 2156 3709 hanc
2178 3650 2394 3708 vitam:
2429 3669 2623 3727 neque
2656 3651 2830 3722 enim,
2870 3651 2921 3709 si
2955 3652 3027 3710 de
3060 3671 3183 3711 cor-

553 3757 765 3814 porum
798 3740 1230 3798 resurrectione
1264 3743 1423 3798 esset
1453 3759 1662 3811 serm0,
1696 3740 2038 3798 dicerentur
2069 3742 2300 3797 animae
2331 3740 2756 3799 decollatorum
2776 3742 3184 3799 resurrexisse.

554 3827 618 3892 (3.
651 3828 952 3887 Particula
983 3831 1157 3888 donee
1188 3847 1241 3886 v.
1282 3839 1314 3892 5
1352 3829 1650 3905 significat
1681 3829 1921 3905 quidem
1955 3829 2294 3900 terminum,
2342 3833 2480 3887 ante
2525 3848 2701 3904 quem
2743 3830 2909 3904 impii
2943 3848 3064 3888 non
3100 3830 3183 3887 vi-

555 3921 773 3975 xerunt
804 3918 1038 3976 beatam
1071 3919 1278 3987 vitam,
1314 3937 1434 3975 non
1468 3938 1606 3977 vero
1628 3917 2022 3994 adsignificat,
2057 3917 2270 3992 impios
2288 3922 2492 3994 postea
2510 3918 2675 3977 illam
2695 3937 2820 3977 esse
2842 3918 3183 3995 adepturos.

556 4005 763 4080 Neque
795 4025 935 4065 vero
972 4002 1034 4070 7.
1072 4026 1140 4064 ex
1184 4025 1269 4077 eo,
1322 4007 1479 4081 quod
1515 4026 1567 4066 v.
1606 4018 1638 4070 5
1677 4007 1802 4065 vita
1833 4010 1894 4065 et
1924 4026 2177 4084 regnum
2208 4007 2539 4065 animarum
2572 4007 2804 4066 dicatur
2834 4010 3183 4066 resurrectio

775 4200 812 4264 ¹)
841 4194 1334 4261 Augustinus
1376 4194 1410 4247 l.
1438 4211 1484 4247 c.
1512 4209 1556 4245 c.
1588 4196 1620 4248 7
1649 4211 1701 4244 n.
1733 4203 1780 4248 9.
1836 4195 1919 4246 lta-
1960 4192 2133 4246 etiam
2174 4193 2629 4247 Victorinus
2671 4192 3097 4262 petabionensis
3124 4193 3179 4246 in

553 4272 787 4328 scholiis
806 4272 880 4325 ad
902 4272 957 4326 h.
978 4274 1012 4326 1.
1042 4273 1229 4346 (Mig.
1261 4283 1309 4338 5,
1337 4277 1491 4345 342):
1537 4272 1663 4326 Tic
1682 4274 1716 4325 h
1739 4291 1768 4327 ο
1788 4273 1917 4326 niu
1936 4293 1959 4327 s
1985 4274 2143 4342 apud
2171 4273 2215 4327 G
2235 4290 2314 4327 en
2336 4273 2475 4327 nad
2494 4273 2512 4326 i
2532 4292 2568 4326 u
2588 4293 2640 4326 m
2669 4274 2738 4327 de
2766 4273 2959 4343 script.
2987 4275 3184 4327 eccles,

555 4368 601 4404 c.
651 4359 744 4408 18:
799 4351 1299 4420 Hieronymus
1350 4355 1409 4404 iu
1454 4352 1564 4405 Job
1608 4359 1695 4416 40,
1742 4361 1840 4413 24ς
1907 4352 2409 4408 Cassiodorus
2460 4354 2518 4405 iu
2572 4352 3060 4422 complexionibus
3110 4353 3181 4405 ad

556 4436 1086 4500 Apoc.19,17;20‚
1115 4435 1180 4493 ’ῖς
1210 4431 1256 4485 G
1278 4432 1623 4502 regorius
1652 4432 1725 4485 M.
1754 4433 1951 4487 Moral.
1980 4434 2179 4496 XVIII,
2200 4440 2289 4497 42,
2315 4433 2541 4498 XXXII,
2567 4442 2631 4489 15
2652 4451 2706 4486 n.
2731 4437 2827 4490 22:
2853 4431 3183 4486 Julianus

556 4511 716 4565 tolet.
743 4511 1175 4567 antikeimenon
1203 4512 1239 4568 l,
1271 4520 1301 4567 ‘2
1327 4512 1599 4582 interrog.
1629 4519 1696 4569 69
1723 4513 1909 4583 (Mig.
1938 4521 2024 4578 96,
2052 4517 2207 4585 697);
2238 4513 2335 4566 Ha
2351 4531 2387 4582 5
2405 4532 2460 4565 m
2480 4531 2511 4568 o
2542 4513 2900 4577 halberstad„
2929 4512 3183 4565 Beren-

555 4591 852 4660 gaudus
897 4590 1367 4662 (Mig.17.929).
1422 4591 1843 4645 Primasius
1889 4593 1948 4645 in
1994 4594 2163 4650 h.1.;
2214 4597 2483 4648 auctor
2526 4593 2764 4664 exposit.
2807 4591 2868 4646 in
2897 4595 3075 4661 Apoc.
3120 4593 3181 4645 iu

556 4671 804 4741 append.
833 4688 964 4740 opp.
994 4689 1035 4723 s.
1063 4675 1109 4724 A
1131 4691 1165 4725 u
1185 4690 1276 4742 gu
1297 4673 1395 4725 sti
1414 4673 1486 4725 ni
1515 4673 1590 4744 (M
1610 4673 1785 4743 igne
1815 4681 1899 4737 35,
1929 4680 2067 4729 ‘2448
2094 4675 2246 4728 lom.
2282 4679 2392 4744 18);
2421 4675 2731 4729 Thomas
2757 4677 2955 4729 contra
2982 4679 3183 4745 gentes

559 4752 653 4817 IV,
680 4758 765 4808 83.
819 4752 900 4806 Cf.
930 4752 985 4804 M
1002 4753 1169 4806 ulve
1189 4756 1326 4806 uda
1357 4755 1420 4817 X,
1450 4757 1481 4811 7
1509 4773 1575 4809 ss.
