3538 5364
1454 314 1520 351 ex
1549 314 1606 351 se
1635 298 1854 353 efficax.
2838 312 2961 376 105

333 477 419 540 ab
451 477 593 559 ipsa
623 496 896 559 prorsus
930 478 1402 561 independente
1422 478 1955 544 indeclinabiliter
1986 486 2324 558 praemota
2353 480 2438 544 ad
2471 489 2685 547 actum
2720 483 2962 548 bonum

335 585 589 648 videtur
620 584 899 666 amplius
930 604 1050 667 pro
1084 591 1243 649 nutu
1276 585 1574 668 seipsam
1590 603 1784 666 posse
1817 584 2266 662 determinare,
2293 586 2464 669 quod
2495 594 2712 653 tamen
2744 590 2825 656 de
2857 610 2960 655 es-

334 693 548 757 sentia
579 698 679 757 est
708 690 1042 768 libertatiS,
1094 691 1278 772 cujus
1329 697 1444 769 est,
1493 692 1718 774 positis
1769 693 2069 757 omnibus
2121 692 2203 757 ad
2254 695 2573 775 agendum
2622 697 2961 779 requisitiS,

337 798 616 881 ideoque
647 799 865 880 posita
885 797 1081 864 etiam
1100 799 1308 879 gratia
1338 798 1496 862 boni
1528 800 1757 880 operiS,
1793 818 1984 880 agere
2015 801 2116 865 vel
2149 820 2279 865 non
2312 820 2519 884 agere.
2560 805 2961 878 ,Dominium

335 906 527 982 enim,
561 907 768 989 inquit
797 905 1149 969 Thomas
1182 922 1234 969 c.
1268 912 1490 986 gentes
1522 905 1562 981 1,
1597 911 1702 981 68,
1752 907 1927 989 quod
1976 906 2173 972 habet
2222 908 2520 974 voluntas
2570 930 2765 993 supra
2808 932 2963 978 suos

335 1020 540 1089 actuS,
573 1032 689 1096 per
720 1014 895 1096 quod
928 1019 1030 1078 est
1062 1015 1127 1077 in
1162 1014 1297 1095 ejus
1332 1019 1655 1096 potestate
1706 1015 1870 1080 velle
1915 1016 2016 1081 vel
2066 1034 2197 1080 non
2228 1016 2407 1091 velle,
2443 1018 2720 1083 excludit
2751 1020 2962 1086 deter-

334 1120 760 1185 minationem
793 1120 1044 1184 virtutis
1065 1120 1147 1185 ad
1166 1134 1443 1196 unum‘3
1478 1127 1542 1185 et
1574 1122 1639 1185 in
1671 1127 1731 1190 2.
1764 1121 1822 1186 d.
1859 1128 1943 1193 28
1977 1143 2032 1205 q.
2072 1127 2103 1190 1
2143 1141 2198 1186 a.
2238 1128 2306 1191 1:
2348 1122 2530 1198 ,Non
2561 1133 2734 1190 esset
2765 1127 2962 1191 homo

337 1226 522 1293 liberi
555 1226 819 1302 arbitrii,
853 1227 979 1291 nisi
1010 1227 1093 1291 ad
1127 1246 1276 1291 eum
1308 1227 1756 1293 determinatio
1809 1229 1910 1292 sui
1957 1229 2168 1310 operis
2200 1230 2567 1311 pertineret,
2599 1238 2670 1296 ut
2701 1251 2780 1297 ex
2812 1251 2961 1314 pro-

334 1335 475 1415 prio
499 1335 744 1415 judicio
777 1335 1039 1417 eligeret
1069 1335 1195 1398 hoc
1229 1342 1343 1400 aut
1374 1335 1581 1399 illud.‘
1653 1335 1993 1415 Quomodo
2045 1354 2196 1400 vero
2248 1355 2380 1400 non
2413 1344 2510 1402 est
2540 1332 2967 1404 determinata

338 1442 421 1505 ad
444 1461 663 1517 unum,
695 1444 750 1505 si
781 1441 1226 1523 praemotione
1260 1442 1479 1517 divina
1500 1442 1583 1506 ab
1606 1442 1745 1522 ipso
1782 1461 1916 1506 non
1945 1443 2266 1524 pendente
2288 1443 2816 1511 indeclinabiliter
2847 1465 2963 1529 ap-

335 1548 612 1628 plicatur
645 1549 725 1611 ad
760 1567 923 1630 opus
955 1549 1198 1612 bonum
1252 1555 1316 1614 et
1365 1549 1621 1632 quidem
1672 1550 1737 1612 in
1790 1550 1991 1630 gradu
2040 1568 2308 1633 prorsus
2358 1551 2637 1628 definitO,
2684 1553 2849 1617 adeo
2894 1560 2967 1618 ut

336 1655 537 1719 etiam
569 1655 655 1718 ab
689 1656 812 1719 hac
843 1656 1285 1737 praemotione
1317 1655 1845 1720 indeclinabiliter
1892 1662 1955 1721 et
2001 1657 2473 1722 irresistibiliter
2520 1660 2800 1741 pendeat
2828 1660 2966 1743 ipse

335 1761 719 1825 intensionis
751 1762 1029 1842 gradus?

519 1904 620 1969 Ad
653 1905 815 1969 haec
851 1906 915 1975 b.
948 1923 1190 1982 omneS,
1238 1906 1347 1987 qui
1394 1912 1621 1970 carent
1664 1907 2108 1987 praemotione
2139 1908 2407 1989 physica
2451 1927 2567 1974 seu
2613 1911 2965 1990 generatim

337 2012 551 2092 gratia
582 2031 664 2076 ex
695 2032 767 2078 se
799 2012 1056 2088 efficaci,
1103 2019 1325 2077 carent
1370 2013 1576 2092 gratia
1620 2031 1877 2095 quoque
1923 2011 2274 2078 sufficienti.
2339 2014 2535 2099 Atqui
2578 2017 2703 2081 hoc
2736 2017 2964 2082 adver-

340 2124 526 2182 satur
558 2118 725 2195 fidei,
757 2120 1041 2201 alioquin
1072 2119 1248 2183 nulla
1279 2118 1542 2184 daretur
1573 2120 1783 2199 gratia
1828 2120 2106 2197 interior,
2154 2122 2256 2184 cui
2286 2122 2619 2200 resistitur,
2662 2124 2833 2206 quod
2867 2131 2966 2188 ta-

336 2245 485 2290 men
521 2231 859 2308 tamquam
890 2226 971 2291 de
1003 2225 1126 2290 fide
1162 2226 1511 2290 tenendum
1544 2232 1646 2290 est
1676 2245 1754 2291 ex
1787 2245 1968 2309 prop.
2003 2234 2061 2296 2.
2093 2228 2414 2292 Jansenii:
2463 2229 2790 2304 ,Interiori
2820 2248 2965 2311 gra-

337 2334 464 2396 tiae
498 2333 566 2396 in
599 2339 776 2397 statu
808 2340 1078 2399 naturae
1110 2334 1331 2415 lapsae
1362 2353 1696 2417 nunquam
1727 2336 2097 2412 resistitur,‘
2139 2354 2305 2418 quae
2339 2337 2668 2401 declarata
2689 2344 2790 2403 est
2809 2339 2965 2403 hae·

340 2440 578 2516 retica;
632 2440 1014 2505 adversatur
1045 2438 1410 2523 Scripturis,
1461 2442 1772 2523 patribus,
1824 2442 2040 2507 sensui
2093 2443 2286 2506 totius
2335 2443 2664 2508 christiani
2694 2444 2968 2508 nominis

338 2547 441 2632 (cf.
477 2566 540 2610 n.
576 2550 706 2633 ab).
771 2546 934 2628 Ergo
967 2548 1220 2612 admitti
1252 2549 1471 2631 nequit
1502 2550 1866 2631 praemotio
1912 2550 2183 2632 physica
2231 2569 2346 2614 seu
2380 2550 2730 2627 generatim
2764 2551 2969 2631 gratia

343 2673 421 2720 ex
452 2673 526 2720 se
560 2654 806 2721 efficax,

517 2803 818 2862 Probatur
850 2822 1015 2881 prop.
1048 2806 1263 2879 major:
1299 2803 1413 2873 Qui
1447 2804 1605 2863 enim
1638 2810 1800 2864 caret
1830 2807 2236 2882 praemotione
2267 2806 2528 2883 physica,
2563 2806 2627 2864 in
2658 2807 2964 2864 aeternum

338 2893 555 2967 nequit
584 2912 805 2969 ponere
836 2899 1035 2952 actum
1068 2895 1407 2962 salutarem,
1457 2894 1598 2969 quia
1644 2894 1815 2953 deest
1844 2896 2201 2955 elementum
2234 2895 2503 2955 absolute
2550 2895 2624 2954 ad
2669 2894 2966 2970 agendum

341 2981 739 3040 necessarium
772 2983 808 3041 i.
855 3002 904 3041 e.
952 2983 1280 3059 praemotio
1312 2982 1588 3059 physica:
1637 3002 1772 3042 nam
1823 2985 2062 3045 nonnisi
2109 3003 2322 3044 vocum
2353 2986 2545 3044 abusu
2578 2984 2774 3042 dicere
2804 2983 2965 3054 licet,

340 3071 512 3128 illum
547 3090 720 3147 posse
752 3091 943 3149 agere,
993 3073 1088 3131 cui
1132 3072 1300 3130 deest
1330 3073 1693 3130 elementum
1724 3074 2125 3133 essentialiter
2157 3075 2511 3149 requisitum
2545 3074 2617 3132 ad
2650 3073 2964 3150 agendum.

340 3160 435 3218 Sic
468 3179 645 3219 nemo
676 3161 835 3220 dicet
867 3162 1165 3220 hominem
1196 3162 1258 3219 in
1292 3160 1556 3220 tenebris
1590 3163 1987 3222 constitutum
2022 3182 2192 3238 posse
2227 3165 2441 3233 videre,
2496 3164 2581 3222 ita
2624 3170 2695 3221 ut
2726 3163 2965 3220 nonnisi

338 3269 444 3324 per
475 3251 676 3324 ipsum
707 3255 844 3320 stet,
891 3251 1054 3325 quod
1100 3269 1220 3309 non
1264 3251 1495 3320 videat3
1522 3244 1906 3310 'sacerdotem
1940 3271 2089 3328 pane
2121 3271 2366 3328 prorsus
2397 3252 2761 3310 destitutum
2792 3269 2967 3327 posse

339 3356 702 3408 consecrare,
737 3339 880 3398 adeo
913 3345 982 3397 ut
1013 3339 1129 3414 ipsi
1161 3339 1310 3399 vitio
1341 3339 1693 3399 vertendum
1725 3341 1822 3410 sit,
1858 3342 1907 3400 si
1941 3360 2062 3399 non
2094 3348 2427 3410 consecret3
2473 3341 2762 3400 infantem
2794 3359 2967 3416 posse

342 3426 710 3497 ratiocinari,
759 3427 1019 3499 studere,
1066 3428 1247 3502 loqui,
1294 3434 1538 3504 propter
1583 3429 1769 3487 solam
1804 3431 2147 3507 potentiam,
2199 3430 2294 3490 cui
2340 3434 2539 3490 tamen
2570 3430 2788 3489 desunt
2819 3449 2969 3504 quae

343 3518 739 3592 requiruntur
771 3518 843 3576 ad
876 3525 1091 3578 actum.
1142 3517 1298 3594 Ergo
1331 3518 1436 3591 qui
1468 3522 1629 3577 caret
1646 3520 2053 3592 praemotione
2075 3520 2314 3596 physica
2345 3520 2463 3578 dici
2497 3520 2724 3594 nequit,
2759 3519 2812 3576 si
2845 3518 2968 3576 hu-

345 3625 558 3665 mano
593 3606 806 3664 saltem
842 3625 1002 3665 more
1035 3607 1198 3681 loqui
1232 3606 1503 3674 velimus»,
1539 3625 1713 3683 posse
1748 3610 2091 3667 salutariter
2122 3627 2314 3684 agere.
2363 3609 2553 3684 Atqui
2588 3610 2694 3667 hoc
2727 3607 2968 3667 omnino

342 3695 671 3753 tenendum
701 3704 796 3754 est
827 3696 898 3753 de
930 3713 1014 3766 ec,
1047 3695 1152 3771 qui
1188 3695 1365 3754 habet
1396 3697 1650 3772 gratiam
1671 3697 2089 3756 sufficientem:
2125 3697 2180 3756 ei
2212 3698 2372 3756 enim
2404 3699 2739 3772 imputatur
2769 3697 2819 3755 si
2851 3715 2970 3754 non

343 3784 491 3842 bene
524 3785 668 3860 agit.
718 3784 875 3861 Ergo
908 3785 1014 3861 qui
1044 3789 1202 3844 caret
1235 3781 1634 3860 praemotione
1665 3786 1926 3863 physica,
1960 3791 2122 3846 caret
2152 3790 2214 3846 et
2244 3786 2436 3863 gratia
2467 3805 2601 3845 vere
2633 3785 2968 3844 sufficienti.

342 3872 554 3949 Neque
586 3873 835 3943 dicatur,
884 3875 947 3932 in
997 3874 1253 3933 hominis
1286 3878 1585 3950 potestate
1616 3893 1765 3945 esse,
1809 3877 2024 3934 habere
2057 3877 2515 3952 praemotionem
2550 3874 2874 3951 physicam,
2921 3875 2972 3932 si

345 3962 466 4024 scil.
500 3962 731 4039 gratiae
764 3963 1077 4022 sufficienti
1113 3982 1234 4023 non
1266 3963 1523 4027 resistat.
1592 3964 1652 4022 si
1699 3966 1860 4024 enim
1904 3966 2227 4023 adversarii
2276 3966 2384 4024 hoc
2430 3967 2680 4022 utantur
2727 3964 2970 4040 effugiO,

344 4051 458 4109 sibi
487 4052 911 4112 contradicunt
955 4058 1016 4112 et
1061 4053 1206 4128 quin
1252 4053 1440 4112 velint
1470 4053 1746 4113 incidunt
1792 4055 1855 4113 in
1901 4055 2274 4122 sententiam,
2324 4073 2500 4128 quam
2533 4053 2774 4130 penitus
2805 4072 2970 4110 aver-

346 4145 574 4199 santur.
641 4141 791 4199 Nam
825 4165 882 4204 α.
914 4143 1240 4202 secundum
1273 4143 1434 4217 ipsos
1468 4143 1660 4219 gratia
1692 4144 1994 4202 sufficiens
2029 4143 2130 4201 dat
2159 4147 2397 4201 tantum
2429 4162 2597 4219 posse
2629 4161 2748 4202 non
2780 4142 2971 4218 ipsum

347 4249 536 4306 agere.
602 4229 789 4305 Atqui
823 4231 997 4290 homo
1030 4231 1249 4290 absone
1282 4231 1507 4289 dicitur
1537 4232 1811 4291 resistere
1845 4232 1954 4301 illi,
2006 4232 2166 4307 quod
2197 4236 2433 4291 tantum
2467 4232 2570 4290 dat
2599 4249 2773 4308 posse
2806 4230 2970 4290 habi·

347 4319 527 4386 tuale,
560 4337 682 4377 non
715 4320 915 4394 ipsum
947 4339 1151 4398 agere:
1187 4321 1271 4379 sic
1303 4320 1504 4396 inepte
1536 4321 1669 4396 quis
1700 4322 1921 4381 dicitur
1947 4321 2219 4380 resistere
2251 4322 2441 4393 alteri,
2476 4321 2580 4396 qui
2613 4324 2807 4395 potest
2838 4319 2969 4394 qui·

347 4407 478 4465 dem
498 4408 699 4483 ipsum
726 4409 1093 4486 impugnare,
1127 4411 1227 4468 sed
1260 4416 1399 4468 actu
1430 4428 1548 4468 non
1582 4411 1914 4487 impugnat.
1965 4411 2190 4469 Deinde
2223 4411 2275 4491 β.
2310 4411 2450 4469 haec
2480 4428 2599 4468 non
2632 4408 2973 4469 resistentia

350 4497 695 4566 voluntatis,
731 4517 850 4573 qua
882 4499 1191 4558 obtinetur
1219 4500 1416 4576 gratia
1443 4499 1669 4572 efficax,
1716 4500 2057 4560 continetur
2103 4500 2197 4559 vel
2242 4499 2444 4575 aliquo
2489 4507 2628 4558 actu
2673 4498 2769 4556 vel
2812 4516 2974 4555 mera

350 4591 522 4643 actus
552 4586 886 4646 omissione.
948 4589 1137 4662 Atqui
1184 4607 1345 4647 mera
1376 4593 1544 4647 actus
1575 4589 1818 4648 omissio
1863 4608 1989 4648 esse
2036 4588 2279 4663 nequit:
2328 4589 2597 4662 alioquin
2628 4585 2973 4645 dormiendo

350 4675 757 4734 obtineremus
789 4677 1252 4751 praemotionem
1284 4678 1605 4755 physicam,
1651 4698 1789 4737 nam
1821 4679 1961 4736 dum
2000 4678 2330 4736 dormimus
2364 4677 2587 4735 nullam
2620 4675 2972 4751 opponimus

350 4764 773 4828 resistentiam.
836 4765 899 4824 Si
929 4785 1068 4825 vero
1102 4767 1220 4825 ista
1252 4786 1373 4826 non
1404 4768 1749 4826 resistentia
1779 4769 2123 4826 continetur
2153 4767 2350 4841 aliquo
2383 4769 2535 4834 actu,
2584 4766 2635 4823 is
2669 4769 2826 4822 certe
2858 4761 2974 4819 erit
