3538 5364
932 269 1063 322 Non
1089 285 1309 339 semper
1335 285 1465 322 cum
1492 268 1663 338 culpa
1689 285 1875 339 poena
1901 269 2023 323 tota
2049 267 2383 321 remittitur.
2827 276 2953 340 481

352 468 471 531 pro
491 449 644 531 ipsis
662 448 1190 524 intercessissent,
1210 455 1282 512 ut
1302 448 1482 513 testis
1503 454 1601 512 est
1619 447 1669 511 C
1685 468 1723 530 y
1739 467 1783 529 p
1798 466 1829 510 r
1846 448 1865 509 i
1880 464 1920 510 a
1936 466 1980 510 n
1994 467 2037 511 u
2052 466 2083 510 s
2113 446 2356 528 passim
2376 447 2439 509 in
2459 448 2591 510 suis
2611 449 2896 531 epistolis
2912 452 2957 536 ¹)

352 555 514 621 etin
542 554 755 623 libello
788 554 868 620 de
898 554 1126 636 lapsis3
1175 553 1530 635 eademque
1575 553 1657 617 de
1701 570 1903 617 causa
1930 559 2147 634 patres
2176 552 2643 634 poenitentiam
2673 556 2959 637 appella-

351 662 511 727 bant
553 661 943 744 baptismum
989 660 1523 737 laboriosum,
1569 659 1904 736 difficilem,
1951 660 2340 742 baptismum
2384 660 2959 744 lacrymarum,

352 770 525 852 quod
555 769 795 833 scilicet
826 767 1264 832 satisfactione
1294 786 1531 848 magna
1575 785 1741 851 opus
1787 773 1960 832 esset
2007 767 2091 830 ad
2120 767 2658 832 reconciliationis
2691 771 2961 849 gratiam

353 875 838 958 impetrandam.
870 875 1030 939 Hinc
1061 894 1207 940 cum
1253 875 1568 939 Isidoro
1613 876 1773 957 hisp.
1805 874 2073 957 Etymol.
2105 873 2207 952 VI,
2242 879 2322 943 71
2359 874 2623 940 docent:
2694 877 2960 950 ,Poeni-

355 983 557 1048 tentia
587 981 910 1064 appellata
940 989 1056 1056 est,
1101 982 1286 1064 quasi
1328 981 1704 1064 punitentia,
1755 1000 1833 1046 eo
1881 982 2053 1064 quod
2100 982 2240 1063 ipse
2282 981 2478 1046 homo
2522 983 2589 1047 in
2638 1003 2708 1048 se
2737 985 2964 1066 puniat

352 1089 760 1173 poenitendo,
782 1090 954 1172 quod
971 1087 1139 1153 male
1160 1088 1418 1152 admisit
1433 1101 1488 1163 ς(
1527 1089 1629 1152 vel
1661 1105 1809 1151 cum
1827 1087 1936 1151 Au
1951 1107 2084 1169 gus
2098 1089 2206 1151 tin
2219 1106 2259 1152 o
2289 1106 2479 1152 serm.
2498 1092 2585 1157 20
2605 1109 2664 1153 n.
2688 1097 2760 1160 2:
2802 1090 2961 1165 ,Im-

354 1197 646 1280 punitum
676 1215 811 1260 non
828 1181 1042 1278 pote'st
1061 1214 1207 1261 esse
1224 1202 1582 1277 peccatum,
1599 1195 1983 1276 impunitum
2003 1213 2145 1260 esse
2166 1213 2297 1259 non
2317 1195 2519 1273 decet,
2539 1215 2672 1261 non
2692 1205 2962 1279 oportet,

355 1323 489 1369 non
518 1310 617 1370 est
640 1303 902 1386 justum.
935 1302 1099 1383 Ergo
1132 1303 1283 1385 quia
1313 1302 1693 1384 impunitum
1725 1321 1858 1366 non
1891 1302 2084 1368 debet
2119 1320 2263 1368 esse
2280 1309 2639 1384 peccatum,
2659 1306 2962 1386 puniatur

357 1429 399 1474 a
430 1417 511 1486 te,
542 1429 624 1476 ne
668 1409 950 1492 puniaris
989 1427 1108 1490 pro
1154 1408 1316 1473 ina«
1384 1407 1462 1471 Et
1490 1427 1677 1473 serm.
1711 1412 1840 1477 331
1873 1426 1933 1470 n.
1970 1413 2084 1476 12:
2155 1406 2336 1483 ,Non
2381 1408 2611 1474 sufficit
2655 1429 2868 1476 mores
2898 1413 2965 1475 in

355 1517 583 1583 melius
615 1523 1015 1580 commutare
1047 1521 1113 1581 et
1143 1533 1184 1578 a
1213 1514 1396 1580 factis
1428 1514 1612 1578 malis
1642 1514 1963 1591 recedere,
1994 1514 2117 1578 nisi
2153 1514 2350 1579 etiam
2387 1515 2468 1581 de
2487 1517 2585 1580 his
2605 1518 2965 1600 quaefacta

355 1630 525 1700 sunt,
555 1623 827 1688 satisfiat
858 1623 992 1687 Deo
1024 1640 1139 1703 per
1167 1621 1602 1703 poenitentiae
1633 1620 1941 1697 dolorem,
1972 1640 2087 1702 per
2116 1622 2490 1687 humilitatis
2510 1625 2831 1703 gemitum,
2851 1644 2966 1706 per

356 1731 614 1796 contriti
643 1730 855 1794 cordis
885 1727 1267 1792 sacrificium
1297 1726 1796 1809 cooperantibus
1827 1727 2307 1810 eleemosynis.‘
2364 1729 2589 1794 Merito
2623 1748 2775 1811 ergo
2807 1749 2964 1795 con-

358 1839 572 1903 cilium
603 1836 1147 1902 tridentinum
1177 1835 1344 1900 inter
1375 1841 1558 1899 actus
1591 1834 1674 1898 ad
1704 1832 2055 1916 perfectam
2074 1841 2490 1916 peccatorum
2521 1838 2964 1902 remissionem

359 1944 882 2027 consequendam
913 1943 1318 2008 necessarios
1368 1942 1564 2006 etiam
1609 1939 2113 2006 satisfactionem
2145 1950 2443 2007 numerat
2473 1962 2632 2008 sess.
2670 1948 2753 2012 14
2784 1963 2873 2008 cc.
2908 1951 2965 2012 2.

361 2058 419 2121 3.
452 2058 491 2122 8
525 2058 590 2117 et
618 2069 759 2115 can.
790 2056 850 2118 4.
883 2049 1127 2130 Quibus
1159 2049 1239 2113 de
1269 2048 1754 2114 satisfactione
1738 2067 1805 2111 1n
1836 2065 2070 2128 genere
2088 2049 2458 2129 praemissis
2477 2050 2792 2132 quasdam
2813 2052 2966 2116 sub-

360 2159 646 2241 jiciemus
677 2175 842 2240 quae
873 2158 999 2221 huc
1031 2162 1326 2238 spectant
1353 2156 1842 2238 propositiones

537 2306 686 2370 497.
719 2301 1143 2385 Propositio
1173 2300 1234 2369 1.
1296 2297 1440 2362 Non
1470 2319 1710 2383 semper
1742 2304 1873 2362 tota
1896 2318 2102 2382 poena
2135 2299 2324 2362 simul
2373 2318 2509 2362 cum
2544 2299 2733 2383 culpa
2761 2304 3019 2387 remit-1
3067 2279 3169 2339 ὡ
3194 2267 3400 2375 57ae

363 2412 535 2491 titur,
567 2407 681 2472 sed
713 2406 969 2471 sublata
998 2407 1234 2471 virtute
1266 2405 1540 2470 clavium
1574 2404 1765 2486 culpa
1796 2422 2136 2486 poenaque
2157 2409 2442 2480 aeterna,
2462 2404 2837 2487 plerumque
2858 2426 2969 2471 ex-

362 2514 671 2579 solvenda
701 2519 920 2579 manet
952 2514 1162 2577 adhuc
1210 2530 1422 2595 poena
1470 2510 1980 2593 temporalis,
2042 2510 2180 2574 Hoc
2230 2511 2577 2575 tenendum
2612 2519 2711 2577 est
2743 2521 2972 2579 contra

362 2628 970 2706 protestanteS,
1020 2620 1373 2687 secundum
1419 2638 1583 2702 quos
1627 2636 1900 2701 poenae,
1946 2635 2112 2700 quae
2158 2623 2306 2699 post
2351 2616 2683 2682 dimissam
2715 2619 2968 2702 culpam

365 2736 647 2806 manent,
696 2748 827 2793 non
875 2734 1025 2793 sunt
1072 2727 1675 2802 vindicativae,
1727 2725 1843 2790 sed
1888 2726 2407 2807 praeservativae
2457 2732 2727 2802 tantum,
2777 2746 2858 2792 ne
2907 2728 2972 2790 in

363 2843 692 2919 posterum
720 2852 1080 2917 peccemus,
1112 2834 1398 2898 Assertio
1433 2841 1532 2899 est
1561 2833 1640 2897 de
1659 2831 1803 2909 fide,
1834 2838 1906 2896 ut
1926 2830 2239 2912 colligitur
2272 2850 2352 2896 ex
2385 2833 2634 2896 concilii
2667 2833 2971 2898 triden-

363 2943 518 3007 tini
549 2961 703 3007 sess.
743 2947 826 3010 14
856 2960 996 3005 can.
1036 2948 1147 3011 12:
1219 2939 1324 3014 ‚Si
1369 2941 1509 3023 quis
1541 2940 1789 3014 dixerit,
1840 2945 2045 3003 totam
2076 2956 2357 3020 poenam
2386 2938 2575 3002 simul
2606 2957 2753 3003 cum
2786 2941 2973 3023 culpa

365 3049 601 3116 remitti
631 3067 885 3131 semper
916 3066 956 3111 a
986 3047 1141 3125 Deo,
1191 3045 1823 3128 satisfactionemque
1872 3045 2337 3127 poenitentium
2386 3063 2519 3110 non
2569 3065 2711 3111 esse
2761 3047 2972 3121 aliam,

368 3174 564 3239 quam
592 3155 803 3231 fidem,
834 3173 963 3238 qua
994 3154 1482 3237 apprehendunt
1514 3151 1837 3218 Christum
1869 3170 1985 3234 pro
2018 3152 2110 3225 eis
2142 3152 2546 3229 satisfecisse,
2582 3153 2653 3218 A.
2674 3152 2774 3217 S.‹
2814 3154 2973 3218 Pro-

365 3262 558 3327 batur
590 3282 671 3329 ex
702 3261 886 3326 factis
917 3263 983 3325 in
1015 3281 1062 3325 S.
1096 3259 1426 3342 Scriptura
1454 3260 1689 3324 relatis.
1734 3258 1829 3323 Ita
1859 3259 2116 3341 Moyses
2148 3266 2213 3324 et
2244 3259 2463 3323 Aaron
2493 3261 2796 3342 prohibiti
2826 3267 2975 3324 sunt

368 3371 610 3452 ingredi
654 3376 894 3435 terram
938 3369 1322 3451 promissam
1366 3366 1533 3431 Num
1577 3373 1681 3444 20,
1717 3373 1802 3437 10
1833 3387 1948 3443 55.;
1994 3366 2068 3430 cf.
2108 3371 2207 3442 14,
2246 3371 2326 3435 19
2358 3387 2471 3442 ss,;
2518 3366 2699 3432 Deut
2734 3372 2837 3443 32,
2871 3372 2974 3443 49,

366 3477 656 3560 profecto
689 3496 820 3541 non
852 3482 923 3539 ut
954 3494 996 3539 a
1025 3482 1292 3557 peccato
1324 3481 1910 3557 praeservarentur,
1954 3473 2070 3538 sed
2113 3474 2179 3536 in
2226 3491 2504 3554 poenam
2537 3480 2603 3539 et
2632 3474 2976 3537 vindictam

257 3650 260 3651 γ
369 3602 529 3649 suae
561 3582 964 3647 diffidentiae.
1027 3583 1121 3647 Ita
1152 3582 1360 3659 David,
1385 3580 1654 3646 obtenta
1692 3581 1829 3662 jam
1874 3581 2064 3645 venia
2109 3580 2210 3643 sui
2240 3581 2487 3662 peccati
2518 3581 2718 3644 audiit
2750 3586 2790 3649 2
2822 3581 2975 3661 Reg.

373 3695 473 3767 12,
501 3695 613 3758 14:
655 3689 1094 3753 Verumtamen
1112 3690 1407 3774 quoniam
1427 3688 1854 3773 blasphemare
1882 3688 2084 3771 fecisti
2115 3688 2394 3753 inimicos
2414 3686 2536 3751 Dei
2556 3697 2817 3773 propter
2846 3709 2975 3751 ver-

371 3796 513 3860 bum
547 3796 806 3882 (scelus)
838 3803 964 3870 hoc,
993 3796 1185 3878 filius,
1219 3796 1324 3879 qui
1366 3802 1556 3859 natus
1600 3801 1687 3857 est
1719 3796 1851 3876 tibi,
1886 3796 2199 3862 morietur.
2262 3794 2404 3876 Ipse
2435 3793 2644 3856 Adam
2689 3794 2826 3874 jam
2858 3795 2978 3858 ob-

368 3911 549 3969 tenta
579 3903 769 3968 venia
800 3921 934 3966 non
965 3902 1241 3967 obtinuit
1269 3902 1714 3967 remissionem
1760 3919 2118 3982 poenarum
2164 3900 2632 3982 temporalium,
2685 3918 2846 3981 quas
2877 3902 2975 3964 in-

369 4010 584 4085 currit,
616 4011 765 4094 quia
798 4009 1076 4074 comedit
1107 4008 1186 4071 de
1221 4005 1424 4071 fructu
1454 4007 1671 4071 vetito.
1705 4005 2051 4070 Praeterea
2082 4004 2398 4086 colligitur
2430 4006 2593 4069 haec
2625 4007 2861 4071 veritas
2895 4027 2973 4072 ex

369 4116 555 4199 praxi
584 4116 923 4181 universae
957 4114 1371 4197 antiquitatis
1418 4132 1585 4196 quae
1616 4112 1854 4177 idcirco
1887 4119 2020 4176 tam
2054 4131 2281 4194 graves
2314 4110 2612 4193 exigebat
2643 4114 2975 4193 poeniten-

373 4224 495 4287 tias
526 4241 568 4287 a
597 4222 888 4288 fidelibus
918 4221 1384 4304 peccatoribus,
1418 4220 1590 4302 quod
1621 4220 1949 4294 credebat,
1981 4238 2111 4284 non
2144 4221 2372 4285 eadem
2405 4219 2708 4284 facilitate
2738 4219 2976 4284 remitti

372 4337 642 4413 peccata
673 4335 823 4394 ante
855 4336 920 4394 et
949 4335 1096 4411 post
1124 4328 1516 4409 baptismum
1547 4328 1921 4391 commissa:
1970 4327 2134 4390 haec
2184 4327 2312 4390 scil.
2364 4345 2496 4390 non
2546 4326 2792 4403 dimitti,
2826 4328 2978 4409 quin

595 4579 632 4648 ¹)
660 4575 743 4630 cf.
768 4593 857 4646 ep.
884 4580 916 4631 9
942 4595 998 4629 n.
1027 4584 1088 4635 2:
1115 4580 1184 4631 40
1210 4594 1266 4635 n.
1293 4579 1342 4628 2.
1371 4582 1434 4634 3:
1463 4582 1530 4631 52
1556 4591 1610 4626 n.
1639 4581 1701 4634 6;
1731 4583 1798 4629 55
1823 4594 1877 4628 n.
1910 4580 1990 4629 12.
2023 4580 2087 4629 13
2113 4577 2217 4628 etc.
2270 4574 2387 4627 lmo
2433 4572 2842 4628 satisfactionis
2888 4592 2979 4629 ne-

374 4656 604 4711 cessitas
629 4655 924 4727 colligitur
944 4657 1033 4711 vel
1051 4671 1119 4710 ex
1139 4672 1307 4709 sensu
1327 4653 1550 4725 generis
1570 4653 1830 4717 humani,
1850 4654 1920 4708 de
1941 4669 2054 4721 quo
2076 4655 2147 4707 cf.
2172 4653 2246 4706 W
2264 4671 2292 4707 e
2310 4654 2370 4708 is
2386 4672 2411 4707 s
2438 4656 2719 4725 Apologie
2746 4656 2800 4707 11
2819 4655 2871 4709 d.
2894 4660 2981 4710 21.

376 4736 458 4793 Cf.
485 4754 527 4791 s.
555 4735 655 4789 Th
673 4752 869 4790 omas
893 4753 938 4790 c.
967 4739 1165 4806 gentes
1191 4736 1288 4801 111,
1321 4742 1438 4791 158.

587 4835 857 4896 Hui-ter,
897 4834 1148 4895 Compend.
1185 4834 1446 4890 theologiae
1482 4833 1564 4891 111,
1611 4835 1692 4879 11.
1733 4833 1808 4881 ed.
2594 4830 2658 4880 31
