3538 5364
1326 333 1773 404 Exceptionibus
1802 332 2021 386 satisfit.
2856 340 2985 403 427

366 524 788 600 peccatorum
821 517 1110 597 denegat,
1134 517 1188 578 si
1209 516 1288 580 de
1310 517 1433 579 hoc
1455 515 1672 579 seculo
1694 514 1756 577 in
1781 514 2004 579 eadem
2029 513 2500 593 impoenitentis
2522 514 2731 577 cordis
2753 514 2990 577 duritia

370 642 796 707 perseverans
818 624 1134 689 alienatus
1158 622 1239 687 ab
1261 622 1699 688 ecclesiastica
1719 620 2030 685 societate
2054 619 2341 683 discedat
2357 632 2407 693 ;«
2438 627 2502 683 et
2521 620 2804 685 Joannes
2824 620 2986 684 xlx.

370 751 463 812 ep.
505 738 617 800 17:
658 729 954 805 ,Nullum
987 731 1049 792 in
1084 730 1365 794 Ecclesia
1397 728 1716 792 catholica
1749 727 1956 807 majus
1989 733 2202 807 potest
2234 744 2376 790 esse
2408 725 2609 800 nefaS,
2632 745 2823 809 quam
2847 728 2986 791 exi-

369 837 631 901 stimare
664 837 931 917 alicujus
965 854 1242 901 naevum
1276 835 1555 898 criminis
1588 834 1932 914 praecipue
1965 833 2370 915 poenitentis,
2422 834 2594 915 quod
2627 852 2754 897 non
2790 841 2988 916 queat

369 945 715 1009 dissolvere
749 961 1061 1007 concessa
1091 942 1279 1007 Petro
1315 961 1354 1005 a
1389 942 1657 1005 Domino
1693 940 1945 1003 clavis<

546 1070 612 1136 3.
649 1068 935 1133 Christus
969 1075 1317 1150 antequam
1347 1068 1529 1131 Joau.
1564 1072 1666 1141 20,
1702 1069 1786 1133 ‘23
1820 1066 1990 1130 hanc
2036 1067 2306 1129 contulit
2351 1072 2760 1147 potestatem,
2795 1066 2987 1129 dixit:

371 1174 542 1240 Sicut
574 1198 668 1238 me
698 1177 866 1239 misit
900 1173 1110 1257 Pater,
1142 1182 1196 1238 et
1229 1195 1334 1256 eqo
1366 1176 1539 1235 mitto
1570 1196 1687 1240 vos.
1752 1173 1944 1254 Atqui
1978 1174 2264 1236 Christus
2298 1191 2338 1236 a
2369 1171 2560 1237 Patre
2608 1173 2869 1237 coelesti
2902 1173 2984 1236 ad

368 1302 593 1347 omnes
643 1284 876 1345 missus
929 1288 1026 1345 est
1076 1288 1471 1363 peccatores
1517 1280 1691 1343 nullo
1741 1288 2026 1361 excepto.
2091 1281 2254 1361 Ergo
2288 1288 2352 1345 et
2385 1280 2668 1345 Ecclesia
2701 1282 2984 1344 omnium

368 1396 780 1471 peccatorum
815 1394 1082 1469 peccata
1114 1388 1439 1453 remittere
1471 1394 1699 1468 potest.
1751 1387 1932 1465 Quae
1965 1387 2366 1451 illustrantur
2399 1406 2475 1452 eo
2509 1387 2838 1451 doctrinae
2871 1405 2981 1450 ca-

367 1498 515 1579 pite,
550 1498 721 1579 quod
752 1497 1035 1560 Ecclesia
1068 1497 1170 1559 hic
1203 1498 1265 1559 in
1300 1496 1485 1560 terris
1530 1495 1703 1560 vices
1750 1502 1931 1575 gerat
1963 1494 2196 1559 Christi
2230 1502 2294 1560 et
2326 1494 2614 1559 Christus
2648 1514 2809 1576 opus
2844 1514 2883 1559 a
2916 1514 2990 1559 se

368 1604 739 1667 inchoatum
772 1603 835 1666 in
869 1621 946 1667 ea
979 1608 1042 1666 et
1074 1622 1188 1683 per
1220 1620 1364 1665 eam
1398 1601 1729 1665 continuet
1763 1601 1876 1687 (th.
1911 1604 2044 1686 40).

545 1728 607 1798 4.
640 1728 828 1792 Patet
860 1748 937 1793 ex
983 1729 1218 1810 praxi
1252 1727 1590 1802 Ecclesiae,
1625 1744 1792 1808 quae
1825 1727 2042 1790 omnia
2075 1736 2344 1809 peccata
2374 1728 2494 1793 rite
2527 1728 2850 1808 dispositis
2881 1746 2985 1791 re-

367 1835 544 1898 misit
578 1835 689 1919 (th.
726 1837 897 1919 243).
963 1833 1251 1900 Sufficiat
1299 1853 1653 1916 provocare
1703 1835 1785 1898 ad
1817 1834 2105 1910 Paulum,
2156 1836 2263 1916 qui
2314 1836 2767 1909 incestuosum,
2804 1854 2986 1899 reum

367 1942 617 2022 peccati
649 1942 1002 2005 secundum
1035 1942 1439 2006 adversarios
1471 1942 1940 2016 irremissibilis,
1975 1943 2160 2007 venia
2192 1942 2456 2006 donavit
2487 1962 2544 2005 n.
2579 1942 2760 2009 45:3¹³.

546 2088 696 2152 445·
738 2086 992 2152 TllssSlS
1028 2084 1374 2152 CCXLU·
1420 2107 1872 2160 Discinctioni
1887 2111 2334 2170 peccatorum
2355 2108 2432 2159 in
2446 2107 2900 2160 remissibilia
2921 2112 2984 2159 et

365 2196 893 2249 irremissibilia
927 2210 1149 2264 neque
1169 2196 1601 2261 Scripturas,
1632 2209 1853 2264 neque
1887 2200 2179 2261 patrum
2214 2196 2712 2261 suffr-affantur
2750 2196 2988 2261 effata.

547 2299 1094 2367 Demonstratio
1127 2319 1193 2383 p.
1228 2300 1286 2367 Ι.
1350 2298 1417 2361 ln
1451 2305 1856 2363 antecessum
1898 2299 2032 2380 jam
2080 2317 2418 2362 monemus
2468 2299 2772 2381 pleraque
2807 2301 2982 2363 testi-

366 2405 605 2479 monia,
657 2423 822 2487 quae
867 2412 1092 2468 contra
1143 2411 1459 2469 assertam
1506 2406 2051 2470 universalitatem
2097 2404 2438 2487 potestatis
2485 2405 2759 2469 clavium
2794 2404 2984 2486 objici

366 2512 678 2590 solebant,
729 2532 857 2577 non
910 2531 1050 2577 esse
1102 2512 1183 2576 ad
1233 2532 1388 2588 rem,
1441 2519 1575 2575 tum
1613 2512 1764 2595 quia
1795 2532 1860 2579 a.
1896 2512 2264 2576 derivantur
2298 2531 2375 2577 ex
2409 2511 2480 2575 V.
2515 2512 2613 2585 T.;
2666 2519 2802 2575 tum
2836 2513 2984 2595 quia

367 2622 440 2689 b.
475 2618 664 2684 nimis
696 2620 991 2702 probant,
1025 2619 1154 2685 scil.
1187 2638 1329 2685 esse
1363 2619 1678 2702 quaedam
1726 2625 2013 2702 peccata,
2061 2637 2227 2702 quae
2278 2637 2485 2702 neque
2520 2637 2558 2682 a
2593 2619 2723 2682 Deo
2758 2619 2982 2684 remit-

366 2734 585 2791 tantur
616 2728 716 2792 vel
748 2729 975 2793 saltem
1008 2746 1216 2811 neque
1249 2727 1567 2809 baptismo
1600 2727 1839 2792 remitti
1871 2727 2143 2807 possint;
2190 2733 2326 2790 tum
2375 2728 2525 2809 quia
2571 2747 2633 2795 c.
2683 2727 2746 2789 in
2789 2746 2982 2792 sensu

367 2834 451 2897 ab
486 2835 869 2899 adversariis
902 2835 1164 2911 intente,
1191 2835 1377 2917 juxta
1411 2854 1599 2917 quem
1634 2840 2027 2916 sequeretur,
2051 2833 2368 2916 quaedam
2391 2841 2658 2915 peccata
2680 2834 2745 2896 in
2765 2833 2984 2898 Eccle-

367 2940 467 3003 sia
499 2959 626 3004 non
658 2960 849 3021 posse
881 2942 1132 3018 remitti,
1167 2942 1594 3005 adversantur
1627 2941 1765 3005 aliis
1801 2940 2153 3005 manifestis
2187 2939 2553 3021 Scripturae
2588 2941 2810 3018 effatiS,
2845 2942 2984 3024 qui-

366 3047 488 3110 bus
519 3047 689 3111 clare
722 3047 1074 3113 affirmatur
1107 3067 1226 3112 om
1246 3049 1461 3112 nium
1493 3057 1913 3130 peccatorum
1944 3047 2408 3113 remissibilitas
2443 3049 2526 3134 (n.
2561 3050 2734 3134 444).
2769 3048 2985 3128 Quare

366 3153 472 3216 illa
504 3154 764 3235 intelligi
796 3163 1124 3237 nequeunt
1154 3154 1587 3219 illimitate
1620 3162 1684 3218 et
1717 3154 2028 3219 absolute.
2075 3155 2276 3219 Porro
2310 3155 2564 3236 potiora
2599 3155 2985 3231 testimonia,

365 3261 595 3343 quibus
628 3263 982 3327 adversarii
1014 3263 1231 3336 fidunt,
1266 3263 1427 3326 haec
1461 3269 1645 3326 sunt:

553 3388 611 3454 l.
651 3391 836 3449 Verba
866 3391 1000 3449 Heli
1042 3403 1093 3454 1.
1126 3392 1262 3468 Reg.
1302 3401 1355 3462 2,
1388 3350 1593 3453 ’ω’-ᾖε,
1622 3391 1984 3465 alloquentis
2017 3391 2196 3448 filios:
2242 3392 2309 3447 Si
2332 3393 2649 3466 peccaverit
2683 3394 2774 3449 vir
2809 3394 2866 3449 in
2903 3395 2982 3450 vi-

366 3499 519 3556 rum,
558 3482 798 3553 placari
828 3482 879 3538 ei
899 3488 1087 3553 potest
1117 3481 1273 3539 Deus
1288 3503 1308 3538 .·
1353 3483 1405 3537 .ςί
1448 3489 1637 3539 autem
1669 3483 1731 3538 in
1763 3480 2082 3538 Dominum
2104 3482 2426 3555 peccaverit
2458 3483 2568 3556 m'r,
2618 3484 2748 3557 quis
2793 3482 2984 3540 orabit

356 3585 477 3647 pro
510 3569 619 3627 eo?
676 3569 835 3638 Quae
870 3569 1110 3643 quidem
1157 3589 1226 3628 ex
1272 3569 1475 3628 divina
1506 3569 1892 3645 inspiratione
1924 3573 2067 3628 sunt
2100 3569 2338 3645 scripta,
2386 3588 2530 3628 num
2579 3569 2756 3627 etiam
2805 3589 2872 3627 ex
2920 3590 2990 3629 ea

366 3658 493 3716 sint
524 3658 698 3729 dicta,
747 3661 838 3716 est
871 3658 1040 3717 valde
1073 3658 1356 3717 dubium:
1409 3662 1553 3717 suut
1583 3658 1741 3716 euim
1777 3659 1954 3717 verba
1985 3658 2137 3716 Heli.
2207 3659 2286 3715 De
2338 3658 2412 3716 iis
2465 3658 2780 3726 sufficiant,
2836 3678 2985 3733 quae

367 3747 581 3805 statuit
612 3748 1067 3806 Ambrosius
1101 3747 1172 3806 de
1204 3748 1422 3823 poenit.
1454 3748 1497 3817 I,
1535 3758 1601 3810 9:
1654 3747 1994 3824 ,Scriptum
2026 3748 2184 3805 enim
2231 3766 2352 3805 nou
2398 3751 2507 3816 est,
2556 3748 2760 3805 nullus
2793 3749 2990 3805 orabit

366 3855 474 3911 pro
520 3855 605 3906 eo,
656 3837 758 3895 sed
796 3837 931 3911 quis
962 3837 1195 3895 orabit?
1243 3837 1351 3895 hoc
1394 3841 1503 3908 est,
1552 3837 1687 3912 quis
1721 3836 1816 3894 ille
1850 3837 1948 3906 sit,
1997 3837 2100 3911 qui
2130 3836 2193 3893 in
2224 3836 2334 3894 tali
2368 3853 2546 3894 causa
2579 3854 2741 3894 orare
2774 3838 2981 3911 possit,

366 3925 695 4000 quaeritur,
730 3944 850 3984 non
882 3926 1222 3984 excluditur
1253 3971 1264 3983 .
1301 3970 1313 3982 .
1348 3971 1359 3982 .
1394 3929 1522 4003 quis
1551 3927 1739 3984 orabit
1767 3945 1878 4000 pro
1910 3945 1989 4000 ec,
2048 3927 2100 3984 h.
2134 3944 2182 3986 e.
2216 3925 2537 4002 singularis
2572 3925 2728 3983 vitae
2749 3925 2984 4000 ‘aliquis

367 4014 545 4072 debet
575 4033 739 4073 orare
770 4034 877 4090 pro
924 4033 1010 4084 eo,
1060 4015 1162 4089 qui
1208 4015 1474 4090 peccavit
1506 4016 1564 4073 iu
1600 4015 1936 4075 Dominum.
2005 4014 2131 4083 Quo
2177 4015 2367 4090 major
2413 4015 2603 4089 culpa,
2652 4033 2719 4072 eo
2766 4016 2990 4089 majora

368 4107 512 4161 sunt
542 4104 876 4179 quaerenda
907 4104 1203 4179 suffragia.
1221 4112 1247 4141 ‘

546 4225 609 4293 2.
643 4229 811 4288 Prov.
855 4241 903 4299 1,
943 4239 1022 4291 24
1057 4248 1165 4292 ssa
1222 4231 1379 4288 Tunc
1410 4230 1744 4289 invocabunt
1780 4249 1884 4306 me,
1921 4238 1971 4287 et
2005 4248 2118 4287 non
2151 4230 2502 4288 eaeaudimn:
2551 4248 2717 4286 mane
2748 4248 2986 4288 consur·

364 4325 514 4393 qaut,
563 4326 612 4375 et
657 4336 769 4376 non
814 4320 1096 4377 invenient
1142 4338 1230 4376 me
1274 4323 1381 4378 etc.
1453 4323 1653 4379 Sermo
1687 4319 1781 4376 hic
1813 4323 1904 4377 est
1938 4318 2010 4376 de
2042 4319 2134 4389 iis,
2188 4319 2291 4391 qui
2322 4318 2665 4376 moriuntur
2698 4318 2986 4394 impoeni-

368 4409 562 4464 tentes
595 4406 686 4483 (cf.
721 4407 851 4482 Sap.
888 4419 943 4476 5,
986 4420 1008 4470 1
1054 4404 1186 4490 ss.);
1220 4427 1402 4483 quare
1434 4409 1616 4466 verba
1646 4427 1762 4466 nou
1799 4410 1943 4465 sunt
1974 4407 2046 4465 ad
2082 4427 2220 4466 rem.

550 4526 611 4595 3.
642 4532 761 4589 Jer.
806 4542 898 4600 14,
943 4543 1008 4594 ll
1054 4551 1131 4591 s:
1183 4532 1258 4590 Et
1300 4534 1452 4591 dixit
1482 4533 1769 4590 Dominus
1815 4533 1893 4590 ad
1937 4551 2058 4590 me:
2111 4533 2245 4589 Noli
2292 4551 2464 4590 orare
2488 4551 2602 4607 pro
2623 4535 2844 4611 populo
2880 4535 2989 4590 isto

366 4622 430 4678 in
462 4619 687 4679 bonum.
744 4621 887 4680 Cum
904 4621 1312 4696 jejunaverint,
1348 4642 1460 4680 non
1493 4622 1807 4680 exaudiam
1829 4640 2028 4696 preces
2061 4640 2255 4679 eorum
2274 4643 2301 4693 ,·
2332 4629 2382 4678 et
2413 4624 2463 4678 si
2494 4622 2800 4682 obtulerint
2833 4623 2984 4679 holc-

367 4717 696 4768 cautomata
729 4718 780 4768 et
808 4713 1085 4786 victimas,
1135 4730 1249 4770 non
1280 4714 1593 4790 suscipiam
1639 4730 1743 4768 ea:
1790 4714 2064 4787 quoniam
2094 4706 2293 4787 yladio
2325 4718 2374 4768 et
2407 4713 2561 4786 fame
2591 4719 2642 4770 et
2672 4719 2823 4787 peste
2855 4729 2984 4768 con-

366 4817 596 4855 sumam
628 4816 733 4862 eost.
798 4799 997 4859 Sermo
1030 4818 1150 4858 non
1183 4803 1274 4858 est
1307 4800 1377 4858 de
1409 4803 1783 4875 peecatorum
1817 4801 2178 4870 remissione,
2215 4801 2316 4858 sed
2352 4800 2423 4859 de
2457 4802 2661 4876 poenis
2694 4805 2985 4874 tempora-
