3538 5364
966 331 1046 387 De
1072 330 1396 386 differentia
1420 330 1571 385 inter
1597 327 1975 399 Evangelium
2005 330 2065 381 et
2088 329 2292 399 legem.
2822 335 2944 398 187

314 512 624 576 datorum
659 512 792 588 Dei,
827 512 898 575 Α.
936 511 1034 576 S.«
1089 511 1175 577 Cf.
1212 513 1406 578 etiam
1436 529 1575 593 cap.
1620 517 1712 578 11.
1760 509 1839 573 Et
1869 527 2026 574 sane
2058 509 2346 573 Christus
2379 509 2615 574 diserte
2646 509 2836 571 dixit:
2871 509 2943 573 Si

313 620 404 681 vis
438 618 529 683 ad
559 620 760 683 vitam
791 620 1055 702 inqredi,
1088 640 1264 684 serva
1299 620 1602 682 mandata
1638 616 1859 681 Matth.
1899 622 1995 690 19,
2041 622 2114 685 16
2149 636 2229 691 S.;
2282 622 2336 692 7,
2371 623 2474 691 21,
2507 621 2773 697 totoque
2805 633 2941 677 ser-

312 744 510 791 mone
541 734 860 790 montano
906 727 986 807 ib.
1020 745 1072 790 c.
1105 731 1146 795 5
1178 746 1226 790 s.
1257 732 1750 806 praeceptorum
1796 722 2315 789 observationem
2361 741 2633 805 eamque
2679 722 2943 784 omnino

313 832 672 914 perfectam
705 849 748 896 a
777 832 911 896 suis
942 832 1264 913 discipulis
1296 831 1505 912 exigit,
1539 838 1603 896 et
1636 848 2021 894 ascensurus
2041 830 2106 893 in
2128 830 2378 894 coelum
2400 828 2708 912 apostolis
2730 828 2940 910 injun-

316 939 425 1015 xit,
457 946 533 1003 ut
578 939 894 1004 docerent
930 957 1153 1003 omnes
1202 945 1423 1019 gentes
1472 958 1718 1002 servare
1765 939 2000 1019 omnia,
2050 954 2470 1019 quaecunque
2515 936 2939 1002 mandaverat

317 1047 465 1128 ipsis
498 1045 729 1109 Matth.
764 1050 869 1121 28,
903 1050 1020 1120 2Ο;
1068 1053 1131 1110 et
1178 1044 1697 1109 observationem
1727 1050 2221 1125 praeceptorum
2272 1044 2574 1125 proponit
2604 1049 2939 1127 tamquam

325 1155 568 1234 signum
601 1170 800 1217 verae
833 1151 1205 1227 dilectionis,
1239 1151 1376 1216 sine
1405 1168 1537 1234 qua
1567 1169 1698 1215 non
1731 1150 1814 1215 sit
1845 1150 2019 1214 salus
2050 1150 2144 1215 Jo.
2178 1154 2272 1225 15,
2314 1154 2393 1219 10
2426 1157 2488 1213 et
2527 1155 2624 1225 14,
2660 1156 2778 1218 21:
2815 1151 2943 1230 Qui

325 1260 492 1324 habet
526 1260 846 1324 mandata
876 1279 1014 1323 mea
1046 1265 1102 1322 et
1131 1265 1334 1322 servat
1366 1278 1463 1340 ea,
1495 1261 1608 1320 iste
1638 1264 1746 1341 est,
1779 1259 1886 1342 qui
1916 1255 2118 1341 diliyit
2151 1277 2260 1321 me.

494 1406 649 1470 222.
684 1399 861 1465 Neve
893 1408 1247 1483 provocent
1267 1401 1348 1464 ad
1368 1400 1790 1465 differentiam
1810 1399 1976 1465 inter
2009 1399 2247 1480 legem
2281 1405 2344 1463 et
2378 1398 2423 1461 E
2445 1417 2600 1463 van
2617 1419 2705 1481 ge
2728 1399 2840 1464 liu
2858 1421 2943 1469 m.

313 1516 503 1573 vetus
538 1515 607 1572 et
636 1526 877 1571 novum
911 1507 1423 1575 Testamentum:
1456 1524 1607 1570 nam
1628 1508 1792 1571 haec
1812 1525 1942 1569 non
1964 1524 2041 1570 eo
2062 1507 2442 1582 continetur,
2466 1507 2639 1589 quod
2659 1508 2767 1590 qui
2794 1527 2938 1588 per·

313 1616 630 1680 tinuerint
659 1614 743 1679 ad
776 1614 998 1695 legem,
1017 1621 1507 1696 praeceptorum
1529 1613 1814 1696 pondere
1850 1613 2022 1677 velut
2042 1613 2331 1695 oppressi
2352 1612 2613 1678 fuerint:
2646 1615 2754 1697 qui
2784 1633 2941 1679 vero

310 1722 569 1802 gratiae
601 1720 675 1784 N.
706 1721 772 1784 T.
805 1721 1147 1803 participes
1180 1722 1322 1796 sint,
1357 1720 1438 1783 ab
1473 1721 1647 1784 omni
1679 1726 2025 1802 praecepto
2058 1719 2186 1784 sint
2217 1720 2439 1794 soluti;
2474 1720 2587 1783 sed
2606 1720 2792 1802 longe
2813 1722 2943 1785 alia

310 1835 419 1893 est
450 1846 667 1909 eaque
685 1828 1025 1909 multiplex.
1060 1828 1364 1894 Differunt
1397 1829 1479 1892 ab
1500 1829 1774 1892 invicem
1807 1849 1867 1895 a.
1900 1847 1942 1890 n
1963 1846 2242 1892 umero
2275 1833 2803 1910 praeceptorum:
2838 1830 2939 1895 lex

310 1936 496 1999 enim
530 1954 726 2017 quam
755 1935 1027 2016 plurima
1058 1935 1376 2018 imposuit,
1411 1933 1698 1999 Christus
1743 1935 1967 2017 paucis
2014 1935 2278 1999 retentis
2322 1934 2627 2017 pleraque
2661 1936 2935 2018 abroga-

311 2041 426 2117 vit,
450 2048 520 2108 et
535 2060 750 2123 pauca
768 2043 1016 2107 induxit
1035 2062 1237 2120 nova;
1275 2046 1343 2112 b.
1374 2064 1405 2106 s
1422 2043 1697 2109 auctio
1715 2062 1757 2106 n
1775 2062 1828 2118 e,
1859 2042 2275 2124 promittebat
2300 2043 2402 2106 lex
2428 2043 2520 2118 iis,
2542 2043 2649 2125 qui
2669 2061 2937 2125 praece-

314 2156 429 2231 pta
462 2157 819 2226 servarent,
851 2149 1026 2213 bona
1055 2150 1454 2231 temporalia,
1502 2168 1667 2232 quae
1700 2150 1903 2230 figura
1935 2156 2152 2214 essent
2181 2150 2616 2230 praemiorum
2648 2152 2730 2215 ad
2763 2150 2834 2216 N.
2866 2152 2935 2216 T.

318 2257 774 2338 pertinentium
793 2280 809 2332 ;
842 2257 1138 2322 differunt
1157 2278 1218 2328 e.
1238 2259 1544 2339 spiritu:
1576 2275 1727 2321 nam
1749 2258 1813 2320 in
1835 2258 1971 2337 lege
1992 2257 2448 2321 dominabatur
2468 2258 2724 2340 spiritus
2746 2259 2936 2322 timo-

330 2363 415 2426 ris
446 2364 593 2450 (non
627 2371 851 2429 tamen
885 2365 1263 2451 exclusive);
1298 2366 1359 2428 in
1391 2364 1463 2428 N.
1496 2364 1563 2428 T.
1597 2363 1967 2428 dominatur
2000 2365 2207 2450 (Rom.
2232 2370 2289 2437 8,
2317 2366 2423 2449 15)
2460 2365 2717 2446 spiritus
2750 2383 2933 2430 amo-

324 2471 421 2545 riS,
461 2489 594 2535 nou
626 2469 882 2535 secluso
915 2477 1129 2536 tamen
1163 2472 1389 2554 quovis
1420 2473 1653 2536 timore
1686 2471 1907 2535 Matth.
1949 2476 2044 2546 10,
2069 2477 2169 2539 28.
2204 2469 2512 2534 Differunt
2542 2473 2608 2541 d.
2642 2473 2811 2554 quod
2833 2472 2935 2537 lex

316 2579 558 2659 scripta
605 2584 749 2642 erat
797 2578 864 2640 in
914 2577 1146 2642 tabulis
1201 2578 1576 2660 lapideis
1630 2578 1979 2642 ostendens
2030 2577 2289 2661 quidem
2354 2577 2506 2660 quid
2571 2576 2931 2643 faciendum

314 2686 872 2769 omittendumque
893 2693 1092 2762 esset,
1126 2687 1397 2766 gratiam
1430 2692 1665 2761 autem,
1697 2703 1827 2768 qua
1856 2686 2331 2767 adimpleretur,
2365 2704 2479 2766 per
2509 2704 2578 2749 se
2612 2705 2741 2750 non
2774 2705 2930 2750 con-

318 2791 557 2867 terens;
609 2801 959 2874 praecepta
1002 2812 1155 2859 vero
1190 2792 1261 2856 N.
1293 2792 1361 2856 T.
1412 2793 1649 2873 scripta
1699 2799 1850 2856 sunt
1898 2793 1963 2855 iu
2013 2791 2406 2855 cordibus
2449 2793 2769 2874 Justorum
2820 2812 2939 2875 per

322 2896 628 2980 Spiritum
659 2918 708 2961 s.
739 2899 1194 2964 diffundentem
1226 2901 1289 2964 in
1322 2901 1441 2963 illis
1474 2900 1829 2975 caritatem,
1862 2917 1990 2981 qua
2022 2900 2266 2974 suavia,
2317 2898 2542 2974 facilia,
2587 2900 2755 2964 levia
2786 2901 2932 2965 red-

318 3006 552 3069 dantur
584 3006 671 3090 (n.
706 3011 832 3074 208
845 3007 914 3092 ⁴).
948 3006 1166 3071 Dissert
1196 3026 1255 3076 e.
1287 3007 1389 3070 lex
1420 3004 1506 3069 ab
1526 3005 1869 3086 Evangelio
1892 3006 2352 3069 utinchoatum
2387 3023 2427 3068 a
2461 3005 2760 3087 perfectO,
2791 3026 2935 3070 um-

315 3111 437 3174 bra
468 3131 508 3174 a
538 3129 833 3193 corpore,
868 3112 1137 3193 figura
1168 3131 1207 3176 a
1239 3112 1633 3186 veritate;
1667 3112 2079 3193 Evangelium
2110 3113 2277 3176 enim
2313 3113 2757 3194 complectitur
2779 3113 2931 3177 sub-

318 3216 629 3282 limiorem
650 3218 1029 3296 doctrinam,
1061 3220 1378 3284 nobiliora
1407 3220 1744 3303 promissa,
1779 3228 1844 3284 et
1876 3221 2321 3301 perfectiorem
2358 3222 2551 3302 exigit
2587 3224 2930 3288 mandato-

313 3342 458 3386 rum
492 3323 972 3389 observantiam
1006 3332 1071 3392 et
1101 3327 1397 3392 hortatur
1429 3328 1511 3392 ad
1543 3326 1811 3391 consilia
1843 3327 2178 3391 servanda.
2222 3328 2351 3392 Lex
2387 3329 2439 3397 f.
2472 3330 2935 3410 particulari

310 3430 466 3494 data
498 3429 619 3495 fuit
650 3433 840 3511 genti,
873 3432 1281 3514 Evangelium
1316 3435 1399 3498 ad
1447 3453 1726 3500 omnes
1774 3453 1843 3499 se
1877 3434 2165 3499 extendit
2197 3443 2449 3515 gentes;
2502 3435 2610 3499 illa
2641 3436 2757 3501 suit
2789 3457 2933 3502 mu-

308 3538 513 3600 tanda
545 3539 646 3603 vel
679 3538 1100 3620 abrogatione
1145 3541 1244 3604 vel
1290 3543 1645 3606 mutatione
1678 3541 1741 3605 in
1774 3541 2036 3616 melius;
2087 3542 2211 3605 hoc
2245 3560 2580 3623 nunquam
2612 3563 2729 3624 per
2760 3545 2932 3609 aliud

308 3643 750 3725 abrogabitur.

491 3791 663 3850 Unde
692 3793 1103 3852 corollarii
1149 3795 1344 3854 instar
1375 3796 1698 3872 colligitur,
1734 3797 2028 3855 Christum
2062 3817 2173 3856 non
2205 3805 2430 3856 tantum
2462 3816 2580 3855 esse
2610 3799 2927 3872 redempto-

309 3900 451 3956 rem,
485 3884 563 3937 ut
593 3899 704 3938 sec.
737 3881 888 3946 XVI,
919 3884 1192 3942 nonnulli
1224 3885 1447 3960 opinati
1478 3887 1642 3956 sunt,
1677 3904 1872 3943 verum
1905 3888 2075 3943 etiam
2106 3888 2481 3963 leqislatorem
2497 3907 2526 3958 ,·
2571 3904 2740 3944 veras
2775 3889 2929 3946 enim

310 3969 477 4045 leges
510 3970 678 4040 tulit,
713 3971 1021 4047 legemque
1052 3972 1319 4050 decalogi
1351 3979 1654 4050 tamquam
1689 3975 1977 4032 Dominus
2011 3976 2227 4034 iterum
2260 3976 2678 4052 promulgavit,
2715 3978 2930 4044 sanxit,

310 4058 654 4116 authentice
686 4060 1015 4134 explicavit.
1083 4060 1458 4138 Quapropter
1489 4064 1703 4121 statuit
1733 4064 2053 4122 concilium
2101 4065 2278 4125 trid.
2318 4084 2441 4129 can.
2479 4073 2590 4126 21:
2643 4064 2743 4133 ‚Si
2793 4067 2929 4141 quis

310 4145 544 4216 dixerit,
580 4147 878 4205 Christum
898 4149 953 4206 J.
986 4171 1019 4207 a
1041 4151 1159 4209 Deo
1182 4151 1523 4209 hominibus
1555 4151 1764 4210 datum
1797 4152 1981 4210 fuisse
2014 4157 2083 4211 ut
2115 4153 2563 4230 redemptorem,
2598 4153 2693 4211 cui
2726 4153 2928 4224 fidant,

311 4253 431 4294 non
466 4237 648 4293 etiam
681 4240 753 4294 ut
784 4237 1197 4313 legislatorem,
1244 4241 1340 4298 cui
1372 4240 1671 4310 obediant,
1719 4242 1789 4298 A.
1822 4241 1921 4303 S.‘
1991 4241 2180 4309 Quare
2214 4243 2550 4302 libertas
2583 4243 2927 4312 christiana,

312 4343 493 4399 quam
525 4329 836 4400 tantopere
866 4328 1165 4386 extollunt
1207 4333 1789 4405 protestantes,
1837 4349 1955 4389 non
2002 4331 2277 4389 consistit
2322 4332 2382 4389 in
2428 4332 2808 4390 immunitate
2855 4334 2930 4393 ab

310 4414 474 4472 omni
505 4413 657 4491 lege,
705 4414 806 4473 sed
853 4430 919 4478 a.
966 4417 1030 4475 in
1077 4417 1354 4478 libertate
1398 4438 1433 4476 a
1475 4420 1826 4496 gravissimo
1864 4419 2014 4496 jugo
2060 4420 2364 4495 peccati
2397 4426 2459 4479 et
2488 4419 2707 4480 diaboli
2741 4422 2835 4480 J0.
2872 4435 2926 4492 8,

316 4511 394 4564 34
428 4521 507 4572 S.;
541 4502 705 4564 Rom.
745 4513 799 4572 6,
838 4513 924 4567 20.
951 4508 1091 4576 etc.;
1141 4504 1210 4569 b.
1258 4508 1322 4565 in
1367 4507 1638 4566 libertate
1669 4527 1704 4565 a
1725 4509 1877 4585 jugo
1910 4508 2112 4584 legis
2146 4509 2449 4580 mosaicae,
2484 4512 2926 4570 caeremonialis

312 4594 373 4648 et
406 4590 718 4666 judicialis
763 4595 892 4651 Act.
946 4604 1039 4664 15,
1083 4606 1193 4667 103
1245 4597 1370 4659 Gal.
1407 4605 1462 4663 2,
1500 4606 1536 4659 3
1572 4614 1648 4667 s.;
1705 4609 1760 4666 4,
1818 4606 1885 4659 21
1932 4616 2023 4667 sa„
2076 4615 2252 4672 quem
2298 4596 2361 4655 in
2407 4599 2445 4661 l.
2492 4599 2562 4656 cf.
2610 4599 2928 4659 Thomas

311 4679 442 4738 lect.
478 4690 549 4749 8;
602 4694 663 4744 c.
714 4680 778 4739 in
820 4681 1096 4742 libertate
1140 4704 1172 4742 a
1214 4688 1519 4745 terrore
1565 4689 1627 4744 et
1669 4686 1898 4755 timore,
1945 4705 2122 4761 quem
2169 4686 2499 4745 incutiebat
2530 4688 2621 4746 lex
2653 4689 2926 4758 mosaica,

311 4785 444 4827 cum
480 4770 543 4827 in
574 4770 786 4845 primis
816 4773 1086 4845 terreret,
1119 4792 1239 4832 non
1270 4793 1407 4833 vero
1440 4773 1786 4833 infunderet
1817 4775 2094 4850 spiritum
2127 4775 2407 4844 caritatis,
2455 4795 2576 4852 qua
2621 4783 2929 4854 praecepta
