3538 5364
1393 340 1462 393 de
1491 338 1899 418 satisfactione.
2818 343 2952 410 485*

331 546 461 586 esse
492 527 727 585 divinae
758 526 1199 585 munificentiae
1223 525 1582 604 largitatem,
1615 529 1686 585 ut
1715 544 1835 585 non
1865 526 2059 584 solum
2090 523 2298 599 poenis
2332 525 2545 598 sponte
2575 541 2610 580 a
2638 521 2811 582 nobis
2842 539 2950 598 pro

331 616 686 675 vindicando
718 618 956 692 peccato
987 616 1279 692 susceptis
1312 612 1546 696 (cf.Job
1580 624 1683 684 42,
1721 625 1792 685 63
1829 615 2044 691 2.·Reg.
2084 621 2182 685 12,
2224 623 2298 676 16
2333 630 2409 682 s.;
2446 620 2501 674 3.
2520 611 2663 688 Beg.
2686 620 2787 683 21,
2820 606 2947 692 27),

332 710 442 764 aut
473 704 791 764 sacerdotis
824 705 1070 764 arbitrio
1100 723 1210 781 pro
1242 723 1523 764 mensura
1553 703 1755 763 delicti
1802 701 2118 779 impositis,
2166 700 2270 760 sed
2313 701 2510 771 etiam,
2559 699 2719 776 quod
2763 700 2947 757 maxi·

331 814 495 853 mum
530 794 745 852 amoris
777 798 1198 871 argumentum
1230 797 1338 865 est,
1385 793 1816 870 temporalibus
1848 791 2100 870 flagellis
2133 810 2167 849 a
2197 789 2318 849 Deo
2348 789 2591 848 inflictis
2620 791 2683 848 et
2711 808 2746 847 a
2775 787 2948 847 nobis

333 884 630 961 patienter
660 883 948 955 toleratis,
994 883 1155 960 apud
1195 884 1384 942 Deum
1416 884 1654 942 Patrem
1685 901 1792 959 per
1821 880 2122 940 Christum
2154 879 2360 939 Jesum
2391 878 2726 938 satisfacere
2755 877 2951 936 valea-

334 981 526 1032 mus.‘
590 971 670 1031 Cf.
705 991 828 1030 can.
867 982 943 1036 13
978 992 1035 1036 n.
1059 971 1223 1037 498⁸
1253 975 1315 1032 et
1345 992 1390 1034 s.
1422 972 1739 1031 Thomas
1775 971 1971 1047 suppl.
1992 989 2052 1045 q.
2077 978 2151 1032 15
2187 989 2238 1027 a.
2274 978 2329 1031 2.
2375 969 2539 1026 Inter
2568 986 2747 1044 opera
2776 965 2950 1025 satis-

333 1061 583 1121 factoria
601 1061 1311 1138 eminentjejunium,
1346 1061 1602 1120 oratio
1633 1063 1696 1119 et
1725 1060 2246 1135 eleemosyna:
2280 1059 2453 1133 cujus
2472 1056 2683 1116 asserti
2714 1075 2749 1114 a
2774 1055 2949 1115 theo-

333 1151 489 1228 logis
520 1152 725 1226 plures
756 1150 1091 1210 redduntur
1120 1151 1399 1210 rationes.
1452 1151 1621 1219 ,Una
1651 1152 1761 1221 est,
1794 1149 1997 1225 inquit
2024 1146 2552 1207 Bellarminus
2582 1145 2681 1218 IV,
2702 1156 2757 1217 6,
2790 1144 2949 1220 quod

335 1240 618 1298 debemus
653 1239 990 1299 satisfacere
1033 1258 1139 1316 per
1182 1259 1250 1299 ea
1292 1240 1466 1312 bona,
1512 1249 1665 1316 quae
1709 1241 1915 1298 nostra
1959 1240 2119 1309 sunt,
2165 1236 2361 1312 quoad
2405 1236 2536 1312 ejus
2576 1234 2704 1293 fieri
2736 1228 2949 1310 potest.

335 1329 635 1390 Habemus
667 1332 868 1387 autem
898 1329 1016 1387 tria
1046 1348 1264 1405 genera
1290 1329 1614 1388 bonorum:
1648 1328 1849 1398 animi,
1880 1345 2031 1403 quae
2063 1326 2183 1384 Deo
2215 1325 2426 1384 damus
2456 1343 2565 1401 per
2593 1323 2949 1394 orationem;

336 1417 617 1494 corporis,
665 1436 816 1493 quae
849 1419 968 1476 Deo
999 1418 1207 1477 damus
1250 1437 1357 1495 per
1392 1417 1724 1495 jejunium3
1775 1419 1837 1476 et
1884 1416 2173 1486 fortunae,
2224 1433 2375 1490 quae
2419 1414 2541 1473 Deo
2588 1413 2799 1471 damus
2842 1431 2950 1489 per

334 1508 788 1582 eleemosynam.
822 1540 908 1549 —
939 1507 1145 1565 Altera
1174 1507 1328 1566 ratio
1360 1511 1470 1577 est,
1518 1507 1679 1582 quod
1723 1506 1923 1564 omnia
1967 1500 2114 1562 vitia
2156 1505 2508 1562 revocantur
2550 1501 2625 1561 ad
2668 1501 2771 1560 illa
2812 1501 2947 1571 tria,

336 1615 489 1671 quae
520 1615 562 1653 s.
597 1596 859 1654 Joannes
891 1596 1096 1672 posuit
1137 1608 1187 1658 1.
1219 1616 1308 1672 ep.
1345 1606 1400 1667 2,
1442 1607 1539 1666 15,
1587 1594 2125 1670 concupiscentiam
2157 1592 2369 1668 carnis,
2416 1589 2948 1668 concupiscentiam

335 1685 646 1744 oculorum
691 1688 753 1743 et
798 1685 1139 1761 superbiam
1183 1685 1357 1744 vitae.
1418 1684 1730 1761 Jejunium
1779 1682 2115 1760 comprimit
2159 1680 2691 1757 concupiscentiam
2736 1679 2947 1749 carnis,

333 1775 710 1849 eleemosyna
730 1773 1268 1849 concupiscentiam
1287 1776 1592 1833 oculorum
1623 1774 1664 1838 i.
1694 1793 1743 1834 e.
1776 1772 2104 1842 avaritiam,
2138 1770 2328 1830 oratio
2359 1769 2699 1846 superbiam
2729 1767 2949 1827 vitae.‘

331 1895 421 1908 --
456 1862 714 1922 Tertiam
745 1863 913 1921 addit
957 1862 1236 1922 Suarez
1280 1863 1352 1922 de
1394 1863 1614 1939 poenit.
1648 1863 1703 1926 d.
1739 1870 1817 1925 37
1854 1880 1899 1920 s.
1937 1872 2003 1924 3:
2053 1860 2285 1929 ,Homo
2314 1856 2723 1918 satisfaciendo
2754 1856 2951 1933 privat

335 1971 397 2010 se
431 1952 526 2009 vel
558 1951 757 2026 aliquo
790 1952 945 2010 bono
975 1952 1132 2023 utili,
1180 1956 1241 2011 et
1283 1952 1394 2011 hoc
1422 1952 1492 2010 fit
1519 1971 1626 2028 per
1657 1952 2118 2027 eleemosynam3
2166 1949 2259 2008 vel
2301 1949 2458 2007 bono
2489 1946 2842 2017 delectabili,
2886 1946 2950 2004 et

335 2041 443 2099 hoc
476 2039 545 2097 fit
574 2060 681 2117 per
702 2040 1033 2116 jejunium:
1068 2040 1161 2098 vel
1193 2040 1449 2118 acquirit
1480 2060 1614 2100 cum
1646 2041 1846 2115 aliquo
1875 2039 2077 2098 labore
2106 2038 2331 2097 bonum
2362 2037 2694 2106 honestum,
2741 2038 2804 2094 et
2841 2035 2949 2094 hoc

336 2130 405 2188 fit
446 2148 553 2204 per
596 2129 939 2192 orationem.
1001 2129 1094 2187 Ad
1137 2130 1277 2188 haec
1322 2130 1498 2189 homo
1531 2129 1825 2206 peccando
1858 2129 2050 2187 Deum
2080 2126 2342 2196 offendit,
2394 2144 2457 2184 se
2504 2127 2566 2184 et
2613 2124 2948 2202 proximum

340 2217 549 2287 laedit;
600 2218 737 2277 hinc
784 2219 1034 2296 castigat
1083 2237 1143 2277 se
1191 2238 1297 2294 per
1337 2219 1670 2296 jejunium3
1722 2217 2003 2277 subvenit
2045 2216 2309 2293 proximo
2351 2234 2460 2292 per
2503 2214 2946 2290 eleemosynam,

344 2308 525 2366 Deum
557 2308 809 2367 honorat
838 2327 946 2384 per
975 2309 1364 2368 orationem.‘
1431 2308 1513 2367 Cf.
1546 2308 1865 2367 Thomas
1897 2307 2093 2381 suppl.
2124 2324 2222 2381 qq.
2263 2314 2336 2367 12
2374 2322 2483 2375 ss.;
2533 2303 2785 2363 Collet
2816 2322 2873 2379 p.
2908 2310 2944 2363 2

339 2415 382 2455 c.
421 2408 454 2459 6
490 2397 1165 2467 a.1;Palmierith.
1199 2408 1279 2461 36
1316 2416 1424 2468 se.;
1458 2396 1785 2474 Ripalda
1815 2396 1870 2455 d.
1906 2403 2006 2459 98.

514 2480 578 2549 3.
618 2485 953 2555 Quaeritur,
1003 2506 1121 2561 qua
1164 2487 1389 2546 virtute
1421 2485 1825 2546 satisfaciendi
1856 2483 2125 2561 praedita
2156 2484 2280 2541 sint
2310 2501 2487 2559 opera
2515 2481 2785 2557 poenalia
2815 2498 2946 2556 pec-

337 2577 600 2633 catorum
650 2578 711 2632 et
752 2575 1074 2649 justorum.
1139 2575 1466 2635 Dicendum
1510 2579 1620 2646 est,
1669 2578 2122 2651 peccatores
2169 2572 2447 2649 operibus
2493 2571 2620 2631 suis
2665 2569 2946 2645 quadam-

333 2667 512 2723 tenus
543 2663 879 2723 satisfacere
923 2663 996 2724 de
1041 2684 1071 2723 c
1086 2680 1119 2720 o
1137 2685 1175 2723 n
1192 2685 1277 2743 gr
1292 2684 1381 2725 uo
1428 2685 1533 2742 pro
1577 2665 1766 2742 culpa.
1800 2682 2107 2740 poenaque
2151 2664 2409 2735 aeterna,
2459 2664 2756 2737 quatenus
2788 2659 2947 2735 ejus-

336 2752 496 2812 modi
548 2772 724 2828 opera
772 2772 873 2812 eos
923 2754 1253 2829 disponunt
1300 2755 1374 2813 ad
1424 2756 1632 2831 culpae
1682 2772 2024 2831 poenaeque
2059 2752 2468 2811 remissionem
2497 2748 2947 2827 impetrandam.

333 2842 459 2901 Hoc
490 2843 648 2901 enim
679 2846 919 2917 patrum
951 2844 1296 2902 testimonia
1326 2844 1709 2920 comprobant
1740 2839 1827 2925 (n.
1859 2837 2032 2925 498).
2087 2841 2126 2900 J
2141 2841 2303 2900 usti
2333 2858 2474 2899 vero
2507 2839 2788 2916 operibus
2820 2836 2947 2896 suis

334 2950 445 3005 pro
479 2949 666 3006 poena
696 2932 1117 3006 temporali
1150 2933 1524 2992 satisfaciunt
1553 2932 1626 2991 de
1658 2932 2074 3008 condigno,
2108 2950 2178 2990 ea
2206 2930 2491 2989 nimirum
2525 2927 2947 3005 condignitate,

337 3039 488 3094 quae
519 3020 710 3079 Deum
741 3020 901 3079 inter
933 3025 992 3079 et
1023 3022 1290 3080 homines
1321 3022 1518 3089 locum
1550 3022 1764 3080 habere
1796 3024 2010 3096 potest.
2074 3020 2199 3078 Hoc
2230 3020 2391 3078 sicut
2420 3018 2728 3095 colligitur
2757 3036 2829 3076 ex
2858 3034 2945 3087 eo,

337 3109 501 3183 quod
525 3109 677 3184 justi
706 3109 998 3186 condigne
1029 3114 1259 3169 merent
1286 3111 1472 3169 vitam
1503 3114 1820 3181 aeternam,
1853 3110 1939 3178 ita
1968 3110 2147 3168 etiam
2176 3128 2248 3169 ex
2280 3125 2445 3184 prop.
2470 3117 2549 3171 59
2582 3108 2645 3166 et
2677 3116 2753 3170 ’Π
2789 3106 2951 3165 inter

333 3198 577 3273 bajanas
609 3198 903 3257 damnatis
938 3194 1035 3282 (cf.
1068 3194 1192 3281 ib.).
1256 3200 1480 3259 Docent
1523 3203 1723 3259 autem
1767 3198 2050 3275 theologi,
2099 3196 2491 3257 satisfactioni
2523 3194 2950 3266 sacramentali,

338 3305 477 3344 cnm
526 3287 607 3345 sit
654 3306 790 3363 pars
844 3289 1194 3347 sacramenti
1238 3289 1643 3364 poenitentiae
1673 3288 1946 3347 instituti
1995 3287 2069 3346 ad
2119 3287 2527 3347 remissionem
2558 3288 2950 3363 peccatorum,

337 3376 747 3434 causalitatem
778 3376 959 3435 etiam
989 3377 1249 3452 aliquam
1282 3395 1351 3435 ex
1382 3396 1555 3454 opere
1589 3381 1914 3453 operato
1958 3377 2344 3452 respondere:
2389 3393 2510 3434 non
2555 3376 2706 3434 circa
2747 3392 2950 3451 pecca-

335 3470 537 3523 torum
569 3465 994 3537 remissionem,
1042 3484 1175 3525 cum
1221 3467 1364 3525 haec
1404 3470 1543 3525 ante
1581 3466 1905 3525 exhibitam
1938 3465 2399 3525 satisfactionem
2430 3464 2806 3523 absolutione
2830 3464 2952 3539 jam

337 3554 462 3611 sint
507 3553 731 3624 deleta;
783 3573 921 3631 ergo
968 3555 1179 3614 saltem
1226 3555 1379 3614 circa
1420 3556 1843 3614 relaxationem
1876 3573 2098 3631 poenae
2127 3554 2488 3631 temporalis,
2536 3572 2688 3629 quae
2733 3551 2954 3611 luenda

337 3646 541 3701 manet
573 3643 865 3701 dimissa
841 3664 966 3719 Jam
998 3643 1224 3703 virtute
1253 3643 1647 3703 absolutionis
1679 3644 1853 3720 culpa
1881 3662 2186 3721 poenaque
2214 3647 2467 3702 aeterna.

518 3726 587 3794 4.
620 3731 955 3803 Quaeritur,
987 3752 1108 3809 qua
1138 3733 1366 3792 ratione
1397 3733 1792 3792 concilientur
1815 3733 2248 3792 satisfactiones
2268 3735 2506 3791 nostrae
2525 3750 2659 3790 cum
2681 3696 2954 3807 dogmate

341 3819 414 3878 de
466 3821 976 3895 superabundanti
1026 3822 1429 3881 satisfactione
1481 3822 1697 3882 Christi
1754 3841 1860 3898 pro
1909 3822 2164 3899 peccatis
2215 3822 2437 3881 nostris
2487 3820 2762 3880 exhibita.
2845 3818 2955 3878 Cui

341 3909 678 3984 quaestioni
730 3910 872 3968 satis
923 3911 1238 3986 respondet
1286 3929 1447 3973 conc.
1498 3911 2035 3970 tridentinum
2085 3929 2229 3970 sess.
2270 3921 2346 3974 14
2395 3928 2443 3969 c.
2491 3920 2548 3973 8.
2612 3907 2953 3968 Memineris

341 3997 570 4056 scilicet
614 4013 678 4060 a.
714 3999 1012 4058 Christum
1045 4000 1417 4059 abundanter
1447 4001 1566 4059 Deo
1595 4000 1760 4058 Patri
1793 4000 2177 4069 satisfecisse;
2224 3999 2381 4058 nulli
2424 4016 2564 4057 vero
2595 3999 2745 4056 hanc
2775 3997 2953 4056 satis·

340 4086 658 4147 factionem
690 4088 985 4161 prodesse,
1018 4088 1138 4147 nisi
1169 4089 1223 4147 ei
1255 4089 1608 4164 applicetur.
1673 4090 1751 4147 Ut
1786 4108 1925 4148 vero
1970 4086 2039 4154 b.
2084 4088 2292 4147 adulto
2324 4088 2677 4164 applicetur,
2723 4086 2955 4163 exigere

340 4176 531 4233 Deum
565 4194 771 4234 eorum
802 4178 1268 4252 cooperationem
1301 4181 1362 4236 et
1392 4178 1760 4237 conditiones
1794 4178 1868 4236 ab
1907 4178 2058 4254 ipsis
2088 4177 2422 4249 servandas,
2468 4177 2628 4234 inter
2673 4194 2819 4251 quas
2863 4176 2958 4233 est

345 4264 524 4322 etiam
558 4266 760 4340 aliqua
789 4266 1151 4341 poenitentis
1183 4266 1524 4338 satisfactio,
1559 4268 1907 4344 praesertim
1940 4267 1990 4326 si
2021 4266 2438 4326 relaxationem
2469 4284 2693 4342 poenae
2721 4268 2955 4339 tempo-

344 4352 488 4411 ralis
518 4357 657 4429 post
687 4354 990 4414 dimissam
1023 4356 1260 4431 culpam
1279 4374 1644 4432 poenamque
1674 4359 1973 4415 aeternam
2004 4356 2271 4431 reliquae
2300 4356 2623 4432 impetrare,
2649 4353 2956 4424 intendat;

344 4440 598 4516 ideoque
644 4457 708 4506 c.
756 4443 1185 4503 satisfactiones
1219 4445 1524 4520 justorum
1555 4462 2034 4520 praesupponere
2064 4444 2345 4503 meritum
2376 4444 2957 4518 satisfactionemque

346 4530 579 4601 Christi,
626 4536 918 4606 quatenus
950 4555 1003 4595 α,
1037 4536 1388 4608 supponunt
1418 4533 1605 4592 Deum
1636 4533 1975 4592 hominibus
2007 4534 2325 4608 placatum,
2356 4533 2820 4602 reconciliatum,
2853 4550 2960 4608 pa-

345 4626 544 4677 ratum
578 4619 653 4678 ad
683 4624 1054 4695 peccatorum
1088 4641 1530 4698 poenarumque
1560 4622 2000 4681 remissionem:
2036 4640 2187 4697 quae
2219 4622 2325 4681 Dei
2353 4622 2693 4681 humanitas
2726 4623 2958 4680 fructus

347 4716 442 4766 est
473 4708 893 4768 satisfactionis
926 4709 1174 4780 Christi;
1223 4716 1519 4786 quatenus
1567 4712 1618 4791 β.
1667 4711 1737 4768 ad
1785 4729 1881 4769 eas
1929 4711 2257 4786 requiritur
2285 4711 2499 4789 gratia,
2544 4730 2698 4787 quae
2730 4712 2961 4770 fructus

348 4800 442 4855 est
473 4797 785 4875 sanguinis
806 4799 1051 4868 Christi;
1085 4802 1380 4875 quatenus
1410 4822 1464 4879 γ.
1496 4800 1764 4858 Christus
1794 4800 2138 4877 promeruit,
2171 4803 2244 4859 ut
2273 4820 2450 4878 opera
2479 4802 2747 4876 poenalia
2776 4819 2811 4858 a
2841 4798 2959 4857 Deo
