3538 5364
605 282 734 347 506
1108 275 1292 330 Tract.
1321 274 1412 327 IX.
1441 275 1509 327 de
1536 274 1935 345 indulgentiis.
1963 275 2161 328 Thesis
2191 274 2420 328 CCLlII.
2449 274 2732 329 Ecclesiae

604 476 1003 539 quorumque
1037 457 1499 538 poenitentiam
1533 455 1960 520 satisfactioni
1991 458 2355 538 proximam
2386 456 2788 537 conspiceret
2807 456 2843 519 i.
2867 475 2917 520 e.
2952 457 3231 538 quipar-

605 570 734 628 tem
767 564 1200 645 poenitentiae
1232 563 1574 645 impositae
1607 581 1738 626 non
1774 563 2104 626 minimam
2132 563 2266 644 jam
2299 563 2785 644 praestitissent.

781 694 906 752 Hoc
954 696 1177 768 passim
1223 695 1577 770 praescribit
1627 713 1670 755 s.
1724 695 2159 770 Cyprianus
2210 696 2296 752 ita
2346 699 2639 771 martyres
2676 695 2981 753 instruens
3015 713 3105 770 ep.
3148 705 3231 756 10

600 802 658 841 n.
695 793 763 844 4:
816 783 973 851 ‚Sed
1018 786 1080 842 et
1122 784 1276 842 illud
1323 784 1396 841 ad
1435 784 1809 860 diligentiam
1843 788 2099 843 vestram
2131 784 2398 861 redigere
2431 789 2491 842 et
2521 785 2833 843 emendare
2865 784 3109 853 debetis
3157 789 3238 842 ut

602 872 954 930 nominatim
988 872 1312 949 designetis
1347 891 1466 943 eos,
1497 874 1717 947 quibus
1752 892 1955 948 pacem
1988 873 2115 931 dari
2139 873 2506 932 desideratis.
2557 873 2753 932 Audio
2781 874 2940 932 enim
2974 873 3233 949 quibus-

602 961 737 1019 dam
769 961 856 1019 sic
885 961 1120 1021 libellos
1153 961 1296 1030 fieri,
1347 975 1417 1021 ut
1462 962 1726 1021 dicatur:
1776 962 2205 1033 ,Communicet
2235 963 2338 1021 ille
2373 1006 2384 1017 .
2420 1007 2434 1021 .
2467 1007 2481 1020 .
2515 982 2646 1021 cum
2681 962 2845 1031 suis‚‘
2879 963 3036 1038 quod
3070 981 3233 1020 nun-

601 1069 780 1124 quam
812 1050 1051 1109 omnino
1084 1070 1118 1108 a
1149 1051 1511 1126 martyribus
1545 1051 1767 1109 factum
1814 1055 1923 1121 est,
1973 1054 2044 1110 ut
2088 1052 2316 1110 incerta
2360 1056 2422 1110 et
2465 1070 2635 1110 coeca
2679 1052 2891 1127 petitio
2935 1051 3233 1109 invidiam

600 1139 773 1197 nobis
806 1139 1188 1215 postmodum
1219 1140 1498 1202 cumulet.
1559 1140 1703 1198 Late
1748 1141 1907 1199 enim
1953 1142 2135 1216 patet,
2184 1131 2422 1216 quando
2455 1140 2680 1199 dicitur
2726 1141 2846 1211 ,ille
2892 1159 3029 1199 cum
3060 1141 3232 1211 suia,‘

600 1233 661 1285 et
692 1231 943 1302 possunt
975 1228 1145 1287 nobis
1179 1229 1372 1287 viceni
1411 1233 1471 1288 et
1516 1229 1730 1287 triceni
1777 1233 1838 1287 et
1883 1231 2138 1305 amplius
2172 1230 2389 1304 offerri,
2439 1230 2544 1305 qui
2576 1231 2898 1307 propinqui
2932 1234 2994 1288 et
3024 1229 3237 1288 affines

600 1321 661 1374 et
705 1317 907 1374 liberti
953 1323 1015 1374 et
1060 1318 1368 1376 domestici
1414 1337 1540 1377 esse
1573 1321 1985 1376 asseverentur
2030 1320 2175 1394 ejus,
2229 1320 2336 1396 qui
2367 1320 2581 1395 accipit
2613 1319 2905 1378 libellum.
2967 1319 3044 1376 Et
3094 1318 3233 1378 ideo

601 1408 757 1480 pet0‚
791 1409 862 1464 ut
893 1424 1010 1474 eos,
1043 1425 1192 1482 quos
1223 1407 1340 1482 ipsi
1374 1407 1610 1475 videtis,
1646 1425 1797 1482 quos
1830 1408 2037 1477 nostis,
2084 1427 2339 1482 quorum
2372 1409 2798 1485 poenitentiam
2832 1407 3232 1466 satisfactioni

599 1494 925 1569 proximam
959 1496 1316 1571 conspicitis,
1351 1496 1679 1573 designetis
1700 1496 2057 1555 nominatim
2086 1497 2291 1556 libello
2323 1502 2384 1556 et
2416 1498 2503 1556 sic
2533 1498 2606 1556 ad
2639 1516 2748 1556 nos
2780 1497 2917 1555 fidei
2948 1516 3017 1555 ac
3047 1496 3233 1555 disci-

598 1583 801 1658 plinae
834 1588 1229 1660 congruentes
1263 1586 1467 1644 literas
1500 1585 1835 1662 dirigatis.‘
1900 1585 2013 1643 Illa
2061 1587 2218 1645 enim
2274 1587 2491 1664 agendi
2541 1588 2787 1655 ratione,
2841 1586 2928 1644 ait
2976 1605 3068 1661 ep.
3125 1596 3230 1655 22,

603 1691 828 1747 „paene
859 1691 1031 1730 omne
1064 1673 1372 1732 vinculum
1405 1674 1542 1733 fidei
1575 1677 1635 1731 et
1666 1674 1937 1733 timorem
1974 1676 2079 1733 Dei
2113 1679 2174 1735 et
2204 1676 2552 1735 mandatum
2577 1676 2808 1735 Domini
2834 1679 2895 1733 et
2913 1675 3226 1752 Evangelii

599 1762 977 1820 sanctitatem
1009 1763 1216 1824 solvi.<‘

777 1867 844 1934 d.
876 1864 1188 1947 Martyres
1220 1884 1350 1928 non
1383 1865 1629 1929 dabant
1676 1867 1884 1948 ipsam
1929 1885 2156 1948 pacem
2205 1886 2320 1933 seu
2372 1868 2629 1932 veniam
2661 1873 2724 1931 et
2755 1866 3227 1932 reconciliatio-

597 1991 764 2038 nem.
798 1972 912 2036 sed
943 1979 1013 2035 ut
1046 1972 1128 2035 ab
1163 1972 1482 2053 episcopis
1531 1972 2011 2051 concederetur,
2058 1974 2563 2049 intercedebant,
2609 1973 2781 2038 unde
2833 1991 3061 2038 eorum
3109 1993 3227 2055 pro

596 2078 795 2159 lapsis
825 2078 1049 2142 literae
1082 2078 1462 2143 dicebantur
1493 2079 1937 2150 desideria,
1970 2081 2313 2160 petitiones
2345 2087 2718 2162 martyrum.

780 2190 904 2249 Hoc
935 2189 1272 2267 colligimus
1304 2209 1372 2248 ex
1405 2191 1666 2266 ejusdem
1700 2211 1744 2250 s,
1779 2193 2073 2267 praesulis
2105 2212 2197 2266 ep.
2236 2205 2270 2253 9
2306 2212 2362 2250 n.
2400 2202 2434 2254 2
2469 2201 2532 2251 et
2563 2212 2650 2268 ep.
2693 2205 2770 2256 10
2805 2193 2878 2250 ad
2912 2195 3223 2269 martyres

597 2281 660 2336 in
694 2298 812 2354 qua
842 2298 942 2337 eos
976 2280 1359 2354 reprehendit
1389 2280 1766 2356 presbyteros
1804 2277 1887 2363 (n.
1930 2276 1989 2360 1)
2026 2281 2173 2356 ‚qui
2204 2301 2311 2339 nec
2342 2282 2615 2340 timorem
2653 2282 2773 2350 Dei,
2817 2300 2926 2340 nec
2958 2281 3221 2358 episcopi

597 2370 877 2426 bonorem
910 2369 1239 2445 cogitantes
1274 2369 1434 2446 (cum
1465 2389 1569 2428 vos
1601 2370 1673 2428 ad
1707 2390 1801 2428 me
1834 2370 2039 2428 literas
2073 2370 2427 2442 direxeritis,
2465 2370 2686 2447 quibus
2720 2371 3042 2430 examinari
3076 2371 3225 2429 desi-

597 2457 762 2515 deria
794 2460 993 2515 vestra
1037 2461 1100 2515 et
1145 2458 1507 2533 quibusdam
1559 2459 1742 2534 lapsis
1795 2478 1993 2535 pacem
2044 2460 2173 2518 dari
2205 2461 2574 2535 postulastis,
2628 2479 2762 2518 cum
2813 2460 3218 2535 persecutione

595 2546 782 2615 finita,
816 2547 1131 2605 convenire
1164 2548 1226 2603 in
1260 2566 1449 2605 unum
1482 2566 1618 2605 cum
1651 2549 1806 2607 clero
1839 2554 1901 2606 et
1930 2549 2197 2624 recolligi
2232 2544 2625 2630 coeperimus)
2661 2595 2672 2606 .
2708 2592 2721 2606 .
2756 2593 2769 2606 .
2804 2552 3014 2607 contra
3039 2550 3210 2608 Evan-

596 2636 741 2714 gelii
774 2636 984 2713 legem,
1020 2637 1229 2695 contra
1258 2641 1515 2696 vestram
1551 2656 1790 2714 quoque
1823 2636 2203 2697 honorificam
2225 2639 2594 2714 petitionem,
2630 2641 2766 2696 ante
2798 2641 2990 2697 actam
3026 2639 3216 2715 poeni·

598 2726 869 2795 tentiam,
938 2728 1076 2784 ante
1125 2726 1579 2803 exomologesim
1631 2727 1966 2804 gravissimi
2016 2734 2197 2802 atque
2247 2729 2496 2786 extremi
2547 2728 2749 2786 delicti
2800 2728 3041 2799 factam,
3096 2733 3222 2786 ante

598 2833 842 2872 manum
885 2815 960 2872 ab
1006 2816 1279 2889 episcopo
1330 2819 1391 2873 et
1439 2816 1594 2874 clero
1645 2817 1707 2873 in
1761 2816 2190 2891 poenitentiam
2226 2818 2560 2892 impositam
2594 2817 2803 2875 offerre
2841 2836 2951 2892 pro
3000 2817 3126 2875 illis
3170 2821 3223 2874 et

597 2903 1016 2960 eucharistiam
1048 2904 1185 2961 dare
1219 2904 1254 2963 i.
1289 2922 1336 2961 e.
1384 2907 1658 2962 sanctum
1691 2905 1927 2963 Domini
1959 2924 2171 2981 corpus
2204 2907 2514 2980 profanare
2546 2906 2806 2963 audeant
2835 2909 2988 2966 etc.‘
3058 2906 3141 2967 cf.
3170 2924 3221 2963 n.

602 3001 657 3052 2.
695 3002 762 3059 3;
810 3011 903 3066 ep.
943 3003 1019 3054 16
1069 2993 1176 3050 col.
1214 3002 1285 3054 21
1341 3012 1400 3050 n.
1436 3002 1505 3062 23
1556 3002 1636 3055 22
1686 2997 1794 3052 etc.
1858 2993 2048 3063 Quare
2081 3013 2214 3053 cum
2249 2998 2538 3071 martyres
2570 2995 2856 3053 dicuntur
2885 3014 3091 3071 pacem
3125 2995 3217 3053 de·

599 3081 776 3147 disse,
826 3081 888 3139 id
934 3084 1172 3139 tantum
1207 3081 1313 3140 hoc
1342 3082 1600 3159 intelligi
1634 3087 1835 3158 potest
1866 3102 2061 3152 sensu,
2095 3084 2256 3160 quod
2288 3104 2413 3143 eam
2451 3083 2723 3142 dederint
2751 3084 3092 3143 mediate
3122 3102 3221 3159 per

599 3170 916 3238 antistiteS,
952 3189 1100 3245 quos
1133 3171 1551 3230 intercessione
1586 3190 1695 3230 sua
1726 3173 1800 3230 ad
1833 3192 2035 3249 pacem
2068 3172 2483 3231 conferendam
2517 3173 2894 3232 inducebant.

778 3308 837 3357 c.
871 3289 1044 3352 Haec
1077 3290 1449 3354 intercessio
1483 3310 1613 3354 non
1647 3292 1785 3355 sine
1818 3291 2107 3372 diligenti
2141 3291 2225 3356 ab
2249 3292 2566 3373 episcopis
2589 3290 3053 3355 admittebatur
3074 3309 3221 3355 exa-

600 3394 789 3469 mine,
823 3413 950 3476 quo
981 3395 1309 3476 lapsorum
1342 3416 1558 3475 causa,
1593 3398 1895 3473 studium,
1948 3399 2177 3475 servor,
2231 3399 2584 3464 satisfactio
2630 3400 2765 3480 jam
2816 3399 3131 3479 praestita
3160 3404 3223 3461 et

601 3520 755 3564 num
785 3503 1220 3582 poenitentiae
1252 3504 1651 3569 relaxatione
1685 3513 1902 3570 essent
1934 3505 2125 3586 digni,
2162 3506 2713 3586 expendebantur.
2756 3506 3112 3580 „Fecerunt
3143 3504 3221 3567 ad

602 3625 737 3681 nos,
772 3607 993 3672 scribit
1023 3630 1070 3672 S.
1119 3610 1580 3692 Cyprianus
1632 3612 1778 3676 exul
1825 3612 1995 3694 plebi
2045 3631 2202 3678 suae
2256 3632 2351 3693 ep.
2392 3618 2468 3681 11
2505 3631 2564 3675 n.
2604 3618 2658 3688 1,
2711 3613 2790 3677 de
2836 3612 3218 3695 quibusdam

599 3715 774 3779 beati
806 3722 1122 3796 martyres
1154 3718 1388 3793 literaS,
1423 3724 1715 3799 petentes
1751 3719 2104 3782 examinari
2139 3719 2465 3782 desideria
2486 3737 2621 3782 sua.
2655 3718 2834 3795 Cum,
2856 3736 3018 3800 pace
3038 3718 3219 3783 nobis

602 3821 897 3885 omnibus
930 3840 970 3885 a
1002 3821 1274 3887 Domino
1324 3825 1500 3905 prius
1550 3824 1720 3901 data,
1777 3826 1860 3888 ad
1892 3824 2246 3890 Ecclesiam
2297 3825 2551 3905 regredi
2601 3826 3027 3907 coeperimus
3076 3834 3223 3890 tunc

601 3928 1141 3993 examinabuntur
1171 3931 1420 4011 singula
1451 3933 1897 4013 praesentibus
1931 3939 1996 3998 et
2020 3932 2459 4014 judicantibus
2490 3932 2729 3996 vobis‘

779 4054 833 4122 f.
878 4054 1214 4118 Relaxatio
1263 4056 1718 4120 satisfactionis
1766 4058 2107 4138 impositae
2160 4057 2243 4121 ob
2292 4065 2651 4140 martyrum
2698 4058 3223 4122 intercessionem

602 4177 915 4223 concessa
945 4161 1332 4225 censebatur
1363 4162 1576 4225 valida
1596 4181 1728 4226 non
1749 4164 1814 4226 in
1837 4164 1977 4227 foro
2002 4171 2258 4228 tantum
2295 4164 2751 4239 ecclesiasticO,
2770 4163 2884 4228 sed
2906 4169 2971 4228 et
2990 4164 3224 4226 divino.

781 4288 905 4346 Hoc
937 4289 1315 4348 manifestum
1349 4297 1442 4349 est
1473 4311 1540 4349 ex
1576 4293 1611 4353 l.
1646 4291 1718 4349 de
1739 4292 1919 4366 lapsis
1954 4296 2015 4350 et
2047 4313 2112 4351 ex
2148 4295 2238 4351 tot
2268 4293 2541 4367 epistolis
2574 4312 2619 4352 s.
2654 4293 2952 4369 Cypriani,
3003 4292 3223 4369 quibus

603 4377 929 4451 irrepentes
962 4385 1193 4437 coercet
1224 4380 1447 4439 abusus
1496 4386 1676 4456 atque
1721 4384 2217 4440 inconsideratam
2251 4384 2487 4441 libellos
2520 4384 2700 4441 dandi
2734 4381 3227 4442 consuetudinem

603 4465 808 4539 carpit,
859 4468 1019 4541 quod
1067 4469 1148 4527 sit
1192 4471 1397 4527 contra
1429 4470 1836 4546 Evangelium,
1885 4476 2090 4528 contra
2120 4471 2398 4529 mandata
2428 4471 2738 4543 dominica,
2772 4491 2926 4547 quae
2958 4492 2995 4528 a
3025 4489 3223 4547 pecca-

601 4554 834 4613 toribus
886 4556 1163 4615 fidelibus
1215 4577 1537 4635 congruam
1587 4562 1725 4633 post
1776 4559 2006 4633 lapsum
2061 4560 2302 4635 exigant
2351 4561 2828 4621 satisfactionem.
2903 4561 3041 4619 Non
3090 4578 3223 4637 ergo

603 4644 891 4719 agebatur
923 4644 996 4703 de
1028 4647 1344 4704 relaxanda
1375 4647 1779 4706 satisfactione
1813 4648 1923 4706 soli
1944 4648 2235 4707 Ecclesiae
2255 4649 2470 4719 debita,
2505 4650 2604 4709 sed
2629 4652 2749 4709 Deo
2783 4668 3024 4725 quoque
3057 4668 3223 4724 prae-

604 4733 830 4791 standa.
897 4735 1290 4802 „Sollicitudo
1323 4736 1437 4796 loci
1471 4738 1676 4807 nostri,
1729 4738 1815 4794 ita
1860 4736 2238 4813 cyrianus
2283 4738 2354 4796 ad
2402 4744 2694 4815 martyres
2726 4759 2815 4815 ep.
2854 4751 2930 4802 10
2966 4758 3026 4797 n.
3068 4750 3118 4808 1,
3168 4742 3223 4796 et
