3538 5364
1349 300 1538 354 cultus
1565 297 1912 353 defenditur.
2804 301 2933 368 689

316 489 603 570 ipsorum
635 484 1133 550 aemulationem
1181 481 1614 563 impellamur:
1661 480 1808 545 ideo
1857 484 2075 543 autem
2108 476 2340 541 Christi
2390 476 2733 558 imaginem
2780 478 2935 543 faci-

318 612 480 670 muS,
512 598 584 656 ut
614 608 797 655 mens
829 596 1052 654 nostra
1085 589 1167 652 ad
1200 587 1365 651 illius
1397 604 1685 650 amorem
1719 585 2085 649 excitetur.‘
2126 583 2226 648 Ad
2259 601 2338 648 ea
2366 603 2519 648 vero
2539 585 2935 667 explicanda,

319 717 488 783 quae
521 717 600 764 ex
631 696 921 779 patribus
951 695 1018 759 in
1051 694 1443 759 contrarium
1491 692 1916 767 adducuntur,
1964 690 2286 755 sufficiant
2331 709 2497 774 quae
2547 711 2745 774 supra
2774 694 2935 758 dixi-

318 825 464 870 mus
501 824 560 869 n.
595 808 791 880 73633
823 821 944 868 nec
977 821 1109 867 non
1129 820 1295 885 quae
1320 801 1455 882 Jam
1487 800 1819 882 respondit
1849 798 2406 863 Damascenus
2439 816 2530 863 or.
2565 806 2604 870 2
2637 799 2718 865 de
2749 801 2935 883 imag.

323 933 382 977 n.
421 917 535 981 17:
575 909 929 991 ‚Quocirca
960 927 1126 992 quae
1160 915 1230 973 tu
1260 909 1325 972 in
1357 906 1752 971 contrarium
1786 906 2051 969 adducis
2083 905 2244 983 loca,
2265 905 2605 988 probatam
2627 908 2798 990 apud
2818 927 2939 974 nos

320 1020 670 1100 imaginum
719 1016 1204 1082 venerationem
1248 1033 1379 1078 non
1431 1013 1679 1077 crimini
1728 1019 2008 1090 vertunt,
2060 1012 2174 1077 sed
2220 1013 2502 1093 gentium
2535 1031 2647 1076 eas
2682 1022 2752 1077 ut
2782 1014 2939 1079 deos

321 1125 669 1191 colentium
701 1140 915 1186 mores
947 1126 1278 1201 arguunt.‘
1350 1118 1438 1182 of.
1472 1118 1726 1182 Perro
1749 1136 1843 1182 ne
1876 1136 1928 1181 c.
1961 1120 2020 1186 5.

508 1290 650 1354 740.
686 1283 1232 1353 Demonstratio
1264 1300 1339 1366 p.
1374 1280 1515 1346 111.
1549 1279 1741 1344 Ratio
1775 1297 2032 1361 quoque
2062 1279 2413 1343 christiana
2444 1281 2790 1362 imaginum
2824 1301 2940 1366 ap-

325 1392 560 1475 probat
592 1411 779 1455 usum
811 1390 1197 1471 cultumque.
1262 1387 1438 1451 Licet
1470 1388 1641 1452 enim
1679 1386 1737 1456 1.
1769 1392 2141 1450 sanctorum
2174 1385 2486 1467 imagines
2535 1395 2752 1454 mente
2784 1408 2940 1454 con-

326 1501 555 1582 cipere,
588 1498 800 1564 verbis
832 1516 948 1563 eos
980 1496 1176 1561 veluti
1227 1495 1567 1576 depingere
1600 1501 1665 1559 et
1694 1500 2039 1576 postquam
2089 1512 2202 1558 eos
2251 1494 2371 1558 sub
2423 1494 2631 1560 forma
2661 1498 2944 1562 sensibili

326 1606 515 1670 nobis
545 1604 1192 1686 repraesentavimus»,
1224 1601 1452 1667 colere.
1514 1599 1759 1664 Licebit
1811 1618 1962 1681 ergo
1996 1601 2259 1666 eosdem
2291 1602 2487 1666 etiam
2520 1604 2798 1669 exterius
2831 1623 2943 1669 co-

327 1712 569 1777 loribus
602 1712 941 1793 depingere
975 1717 1169 1792 atque
1200 1708 1471 1773 materia
1504 1707 1721 1790 aliqua
1753 1708 2109 1789 exprimere
2142 1713 2207 1772 et
2238 1726 2353 1789 per
2372 1709 2686 1791 ejusmodi
2717 1712 2943 1792 imagi-

327 1837 446 1884 nes
476 1819 704 1884 colere.
768 1816 849 1881 Ut
893 1817 1062 1881 enim
1109 1815 1387 1880 inculcat
1432 1814 1991 1879 Damascenus
2042 1833 2132 1878 or.
2171 1821 2202 1884 1
2238 1834 2299 1878 n.
2339 1821 2418 1885 13
2453 1823 2517 1880 et
2547 1835 2742 1899 saepe
2776 1818 2943 1896 alibi,

330 1927 503 2009 quod
533 1933 685 1990 sunt
714 1924 914 1989 verba
944 1941 1061 2005 pro
1094 1923 1376 2000 auribuS,
1408 1927 1560 1987 sunt
1593 1922 1849 1985 colores
1898 1940 2014 2004 pro
2048 1922 2281 1986 oculis:
2331 1923 2498 1988 sicut
2544 1943 2696 2005 ergo
2730 1924 2944 1989 verbis

331 2039 593 2097 sanctos
624 2049 969 2113 possumus
1004 2029 1312 2103 venerari,
1347 2028 1536 2093 itaet
1564 2027 1950 2108 imaginibus
1984 2033 2047 2091 et
2080 2046 2194 2109 per
2224 2028 2552 2110 imagines
2599 2029 2806 2109 Quam
2838 2050 2944 2095 ra-

211 2134 216 2137 *
331 2139 575 2203 tionem
618 2137 854 2219 probat
898 2155 1075 2201 conc,
1120 2136 1739 2201 oecumenicum
1784 2134 1935 2199 VIII.
1968 2154 2024 2199 a.
2060 2141 2188 2204 869
2222 2154 2362 2204 can.
2396 2140 2468 2205 3:
2539 2134 2842 2211 ,Sacram
2876 2139 2944 2202 D.

332 2245 405 2311 N.
437 2245 489 2309 J.
524 2244 760 2309 Christi
792 2244 1061 2325 effigiem
1095 2243 1340 2320 eadem,
1374 2260 1504 2325 qua
1534 2262 1583 2305 s.
1616 2240 1963 2323 Evangelia
1995 2243 2412 2308 veneratione
2444 2244 2781 2311 colendam
2813 2252 2947 2309 sta-

334 2353 587 2417 tuimus.
619 2350 702 2416 Ut
733 2352 904 2415 enim
935 2369 1050 2433 per
1080 2349 1362 2432 syllabas
1394 2350 1459 2413 in
1491 2348 1849 2430 Evangeliis
1881 2349 2156 2431 scriptas
2176 2349 2448 2415 salutem
2468 2358 2950 2434 consequuntur

336 2477 581 2535 omneS,
612 2458 703 2521 ita
733 2477 847 2539 per
864 2457 1174 2541 imagines
1207 2463 1346 2521 arte
1377 2455 1830 2537 coloribusque
1861 2455 2069 2536 pictas
2102 2462 2168 2520 et
2199 2474 2536 2537 expressas
2568 2457 2739 2522 docti
2764 2458 2950 2539 juxta

337 2571 401 2630 et
433 2565 672 2629 indocti
704 2584 781 2629 ex
814 2565 1070 2647 objecta
1099 2583 1169 2629 re
1201 2564 1547 2629 utilitatem
1577 2563 1855 2644 capiunt.
1918 2561 2355 2645 Quaecunque
2387 2564 2556 2628 enim
2590 2564 2655 2628 in
2689 2563 2948 2647 syllabis

339 2672 564 2747 oratio,
615 2671 777 2736 haec
826 2672 892 2735 in
940 2671 1266 2736 coloribus
1316 2671 1568 2756 pictura
1601 2669 1845 2734 docet‘
1916 2668 2131 2750 Quare
2162 2670 2327 2735 sicut
2356 2677 2733 2736 sanctorum
2783 2671 2950 2737 bio-

340 2780 738 2862 graphiae
770 2787 921 2845 sunt
951 2780 1184 2856 licitae,
1225 2780 1320 2843 ita
1365 2786 1433 2842 et
1478 2797 1702 2843 eorum
1735 2779 2062 2859 imagines
2113 2778 2287 2844 Idem
2320 2778 2623 2843 enunciat
2654 2776 2951 2860 Grego-

338 2887 513 2951 rius
553 2885 631 2949 Μ.
678 2904 774 2967 ep.
820 2886 924 2961 Xl,
973 2891 1082 2954 13:
1153 2883 1376 2965 ‚Quod
1426 2883 1785 2965 legentibus
1836 2881 2180 2965 Scriptura,
2229 2885 2356 2947 hoc
2406 2884 2617 2949 idiotis
2666 2892 2954 2968 praestat

340 2994 589 3076 pictura
618 2991 1043 3068 credentibuS,
1092 2991 1246 3074 quia
1278 2991 1341 3054 in
1372 2991 1512 3072 ipsa
1545 2990 1738 3054 etiam
1771 2990 2139 3070 ignorantes
2172 2991 2406 3068 vident,
2442 2991 2594 3073 quid
2626 2992 2807 3074 sequi
2839 2992 2952 3058 de-

339 3100 554 3175 beant,
586 3100 652 3162 in
682 3099 823 3180 ipsa
852 3098 1087 3176 legunt,
1120 3098 1227 3180 qui
1258 3095 1476 3162 literas
1508 3096 1859 3162 nesciunt‘
1931 3095 2017 3159 Cf.
2052 3114 2230 3160 conc.
2277 3097 2609 3163 trident.
2660 3117 2815 3163 sess.
2850 3105 2951 3169 25.

519 3246 826 3306 Accedunt
855 3246 974 3304 alia
1005 3248 1241 3322 patrum
1272 3245 1430 3305 hunc
1461 3246 1524 3303 in
1556 3263 1796 3304 sensum
1828 3246 2128 3321 praeclara
2160 3246 2334 3310 dicta.
2385 3247 2645 3316 ,Locum
2678 3247 2956 3323 martyris

343 3335 643 3406 laudandi,
693 3335 898 3410 inquit
930 3353 974 3394 s.
1006 3334 1360 3393 Basilius
1405 3334 1560 3393 hom.
1600 3344 1672 3396 17
1711 3334 1773 3392 in
1807 3352 1852 3398 Β.
1884 3334 2154 3392 Barlaam
2201 3354 2258 3394 n.
2294 3345 2352 3407 3,
2404 3335 2681 3395 cedamus
2726 3336 2954 3413 linguis

344 3424 969 3502 magnificentioribuS‚
992 3427 1172 3498 atque
1188 3423 1510 3482 vocaliores
1527 3423 1835 3482 doctorum
1849 3423 2026 3481 tubas
2046 3423 2120 3482 ad
2135 3424 2196 3482 id
2214 3426 2596 3499 praeconium
2614 3425 2953 3487 invitemus

344 3513 665 3591 Exsurgite
696 3531 857 3571 nunc
888 3512 1053 3583 mihi,
1101 3532 1134 3572 o
1167 3512 1450 3588 praeclari
1494 3512 1914 3571 athleticorum
1946 3516 2251 3589 gestorum
2286 3515 2559 3589 pictores,
2622 3514 2956 3572 Mutilatam

345 3604 529 3680 hujus
563 3601 730 3660 ducis
760 3602 1080 3679 imaginem
1117 3601 1347 3660 artibus
1390 3601 1609 3660 vestris
1652 3600 1954 3664 adornate.
2017 3602 2367 3662 Coronatum
2415 3601 2698 3662 athletam
2742 3603 2956 3661 obscu-

344 3691 476 3752 rius
508 3711 543 3750 a
573 3709 666 3752 me
696 3691 998 3766 depictum
1031 3690 1308 3749 solertiae
1337 3693 1569 3749 vestrae
1597 3690 1899 3749 coloribus
1931 3691 2246 3753 illustrate.
2297 3692 2492 3751 Velim
2523 3693 2729 3751 abeam
2762 3691 2957 3750 victus

347 3802 382 3840 a
412 3780 584 3839 vobis
622 3781 862 3857 egregia
907 3780 1188 3855 martyris
1235 3779 1388 3838 facta
1432 3780 1668 3855 pictura
1712 3781 2273 3854 repraesentaturis:
2321 3782 2607 3858 gaudeam
2643 3780 2753 3838 tali
2783 3780 2958 3839 hodie

348 3888 459 3946 per
487 3870 749 3930 vestram
779 3868 1193 3927 dexteritatem
1226 3868 1474 3927 victoria
1506 3872 1841 3944 superatus.
1907 3869 2150 3927 Videam
2180 3889 2392 3928 manus
2424 3873 2485 3928 et
2515 3870 2675 3946 ignis
2708 3869 2865 3927 inter
2897 3887 2959 3928 se

349 3961 574 4018 luctam
604 3978 639 4016 a
668 3958 838 4017 vobis
890 3958 1225 4016 accuratius
1278 3976 1640 4034 expressam:
1692 3957 1923 4017 videam
1973 3957 2321 4017 luctatorem
2367 3960 2428 4016 in
2460 3963 2660 4017 vestra
2703 3958 2959 4036 imagine

350 4046 729 4125 splendidius
761 4045 1081 4123 depictum.
1140 4047 1384 4105 Plorent
1414 4047 1726 4106 daemones
1760 4048 1836 4105 ob
1869 4047 2147 4123 martyris
2180 4047 2451 4107 victorias
2484 4068 2590 4123 per
2620 4065 2723 4105 vos
2757 4046 2958 4105 hodie-

349 4156 467 4212 que
499 4136 797 4211 prostrati.
859 4136 1072 4194 Manus
1120 4135 1332 4194 ardens
1365 4139 1427 4194 et
1458 4136 1670 4196 victrix
1716 4135 1912 4195 denuo
1945 4136 2030 4194 eis
2063 4137 2431 4196 ostendatur.
2493 4137 2868 4212 Depingatur
2896 4136 2961 4195 in

346 4225 571 4285 tabella
600 4229 661 4284 et
691 4225 1081 4284 certaminum
1128 4225 1460 4300 praefectus
1492 4225 1827 4284 Christus“.
1891 4225 2077 4294 Quem
2124 4226 2597 4303 parallelismum
2643 4229 2865 4302 urgent
2902 4228 2963 4283 et

349 4314 778 4391 Gregorius
810 4314 884 4375 H.
917 4333 1005 4390 ep.
1048 4325 1122 4376 10
1157 4314 1229 4373 ad
1263 4314 1618 4372 Germanum
1663 4315 1769 4378 ΟΡ.
1802 4319 1863 4372 et
1895 4314 2268 4373 Nicolaus
2302 4315 2344 4377 I.
2379 4334 2469 4390 ep.
2506 4325 2543 4376 4
2592 4313 2780 4390 (Mig.
2823 4325 2959 4383 119,

355 4398 529 4484 777).
590 4402 740 4461 Eum
772 4403 927 4462 vidit
957 4421 1063 4478 pro
1096 4421 1258 4461 more
1305 4421 1413 4461 suo
1461 4403 1640 4461 etiam
1673 4403 2140 4462 Leibnitius·
2179 4404 2241 4462 in
2274 4406 2421 4479 syst.
2453 4404 2634 4463 theol.
2666 4423 2796 4480 pag.
2839 4412 2956 4465 140

351 4493 646 4552 scribens:
712 4492 959 4561 ,Coram
1007 4492 1267 4569 imagine
1319 4495 1561 4550 externa
1608 4492 1849 4551 adorare
1881 4510 1999 4550 non
2031 4493 2222 4569 magis
2269 4491 2819 4568 reprehendendum
2853 4494 2961 4562 est,

350 4601 530 4657 quam
563 4580 805 4638 adorare
837 4599 1030 4639 coram
1076 4580 1334 4657 imagine
1380 4582 1632 4651 interna,
1685 4600 1837 4657 quae
1871 4580 1935 4639 in
1971 4581 2281 4656 phantasia
2329 4585 2534 4640 nostra
2580 4581 2814 4657 depicta
2845 4585 2962 4649 est;

352 4670 559 4729 nullus
590 4670 751 4728 enim
782 4669 934 4728 alius
964 4688 1114 4727 usus
1139 4667 1242 4728 est
1272 4674 1548 4729 externae
1579 4669 1877 4747 imaginiS,
1913 4689 2091 4745 quam
2111 4674 2183 4729 ut
2200 4671 2436 4730 interna
2456 4671 2784 4747 expressior
2800 4670 2961 4734 fiat.‘

355 4759 548 4828 Quare
581 4759 815 4834 egregie
844 4759 895 4817 D
912 4776 1363 4818 amascenus
1396 4760 1693 4835 explicans
1714 4759 1999 4835 quaedam
2022 4778 2068 4821 s,
2086 4761 2134 4818 B
2153 4760 2373 4818 asilii
2405 4760 2476 4819 de
2498 4760 2726 4836 Spiritu
2746 4778 2790 4818 s.
2812 4778 2857 4818 c.
2888 4768 2961 4822 18

571 4867 844 4927 Hurter‚
884 4865 1134 4926 compend.
1172 4868 1435 4923 theologiae
1472 4869 1555 4926 ΙΙΙ,
1602 4870 1681 4915 11.
1719 4869 1795 4916 ed.
2580 4865 2648 4915 44
