3538 5364
582 252 668 317 52
856 243 1039 297 Tract.
1066 242 1216 296 VIII.
1244 243 1314 297 de
1340 242 1544 313 gratia.
1572 241 1772 297 Thesis
1801 241 2115 297 CLXXXV.
2142 241 2343 297 Gratia
2368 259 2484 298 non
2509 246 2597 297 est
2617 250 2937 298 necessaria

581 432 744 502 runt,
761 426 1068 507 scriptum
1085 422 1400 488 habentes
1417 424 1481 486 in
1499 423 1801 487 cordibus
1818 441 1980 505 opus
1995 424 2150 504 legis
2165 424 2498 502 hactenuS,
2513 430 2585 487 ut
2600 423 2740 487 aliis
2755 430 2885 488 non
2901 422 3199 500 facerent,

579 531 752 614 quod
783 532 1029 613 perpeti
1061 530 1338 594 nollent:
1384 531 1509 593 hoc
1553 538 1775 595 tamen
1806 536 2165 612 peccanteS,
2201 531 2374 612 quod
2405 530 2700 594 homines
2745 531 2883 595 sine
2915 530 3039 596 fide
3071 550 3199 597 non

578 638 663 702 ad
696 656 844 703 eum
875 638 1069 703 finem
1101 639 1226 703 ista
1258 656 1457 720 opera
1488 639 1862 715 retulerunt,
1897 639 1980 702 ad
2013 656 2205 720 quem
2236 637 2474 703 referre
2507 637 2884 703 debuerunt.
2896 651 2927 694 ‘v
2983 638 3201 721 quue

578 745 781 826 magis
813 766 883 828 g.
919 746 1083 811 haec
1118 763 1315 827 opera
1345 751 1646 827 poterant
1678 762 1719 808 a
1748 765 1796 809 s.
1833 745 2100 809 doctore
2133 744 2255 808 dici
2282 751 2641 826 peccatum,
2664 744 2837 827 quod
2860 745 3102 808 malum
3122 764 3200 810 ex

579 869 962 934 quocunque
995 848 1246 917 defectu
1277 859 1391 928 est,
1437 853 1573 933 ipse
1619 870 1774 916 vero
1821 870 1901 917 ea
1947 858 2197 916 tanturn
2230 870 2430 933 opera
2474 850 2781 916 censebat
2825 869 2976 916 vere
3008 851 3200 928 bona,

578 977 745 1040 quae
777 957 1213 1023 conducerent
1246 959 1330 1022 ad
1357 959 1652 1034 salutem,
1673 958 2008 1041 speciatim
2029 958 2114 1023 ad
2144 958 2343 1022 vitam
2376 966 2726 1024 aeternam.
2767 955 2873 1032 ,Si
2905 977 3075 1039 ergo,
3109 959 3200 1022 ita

578 1066 678 1130 ille
710 1085 768 1129 n.
806 1069 907 1142 19,
939 1064 1024 1129 ad
1055 1066 1578 1148 consequendam
1609 1083 1834 1130 veram
1868 1065 2345 1139 beatitudinem,
2394 1083 2590 1148 quam
2640 1064 2828 1129 nobis
2859 1066 3197 1130 immorta-

576 1173 703 1236 lem
735 1170 910 1249 fides,
943 1173 1205 1254 quaein
1239 1170 1490 1237 Christo
1536 1180 1651 1251 est,
1697 1191 1854 1237 vera
1898 1173 2228 1256 promittit,
2277 1172 2431 1236 nihil
2475 1177 2747 1254 prosunt
2794 1173 3038 1237 homini
3070 1174 3200 1236 vir-

576 1285 764 1357 tuteS,
795 1280 971 1343 nullo
1004 1281 1199 1344 modo
1233 1298 1428 1345 verae
1459 1287 1732 1363 possunt
1764 1298 1908 1346 esse
1940 1280 2264 1345 virtutes.qt

760 1386 860 1456 57.
890 1393 1112 1452 Verum
1142 1394 1469 1469 quaeritur,
1513 1412 1662 1452 num
1707 1411 1753 1455 s.
1799 1393 2005 1452 doctor
2041 1391 2374 1451 infidelium
2407 1410 2583 1467 opera
2612 1392 2812 1450 omnia
2839 1392 2928 1450 ita
2958 1395 3204 1452 censeat

576 1501 703 1541 esse
733 1484 987 1558 peccata,
1021 1485 1094 1541 ut
1124 1482 1378 1541 habeant
1407 1482 1699 1541 rationem
1730 1482 2006 1558 culpae
2037 1481 2230 1556 iisque
2262 1481 2328 1540 in
2357 1499 2608 1557 poenam
2627 1481 2862 1557 possint
2892 1481 3202 1557 imputari.

576 1571 682 1630 Cui
714 1570 1055 1647 quaestioni
1086 1571 1516 1647 respondemus
1564 1586 1624 1635 a.
1671 1590 1740 1630 ea
1771 1589 1950 1647 opera
1979 1589 2048 1629 ex
2081 1569 2257 1629 dictis
2290 1569 2617 1628 secundum
2650 1570 3059 1647 Augustinum
3088 1570 3199 1630 ha-

574 1660 713 1718 bere
744 1659 1037 1719 rationem
1067 1660 1292 1736 peccati
1324 1660 1804 1731 materialis;
1838 1657 1906 1725 b.
1939 1659 2013 1718 de
2042 1658 2196 1718 facto
2229 1660 2583 1735 plerumque
2613 1677 2736 1718 esse
2762 1662 3000 1735 peccata
3017 1660 3199 1719 etiam

573 1748 845 1807 formalia
876 1744 974 1831 (cf.
1007 1749 1137 1824 ejus
1170 1749 1351 1808 verba
1378 1768 1439 1808 n.
1474 1745 1638 1831 53³),
1671 1767 1861 1824 eoque
1893 1762 1959 1811 c.
1994 1748 2201 1826 magis,
2250 1749 2302 1807 si
2331 1746 2602 1806 infideles
2634 1767 2704 1806 ex
2736 1749 2957 1824 spiritu
2988 1748 3199 1808 infide-

575 1837 764 1896 litatis
795 1841 975 1915 agant
1007 1856 1112 1897 seu
1143 1855 1276 1896 cum
1310 1838 1552 1914 repulsa
1581 1838 1825 1915 gratiae,
1859 1856 2013 1914 quae
2045 1836 2313 1913 alioquin
2345 1837 2621 1896 omnibus
2651 1837 2874 1896 adultis
2896 1838 3205 1897 confertur

571 1927 667 1985 vel
700 1929 789 1986 est
818 1929 1040 2003 parata.
1088 1927 1275 1996 Quam
1307 1928 1605 2004 repulsam
1634 1927 1862 2005 gratiae
1893 1945 2216 2004 possumus
2248 1928 2456 1985 saltem
2477 1944 2809 2002 supponere
2842 1926 2906 1986 in
2937 1926 3196 1986 infideli-

569 2015 728 2074 libus
759 2015 1117 2093 degentibus
1149 2017 1308 2075 inter
1337 2015 1694 2076 christianos
1740 2017 1836 2075 vel
1880 2016 1946 2075 in
1990 2016 2086 2087 iis,
2134 2034 2284 2093 quos
2321 2015 2623 2089 iactabant
2650 2016 2951 2093 pelagiani
2982 2017 3043 2075 et
3072 2018 3200 2075 Au-

570 2105 812 2182 gustino
844 2106 1234 2181 opponebant.
1280 2105 1365 2164 Eo
1396 2105 1526 2181 ipso
1557 2105 1733 2177 enim,
1767 2106 1926 2182 quod
1957 2105 2257 2182 negabant
2285 2104 2582 2181 pelagiani
2614 2104 3026 2164 necessitatem
3058 2124 3198 2182 gra-

571 2193 691 2252 tiae
721 2194 975 2270 ideoque
1006 2197 1069 2253 et
1098 2194 1236 2254 fidei
1268 2213 1337 2252 ex
1368 2194 1562 2270 gratia
1592 2195 1891 2271 profectae
1922 2194 1996 2253 ad
2028 2195 2299 2264 salutem,
2333 2194 2448 2252 sibi
2477 2194 2657 2253 nimis
2690 2194 2858 2252 facile
2891 2194 3204 2270 fingebant

570 2282 841 2359 gentiles,
875 2283 981 2358 qui
1011 2283 1281 2360 neglecta
1310 2283 1504 2360 gratia
1535 2283 1679 2343 solis
1710 2283 1944 2342 viribus
1975 2286 2224 2341 naturae
2255 2282 2506 2341 fidentes
2539 2285 2786 2358 possent
2813 2283 2961 2342 bene
2981 2282 3196 2346 vivere.

570 2371 844 2430 Ceterum
888 2368 959 2434 d.
1006 2375 1069 2430 et
1111 2373 1229 2431 alia
1270 2373 1503 2431 ratione
1533 2372 1735 2449 potuit
1767 2390 1813 2434 s.
1847 2371 2222 2449 Augustinus
2256 2370 2534 2447 operibus
2563 2371 2898 2431 infidelium
2929 2371 3196 2431 tribuere

568 2460 862 2519 rationem
892 2462 1134 2536 peccati.
1166 2461 1445 2521 Defectus
1478 2462 1635 2520 enim
1669 2461 1773 2519 ille
1806 2460 2198 2520 ordinationis
2229 2460 2292 2518 in
2326 2460 2500 2518 finem
2523 2461 3051 2537 supernaturalem,
3087 2462 3194 2536 qui

571 2550 769 2608 omnia
798 2569 972 2625 opera
1001 2551 1331 2609 infidelium
1363 2550 1570 2621 inficit,
1605 2550 1994 2631 consequitur
2012 2548 2571 2625 praevaricationem
2591 2550 2822 2612 Adami.
2855 2550 3025 2608 Sicut
3054 2568 3196 2627 ergo

572 2657 619 2698 s.
649 2638 857 2699 doctor
889 2640 983 2699 vel
1014 2643 1210 2700 motus
1243 2639 1747 2716 concupiscentiae
1780 2641 2024 2716 propter
2046 2637 2558 2698 deordinationem
2589 2642 2654 2698 et
2683 2640 2824 2716 quia
2854 2659 2922 2698 ex
2955 2643 3199 2716 peccato

572 2732 733 2800 sunt,
768 2732 939 2788 vocat
966 2732 1221 2806 peccata,
1254 2749 1376 2789 non
1406 2730 1492 2787 ita
1522 2731 1721 2787 tamen
1753 2747 1821 2787 ac
1851 2727 1902 2787 si
1935 2727 2062 2787 sint
2091 2728 2153 2786 in
2187 2747 2249 2787 se
2280 2731 2535 2805 peccata,
2584 2728 2873 2804 quamdiu
2903 2748 3021 2788 non
3054 2748 3198 2788 con·

572 2818 876 2889 sentimus,
909 2818 1012 2876 sed
1042 2817 1461 2895 participantia
1491 2822 1723 2876 reatum
1743 2818 1967 2893 peccati
2000 2817 2337 2894 originalis:
2370 2817 2460 2876 ita
2491 2837 2670 2894 opera
2699 2818 3028 2877 infidelium
3060 2838 3195 2894 par-

570 2907 827 2983 ticipant
856 2907 1026 2982 quasi
1059 2910 1294 2965 reatum
1312 2906 1540 2983 peccati
1561 2906 1886 2984 originalis,
1933 2906 2296 2966 Nullatenus
2330 2925 2469 2966 vero
2502 2922 2565 2972 c.
2600 2907 2972 2966 concedimus
3005 2926 3047 2967 s.
3069 2909 3195 2966 Au-

570 2997 882 3072 gustinum
915 3014 1091 3070 opera
1120 2996 1451 3055 infidelium
1482 3000 1725 3072 propter
1754 2997 1946 3056 solum
1980 2995 2116 3054 fidei
2148 2995 2444 3058 desectum
2468 2997 2768 3055 censuisse
2786 3000 3022 3072 peccata
3041 3014 3199 3055 sem-

570 3104 678 3161 per
708 3085 981 3144 formalia
1010 3086 1074 3142 et
1102 3085 1449 3161 personalia,
1496 3104 1636 3143 nam
1667 3103 1787 3144 non
1819 3085 2014 3144 solum
2045 3084 2108 3142 in
2139 3085 2477 3144 infidelibus
2509 3104 2690 3162 opera
2720 3086 2988 3144 admittit
3017 3085 3198 3145 laude

570 3173 750 3232 etiam
782 3172 980 3250 digna,
1015 3176 1087 3231 ut
1117 3174 1190 3232 de
1219 3174 1414 3251 gratia
1442 3174 1572 3234 Chr.
1605 3193 1651 3234 c.
1687 3182 1802 3245 243
1841 3193 1933 3250 sp.
1977 3183 2095 3236 144
2128 3174 2202 3237 al.
2240 3184 2401 3245 1303
2446 3174 2521 3234 de
2550 3175 2842 3251 patientia
2872 3192 2920 3232 c.
2959 3182 3073 3245 263
3121 3174 3198 3233 de
3303 3175 3313 3186 '

570 3261 788 3338 spiritu
819 3266 882 3321 et
912 3263 1000 3319 lit.
1033 3281 1080 3324 c.
1119 3272 1199 3326 27
1235 3266 1296 3321 et
1329 3271 1409 3327 28
1444 3282 1503 3327 n.
1536 3272 1616 3326 48
1653 3259 1748 3346 (cf.
1782 3281 1962 3339 supra
1990 3282 2050 3326 n.
2073 3261 2251 3345 53²);
2286 3264 2357 3322 de
2389 3264 2544 3323 bono
2576 3263 2874 3340 conjugali
2906 3282 2953 3326 c.
2989 3273 3058 3325 6:
3093 3283 3196 3323 ve-

569 3370 706 3409 rum
736 3351 915 3409 etiam
948 3370 1227 3428 persaepe
1258 3353 1322 3410 in
1353 3352 1631 3428 operibus
1663 3352 1995 3411 infidelium
2028 3353 2085 3410 id
2120 3355 2359 3411 tantum
2390 3352 2592 3428 carpit,
2641 3352 2800 3427 quod
2847 3354 2972 3411 sint
3002 3352 3066 3411 in
3098 3370 3192 3410 or-

570 3439 708 3499 dine
740 3438 811 3497 ad
846 3440 1029 3499 vitam
1061 3444 1359 3500 aeternam
1392 3442 1606 3513 inania,
1642 3441 1888 3511 sterilia,
1920 3441 2166 3499 inutilia
2198 3441 2292 3521 (cf.
2323 3461 2382 3500 n.
2420 3452 2497 3504 56
2533 3443 2610 3518 a).
2664 3441 2852 3518 Atqui
2884 3443 2933 3501 si
2965 3461 3035 3500 ex
3067 3442 3201 3517 ejus

568 3531 769 3587 mente
802 3533 1048 3605 propter
1078 3530 1273 3590 solum
1304 3529 1439 3589 fidei
1471 3529 1769 3590 defectum
1799 3530 2089 3589 haberent
2124 3549 2331 3590 revera
2359 3530 2649 3589 rationem
2680 3530 2905 3606 peccati
2935 3530 3199 3589 formalis

568 3620 632 3677 et
675 3619 880 3694 culpae
911 3618 1309 3695 imputabilis,
1357 3623 1553 3679 essent
1580 3637 1704 3678 non
1735 3619 1931 3678 solum
1963 3619 2194 3678 sterilia
2226 3623 2352 3689 etc„
2399 3619 2500 3680 sed
2532 3619 2775 3678 omnino
2807 3619 2996 3682 noxia.
3059 3620 3195 3678 Non

568 3726 709 3784 ergo
741 3708 978 3767 censuit
1008 3727 1053 3767 s.
1085 3708 1291 3768 doctor
1320 3728 1389 3769 ea
1419 3728 1596 3784 opera
1627 3727 1753 3768 esse
1786 3727 1855 3768 ex
1883 3727 2012 3767 sese
2030 3706 2284 3785 peccata.
2333 3708 2413 3766 cf.
2446 3709 2639 3767 Erns
2657 3712 2685 3767 t
2715 3709 2780 3767 in
2811 3727 2902 3785 op.
2924 3708 3040 3779 cit„
3075 3727 3200 3785 quo

568 3797 829 3856 multum
866 3798 931 3856 in
962 3797 1069 3856 hac
1100 3798 1452 3874 quaestione
1485 3816 1694 3857 sumus
1724 3797 1851 3866 usi;
1886 3797 2262 3856 Palmieri
2293 3797 2378 3858 th.
2420 3807 2519 3860 21.

748 3904 848 3968 58.
897 3899 1151 3968 Thesis
1198 3899 1615 3968 CLXXXV.
1701 3923 1931 3975 Potest
1967 3923 2172 3975 homo
2209 3922 2455 3986 lapsus
2494 3922 2705 3975 ettam
2731 3921 2882 3974 sinc
2908 3921 3194 3985 mattae

569 4010 930 4072 adiutorio
955 4023 1130 4075 opus
1156 4012 1447 4079 aliquod
1472 4011 1685 4065 ethice
1712 4011 1972 4065 bonum
1992 4011 2331 4077 perficere
2368 4014 2434 4065 et
2469 4012 2717 4077 aliqua
2768 4010 2941 4076 leuis
2979 4014 3197 4064 natu-

568 4099 748 4152 ralis
775 4103 1158 4165 praecepta
1194 4113 1497 4154 servare.

747 4184 1192 4252 DeclaratiO.
1255 4189 1558 4250 Statuitur
1586 4190 1775 4249 thesis
1806 4194 2013 4250 contra
2043 4190 2512 4248 lutheranos
2557 4193 2620 4248 et
2663 4188 3157 4248 calvinianos
3175 4232 3194 4261 ,

569 4280 773 4336 contra
802 4279 903 4336 Ba
909 4278 934 4353 j
955 4297 1069 4336 um
1102 4280 1167 4337 in
1198 4281 1273 4337 tr.
1307 4279 1379 4337 de
1410 4279 1741 4339 virtutibus
1773 4279 2113 4355 impiorum,
2146 4281 2319 4355 cujus
2351 4277 2663 4338 damnat-ae
2695 4282 2841 4337 sunt
2871 4296 3036 4354 prop.
3072 4286 3191 4340 27:

571 4367 888 4435 ‚Liberum
921 4367 1237 4426 arbitrium
1270 4368 1399 4426 sine
1429 4367 1725 4445 adjutorio
1759 4369 1868 4427 Dei
1898 4369 2138 4427 nonnisi
2171 4369 2243 4427 ad
2275 4368 2639 4443 peccandum
2671 4368 2904 4438 valet3‘*
2953 4376 3053 4430 28.
3089 4376 3192 4430 30.

572 4464 672 4517 34.
710 4465 823 4518 36:
870 4456 1093 4524 ,Amor
1121 4458 1430 4528 naturalis,
1465 4457 1572 4532 qui
1604 4477 1672 4516 ex
1704 4457 1936 4516 viribus
1967 4461 2217 4516 naturae
2248 4456 2529 4526 exoritur,
2564 4476 2632 4516 ex
2665 4456 2788 4515 sola
2819 4455 3198 4532 philosophia

569 4563 677 4620 per
706 4544 1026 4603 elationem
1056 4546 1559 4622 praesumptionis
1589 4547 1883 4605 humanae
1915 4564 2053 4604 cum
2085 4546 2307 4622 injuria
2339 4546 2530 4604 crucis
2575 4545 2918 4605 defenditur
2960 4564 2995 4603 a
3039 4562 3191 4602 non-

570 4633 753 4691 nullis
785 4633 1201 4705 doctoribu83‘
1254 4644 1368 4697 37:
1420 4635 1609 4703 „Cum
1641 4635 1881 4712 Pelagio
1915 4636 2115 4708 sentit,
2151 4634 2258 4712 qui
2289 4634 2430 4693 boni
2464 4635 2692 4710 aliquid
2723 4634 3017 4694 naturalis
3048 4633 3104 4693 h.
3139 4652 3189 4694 e.

570 4723 727 4797 quod
760 4741 829 4780 ex
860 4726 1108 4782 naturae
1141 4724 1282 4782 solis
1316 4723 1545 4782 viribus
1578 4728 1777 4783 ortum
1811 4724 1980 4782 ducit
2001 4724 2340 4801 agnoscit;“
2381 4735 2494 4794 653
2529 4730 2733 4783 contra
2762 4723 2802 4782 J
2813 4722 3192 4782 ansenium
