3538 5364
1139 238 1219 292 De
1248 237 1522 294 sacrificio
1548 238 1769 292 missae.
1797 238 2075 292 Notiones
2103 237 2388 308 praeviae.
2943 246 3072 311 331

1584 509 1956 594 caputii

1296 632 1399 697 De
1449 634 1881 696 sacriticio
1929 633 2249 696 missae.

646 763 792 827 399.
826 757 1177 839 Postquam
1226 758 1774 823 consideravimus
1823 758 2274 822 eucharistiam
2319 764 2392 820 ut
2441 764 2538 822 est
2580 766 3080 835 sacramentum,

460 866 541 929 ad
574 866 845 930 alteram
878 864 1163 945 ejusdem
1196 865 1710 945 praerogativam
1748 872 2176 940 transeamus,
2208 882 2376 946 quae
2424 864 2838 928 sacrificii
2870 865 3074 946 digni-

461 980 593 1037 tate
626 973 992 1037 continetur
1027 971 1111 1057 (n.
1146 976 1273 1042 328
1291 976 1393 1059 ¹⁰),
1437 972 1609 1054 quod
1643 973 1705 1035 in
1740 972 1878 1053 ejus
1912 972 2175 1035 offertur
2205 970 2655 1036 celebratione.
2692 967 2924 1037 Omnia
2956 991 3074 1036 au-

460 1088 608 1157 tem,
641 1096 806 1162 quae
838 1079 917 1143 de
951 1077 1266 1141 sacrificio
1301 1079 1726 1144 eucharistico
1760 1079 2034 1142 dicenda
2054 1085 2219 1151 sunt,
2243 1078 2324 1141 ad
2346 1084 2480 1142 tres
2495 1079 2786 1141 revocari
2804 1089 3077 1160 possunt

458 1186 778 1251 articulos
841 1184 1188 1248 Probanda
1220 1185 1352 1248 scil.
1387 1191 1485 1248 est

644 1312 707 1378 1.
741 1310 1047 1374 veritas
1082 1309 1410 1384 sacrificii;

638 1437 704 1503 2.
741 1433 1131 1499 declaranda
1163 1444 1260 1499 est
1294 1435 1428 1515 ejus
1462 1434 1869 1510 essentia3

639 1559 702 1628 3.
734 1558 1224 1623 determinanda
1256 1566 1357 1623 est
1390 1558 1525 1638 ejus
1559 1558 2016 1623 efficentia.

1478 1755 1956 1823 Articulus
2003 1754 2066 1821 Ι.

1095 1878 1199 1943 De
1245 1878 1612 1944 veritate
1659 1877 2077 1942 sacrificii
2123 1879 2438 1943 missae.

640 2008 787 2073 400.
822 2005 1222 2083 Quae-stiones
1250 2005 1543 2087 praeviae
1572 2005 1647 2067 de
1677 2003 2005 2085 sacrificio,
2027 2041 2112 2052 —-
2136 2001 2217 2067 Ut
2251 2022 2346 2080 ea,
2383 2022 2550 2086 quae
2584 2004 2665 2069 de
2699 2005 2935 2070 missae
2967 2024 3078 2068 sa-

465 2110 706 2175 crificio
739 2110 1013 2175 dicenda
1043 2116 1211 2185 sunt,
1245 2108 1521 2173 clariora
1550 2109 1920 2185 reddantur,
1953 2109 2268 2191 quasdam
2298 2109 2378 2173 de
2399 2109 2712 2174 sacrificio
2745 2112 2810 2175 in
2843 2130 3079 2192 genere

466 2218 762 2281 notiones
794 2224 862 2282 et
892 2216 1303 2299 quaestiones
1332 2216 1816 2297 praemittemus
1850 2216 1949 2303 (cf.
1986 2225 2024 2279 t.
2058 2216 2107 2279 11
2139 2235 2197 2280 n.
2233 2223 2356 2286 641
2393 2219 2487 2304 s.).
2538 2216 2933 2284 Sacrificium
2979 2230 3078 2286 est

467 2334 649 2392 actus
681 2326 890 2389 cultus
924 2324 1188 2401 externi,
1221 2323 1623 2388 nobilissima·
1662 2325 1992 2406 expressio
2040 2323 2249 2389 cultus
2293 2325 2542 2403 interni,
2589 2333 2786 2408 atque
2817 2345 2860 2393 a
2891 2328 3075 2393 theo-

464 2430 625 2513 logis
657 2432 982 2498 definitur:
1028 2428 1281 2496 Oblatio
1314 2432 1449 2497 Deo
1481 2431 1652 2496 sacta
1695 2432 1788 2497 rei
1821 2430 2263 2497 substantialis
2296 2439 2361 2497 et
2392 2432 2706 2498 sensibilis
2756 2454 2870 2514 per
2903 2435 3077 2516 ejus-

466 2539 611 2602 dem
641 2539 883 2603 realem
912 2539 1013 2605 vel
1047 2539 1378 2604 moraliter
1411 2538 1924 2621 aequivalentem
1969 2539 2471 2603 destructionem
2517 2557 2633 2604 seu
2683 2540 3076 2606 immutatio-

465 2665 613 2713 nem
643 2646 920 2728 legitime
970 2647 1264 2712 instituta
1312 2645 1397 2711 ad
1447 2646 1923 2727 agnoscendam
1958 2646 2073 2712 Dei
2121 2646 2532 2728 majestatem
2579 2665 3083 2730 supremumque

466 2754 814 2817 dominium
847 2761 912 2818 et
960 2755 1025 2818 in
1075 2760 1248 2818 statu
1297 2753 1478 2834 lapso
1524 2754 1608 2817 ad
1652 2754 2129 2835 propitiandam
2175 2754 2456 2817 divinam
2482 2754 2797 2836 justitiam
2829 2755 3077 2836 propri-

466 2879 698 2943 umque
730 2867 982 2925 reatum
1014 2860 1458 2942 profitendum.
1520 2861 1620 2924 Ad
1653 2862 2123 2925 accuratiorem
2165 2861 2552 2924 desmitionis
2597 2862 3080 2942 intelligentiam

467 2968 837 3032 statuimus:

645 3094 706 3160 l.
743 3092 883 3155 Non
932 3093 1130 3155 omnis
1175 3100 1353 3155 actus
1396 3094 1643 3155 virtutis
1687 3093 1779 3154 vel
1824 3112 1977 3176 opus
2023 3092 2244 3154 bonum
2294 3099 2350 3155 et
2394 3093 2776 3175 sacrificium
2819 3095 3083 3178 proprie

470 3200 719 3262 dictum.
774 3197 957 3277 Quod
994 3200 1337 3263 tenendum
1372 3206 1471 3263 est
1500 3209 1726 3263 contra
1757 3207 2211 3280 protestanteS‚
2247 3201 2355 3281 qui
2376 3219 2502 3282 quo
2525 3200 2770 3266 facilius
2791 3207 3080 3266 veterum

467 3305 659 3370 ess'ata
689 3305 769 3370 de
801 3305 1040 3369 missae
1072 3304 1382 3368 sacrificio
1417 3305 1695 3380 eludant,
1730 3305 1950 3368 omnia
1981 3323 2220 3386 susque
2253 3306 2459 3387 deque
2491 3312 2765 3370 vertunt.
2829 3306 3080 3371 Conce-

466 3412 624 3476 dunt
657 3412 787 3475 scil.
823 3412 1247 3476 eucharistiae
1280 3410 1780 3476 celebrationem
1814 3412 1936 3474 dici
1969 3430 2160 3491 posse
2191 3412 2588 3489 sacrificium,
2618 3414 2732 3477 sed
2767 3432 2844 3478 eo
2866 3431 3080 3489 senm,

465 3538 591 3602 quo
626 3520 730 3583 alii
779 3526 959 3582 actus
1007 3518 1281 3598 religiosi
1326 3517 1712 3582 sacrificium
1758 3518 2068 3582 dicuntur.
2133 3517 2450 3597 Quocirca
2494 3519 3078 3583 Melanchthon

464 3625 851 3689 sacrificium
883 3625 948 3688 in
981 3625 1143 3706 apol.
1177 3624 1447 3690 confess.
1496 3644 1636 3704 aug.
1684 3625 1749 3688 in
1797 3632 1913 3689 art.
1948 3625 2144 3688 missa
2194 3625 2444 3689 definit:
2514 3623 2950 3700 ,Sacrificium
2982 3633 3084 3690 est

465 3732 874 3797 caeremonia
904 3732 1005 3796 vel
1038 3750 1217 3812 opuS‚
1252 3732 1421 3813 quod
1455 3750 1574 3794 nos
1594 3731 1727 3795 Deo
1747 3731 2090 3807 reddimus,
2126 3738 2197 3796 ut
2228 3750 2374 3795 eum
2395 3731 2641 3794 honore
2663 3730 3070 3795 afficiamus«

464 3837 784 3903 Probatur
815 3845 1133 3904 assertum
1167 3858 1232 3906 a.
1268 3857 1345 3902 ex
1379 3855 1574 3902 sensu
1606 3838 1892 3901 omnium
1924 3837 2227 3918 gentium,
2275 3855 2440 3919 quae
2472 3837 2694 3902 sedulo
2727 3837 3078 3919 distingue-

463 3944 621 4009 bant
650 3945 818 4010 inter
847 3945 1163 4008 sacrificia
1192 3945 1448 4026 proprie
1480 3945 1649 4008 dicta
1682 3951 1746 4009 et
1798 3962 1996 4025 opera
2048 3944 2248 4020 bona3
2299 3945 2447 4007 hinc
2497 3944 2692 4008 etiam
2738 3945 2803 4007 in
2851 3944 3082 4008 divinis

462 4051 660 4115 literis
694 4052 1007 4133 ejusmodi
1040 4059 1224 4116 actus
1256 4053 1463 4117 solent
1495 4052 1733 4133 opponi
1766 4051 2079 4115 sacrificio
2111 4052 2371 4133 proprie
2405 4051 2575 4115 dicto
2611 4048 2718 4115 Os.
2753 4056 2814 4126 6,
2846 4057 2921 4120 6:
2955 4051 3075 4114 Mi-

462 4159 863 4222 sericordiam
894 4160 1083 4238 volui,
1115 4166 1171 4221 et
1203 4179 1326 4222 non
1376 4158 1774 4240 sacrificium,
1807 4157 1912 4220 Ps.
1946 4163 2049 4234 39,
2088 4163 2157 4232 73
2210 4157 2394 4221 Prov.
2431 4164 2537 4234 21,
2569 4163 2643 4234 3;
2689 4157 2873 4221 Mich.
2910 4163 2967 4232 6,
3002 4165 3082 4235 δ’,

467 4270 519 4331 1.
552 4265 704 4344 Reg.
745 4269 842 4340 15,
875 4269 993 4333 32:
1040 4263 1263 4328 Melior
1294 4272 1379 4329 est
1411 4265 1778 4341 obedientia,
1812 4285 1998 4348 quam
2031 4266 2313 4328 victimae
2329 4288 2355 4342 ;
2401 4272 2453 4328 et
2489 4266 2847 4329 auscultare
2877 4267 3082 4348 mayis

462 4391 649 4454 quam
682 4372 905 4453 offerre
936 4372 1185 4454 adipem
1220 4373 1504 4440 arietum.
1570 4373 1641 4439 b.
1675 4372 1874 4435 Actus
1907 4371 2218 4434 virtutum
2252 4372 2517 4452 quilibet
2550 4372 2745 4435 homo
2780 4388 3082 4437 exercere

461 4483 675 4557 potest
705 4476 805 4541 vel
838 4476 1060 4542 debet:
1106 4478 1487 4541 sacrificium
1532 4497 1685 4542 vero
1733 4478 1961 4542 offerre
2007 4496 2139 4540 non
2185 4485 2285 4542 est
2324 4478 2681 4559 cujuslibet,
2714 4479 2826 4543 sed
2859 4496 3082 4542 sacer-

463 4583 688 4646 dotum
708 4583 895 4648 Hebr.
917 4589 978 4658 5,
1009 4592 1073 4660 13
1108 4603 1171 4652 c.
1205 4591 1424 4666 patres
1459 4583 1810 4666 loquuntur
1845 4591 2095 4648 tantum
2128 4585 2206 4648 de
2238 4585 2551 4648 sacrificio
2586 4586 2795 4650 crucis
2829 4591 2894 4649 et
2925 4602 3079 4648 coe·

461 4707 602 4767 nae,
635 4689 808 4772 quod
841 4688 1127 4755 Christus
1160 4691 1476 4768 obtulerit,
1525 4710 1670 4755 cum
1718 4699 1938 4756 tamen
1979 4692 2350 4755 innumeros
2396 4694 2702 4757 virtutum
2751 4700 2932 4756 actus
2966 4710 3084 4754 ex-
