3538 5364
1001 279 1436 334 matrimonium
1462 279 1840 334 christianum
1866 281 1951 333 cst
1977 278 2397 335 indissolubile.
2879 287 3009 353 575

387 466 880 544 interpretatione
910 466 1086 543 longe
1116 465 1349 524 facilius
1383 465 1787 541 exceptionem
1810 468 2014 524 contra
2033 463 2247 542 dogma
2265 464 2622 525 catholicum
2654 465 2837 525 dilui:
2869 466 3010 525 inde

389 556 464 615 ob
495 558 625 632 ejus
657 555 982 615 novitatem
1015 574 1138 614 non
1168 572 1294 613 esse
1325 554 1724 629 rejiciendam.
1789 553 2108 629 Reponunt
2137 549 2203 617 2.
2237 553 2525 614 incisum:
2572 556 2672 631 qui
2699 552 3008 615 dimissam

386 647 638 722 duxerit,
673 646 1017 721 moechatur,
1052 643 1257 703 referri
1290 646 1530 703 tantum
1559 643 1633 702 ad
1664 663 1795 702 eam
1822 641 2146 713 dimissam,
2181 643 2251 701 de
2286 661 2405 718 qua
2436 661 2629 704 sermo
2661 644 2742 703 sit
2773 645 2838 704 in
2870 664 3008 721 pro-

388 734 679 810 positione
713 733 1061 810 principali:
1118 734 1229 806 Qui
1272 733 1559 791 dimiserit
1590 750 1829 790 uxorem
1859 751 2051 806 suam,
2096 750 2217 791 non
2261 751 2403 791 vero
2435 732 2508 791 ad
2539 734 3008 809 propositionem

387 823 778 882 incidentem:
827 830 1059 898 excepta
1106 824 1509 897 fornicationis
1553 840 1749 881 causa.
1815 820 2042 898 Urgent
2087 816 2153 884 3.
2200 821 2627 897 proprietatem
2670 822 3007 894 verborum,

390 911 676 987 quamdiu
706 911 833 970 fieri
863 913 1073 987 possit,
1120 910 1467 970 servandam
1499 929 1645 971 esse.
1704 910 1871 969 Licet
1901 928 2041 987 ergo
2072 906 2317 985 πορνεία
2347 910 2655 988 designare
2687 911 2878 987 possit
2907 912 3010 970 ad-

387 1001 674 1061 ulterium
723 1020 830 1077 pro
879 1002 1111 1059 ratione
1156 1000 1427 1074 subjecti,
1479 999 1813 1076 promiscue
1856 1003 2058 1059 tamen
2090 1017 2225 1058 cum
2258 1004 2500 1083 μοιχεία
2544 1018 2663 1059 non
2707 1000 3009 1069 adhiberi;

389 1090 640 1166 ideoque
686 1090 751 1149 in
797 1089 1016 1149 Christi
1064 1107 1354 1160 sermone,
1402 1088 1509 1148 ubi
1553 1087 1918 1148 adulterium
1950 1107 2159 1148 verum
2190 1088 2414 1147 dicitur
2460 1091 2721 1174 μοιχεία,
2769 1086 3011 1173 πορνεία

389 1180 613 1238 crimen
642 1179 717 1238 ab
747 1179 852 1238 illo
884 1178 1200 1257 designare
1231 1177 1603 1238 distinctum.

569 1298 713 1351 616.
734 1289 785 1346 A
800 1287 823 1344 l
837 1291 865 1346 t
879 1306 911 1346 e
926 1306 957 1344 r
971 1306 1007 1344 a
1035 1286 1333 1347 sententia
1353 1286 1571 1345 statuit
1585 1281 1650 1367 ¹),
1671 1303 1876 1345 vocem
1890 1288 2131 1367 πορνεία
2151 1303 2272 1344 non
2291 1285 2602 1363 designare
2622 1285 3009 1358 adulterium,

390 1380 453 1436 et
482 1376 779 1436 Christum
812 1375 1217 1452 respondendo
1249 1374 1322 1433 ad
1375 1375 1801 1450 quaestionem,
1846 1374 2098 1433 liceatne
2129 1374 2268 1433 dare
2297 1373 2572 1433 libellum
2603 1375 2860 1451 repudii,
2906 1376 3012 1434 do-

390 1484 538 1537 cere,
569 1465 805 1524 licitum
835 1483 961 1524 esse
988 1466 1127 1540 jud
1147 1464 1305 1523 aeis
1338 1463 1652 1539 repudiare
1683 1481 1944 1533 uxorem,
1976 1463 2027 1521 si
2059 1482 2126 1522 ea
2156 1466 2295 1522 ante
2325 1463 2544 1523 initum
2565 1465 3011 1524 matrimonium

389 1555 673 1614 fornicata
715 1557 838 1613 est:
885 1572 1021 1612 cum
1058 1553 1294 1630 judaeis
1339 1554 1535 1611 ratum
1579 1552 1884 1627 fixumque
1914 1551 2113 1624 fuerit,
2161 1555 2398 1612 tantum
2429 1571 2563 1612 cum
2595 1553 2827 1632 virgine
2860 1553 3010 1613 inire

389 1643 851 1703 matrimonium.
912 1642 1066 1701 Hinc
1109 1642 1410 1719 explicari,
1457 1661 1640 1718 quare
1671 1641 1943 1701 Christus
1973 1641 2299 1717 discipulos
2331 1642 2639 1702 instruens
2685 1644 2757 1702 de
2803 1643 3009 1702 matri·

391 1733 603 1800 monio,
652 1731 828 1808 quale
860 1732 1011 1791 illud
1045 1750 1172 1792 esse
1203 1730 1447 1791 deberet
1476 1732 1539 1789 in
1572 1731 1847 1802 Ecclesia,
1892 1733 1955 1789 et
1997 1730 2221 1789 Paulus
2253 1730 2411 1789 hunc
2442 1731 2759 1791 omiserint
2789 1750 3008 1803 casum,

392 1842 527 1881 nam
560 1822 832 1881 Christus
863 1821 1100 1898 repudii
1146 1820 1421 1880 libellum
1465 1820 1774 1898 abrogavit
1817 1823 1997 1895 atque
2042 1818 2488 1879 matrimonium
2538 1821 2611 1879 ad
2662 1821 3010 1899 originalem

388 1910 689 1971 revocavit
734 1910 1196 1970 institutionem.
1263 1909 1478 1968 Verum
1529 1913 1764 1985 praeter
1808 1908 1967 1968 dicta
2010 1911 2214 1967 contra
2256 1908 2514 1985 priorem
2560 1911 3011 1987 explicationem

392 2018 673 2076 opponas,
723 2000 820 2058 vix
852 1999 1160 2075 probabile
1192 2017 1339 2069 esse,
1392 1998 1690 2058 Christum
1734 1998 1830 2057 hic
1875 2015 2050 2074 agere
2095 1997 2506 2057 authenticum
2538 2000 2688 2077 legis
2719 2000 3010 2059 mosaicae

391 2089 464 2149 de
507 2088 742 2165 repudii
775 2088 981 2148 libello
1012 2088 1423 2164 interpretem,
1470 2105 1606 2146 cum
1636 2087 1858 2163 potius,
1905 2086 2256 2162 praesertim
2302 2086 2364 2145 in
2409 2105 2678 2147 sermone
2710 2092 3008 2159 montan0,

389 2179 494 2255 qui
538 2183 697 2237 certe
740 2195 863 2236 non
907 2176 983 2235 ad
1028 2177 1185 2236 solos
1230 2179 1460 2253 spectat
1495 2175 1761 2253 judaeos,
1813 2175 1917 2235 sed
1964 2175 2036 2233 sd
2087 2193 2290 2234 omnes
2330 2193 2468 2235 suos
2498 2178 2770 2248 asseclas,
2819 2178 3010 2256 legem

389 2268 704 2327 mosaicam
752 2265 1019 2342 perficiat
1065 2284 1351 2342 suamque
1400 2268 1691 2341 proponat
1740 2264 2102 2335 doctrinam3
2163 2282 2355 2340 neque
2403 2264 2658 2341 probari,
2711 2266 3009 2327 Christum

389 2357 553 2432 loqui
583 2354 821 2415 tantum
852 2355 924 2416 de
955 2355 1359 2424 fornicatione,
1378 2373 1545 2432 ‘quae
1571 2354 1958 2431 praecesserit
1974 2353 2438 2424 matrimonium,
2471 2371 2606 2413 cum
2636 2355 2817 2431 hujus
2847 2355 3006 2414 limi-

387 2446 631 2504 tationis
663 2446 900 2504 nullum
933 2447 1216 2520 appareat
1247 2443 1585 2521 vestigium.

565 2547 846 2611 Tertia
891 2546 1213 2611 sententia
1258 2551 1493 2622 tuetur,
1539 2543 1862 2609 Christum
1896 2545 2332 2627 alloquentem
2372 2543 2724 2626 judaeos
2755 2545 3009 2610 interim

390 2654 711 2721 distulisse
744 2672 966 2719 casum
1002 2654 1359 2741 adulterii2)
1394 2653 1723 2736 parcendo
1758 2671 1983 2719 eorum
2013 2652 2420 2737 praejudiciis
2451 2652 2705 2730 innatiS,
2739 2652 2865 2717 alia
2897 2670 3009 2717 oc-

390 2761 648 2827 casione
693 2762 941 2843 plenius
987 2761 1447 2825 instructurum
1496 2760 1841 2842 discipulos
1873 2779 2027 2824 suos
2059 2761 2139 2825 de
2172 2759 2458 2842 perfecta
2488 2759 2880 2825 matrimonii
2909 2760 3009 2823 in-

391 2866 778 2934 solubilitate
811 2867 1030 2955 (Marc.
1070 2874 1168 2945 10,
1210 2874 1323 2943 11;
1356 2868 1503 2932 Luc.
1545 2872 1641 2944 16,
1677 2870 1806 2953 18).
1857 2866 2040 2947 Quae
2073 2867 2414 2949 explicatio
2447 2866 2594 2932 inde
2625 2866 2756 2930 suis
2789 2874 3008 2947 patro-

392 2975 488 3038 nis
532 2975 860 3058 probatur,
910 2975 1086 3058 quod
1133 2993 1213 3039 ea
1257 2974 1539 3042 admissa
1581 2992 1713 3038 non
1745 2980 2058 3055 cogantur
2089 2975 2217 3038 vim
2250 2973 2481 3039 inferre
2511 2973 2724 3038 verbis
2756 2972 3008 3049 Christi,

391 3099 557 3163 quae
586 3099 813 3146 revera
833 3082 1130 3147 videntur
1150 3081 1508 3162 significare
1530 3081 1995 3163 exceptionem,
2016 3081 2169 3164 quin
2189 3088 2409 3146 tamen
2429 3086 2699 3161 negetur
2717 3080 3010 3145 doctrina

390 3188 709 3251 catholica
739 3188 818 3253 de
849 3187 1407 3254 indissolubilitate
1428 3187 2035 3254 matrimoniietiam
2067 3188 2132 3251 in
2153 3205 2310 3251 casu
2332 3187 2643 3263 adulterii,
2678 3185 2834 3269 quia
2854 3203 3008 3250 cen-

393 3300 535 3358 sent
566 3292 891 3358 Christum
922 3294 1114 3358 modo
1149 3294 1232 3358 ab
1263 3294 1390 3357 hoc
1421 3311 1577 3358 casu
1608 3293 2079 3377 praescindere.

566 3406 713 3470 617.
762 3401 1073 3480 Quarta
1104 3402 1423 3467 sententia
1454 3419 1658 3484 eaque
1691 3402 2115 3479 communior,
2148 3402 2475 3483 distinguit
2505 3401 2739 3483 duplex
2772 3419 3007 3483 propo-

391 3507 639 3586 sitionis
673 3506 905 3572 Christi
938 3509 1317 3573 membrum.
1379 3508 1690 3591 Loquitur
1734 3508 1864 3572 scil.
1898 3506 2191 3573 Christus
2221 3509 2496 3590 primum
2529 3508 2609 3572 de
2641 3507 3009 3572 dimissione

609 3713 647 3782 ¹)
674 3711 759 3764 lta
786 3710 1213 3782 Dollinger‚
1253 3711 1687 3765 Christenthum
1728 3711 1846 3766 und
1888 3711 2096 3765 Kirche
2137 3711 2175 3764 1.
2215 3717 2249 3767 3
2288 3728 2343 3763 n.
2388 3716 2452 3766 10
2491 3711 2550 3763 et
2586 3707 2902 3780 appendice
2943 3715 3006 3767 3:

388 3792 589 3845 auctor
613 3790 1030 3845 dissertationis
1054 3791 1241 3847 Ueber
1266 3790 1358 3845 die
1385 3790 1906 3861 Rechtmassigkeit
1930 3793 2030 3845 der
2055 3790 2514 3860 Ehescheidung,
2542 3789 3006 3859 Salzburg1812;

390 3871 437 3925 G
452 3888 530 3925 ar
546 3874 615 3926 tz
640 3871 704 3926 in
729 3871 950 3926 dissert.
971 3895 983 3927 z
1034 3873 1116 3927 Ist
1140 3872 1288 3926 nach
1314 3872 1416 3926 der
1440 3872 1656 3927 Schrift
1680 3872 1773 3927 die
1801 3872 2242 3943 Ehescheidung
2267 3872 2380 3926 den
2406 3870 2671 3925 Christen
2697 3870 2969 3926 verboten
2987 3881 3008 3922 ’.ὁ

390 3951 450 4006 in
476 3951 695 4023 sylloge
722 3952 936 4007 Archiv
962 3954 1055 4006 fur
1081 3953 1182 4008 das
1209 3952 1566 4007 katholische
1592 3951 1866 4008 Kirchen-
1892 3952 2012 4006 und
2041 3952 2420 4019 Schulwesen,
2448 3949 2779 4021 vorztlglich
2808 3949 2868 4003 in
2895 3950 3004 4004 den

389 4032 749 4088 rheinischen
791 4032 1261 4099 Bundesstaaten‚
1302 4033 1617 4089 Frankfurt
1659 4041 1795 4089 1815
1835 4035 1877 4087 t.
1904 4039 1937 4089 3
1978 4033 2112 4087 fasc.
2141 4039 2174 4089 3
2213 4051 2269 4103 p.
2296 4039 2507 4090 33—46
2545 4031 2701 4103 apud
2743 4030 2789 4083 R
2806 4047 2838 4084 ο
2856 4049 2880 4084 s
2896 4031 2935 4083 k
2952 4048 3006 4084 o-

390 4115 526 4166 van
541 4131 579 4182 y
604 4124 631 4179 ἓ
660 4120 726 4168 52
754 4131 794 4168 s.
847 4113 928 4168 cf.
956 4113 1227 4168 adversus
1252 4112 1402 4166 hanc
1427 4112 1757 4181 opinionem
1787 4113 1830 4166 P
1847 4130 2010 4168 erro
2027 4129 2112 4166 ne
2138 4130 2189 4166 a.
2217 4120 2249 4168 2
2275 4122 2302 4180 5
2329 4122 2378 4169 4.

602 4197 645 4264 ²)
674 4191 756 4249 Cf.
785 4192 829 4245 B
845 4193 993 4246 ella
1010 4211 1037 4246 r
1054 4193 1250 4246 minu
1269 4211 1294 4247 s
1321 4192 1389 4245 de
1416 4194 1660 4249 matrim.
1688 4211 1734 4249 c.
1766 4198 1849 4251 16.
1894 4194 1984 4247 Ad
2011 4193 2160 4246 hanc
2185 4192 2624 4262 explicationem
2651 4208 2716 4246 ea
2742 4192 3006 4247 accedere

390 4273 635 4337 videtur,
662 4289 836 4340 quain
863 4272 1138 4344 proponit
1176 4271 1366 4326 Dreh
1384 4289 1457 4327 er
1495 4273 1556 4327 in
1585 4272 1863 4328 Katholik
1895 4275 2030 4330 1877
2071 4274 2136 4337 ΙΙ,
2179 4277 2282 4329 578
2309 4290 2396 4337 ss„
2437 4272 2539 4342 qui
2579 4271 2718 4326 iuud
2761 4276 3007 4345 παρεκτὸς

389 4356 543 4425 λόγου
578 4355 804 4426 πορνείας
842 4352 923 4406 ita
949 4352 1226 4423 explicat:
1269 4353 1354 4408 Ne
1394 4354 1601 4422 loquar
1640 4354 1708 4407 de
1750 4355 1937 4407 vestra
1976 4369 2164 4418 causa,
2205 4352 2607 4417 controversia,
2650 4368 2800 4420 quae
2826 4354 2911 4405 est
2935 4353 3004 4405 de

386 4434 634 4503 nomia:-
664 4430 748 4484 ita
774 4434 843 4485 ut
867 4430 1125 4486 Christus
1151 4432 1391 4487 dixerit:
1433 4433 1680 4502 seposita
1726 4435 1913 4487 vestra
1940 4432 2352 4502 disputatione,
2380 4431 2448 4484 de
2477 4448 2593 4500 qua
2618 4431 2769 4485 nihil
2794 4431 3007 4485 attinet

393 4513 598 4578 dicere,
623 4519 921 4584 quicunque
944 4516 1208 4568 dimiserit
1233 4516 1340 4568 etc.
1392 4515 1454 4566 ln
1493 4516 1674 4569 altero
1703 4530 1835 4568 vero
1862 4517 2020 4567 textu
2051 4513 2253 4569 Matth.
2288 4518 2368 4577 19,
2396 4518 2429 4570 9
2455 4512 2511 4566 ei
2537 4512 2766 4567 videtur
2791 4512 2937 4568 illud
2964 4513 3003 4566 εἴ.

388 4599 467 4669 μὴ
490 4596 568 4649 ἐπὶ
591 4597 790 4666 πορνείᾳ
815 4592 1246 4664 interpolatum.
1273 4627 1340 4636 —-
1369 4593 1414 4648 Ο
1431 4594 1452 4647 i
1469 4613 1494 4648 s
1509 4613 1539 4650 c
1555 4594 1593 4648 h
1612 4594 1631 4649 i
1647 4613 1685 4648 n
1702 4614 1740 4664 g
1756 4611 1786 4647 e
1802 4612 1829 4646 r
1855 4593 1947 4647 die
1969 4593 2187 4648 christl.
2215 4593 2334 4647 Ehe
2355 4611 2411 4663 p.
2427 4596 2492 4649 71
2518 4612 2557 4647 s.
2581 4596 2751 4662 putat
2769 4594 3004 4664 phrases

386 4679 637 4746 temptate:
661 4676 834 4747 λόγου,
859 4675 900 4728 εἰ
925 4679 1001 4749 μὴ
1026 4677 1104 4729 ὀπὶ
1129 4691 1244 4728 non
1271 4674 1591 4745 significare
1618 4690 1648 4729 e
1665 4692 1700 4728 x
1718 4691 1746 4728 c
1762 4690 1846 4744 ep
1864 4672 1972 4727 tio
1992 4691 2028 4725 n
2045 4689 2074 4726 e
2092 4691 2165 4738 m,
2192 4673 2287 4727 sed
2312 4672 2430 4742 poti
2442 4691 2505 4726 us
2531 4690 2558 4726 c
2578 4689 2609 4727 o
2627 4691 2683 4726 m
2699 4693 2735 4743 p
2752 4691 2781 4725 r
2796 4689 2825 4726 e
2843 4672 2880 4724 h
2899 4689 2930 4726 e
2946 4692 3004 4726 n·

389 4770 414 4804 a
431 4752 450 4806 i
467 4770 499 4807 o
519 4771 551 4805 n
570 4770 599 4807 e
615 4771 688 4817 m,
715 4753 856 4808 adeo
887 4755 952 4806 ut
975 4769 1171 4808 sensus
1198 4753 1288 4818 sit,
1316 4755 1645 4823 quicunque
1674 4755 1760 4808 vel
1789 4753 1851 4807 in
1877 4770 2012 4808 casu
2038 4753 2434 4808 fornicationis
2460 4752 2743 4807 dimiserit
2769 4755 2873 4807 etc.
