3538 5364
662 350 792 418 598
918 344 1104 398 Tract.
1132 346 1200 398 X.
1226 346 1296 398 de
1321 344 1440 400 Deo
1467 348 1942 401 consummatore.
1968 347 2074 405 Th.
2101 345 2448 402 CCLXVIIL
2478 343 2715 400 Animae
2751 346 3035 416 justorum

660 531 831 591 curia
861 531 1163 607 pontificia
1180 530 1456 590 Thomam
1479 530 1793 590 Valentem
1824 533 2072 611 anglum
2101 552 2170 593 ex
2201 531 2407 592 ordine
2423 530 2906 591 Praedicatorum
2924 531 3282 590 contrariam

660 621 1021 680 sententiam
1053 638 1247 679 coram
1274 620 1552 695 pontifice
1570 621 2006 696 praedicantem
2039 621 2104 679 in
2135 639 2427 681 carcerem
2445 620 2777 696 conjecerit,
2808 639 2928 680 non
2957 619 3094 679 ideo
3123 618 3281 690 fecit,

659 710 820 785 quod
855 710 984 785 ipse
1015 728 1152 768 cum
1169 709 1403 768 Joanne
1424 710 1697 780 senserit,
1732 708 1838 768 sed
1868 710 2029 785 quod
2062 710 2432 786 praedicator
2460 708 2661 769 minus
2690 709 2967 787 religiose
2999 712 3064 769 et
3090 707 3281 785 magis

658 799 958 871 audacter,
991 817 1169 874 quam
1198 798 1546 873 oportuerit,
1578 799 1779 874 ipsum
1800 799 2139 875 pontificem
2167 818 2294 859 non
2321 799 2588 870 obscure,
2622 800 2670 856 B
2687 798 2904 857 zovio
2933 798 3061 875 ipso
3094 796 3191 856 hic
3221 800 3284 854 et

658 886 805 947 alibi
835 890 1009 960 teste,
1041 886 1474 962 perstrinxerit,
1507 886 1768 948 divinam
1788 887 2267 948 maledictionem
2298 888 2659 964 imprecatus
2687 886 3086 947 assertoribus
3118 885 3284 944 illius

665 976 1012 1047 sententiae,
1044 976 1394 1052 praesertim
1427 994 1563 1035 cum
1592 993 1661 1035 eo
1692 978 1961 1054 tempore
1991 978 2032 1037 J
2033 995 2253 1037 oannes
2281 977 2436 1036 nihil
2464 976 2753 1036 tenaciter
2783 975 3131 1047 defenderit,
3179 992 3286 1034 nec

661 1068 1002 1125 constanter
1029 1065 1350 1124 asseruerit
1392 1065 1457 1123 in
1503 1064 1610 1126 hac
1646 1066 2012 1142 quaestione.
2079 1066 2470 1126 Irreverentia
2498 1065 2940 1142 praedicatoria
2974 1083 3099 1124 non
3128 1063 3283 1123 veri-

661 1156 804 1214 tatis
834 1154 1196 1231 praedicatio
1227 1153 1291 1212 in
1323 1171 1499 1213 causa
1528 1154 1662 1226 fuit,
1692 1157 1765 1214 ut
1795 1156 2013 1215 carceri
2033 1155 2494 1232 manciparetur.
2508 1163 2537 1194 ¹
2585 1154 2858 1214 Ceterum
2881 1154 3013 1229 jam
3046 1171 3159 1218 sec.
3179 1151 3284 1209 ΠΙ.

674 1244 720 1302 Ο
736 1244 800 1302 ri
818 1263 858 1321 g
873 1263 904 1302 e
918 1263 960 1302 n
976 1262 1008 1302 e
1024 1261 1052 1302 s
1084 1243 1148 1302 in
1180 1242 1403 1318 synodo
1433 1243 1667 1302 arabica
1694 1244 1983 1303 refutavit
2001 1245 2390 1304 somniatores
2409 1244 2603 1304 somni
2623 1244 2976 1305 animarum.
3026 1243 3106 1306 ef.
3140 1241 3187 1300 E
3203 1260 3246 1299 u
3260 1272 3285 1284 -

673 1333 942 1391 sebius
973 1332 1048 1390 H.
1078 1332 1146 1394 Ε.
1177 1331 1276 1402 VI,
1314 1339 1427 1404 373
1459 1331 1732 1391 Hefele
1764 1332 2341 1411 conciliengesch.1,
2382 1344 2499 1397 101
2537 1333 2629 1394 ed.
2668 1343 2723 1396 2.

844 1455 992 1520 644.
1024 1451 1599 1523 Demonstratlo.
1653 1452 1713 1523 1.
1764 1452 2088 1518 Probatur
2136 1472 2216 1518 ex
2263 1452 2476 1518 verbis
2521 1451 2705 1516 Pauli
2737 1457 2796 1521 2.
2830 1451 2972 1516 Cor.
3006 1454 3068 1527 5,
3110 1458 3141 1519 l
3175 1467 3285 1512 ss:

668 1564 722 1627 1.
758 1556 1000 1622 Scimus
1030 1560 1215 1657 enim,
1247 1561 1545 1644 quoniam
1575 1561 1632 1623 si
1663 1562 1976 1624 terrestris
2020 1565 2237 1626 domus
2266 1567 2485 1626 nostra
2516 1559 2704 1640 hujus
2733 1557 3140 1624 habitationis
3169 1557 3287 1618 dis-

671 1665 965 1746 solvatur,
996 1665 1162 1750 quod
1196 1666 1689 1749 aedificationem
1733 1688 1810 1731 ex
1841 1666 1973 1732 Deo
2016 1668 2332 1747 habemus,
2375 1667 2626 1731 domum
2673 1686 2799 1730 non
2828 1662 3285 1746 manufactam,

681 1777 1005 1836 aeternam
1035 1773 1105 1834 in
1136 1772 1316 1838 coelis
1347 1827 1359 1840 .
1394 1822 1407 1835 .
1442 1824 1455 1838 .
1502 1779 1560 1843 6.
1592 1773 1912 1838 Audentes
1954 1780 2149 1859 ἐρίων
2190 1795 2452 1860 semper,
2493 1781 2765 1856 seienteS,
2813 1773 3114 1856 quoniam
3144 1772 3288 1835 dum

667 1897 883 1943 sumus
912 1879 979 1941 in
1014 1898 1284 1964 corpore,
1305 1881 1799 1963 pereyrinamur
1828 1902 1869 1944 a
1899 1880 2173 1946 Domino
2185 1907 2216 1959 ,·
2249 1887 2305 1949 7.
2328 1903 2452 1969 per
2477 1881 2664 1963 fidem
2696 1880 2859 1944 enim
2890 1875 3286 1943 ambulamus

666 1990 725 2047 et
756 2005 881 2049 non
900 2006 1023 2071 per
1052 1988 1326 2069 speeiem.
1362 1991 1416 2055 3.
1447 1986 1774 2051 Audemus
1806 1993 2014 2052 autem
2047 1994 2100 2051 et
2131 1989 2354 2053 bonam
2384 1987 2753 2052 voluntatem
2773 1983 3074 2049 habemas
3093 1982 3286 2064 maqis

656 2093 1059 2177 pereqrinari
1108 2115 1146 2157 a
1197 2112 1454 2178 corpore
1501 2099 1557 2156 et
1598 2102 1955 2178 praesentes
1998 2115 2125 2160 esse
2168 2100 2252 2159 ad
2299 2095 2658 2159 Dominum.
2707 2090 2928 2173 Philip.
2968 2095 3024 2167 1,
3058 2093 3140 2159 21
3176 2106 3282 2151 ss:

666 2196 829 2262 Mihi
858 2199 1024 2261 enim
1055 2201 1257 2262 vivere
1295 2198 1578 2263 Christus
1609 2210 1714 2284 est,
1746 2207 1803 2263 et
1833 2208 1996 2263 mori
2025 2201 2286 2268 lum-um.
2329 2201 2511 2281 Quod
2541 2202 2595 2263 si
2624 2201 2822 2263 vivere
2853 2199 2924 2260 in
2955 2216 3165 2278 earne,
3193 2193 3285 2257 Mc

662 2303 819 2367 mihi
846 2302 1094 2386 fruetus
1124 2306 1330 2388 operis
1360 2311 1467 2386 est,
1515 2311 1571 2368 et
1617 2306 1767 2389 quid
1798 2307 2023 2389 eliqam
2053 2308 2288 2389 iqnoro.
2369 2306 2666 2371 Goaretor
2710 2310 2918 2369 autem
2951 2325 2983 2367 e
3013 2300 3251 2366 duobus
3263 2319 3282 2359 .·

665 2410 1043 2474 desiderium
1064 2411 1304 2477 habens
1334 2410 1587 2477 dissolvi
1635 2419 1693 2476 et
1737 2433 1861 2476 esse
1904 2433 2042 2477 cum
2077 2412 2320 2478 Christo
2335 2435 2355 2475 .·
2389 2412 2584 2476 multo
2613 2413 2814 2495 mayis
2843 2410 3081 2474 melius.
3141 2405 3281 2471 Per-

665 2537 921 2583 manere
950 2528 1154 2585 autem
1184 2520 1254 2581 in
1284 2539 1475 2584 earne
1506 2527 1920 2584 necessarium
1938 2527 2207 2607 propter
2236 2540 2358 2587 voe.
2392 2519 2483 2583 Ex
2514 2520 2691 2584 hisce
2726 2518 2896 2582 enim
2916 2516 3282 2597 colligimus,

672 2623 944 2690 Paulum
994 2633 1253 2707 optasse
1302 2627 1696 2710 peregrinari
1745 2647 1786 2692 a
1836 2645 2124 2711 corpore,
2176 2626 2454 2705 dissolvi,
2506 2633 2778 2691 mortem
2822 2630 3163 2707 reputasse
3191 2620 3281 2685 lu-

671 2751 870 2810 crum,
901 2733 1138 2797 idcirco
1170 2740 1244 2798 ut
1270 2753 1579 2816 praesens
1611 2743 1782 2800 esset
1814 2735 1897 2799 ad
1928 2735 2134 2800 Deum
2185 2753 2391 2817 eoque
2439 2733 2753 2799 frueretur
2800 2750 2878 2797 ac
2921 2733 3284 2798 versaretur

670 2857 818 2903 cum
837 2839 1108 2905 Christo.
1142 2840 1337 2923 Atqui
1357 2841 1595 2905 frustra
1630 2847 1920 2924 optasset
1949 2850 2247 2920 mortem,
2280 2842 2335 2905 si
2365 2840 2760 2918 credidisset,
2787 2839 3002 2921 justos
3034 2837 3281 2903 demum

672 2951 822 3029 post
868 2947 1404 3012 resurrectionem
1455 2946 1588 3012 Deo
1634 2947 1772 3012 frui.
1834 2948 2117 3013 Credidit
2164 2967 2334 3030 erge,
2380 2949 2435 3012 si
2477 2945 2632 3011 nihil
2675 2945 2987 3013 luendum
3018 2943 3281 3016 obesset,

673 3054 890 3118 statim
909 3059 1061 3135 post
1078 3061 1353 3118 mortem
1366 3054 1577 3136 justos
1594 3061 1972 3137 praesentes
2001 3072 2144 3119 esse
2166 3055 2249 3119 ad
2268 3053 2472 3119 Deum
2493 3060 2559 3120 et
2574 3054 2823 3119 versari
2854 3070 3005 3117 cum
3025 3049 3281 3115 Christo.

667 3158 858 3224 Hisce
907 3177 1061 3223 vero
1112 3160 1417 3242 loquendi
1467 3159 1753 3225 formulis
1802 3160 2012 3244 ipsam
2059 3160 2404 3242 significari
2448 3161 2912 3228 beatitudinem
2944 3157 3283 3223 coelestem

679 3283 953 3348 eamque
1000 3266 1426 3344 essentialem,
1471 3273 1652 3349 patet
1694 3287 1757 3338 a.
1805 3286 1881 3332 ex
1931 3268 2074 3348 ipsa
2116 3267 2180 3330 vi
2210 3267 2588 3344 verborum;
2633 3270 2702 3336 b.
2735 3285 2815 3332 ex
2847 3264 2991 3328 aliis
3020 3261 3193 3336 locis,
3221 3257 3281 3320 in

671 3371 906 3453 quibus
939 3369 1227 3437 formulis
1258 3371 1573 3438 similibus
1604 3393 1685 3439 ea
1715 3373 2101 3440 describitur
2131 3380 2206 3437 ut
2241 3379 2294 3443 1.
2314 3372 2538 3440 Thess.
2568 3379 2631 3452 4,
2670 3379 2784 3450 16ς
2812 3373 2908 3439 Jo.
2944 3376 3049 3444 14,
3079 3374 3152 3440 ὃς
3186 3368 3281 3437 17,

676 3482 764 3548 24
782 3484 933 3556 etc.;
967 3499 1032 3548 c.
1069 3498 1148 3544 ex
1167 3486 1506 3545 contextu:
1539 3482 1747 3562 agitur
1780 3482 1949 3546 enim
1982 3480 2072 3545 ibi
2102 3481 2184 3547 de
2215 3481 2357 3564 ipsa
2375 3481 2639 3546 coelesti
2655 3480 3084 3557 beatitudine;
3114 3482 3185 3548 d.
3205 3491 3282 3537 ex

676 3603 774 3664 ec,
809 3585 983 3668 quod
1015 3587 1364 3667 opponitur
1393 3588 1762 3668 praesentia
1782 3588 1864 3651 ad
1885 3586 2089 3652 Deum
2107 3588 2603 3670 peregrinationi
2632 3587 2698 3652 in
2721 3605 3013 3670 corpore,
3046 3583 3281 3669 species

676 3692 839 3757 fidei.
902 3692 1168 3758 Accedit
1199 3712 1260 3764 e.
1291 3693 1580 3774 gravium
1611 3694 2030 3777 interpretum
2061 3695 2430 3759 auctoritas,

841 3806 934 3863 Ita
965 3804 1391 3881 Gregorius
1424 3805 1500 3870 M,
1522 3805 1660 3864 dial.
1679 3805 1781 3877 IV,
1817 3815 1932 3869 25:
1968 3806 2164 3877 ,Luce
2195 3806 2416 3866 clarius
2448 3808 2696 3876 constat,
2729 3806 2872 3882 quia
2890 3806 3274 3882 perfectorum

666 3896 963 3967 iustorum
995 3893 1244 3965 animae,
1275 3913 1411 3954 mox
1444 3896 1513 3952 ut
1542 3894 1726 3969 hujus
1758 3895 1951 3954 carnis
1983 3895 2245 3955 claustra
2273 3904 2511 3966 exeunt,
2556 3895 2622 3954 in
2653 3894 3015 3955 coelestibus
3046 3891 3275 3955 sedibus

666 3982 1056 4058 recipiuntur,
1089 3982 1251 4059 quod
1280 3986 1342 4042 et
1371 3983 1506 4060 ipsa
1536 4002 1643 4059 per
1675 4001 1739 4042 se
1762 3983 2000 4043 Veritas
2031 3986 2356 4043 attestatur
2375 3979 2544 4066 (Luc.
2571 3993 2669 4054 17,
2695 3979 2806 4066 37)
2841 4029 2854 4043 .
2888 4028 2902 4042 .
2935 4028 2949 4043 .
2982 3988 3044 4043 et
3061 3980 3274 4042 Paulus

666 4070 912 4131 dissolvi
945 4070 1245 4132 desiderat
1289 4074 1351 4131 et
1396 4090 1527 4131 esse
1571 4090 1703 4131 cum
1753 4073 2005 4137 Christo.
2070 4070 2185 4142 Qui
2214 4091 2356 4150 ergo
2387 4073 2691 4131 Christum
2724 4073 2790 4131 in
2819 4073 2982 4132 coelo
3011 4089 3135 4132 esse
3164 4085 3277 4128 non

667 4159 924 4231 dubitat,
957 4178 1065 4219 nec
1097 4160 1270 4226 Pauli
1303 4161 1558 4219 animam
1592 4179 1720 4220 esse
1751 4161 1819 4220 in
1849 4163 2010 4221 coelo
2040 4164 2285 4239 negat-‚¹
2353 4160 2579 4220 Similia
2609 4160 2790 4222 habet
2819 4161 3022 4221 Moral.
3052 4159 3146 4231 IV,
3181 4165 3274 4219 29.

663 4249 719 4312 S.
753 4248 798 4307 Τ
813 4250 852 4308 h
868 4268 902 4309 o
916 4269 977 4308 m
994 4268 1029 4309 a
1045 4267 1073 4307 s
1104 4249 1179 4308 in·
1201 4250 1257 4311 h.
1291 4251 1360 4312 l.:
1395 4288 1423 4319 ,
1438 4249 1795 4310 confutatur
1822 4270 1928 4326 per
1956 4251 2100 4310 haec
2116 4250 2301 4310 verba
2318 4269 2482 4310 error
2498 4250 2848 4321 dicentium,
2878 4250 3102 4309 animas
3121 4261 3273 4305 sanc-

664 4337 867 4397 torum
897 4337 1307 4398 decedentium
1355 4356 1475 4398 non
1521 4337 1728 4398 statim
1774 4342 1912 4416 post
1954 4343 2208 4399 mortem
2253 4339 2465 4400 deduci
2509 4340 2584 4398 ad
2629 4339 2919 4399 visionem
2951 4338 3074 4399 Dei.
3131 4333 3271 4394 Nam

666 4425 888 4485 frustra
917 4427 1109 4486 sancti
1138 4428 1429 4487 auderent
1459 4431 1522 4487 et
1553 4427 1955 4487 desiderarent
1973 4428 2338 4506 peregrinari
2366 4448 2402 4488 a
2431 4446 2692 4505 corpore,
2726 4428 2778 4488 si
2810 4426 3067 4505 separati
3095 4443 3128 4484 a
3154 4439 3268 4481 cor-

666 4532 808 4590 pore
838 4534 959 4575 non
990 4518 1194 4575 essent
1223 4520 1561 4593 praesentes
1593 4516 1668 4575 ad
1699 4517 1907 4576 Deum.
1971 4517 2050 4576 Et
2079 4517 2213 4577 ideo
2245 4517 2563 4577 dicendum
2593 4522 2705 4589 est,
2750 4517 2911 4593 quod
2941 4513 3125 4577 sancti
3158 4512 3266 4570 sta·

664 4602 776 4661 tim
807 4623 843 4661 a
871 4607 1060 4663 morte
1090 4605 1299 4665 vident
1328 4607 1519 4665 Deum
1548 4624 1655 4681 per
1683 4606 2005 4666 essentiam
2037 4609 2100 4698 et
2128 4609 2273 4665 sunt
2300 4607 2365 4666 in
2395 4607 2638 4667 coelesti
2666 4607 3035 4667 mansione.‘

843 4706 913 4773 2.
945 4704 1265 4771 Probatur
1299 4706 1497 4773 thesis
1528 4705 1670 4772 aliis
1702 4705 2079 4790 Scripturas
2123 4707 2344 4774 effatis.
2403 4709 2503 4774 Ita
2543 4709 2758 4775 verbis
2790 4707 3024 4773 Christi
3070 4702 3148 4769 ad
3175 4700 3261 4764 la-

674 4816 926 4876 tronem
954 4812 1394 4894 poenitentem
1412 4812 1560 4878 Luc.
1577 4818 1681 4892 23,
1697 4818 1817 4883 43:
1848 4814 2057 4879 Hodie
2086 4833 2320 4879 meeum
2350 4821 2474 4879 eris
2501 4821 2569 4880 in
2594 4817 2923 4900 paradiso.
2954 4811 3080 4878 Etsi
3108 4804 3262 4874 enim
