3538 5364
1189 278 1590 349 praeambulae
1618 278 1686 332 de
1705 277 2137 348 justificatione.
2843 284 2967 351 153

344 464 545 524 risle
576 464 761 540 hujus
781 464 1037 523 virtutis
1057 467 1148 524 est
1167 464 1426 540 quilibet
1443 467 1612 524 actus
1632 464 1922 523 honestus
1955 462 2269 523 rescribilis
2301 463 2375 522 ad
2407 464 2628 523 bonum
2660 481 2971 524 commune

345 571 453 613 seu
482 572 665 629 opera
696 554 915 612 factiva
947 558 1008 613 et
1038 555 1453 613 conservativa
1482 553 1619 613 boni
1653 552 2005 625 communis,
2050 555 2121 611 ut
2164 552 2251 611 ait
2293 552 2424 612 Tol
2444 559 2616 613 etus
2654 554 2719 612 in
2753 563 2808 616 2.
2844 563 2879 615 2
2913 572 2969 630 q.

351 652 428 707 58
464 663 516 703 a.
554 653 608 706 5.

523 768 694 826 Unde
732 767 929 842 liquet
959 767 1200 826 eandem
1215 768 1497 843 justitiae
1519 768 1921 845 acceptionem
1952 787 2234 845 genera
2253 768 2391 828 lem
2426 768 2520 828 vel
2552 768 2972 844 specialem

347 875 493 932 esse,
527 860 711 933 prout
730 857 959 915 scilicet
977 856 1234 915 refertur
1266 856 1360 915 vel
1395 855 1467 914 ad
1501 858 1726 933 species
1752 857 2029 932 justitiae
2062 856 2178 916 sibi
2211 857 2524 934 subjectas,
2557 858 2652 917 vel
2685 860 2754 916 ad
2789 858 2973 916 altius

347 965 556 1023 genus.
621 944 971 1015 ,Quodn-ca,
1006 945 1205 1021 inquit
1236 944 1518 1006 Suarez
1548 946 1679 1017 XII,
1734 957 1835 1015 30,
1879 949 1952 1005 ut
1980 946 2242 1006 nominis
2274 947 2676 1023 aequivocatio
2709 947 2971 1017 tollatur,

348 1046 611 1110 quatuor
642 1034 836 1093 modis
868 1034 1092 1094 dicitur
1136 1034 1430 1111 generalis
1468 1035 1745 1111 justitia:
1795 1030 1861 1099 1.
1907 1035 2416 1095 universalissime
2463 1038 2524 1094 et
2569 1036 2740 1111 quasi
2786 1039 2971 1094 meta-

350 1124 594 1199 phorice
624 1142 734 1200 pro
767 1124 929 1182 omni
959 1124 1214 1193 virtute;
1260 1120 1327 1186 2.
1358 1124 1714 1200 generaliter
1743 1143 1810 1183 ac
1841 1125 2078 1201 proprie
2110 1130 2290 1200 prout
2320 1128 2412 1184 est
2439 1143 2629 1203 genus
2662 1125 2736 1183 ad
2768 1142 2974 1183 omnes

348 1214 611 1272 virtutes
642 1212 718 1271 ad
746 1213 1032 1282 alterum3
1079 1208 1144 1276 3.
1192 1212 1462 1290 generice
1492 1213 1531 1275 i.
1567 1232 1616 1273 e.
1661 1216 1735 1273 ut
1774 1221 1869 1273 est
1900 1214 2125 1290 species
2156 1214 2499 1274 subalterna
2530 1214 2710 1289 hujus
2740 1215 2974 1289 generis

347 1308 409 1361 et·
454 1321 651 1380 genus
683 1301 1021 1378 proximum
1051 1302 1126 1361 ad
1157 1306 1278 1360 tres
1310 1303 1580 1379 proprias
1611 1302 1836 1380 species
1859 1302 2168 1379 justitia03
2215 1300 2281 1367 4.
2326 1307 2508 1379 prout
2551 1307 2646 1363 est
2687 1304 2977 1380 quaedam

346 1392 577 1468 species
608 1390 825 1449 ultima
856 1390 1138 1463 justitiae,
1188 1410 1339 1466 quae
1370 1392 1875 1451 universalitatem
1910 1391 2088 1451 habet
2131 1392 2196 1450 in
2241 1392 2471 1468 objecto
2517 1395 2580 1451 et
2609 1393 2973 1463 causalitate,

346 1488 410 1540 et
440 1481 667 1539 dicitur
696 1480 872 1538 etiam
900 1480 1142 1555 justitia
1171 1478 1399 1557 legalis.
1462 1481 1629 1540 Unde
1660 1501 1691 1540 e
1724 1481 2022 1540 contrario
2043 1480 2290 1556 justitia
2321 1481 2593 1558 specialis
2626 1479 2745 1541 dici
2777 1485 2976 1558 potest

349 1571 446 1628 vel
490 1568 820 1645 respective
851 1568 1153 1644 quaelibet
1186 1570 1385 1628 minus
1415 1571 1706 1647 generalis
1747 1577 2018 1645 respectu
2063 1570 2401 1646 superioris,
2448 1571 2543 1630 vel
2587 1570 2858 1630 absolute
2903 1571 2973 1630 de

346 1658 549 1717 tribus
578 1657 815 1717 ultimis
847 1658 1157 1733 speciebus
1188 1659 1552 1744 numeratis„
1581 1660 1676 1719 vel
1720 1660 1882 1719 inter
1912 1677 2009 1718 eas
2042 1659 2428 1718 distributiva
2458 1663 2521 1720 et
2549 1660 2976 1719 commutativa

349 1749 506 1807 solet
549 1746 825 1822 specialis
862 1747 1106 1822 justitia
1149 1747 1404 1819 vocari‚‘
1458 1748 1551 1806 vel
1596 1749 1994 1823 particularis,
2046 1748 2190 1823 quia
2240 1753 2510 1808 versatur
2553 1749 2707 1808 circa
2750 1750 2975 1808 bonum

347 1837 714 1912 particulare
745 1836 1131 1911 privatorum,
1164 1836 1228 1894 in
1259 1856 1377 1911 quo
1410 1836 1812 1914 distinguitur
1840 1856 1876 1894 a
1907 1837 2100 1914 legali,
2134 1857 2282 1914 quae
2314 1838 2535 1898 dicitur
2565 1837 2879 1915 generalis,
2912 1838 2977 1896 in

350 1932 647 2002 qnantum
680 1927 849 1984 actus
882 1926 1148 1984 omnium
1178 1925 1479 1984 virtutum
1512 1929 1807 2002 temperat
1837 1929 1899 1985 et
1933 1926 2170 1985 ordinat
2199 1927 2271 1985 acl
2304 1926 2525 1986 bonum
2558 1945 2889 1986 commune.

545 2059 615 2111 17
627 2059 682 2111 9.
716 2049 956 2107 Praeter
1002 2049 1106 2107 has
1142 2032 1435 2125 justitiae¹
1462 2050 1851 2124 acceptiones,
1900 2068 2054 2125 quae
2099 2070 2303 2110 omnes
2337 2051 2676 2129 significant
2705 2052 2977 2110 habitum

349 2139 603 2207 animae,
639 2138 790 2196 aliae
822 2136 1118 2196 habentur
1148 2138 1490 2201 translatae.
1551 2138 1934 2198 Transfertur
1976 2141 2132 2198 enim
2178 2141 2287 2199 hoc
2330 2160 2545 2199 nomen
2593 2142 2682 2199 vel
2731 2141 2803 2198 ad
2843 2141 2977 2199 ob-

341 2230 676 2300 jectum,
720 2228 873 2285 circa
903 2226 1060 2303 quod
1095 2229 1371 2285 servatur
1402 2226 1567 2288 Rom.
1604 2236 1659 2297 2,
1698 2237 1814 2298 26;
1860 2229 1956 2287 vel
2001 2229 2075 2287 ad
2112 2231 2274 2305 ju8‚
2321 2231 2415 2288 cui
2464 2229 2661 2289 reddit
2706 2229 2975 2289 debitum

350 2316 486 2374 lsai.
524 2326 582 2385 5.
621 2326 734 2384 23;
769 2315 867 2374 vel
897 2316 969 2374 ad
1004 2317 1278 2393 legem,
1313 2316 1636 2375 secundum
1672 2336 1851 2392 quam
1885 2317 2037 2376 illud
2071 2318 2267 2378 reddit
2285 2319 2439 2377 Psal.
2471 2328 2564 2389 18,
2602 2329 2658 2380 9.
2702 2319 2774 2377 In
2807 2338 2972 2395 prae-

351 2405 507 2464 senti
539 2407 805 2463 tractatu
836 2405 1071 2463 nomine
1094 2405 1371 2481 justitiae
1404 2405 1566 2463 illam
1602 2406 2016 2483 intelligimus,
2066 2427 2216 2483 quae
2262 2408 2326 2466 in
2373 2427 2436 2466 se
2468 2426 2670 2467 omnes
2722 2410 2975 2468 virtutes

360 2497 433 2553 ut
476 2498 681 2570 partes
719 2493 983 2570 integrae
1015 2512 1157 2552 suae
1188 2494 1563 2571 perfectionis
1596 2495 2024 2570 complectitur.
2088 2495 2225 2571 Ipsa
2268 2497 2426 2554 enim
2472 2499 2580 2567 est,
2627 2516 2778 2572 quae
2823 2498 2974 2555 inte·

355 2603 524 2660 gram
559 2582 788 2641 homini
818 2583 1240 2641 rectitudinem
1273 2583 1490 2642 tribuit
1519 2588 1642 2642 tam
1674 2585 1738 2642 in
1772 2603 1835 2641 se
1867 2585 2012 2660 ipso,
2046 2604 2226 2661 quam
2260 2585 2318 2643 in
2353 2586 2559 2643 ordine
2589 2586 2663 2643 ad
2701 2586 2884 2644 Deum
2916 2588 2978 2645 et

356 2673 712 2748 proximum,
760 2671 920 2749 quod
950 2672 1348 2731 necessarium
1393 2676 1503 2742 est,
1550 2677 1619 2732 ut
1664 2673 1963 2733 hominem
1988 2675 2220 2751 justum
2255 2674 2605 2751 simpliciter
2634 2675 2978 2739 constituat.

352 2762 435 2822 ef.
466 2762 789 2821 Thomas
826 2771 882 2824 2.
919 2770 953 2823 2
989 2781 1045 2837 q.
1081 2772 1194 2833 583
1228 2762 1434 2839 Lugo
1466 2763 1539 2820 de
1563 2764 1702 2840 jure
1734 2765 1969 2838 etJust.
2002 2763 2057 2822 d.
2097 2775 2152 2828 l.

543 2887 687 2952 180.
719 2881 1006 2946 Verbum
1029 2881 1513 2964 justificare
1547 2884 1610 2947 in
1644 2883 1877 2947 divinis
1908 2883 2104 2949 literis
2138 2885 2551 2967 multiplicem
2568 2885 2767 2950 habet
2783 2884 2978 2967 signi·

351 2975 742 3053 ficationem.
774 2986 1101 3070 Significat
1132 2990 1302 3054 enim
1334 2990 1435 3055 vel
1469 3009 1620 3073 app
1641 3008 1728 3054 ro
1748 2990 1788 3053 b
1806 3009 1945 3054 are
1977 3010 2095 3055 seu
2126 3010 2478 3072 agnoscere
2496 2991 2769 3074 alicujus
2791 3010 2977 3074 prae-

351 3096 683 3175 rogativas
713 3095 860 3159 Luc.
896 3102 953 3171 7,
987 3101 1105 3170 35;
1136 3096 1240 3161 vel
1264 3097 1599 3178 jactare
1627 3097 1945 3178 justitiam
1964 3097 2111 3162 ibid.
2140 3105 2379 3174 10,29;
2411 3098 2513 3163 vel
2544 3098 2978 3164 declarare

344 3201 597 3282 justum
614 3201 1051 3268 declaratione
1064 3203 1348 3285 judiciali
1370 3209 1435 3268 et
1455 3204 1695 3268 forensi
1716 3205 1851 3268 sive
1871 3204 2089 3269 divina
2107 3204 2329 3270 Matth.
2351 3210 2449 3281 12,
2464 3210 2547 3274 37
2572 3207 2765 3291 (quae
2785 3206 2978 3286 signi-

352 3307 572 3373 ficatio
604 3309 1113 3390 protestantibus
1144 3308 1425 3376 maxime
1456 3311 1672 3392 placet
1705 3311 1773 3374 in
1803 3312 2127 3392 praesenti
2158 3310 2641 3397 controversia),
2692 3312 2827 3376 sive
2859 3313 2980 3376 hu-

352 3432 557 3478 mana
586 3413 773 3479 Prov.
816 3421 910 3492 17,
948 3421 1061 3491 153
1109 3416 1211 3481 vel
1263 3416 1291 3479 f
1301 3435 1544 3482 acere
1589 3417 1836 3499 justum
1886 3416 2228 3482 collatione
2272 3418 2558 3497 justitiae
2587 3418 2980 3483 inhaerentis

353 3528 473 3585 aut
503 3522 692 3604 hujus
725 3523 1052 3602 augmenti
1083 3522 1278 3605 Apoc.
1312 3526 1415 3600 22.
1454 3531 1567 3593 11:
1609 3525 1732 3603 Qui
1763 3526 1833 3586 in
1863 3524 2150 3588 sordibus
2179 3531 2287 3605 est,
2318 3525 2632 3589 sordescat
2663 3525 2888 3602 adhuc,
2927 3534 2980 3591 ot

351 3630 465 3712 qui
478 3628 698 3710 justus
736 3636 845 3710 est,
884 3630 1257 3713 justificetur
1302 3630 1528 3714 adhuc,
1578 3637 1634 3693 et
1680 3632 1790 3715 qui
1833 3637 2088 3695 sanctus
2131 3637 2240 3713 est,
2289 3631 2710 3713 sanctificetur
2759 3632 2979 3699 adhuc.

352 3732 535 3798 Haec
564 3735 940 3816 significatio
972 3737 1039 3799 in
1069 3737 1393 3818 praesenti
1443 3738 1827 3820 quaestione
1876 3755 2029 3802 vera
2081 3742 2146 3802 et
2189 3737 2509 3802 catholica
2540 3745 2655 3814 est,
2701 3745 2773 3803 ut
2803 3744 2982 3819 patet

352 3861 424 3909 a.
458 3859 541 3904 ex
573 3848 693 3906 art„
724 3843 1168 3924 praecedenti3
1222 3845 1289 3913 b.
1324 3844 1475 3925 quia
1504 3845 1570 3907 in
1604 3843 1738 3908 Deo
1772 3844 2004 3920 dicere,
2036 3844 2368 3908 declarare
2401 3850 2499 3908 est
2532 3843 2758 3919 facere,
2792 3862 2980 3909 secus

344 3949 662 4031 judicium
695 3948 812 4015 Dei
842 3956 940 4015 est
972 3950 1219 4026 falsum,
1253 3950 1308 4014 si
1339 3968 1529 4032 quem
1578 3950 1866 4016 declaret
1890 3951 2152 4032 justum,
2203 3951 2311 4033 qui
2343 3968 2571 4014 revera
2603 3969 2644 4014 a
2674 3957 2858 4033 parte
2888 3950 2980 4014 rei

344 4057 567 4138 justus
600 4075 730 4120 non
763 4064 877 4122 est„
942 4056 1022 4120 Ut
1067 4075 1219 4138 ergo
1265 4058 1350 4120 sit
1377 4076 1620 4132 verum,
1668 4056 2112 4139 justificationi
2144 4056 2381 4121 forensi
2414 4075 2529 4122 seu
2560 4056 2981 4123 declarationi

347 4163 642 4245 justitiae
662 4165 911 4244 praeire
931 4163 1124 4229 debet
1135 4164 1527 4246 justificatiO,
1548 4183 1677 4246 qua
1695 4170 1998 4246 peccator
2018 4183 2168 4229 vere
2188 4163 2297 4228 fiat
2311 4165 2551 4244 justus;
2584 4183 2776 4247 quam
2792 4164 2980 4244 Justi-

352 4270 674 4335 ficationis
705 4272 1021 4335 rationem
1055 4291 1116 4343 c.
1150 4273 1457 4337 universa
1488 4290 1744 4354 quoque
1778 4271 2125 4354 antiquitas
2159 4272 2509 4336 christiana
2540 4291 2658 4336 suo
2680 4271 2979 4351 suffragio

352 4376 715 4442 confirmat.

352 4578 761 4650 distinguitur,
785 4582 960 4648 atque
986 4581 1128 4635 adeo
1156 4582 1296 4634 haec
1314 4579 1549 4650 justitia
1576 4596 1691 4634 non
1718 4579 1801 4633 ita
1833 4580 2070 4650 respicit
2094 4582 2307 4635 bonum
2332 4596 2652 4642 commune,
2680 4580 2747 4632 ut
2770 4595 2804 4630 a
2833 4578 2977 4631 bono

356 4659 653 4731 operantis
679 4659 1061 4730 praescindat.
1112 4659 1195 4715 cf.
1240 4662 1304 4714 A.
1354 4659 1402 4712 V
1420 4675 1565 4713 erm
1582 4676 1657 4713 ee
1674 4660 1842 4714 rach
1872 4661 1926 4714 S.
1953 4660 2005 4713 J.
2052 4661 2424 4725 Quaestiones
2466 4662 2537 4715 de
2575 4658 2816 4728 justitia,
2845 4656 2980 4710 Bru·

356 4739 453 4810 gia
485 4746 635 4797 1901.
