3538 5364
535 272 664 336 576
798 263 981 325 Tract.
1010 264 1101 316 IX.
1130 263 1198 316 de
1228 264 1608 319 matrimonio.
1636 264 1836 319 'rhesis
1864 264 2121 319 CCLXV.
2150 265 2338 321 Etiam
2363 266 2425 319 in
2452 284 2584 321 casu
2612 264 2883 319 adulterii

532 446 771 520 uxoriS,
816 451 881 509 et
930 446 1099 508 hanc
1144 445 1428 509 illicitam
1473 446 1859 526 pronunciat
1908 453 2191 527 excepto
2245 445 2682 510 fornicationis
2713 446 2750 508 i.
2784 464 2837 510 e.
2871 446 3165 510 adulterii

533 568 705 615 casu.
739 551 980 616 Deinde
1011 552 1077 614 in
1110 552 1315 616 altero
1349 551 1639 615 membro
1673 553 1917 628 statuit,
1952 553 2103 635 quid
2139 554 2342 618 liceat
2373 553 2438 616 in
2471 552 2811 635 hypothesi
2841 552 3165 617 dimissio-

532 658 649 734 niS,
683 665 748 722 et
777 657 1090 723 illimitate
1124 658 1369 740 absque
1403 659 1779 740 exceptione
1812 659 2206 740 pronuntiat,
2246 662 2353 744 qui
2387 659 2584 723 aliam
2616 660 2866 723 duxerit
2886 660 3168 722 moecha-

532 771 654 826 tur.
685 764 1000 829 Permittit
1021 784 1171 846 ergo
1190 763 1478 829 Christus
1510 764 1728 829 uxoris
1762 766 2218 843 dimissionem,
2259 785 2390 829 non
2423 773 2641 830 tamen
2679 782 3064 848 quacunque
3085 783 3169 829 ex

532 890 748 949 causa,
777 879 847 935 ut
876 871 1198 953 pharisaei
1231 870 1680 953 opinabantur,
1712 871 1828 936 sed
1861 878 2112 936 tantum
2144 872 2210 934 in
2241 889 2397 935 casu
2428 869 2758 935 adulterii:
2804 876 3001 952 atque
3033 870 3168 934 hoc

531 979 596 1041 in
629 996 785 1042 casu
817 979 1024 1042 solum
1058 979 1273 1060 quoad
1305 985 1520 1042 torum
1551 984 1617 1042 et
1647 978 2231 1055 cohabitationem,
2264 997 2397 1043 non
2428 996 2583 1043 vero
2605 977 2820 1060 quoad
2840 976 3172 1041 vinculum

531 1085 638 1161 ita,
686 1091 755 1149 ut
796 1086 1083 1153 solvatur
1113 1085 1593 1150 matrimonium
1627 1092 1821 1166 atque
1855 1086 2105 1168 utrique
2138 1085 2241 1149 vel
2275 1084 2567 1150 alterutri
2598 1084 2765 1166 parti
2790 1083 2895 1165 jus
2925 1101 3171 1148 conce-

531 1190 720 1254 datur
762 1190 914 1254 novi
959 1192 1218 1256 ineundi
1248 1191 1670 1255 matrimonii:
1721 1210 1874 1255 nam
1919 1193 2027 1274 qui
2071 1191 2173 1257 vel
2219 1193 2284 1256 in
2316 1193 2441 1256 hoc
2473 1209 2629 1255 casu
2663 1191 2855 1255 aliam
2888 1192 3168 1269 duxerit,

531 1296 991 1361 moechabitur.
1024 1297 1102 1363 Et
1119 1317 1347 1364 revera
1365 1298 1848 1363 matrimonium
1871 1300 2093 1381 quoad
2114 1298 2440 1363 vinculum
2462 1318 2593 1363 non
2615 1299 2777 1363 solvi
2797 1317 2878 1364 ne
2911 1299 2976 1362 in
3009 1316 3172 1363 casu

532 1403 791 1486 quidem
823 1403 1119 1469 adulterii

712 1511 772 1581 1.
818 1512 1120 1575 evincunt
1151 1511 1348 1577 verba
1381 1511 1631 1589 Christi,
1681 1512 1916 1595 quibus
1948 1514 2088 1577 sine
2126 1513 2503 1595 exceptione
2537 1512 2815 1577 affirmat
2846 1513 2913 1576 in
2942 1522 3171 1595 poste-

531 1618 685 1682 riori
728 1618 959 1682 inciso:
1012 1621 1119 1704 qui
1162 1620 1490 1683 dimissam
1534 1620 1784 1683 duxerit
1830 1626 2191 1683 moechatur
2226 1619 2473 1706 (Matth.
2507 1625 2568 1695 5,
2604 1623 2733 1707 32).
2796 1620 2962 1701 Ergo
2997 1627 3065 1686 et
3095 1622 3171 1699 is,

533 1726 641 1807 qui
685 1724 1015 1789 dimissam
1057 1732 1318 1809 propter
1349 1727 1734 1792 adulterium
1768 1727 1959 1790 ducit.
2025 1725 2337 1791 lllationis
2370 1728 2465 1791 vis
2498 1728 2729 1792 crescit
2760 1727 2813 1791 si
2846 1729 3171 1805 attendaS,

533 1831 854 1896 Christum
903 1852 1262 1915 supponere
1308 1852 1576 1899 uxorem
1621 1834 1972 1911 dimissam,
2020 1836 2074 1898 si
2125 1834 2314 1898 alteri
2344 1835 2650 1916 nupserit,
2698 1853 2952 1918 semper
2984 1855 3169 1901 moe-

533 1939 741 2015 chari3
790 1939 917 2003 hoc
948 1946 1167 2004 tamen
1199 1940 1597 2004 discrimine:
1645 1939 1702 2003 si
1734 1940 2073 2004 dimittitur
2106 1939 2365 2022 injuste,
2399 1938 2784 2004 adulterium
2814 1942 3174 2022 imputatur

533 2046 891 2124 dimittenti,
924 2028 1056 2110 non
1087 2064 1240 2110 vero
1273 2047 1327 2109 si
1359 2046 1695 2111 dimittitur
1727 2046 1812 2110 ob
1847 2046 2366 2112 fornicationem.

709 2155 772 2226 2.
819 2153 1064 2219 Probat
1107 2154 1419 2218 institutio
1455 2153 1708 2229 Christi,
1754 2155 1862 2236 qui
1910 2155 2260 2237 discipulos
2308 2156 2631 2221 instruens
2663 2155 2742 2220 de
2773 2153 3169 2218 matrimonii

532 2260 1091 2326 indissolubilitate
1138 2262 1530 2344 exceptionis
1575 2262 1821 2325 nullam
1853 2260 2005 2325 facit
2039 2264 2438 2327 mentionem
2469 2261 2660 2326 Marc.
2700 2268 2798 2349 19,
2838 2267 2945 2329 11:
3008 2263 3166 2341 Qui-

533 2389 769 2454 cunque
798 2369 1103 2431 dimiserit
1132 2388 1389 2431 umorem
1421 2388 1605 2432 suam
1638 2375 1693 2432 et
1726 2370 1924 2432 aliam
1958 2370 2239 2452 duxerit,
2288 2370 2673 2433 adulterium
2703 2370 3022 2433 committit
3052 2388 3163 2430 su-

526 2496 648 2560 per
695 2496 853 2542 eam.
916 2474 1001 2539 Et
1044 2476 1099 2538 si
1147 2495 1303 2537 zcoeor
1346 2476 1652 2538 dimiserit
1695 2478 1899 2538 virum
1947 2496 2129 2538 suum
2181 2483 2237 2538 et
2290 2475 2406 2539 alii
2437 2477 2740 2559 nupserit,
2771 2473 3131 2540 moechatur
3138 2496 3162 2554 ;

531 2583 678 2647 Luc,
708 2589 804 2661 16,
831 2588 946 2653 18:
981 2582 1215 2659 Omni-3,
1249 2584 1357 2669 qui
1390 2584 1648 2647 dimittit
1678 2604 1934 2646 uxorem
1966 2603 2147 2646 suam
2182 2593 2239 2646 et
2272 2584 2541 2647 alteiam
2574 2584 2766 2665 ducit,
2786 2580 3164 2664 moechatur,

532 2697 589 2753 et
633 2692 739 2776 qui
783 2692 1109 2755 dimissam
1155 2713 1196 2753 a
1242 2691 1375 2754 viro
1422 2691 1612 2773 deicit,
1660 2690 2035 2759 moechatur.
2103 2688 2289 2769 Quae
2321 2696 2506 2770 urget
2536 2688 3049 2770 Augustinus
3083 2688 3165 2752 de

534 2797 727 2861 adult.
759 2797 1070 2879 conjugiis
1088 2797 1130 2875 I,
1153 2802 1224 2866 9:
1265 2796 1425 2877 ,Qui
1444 2816 1666 2861 sumus
1685 2815 1828 2873 noS,
1864 2804 1934 2861 ut
1953 2797 2277 2861 dicamus:
2313 2804 2411 2862 est
2432 2797 2540 2879 qui
2560 2796 2940 2861 moechatur
2958 2811 3163 2858 uxore

532 2903 796 2968 dimissa
828 2905 1096 2969 alteram
1128 2905 1387 2981 ducenS,
1420 2911 1484 2968 et
1517 2911 1617 2968 est
1648 2904 1755 2986 qui
1795 2904 1920 2968 hoc
1941 2903 2184 2970 faciens
2207 2922 2342 2967 non
2363 2904 2762 2980 moechatur,
2782 2919 2929 2966 cum
2949 2899 3163 2964 Evan-

532 3011 765 3092 gelium
812 3012 1000 3088 dicat,
1047 3028 1307 3075 omnem
1338 3010 1686 3088 moechari,
1720 3010 1829 3092 qui
1859 3011 1985 3074 hoc
2017 3010 2249 3074 facitP‘
2321 3007 2407 3073 Cf.
2441 3027 2494 3073 c.
2534 3015 2647 3085 12;
2680 3009 2746 3085 ΙΙ,
2780 3013 2882 3079 25.
2945 3007 3165 3072 Beda

533 3119 598 3182 in
630 3118 819 3182 Marc.
861 3124 971 3189 10:
1042 3117 1223 3193 ,Una
1267 3136 1418 3198 ergo
1468 3117 1876 3182 solummodo
1924 3135 2124 3181 causa
2173 3124 2273 3181 est
2319 3117 2596 3181 carnalis
2628 3116 2979 3193 fornicatio,
3030 3133 3166 3179 una

532 3225 879 3307 spiritualis
926 3226 1118 3290 timor
1149 3224 1282 3301 Dei,
1329 3231 1401 3288 ut
1446 3243 1610 3289 uxor
1640 3225 2020 3302 dimittatur,
2066 3225 2231 3288 sicut
2265 3223 2448 3288 multi
2480 3224 2804 3305 religionis
2836 3241 3037 3286 causa
3067 3220 3162 3287 fe·

532 3332 700 3396 cisse
732 3332 1056 3413 leguntur:
1090 3331 1264 3396 nulla
1295 3338 1511 3396 autem
1545 3349 1745 3396 causa
1780 3338 1877 3397 est
1907 3330 2021 3396 Dei
2052 3331 2192 3411 lege
2223 3331 2640 3413 praescripta,
2674 3336 2747 3394 ut
2776 3330 3031 3394 vivente
3063 3347 3162 3406 ea,

535 3455 700 3519 quae
732 3437 955 3502 relicta
987 3444 1101 3514 est,
1135 3437 1261 3501 alia
1292 3438 1622 3501 ducatur<

712 3544 778 3612 3.
813 3544 973 3609 Hinc
1003 3545 1124 3626 ipsi
1154 3544 1444 3625 discipuli
1475 3550 1697 3609 tantae
1718 3544 2294 3608 indissolubilitatis
2316 3545 2630 3608 mirantur
2649 3545 2952 3626 rigorem:
2986 3559 3155 3625 quae

535 3653 873 3716 admiratio
923 3652 1030 3717 vix
1079 3653 1381 3734 explicari
1423 3659 1660 3734 potest,
1710 3654 1764 3716 si
1810 3652 2099 3717 Christus
2145 3652 2232 3715 nil
2278 3652 2451 3716 aliud
2497 3652 2757 3718 demum
2806 3652 3155 3726 statuisset,

536 3778 730 3842 quam
763 3761 935 3842 quod
960 3761 1095 3842 jam
1127 3767 1323 3825 antea
1353 3759 1579 3824 schola
1608 3759 2031 3824 rabbinorum
2061 3758 2326 3840 rigidior
2359 3759 2687 3824 docuerat.

713 3867 780 3934 4.
816 3866 1103 3932 Christus
1137 3867 1532 3930 matrimonii
1553 3865 2177 3931 indissolubilitatem
2199 3865 2348 3930 inde
2370 3866 2618 3947 repetit,
2642 3864 2814 3947 quod
2835 3863 3004 3927 Deus
3024 3864 3161 3945 ipse

535 3974 619 4036 sit
661 3974 1129 4055 conjunctionis
1177 3973 1528 4055 conjugalis
1560 3980 1788 4037 auctor
1819 3979 2141 4038 statuens:
2200 3973 2378 4052 Quod
2409 3972 2582 4036 Deus
2614 3972 2952 4054 conjunoeit,
2984 3969 3161 4032 hemo

537 4099 663 4142 non
710 4087 952 4164 separet
999 4081 1244 4167 (Matth.
1280 4085 1382 4158 19,
1416 4082 1501 4168 6).
1564 4079 1761 4162 Atqui
1807 4098 1939 4144 non
1987 4084 2084 4144 est
2115 4079 2467 4161 probabile,
2501 4098 2650 4144 eum
2681 4096 2833 4142 mox
2866 4076 3162 4142 adultero

537 4186 833 4264 tribuere,
868 4189 1039 4269 quod
1071 4187 1436 4251 hominibus
1469 4186 1820 4267 generatim
1854 4186 2143 4267 denegat.
2207 4185 2476 4252 Accedit

716 4297 779 4362 5.
826 4294 1119 4359 doctrina
1149 4293 1348 4372 Pauli,
1401 4294 1508 4376 qui
1569 4295 1722 4358 data
1771 4311 1970 4375 opera
2002 4293 2082 4357 de
2114 4294 2527 4358 matrimonio
2561 4293 2825 4374 ejusque
2857 4290 3165 4357 firmitate

540 4399 874 4481 disputans
906 4417 1095 4466 casus
1126 4409 1434 4477 recenset,
1468 4401 1535 4465 in
1567 4401 1798 4484 quibus
1831 4400 2098 4466 solvitur
2129 4401 2639 4466 matrimonium:
2699 4418 2818 4483 pro
2867 4398 3164 4464 fidelibus

540 4527 692 4573 vero
737 4508 944 4571 solam
989 4510 1271 4589 assignat
1307 4515 1579 4573 mortem
1612 4508 1947 4571 solutionis
1978 4525 2244 4571 causam
2279 4509 2363 4594 (n.
2399 4509 2610 4594 6098).
2671 4507 2832 4571 Hinc
2877 4506 3162 4571 Hiero-

541 4633 824 4696 nymus
869 4614 934 4677 in
966 4615 1148 4679 Rom.
1185 4622 1241 4692 7,
1273 4635 1355 4679 s:
1425 4611 1702 4690 ‚Omnes
1748 4614 1939 4695 igitur
1984 4616 2393 4680 causationes
2440 4615 2770 4697 apostolus
2818 4620 3162 4696 amputans

543 4719 942 4801 apertissime
975 4721 1273 4798 definivit,
1306 4722 1560 4785 vivente
1592 4722 1728 4785 viro
1762 4721 2125 4786 adulteram
2160 4739 2301 4786 esse
2334 4721 2682 4799 mulierem,
2716 4721 2771 4785 si
2788 4720 2974 4786 alteri
2995 4740 3160 4801 nup-
