3538 5364
510 189 645 259 396
753 180 939 235 Traet.
965 181 1057 233 IX.
1086 181 1154 235 dc
1182 179 1457 236 sacrificio
1486 180 1708 235 missae.
1736 180 1934 236 'rhesis
1961 180 2275 237 CCXXXV.
2316 180 2489 235 Missa
2516 186 2771 254 tempore
2799 198 2891 251 ap.

519 379 843 465 seqreyate
876 380 1025 443 mihi
1056 379 1322 446 saulum
1355 386 1410 443 et
1442 380 1818 445 Bar-naham
1847 383 1915 444 in
1948 400 2122 465 opus,
2157 382 2245 444 ad
2276 381 2440 464 quod
2472 383 2785 467 assumpsi
2816 401 2931 448 eoa
2964 380 3128 445 Ver-

512 486 667 549 bum
700 486 870 550 enim
903 492 1263 573 λειτουργὲω
1294 487 1536 568 passim
1568 486 1884 568 significat
1914 489 1979 551 in
2011 487 2244 551 divinis
2276 486 2474 552 literis
2507 487 2680 573 (Luc.
2723 494 2777 565 1,
2811 493 2929 562 23;
2981 487 3134 553 Phil.

513 598 574 667 2,
612 596 693 660 17
711 614 727 668 ;
759 591 947 656 Hebr.
983 596 1041 669 9,
1075 597 1192 667 213
1233 597 1332 668 10,
1373 596 1447 659 11
1475 594 1621 680 etc.)
1655 592 2038 670 sacrificare,
2072 598 2138 657 et
2157 592 2372 673 graeci
2403 592 2552 658 inde
2585 593 2878 657 derivant
2907 611 3134 658 vocem

512 699 876 764 technicam
908 697 1220 779 liturgiae,
1252 691 1382 781 qua
1413 700 1748 781 designent
1780 699 2206 765 eucharistiae
2237 698 2761 777 celebrationem,
2794 718 2960 783 quae
2981 700 3133 781 ipsis

509 806 872 872 certissime
905 811 1004 870 est
1036 804 1455 881 sacrificium;
1488 825 1697 889 neque
1730 824 1809 872 ea
1842 825 1966 870 vox
1998 806 2104 869 hic
2137 806 2321 870 facile
2354 806 2433 870 de
2466 806 2592 870 alio
2627 806 2979 877 ministerio
3001 806 3133 871 Deo

509 913 797 980 exhibito
829 920 1045 995 potest
1074 912 1351 994 intelligi.

691 1022 756 1089 2.
789 1019 1077 1085 Suadent
1128 1020 1329 1085 verba
1373 1019 1556 1084 Pauli
1593 1027 1647 1088 1.
1681 1019 1823 1085 Cor.
1860 1027 1961 1095 10,
2000 1025 2081 1089 16
2114 1040 2230 1084 ss:
2304 1020 2487 1085 Galia:
2531 1021 2989 1103 benedictionis,
3036 1023 3135 1084 cui

511 1129 949 1211 benedicimus,
994 1148 1197 1191 nonne
1242 1109 1718 1192 communicatio
1763 1129 2096 1213 sanquinis
2152 1128 2385 1192 Christi
2430 1130 2563 1192 est?
2602 1134 2658 1190 et
2697 1129 2913 1212 panis,
2958 1148 3136 1212 quem

506 1238 896 1321 franqimus,
946 1255 1148 1299 nonne
1193 1236 1607 1319 participatio
1670 1240 1948 1321 corporis
2000 1234 2258 1298 Domini
2307 1234 2449 1297 est?
2494 1284 2505 1296 .
2542 1285 2553 1296 .
2588 1284 2600 1296 .
2675 1233 2884 1299 Videte
2935 1233 3140 1300 Israel

509 1343 845 1408 secundum
879 1363 1127 1406 carnem
1146 1364 1167 1403 .·
1228 1362 1431 1404 nonne
1474 1344 1580 1425 qui
1610 1342 1800 1405 edunt
1830 1341 2080 1430 hostias,
2106 1334 2451 1425 participes
2481 1348 2628 1403 sunt
2660 1339 2935 1405 altaris?
2993 1340 3137 1405 Non

506 1451 763 1535 potestis
792 1469 1041 1513 mensae
1071 1449 1332 1513 Domini
1370 1450 1716 1535 participes
1761 1468 1885 1512 esse
1929 1456 1986 1511 et
2031 1469 2279 1513 mensae
2323 1449 2815 1512 daemoniorum.
2877 1446 3138 1514 Confert

511 1558 687 1621 enim
721 1557 1052 1639 apostolus
1083 1574 1376 1620 mensam
1410 1555 1910 1620 eucharisticam
1957 1555 2147 1619 altari
2171 1555 2556 1637 judaeorum
2589 1573 2982 1637 mensaeque
3013 1556 3050 1619 i.
3083 1573 3136 1620 e.

512 1663 826 1726 conviviis
857 1662 1335 1727 sacrificialibus
1367 1661 1717 1743 gentilium,
1749 1663 2083 1745 ipsamque
2117 1662 2574 1726 eucharistiam
2608 1662 2882 1725 victimis
2906 1662 3138 1744 judae-

512 1789 701 1833 orum
723 1775 789 1834 et
806 1769 1150 1849 gentilium.
1173 1767 1489 1851 Supponit
1507 1789 1657 1850 ergo
1673 1769 1851 1833 haud
1871 1770 2144 1834 obscure
2165 1769 2617 1834 eucharistiam
2634 1786 2777 1833 esse
2792 1768 3138 1842 victimam,

513 1883 581 1940 et
612 1876 1174 1957 participationem
1206 1876 1632 1942 eucharistiae
1665 1876 2030 1941 convivium
2064 1874 2437 1940 sacrificiale
2487 1875 2572 1962 (n.
2606 1876 2818 1961 495³),
2865 1875 3139 1957 ideoque

512 1982 939 2048 eucharistiae
960 1983 1458 2049 celebrationem
1475 2002 1618 2049 esse
1634 1984 2034 2049 sacrificium.
2067 1984 2229 2047 Hinc
2249 2001 2428 2047 conc.
2444 1982 2864 2047 tridentinum
2880 2000 3035 2047 sess.
3053 1984 3139 2049 22

513 2106 655 2169 cap.
695 2093 763 2154 1:
835 2087 1081 2168 „Quam
1132 2090 1555 2177 (oblationem
1602 2109 1642 2155 a
1692 2091 2010 2155 Malachia
2057 2091 2481 2177 praedictam)
2529 2108 2661 2153 non
2713 2089 2991 2155 obscure
3040 2090 3137 2151 in-

516 2195 655 2258 nuit
685 2195 800 2277 Ap.
834 2195 1072 2260 Paulus
1106 2197 1448 2262 Corinthiis
1481 2198 1768 2263 scribens
1803 2248 1814 2260 .
1851 2248 1863 2261 .
1898 2248 1910 2261 .
1958 2218 2073 2280 per
2104 2216 2398 2262 mensam
2431 2198 2633 2275 altare
2666 2197 3008 2280 utrobique
3039 2198 3137 2260 in-

520 2302 861 2383 telligenS.‘

694 2412 760 2477 3.
794 2407 1083 2476 Suadent
1112 2411 1313 2476 verba
1342 2412 1535 2475 Hebr.
1573 2417 1670 2487 13,
1710 2418 1823 2480 10:
1889 2409 2211 2475 Habemus
2259 2411 2484 2492 altare,
2529 2412 2603 2475 de
2654 2431 2771 2495 quo
2804 2411 2983 2475 edere
3015 2431 3133 2473 non

512 2515 741 2579 habent
761 2525 1155 2601 potestatem,
1207 2521 1315 2602 qui
1346 2519 1749 2585 tabernaculo,
1779 2519 2144 2584 deserviunt.
2207 2517 2373 2582 Nam
2405 2518 2793 2582 vocabulum
2824 2519 3001 2582 ede-re
3031 2535 3138 2580 ra-

517 2623 694 2689 tione
721 2624 946 2690 habita
980 2645 1032 2689 v.
1067 2629 1107 2694 9
1141 2633 1206 2691 et
1235 2626 1568 2703 lectorum,
1619 2626 1851 2711 quibus
1900 2626 2330 2691 comestiones
2380 2625 2459 2690 de
2511 2624 2699 2689 altari
2730 2625 2795 2688 in
2827 2643 2950 2689 usu
2981 2623 3135 2689 olim

520 2731 790 2808 fuerant,
823 2732 1025 2813 accipi
1059 2732 1253 2798 debet
1282 2753 1476 2799 sensu
1508 2732 1785 2815 proprio.
1849 2732 2035 2812 Quod
2068 2733 2124 2797 si
2153 2733 2263 2809 ita,
2316 2732 2637 2814 objectum
2670 2731 3138 2796 comedendum

518 2838 694 2901 aliud
726 2857 867 2904 esse
899 2841 1121 2921 nequit
1153 2858 1349 2922 quam
1382 2841 1785 2904 eucharistia.
1820 2840 2013 2923 Atqui
2033 2840 2140 2903 illa
2159 2839 2390 2904 dicitur
2410 2839 2808 2905 comedenda
2828 2841 2904 2902 de
2924 2837 3138 2905 altari.

518 2944 683 3025 Ergo
717 2963 964 3021 mensa,
1010 2947 1075 3008 in
1121 2964 1250 3028 qua
1300 2946 1407 3010 illa
1438 2947 1773 3011 conficitur
1805 2953 1870 3013 et
1899 2946 2079 3027 cujus
2113 2947 2505 3011 mentionem
2538 2945 2779 3010 fecerat
2808 2944 3139 3027 apostolus

526 3061 579 3119 1.
614 3050 756 3115 Cor.
795 3058 894 3127 10,
928 3056 1031 3128 21,
1065 3059 1163 3115 est
1194 3053 1415 3130 altare,
1449 3053 1723 3135 ideoque
1755 3053 1919 3117 illius
1951 3053 2296 3118 celebratio
2331 3060 2429 3118 est
2459 3052 2868 3116 sacrificiaIiS.
2920 3051 3140 3134 Neque

518 3159 779 3222 nomine
811 3156 977 3222 illius
1025 3157 1245 3223 altaris
1293 3160 1550 3225 videtur
1599 3158 1942 3241 significari
1991 3177 2164 3236 crux,
2215 3177 2362 3223 cum
2413 3178 2544 3223 non
2596 3159 2753 3223 satis
2803 3158 3140 3223 commode

517 3266 786 3340 dicatur,
819 3282 942 3327 nos
988 3265 1067 3329 de
1112 3265 1301 3330 altari
1346 3267 1552 3330 crucis
1585 3268 1776 3332 edere
1809 3267 2281 3332 eucharistiam.
2346 3265 2559 3345 Quare
2611 3267 2805 3330 etiam
2839 3285 2886 3328 s.
2920 3265 3140 3346 Igna-

520 3373 687 3435 tius
734 3370 811 3434 Μ.
845 3371 1261 3451 probabiliter
1292 3374 1462 3437 hunc
1495 3374 1846 3454 respiciens
1876 3374 2090 3437 locum
2123 3391 2416 3437 mensam
2459 3372 2952 3438 eucharisticam
2985 3390 3140 3435 con-

517 3483 772 3543 stanter
803 3485 995 3542 vocat
1024 3484 1387 3570 θυσιαστήρ
1394 3507 1459 3548 ον
1493 3480 1576 3544 ad
1606 3478 1850 3544 Philad
1883 3500 1942 3544 n.
1976 3486 2051 3555 43
2085 3480 2169 3543 ad
2200 3479 2387 3543 Trall.
2419 3499 2479 3543 n.
2516 3486 2587 3554 73
2623 3479 2705 3542 ad
2735 3479 2960 3560 EpheS.
2982 3498 3042 3541 n.
3064 3481 3141 3553 53

518 3585 607 3648 ad
637 3584 843 3666 Magn.
876 3604 935 3648 n.
973 3591 1027 3653 7.
1080 3585 1167 3650 Cf.
1199 3586 1648 3653 Thalhofer
1680 3589 1714 3670 ξ
1751 3592 1860 3656 31
1869 3607 1926 3651 n.
1960 3590 2034 3662 5;
2068 3586 2494 3651 detotathesi
2515 3583 3144 3650 Scheffmacher

522 3691 771 3756 Lettres
805 3692 862 3754 d'
869 3711 954 3756 un
987 3691 1267 3756 Docteur
1298 3693 1636 3800 Allemand
1668 3712 1764 3775 ep.
1805 3700 1859 3762 7.

705 3848 851 3902 413.
884 3834 1264 3905 Scholion.
1327 3841 1777 3906 Exceptionibus
1805 3842 2030 3914 satisfit.
2078 3874 2166 3884 —
2211 3840 2397 3898 Tanto
2429 3839 2743 3916 splendore
2775 3839 2969 3915 fulget
3001 3838 3144 3915 dog·

522 3929 702 3987 matis
735 3928 1013 3987 catholici
1040 3930 1277 3999 veritas,
1324 3933 1395 3987 ut
1441 3930 1537 3988 vix
1585 3931 1840 3989 babeant
1871 3929 2210 3999 adversarii,
2243 3929 2401 4004 quod
2436 3930 2754 4005 opponant.
2821 3921 3147 4003 Opponunss

704 4015 766 4081 l.
798 4036 948 4092 quae
981 4019 1204 4077 Paulus
1237 4020 1299 4077 in
1331 4037 1423 4095 ep.
1454 4019 1529 4077 ad
1559 4019 1874 4088 HebranS,
1920 4018 2270 4077 nominatim
2315 4035 2395 4080 cc.
2445 4029 2480 4080 9
2530 4020 2592 4076 et
2645 4027 2719 4080 10
2769 4016 3028 4075 inculcat
3073 4016 3148 4075 de

522 4107 756 4165 unica
800 4106 1099 4165 oblatione
1139 4108 1375 4179 Christi,
1423 4127 1541 4184 qua
1585 4108 1821 4166 semel
1868 4108 2104 4165 oblatus
2150 4108 2213 4165 in
2258 4106 2685 4182 sempiternum
2718 4104 3149 4164 consummavit

522 4194 937 4264 sanctificatOS,
984 4195 1128 4256 adeo
1175 4200 1245 4256 ut
1288 4216 1408 4256 non
1439 4196 1652 4256 habeat
1683 4196 2096 4256 necessitatem
2128 4195 2493 4271 quotidie
2524 4194 3022 4270 quemadmodum
3055 4213 3150 4254 sa-

521 4284 793 4343 cerdotes
813 4284 883 4347 V.
913 4284 976 4343 T.
1008 4284 1234 4345 hostias
1268 4287 1496 4348 offerre.
1530 4319 1616 4329 —
1651 4286 1729 4343 Ut
1761 4285 2030 4343 solvatur
2061 4279 2401 4354 difficultas,
2434 4283 2829 4361 intelligenda
2858 4285 2956 4362 est
2979 4282 3150 4342 Pauli

525 4371 814 4434 doctrina.
874 4372 1056 4431 Docet
1098 4377 1245 4451 ipse,
1296 4375 1579 4434 sacrificio
1613 4375 1803 4433 crucis
1836 4374 2113 4434 meritum
2148 4373 2575 4449 redemptionis
2607 4378 2667 4431 et
2699 4371 3024 4448 objectivae
3056 4391 3149 4430 sa-

524 4461 882 4521 tisfactionis
915 4480 1046 4522 esse
1078 4466 1456 4541 completum,
1490 4464 1623 4522 ideo
1655 4483 1764 4523 nec
1796 4464 1993 4539 ipsum
2025 4481 2150 4522 esse
2171 4463 2410 4538 saepius
2431 4461 2813 4532 offerendum,
2847 4455 2955 4520 nec
2984 4457 3150 4520 aliud

526 4550 883 4610 sacrificium
914 4551 1375 4624 instituendum,
1422 4572 1541 4630 quo
1573 4553 1902 4629 redemptio
1935 4553 2302 4629 compleatur
2333 4556 2395 4609 et
2425 4551 2704 4610 meritum
2734 4568 2958 4609 novum
2989 4568 3150 4608 acce-

526 4641 663 4698 dat:
714 4642 776 4699 et
825 4640 938 4700 sub
989 4642 1099 4717 hoc
1148 4646 1424 4719 respectu
1473 4643 1829 4701 sacrificium
1860 4641 2081 4701 Christi
2125 4641 2309 4699 semel
2352 4643 2592 4699 tantum
2623 4640 2893 4698 oblatum
2925 4637 3153 4697 confert
