3538 5364
617 277 747 341 230
1104 268 1288 321 Tract.
1320 268 1408 320 IX.
1437 268 1504 320 de
1533 265 1918 322 sacramentis,
1950 266 2028 319 De
2056 266 2455 320 reviviscentia
2481 266 2719 335 gratiae.

793 456 938 520 268.
978 451 1072 514 De
1104 450 1521 512 revicit-semna
1546 451 1799 531 qratiae
1830 449 1895 512 in
1926 450 2347 513 sacramentis
2393 466 2542 512 cum
2587 448 2771 513 obice
2804 449 3121 531 susceptis
3153 467 3232 513 eo

613 565 864 622 remoto
895 558 1114 621 variae
1144 562 1295 620 sunt
1327 554 1772 636 theologorum
1805 556 2180 621 sententiae.
2214 555 2306 620 De
2327 574 2406 620 ea
2425 557 2587 620 haec
2607 556 2903 621 videntur
2921 557 3230 622 tenenda:

791 666 858 751 1,
892 663 1165 743 gratiam
1211 668 1438 727 certo
1485 663 1863 727 reviviscere
1897 663 1962 727 in
1994 668 2403 727 sacramento
2449 663 2877 745 baptismi:
2930 682 3099 747 quae
3133 672 3232 747 est

610 771 1134 859 communissima
1164 770 1610 851 theologorum
1659 768 1980 834 sententia
2012 776 2238 833 contra
2269 788 2514 851 paucos
2547 770 2895 853 quosdam3
2948 790 3029 836 ea
3076 790 3228 836 vero

607 877 765 966 satis
796 876 1107 959 probatur
1139 895 1219 941 ex
1249 877 1702 942 controversiis
1722 877 2186 941 catholicorum
2206 895 2353 941 cum
2392 876 2746 941 donatistis,
2779 878 3036 943 Illorum
3058 878 3227 967 enim

607 984 866 1048 nomine
899 983 1408 1064 Augustinus
1453 985 1694 1066 passim
1727 990 1958 1060 tuetur,
1992 984 2384 1065 baptismum
2431 983 2514 1047 ab
2546 983 2886 1049 haereticis
2918 982 3228 1047 collatum

607 1098 760 1155 tunc
791 1091 1071 1173 incipere
1102 1092 1315 1157 valere
1349 1098 1412 1156 et
1443 1091 1750 1173 prodesse
1786 1091 1868 1155 ad
1900 1097 2169 1172 peccata
2200 1091 2602 1167 remittenda,
2635 1110 2783 1154 cum
2815 1091 2886 1157 is,
2922 1091 3032 1173 qui
3050 1091 3227 1154 illum

605 1200 974 1281 susceperit,
1006 1200 1263 1265 redierit
1294 1200 1377 1263 ad
1408 1198 1777 1277 Ecclesiam,
1831 1198 1979 1262 hinc
2024 1199 2370 1263 removerit
2414 1199 2779 1262 schismatis
2812 1197 3083 1272 obicem,
3119 1198 3229 1279 qui

603 1307 844 1388 gratiae
877 1306 1177 1372 infusioni
1209 1308 1564 1374 obstiterat.

785 1437 961 1505 „Non
996 1437 1215 1496 iterum
1245 1437 1634 1512 baptizandus
1666 1440 1776 1506 est,
1811 1436 2015 1512 inquit
2045 1436 2117 1494 de
2150 1437 2310 1513 bapt.
2341 1437 2380 1495 l.
2421 1449 2445 1499 1
2486 1447 2658 1499 c.12.
2692 1455 2751 1497 ιι.
2782 1447 2878 1505 18,
2916 1435 3062 1509 quia
3094 1436 3225 1511 ipsa

602 1527 656 1585 ei
688 1526 1170 1585 reconciliatione
1214 1546 1278 1584 ac
1323 1544 1466 1601 pace
1507 1521 1654 1608 (qua
1684 1529 2024 1585 removetur
2054 1526 2387 1585 schismatis
2416 1525 2589 1605 obex)
2625 1530 2983 1600 praestatur,
3032 1527 3105 1583 ut
3150 1524 3222 1582 ad

600 1615 1003 1675 remissionem
1037 1620 1409 1692 peccatorum
1455 1616 1586 1689 ejus
1631 1615 1693 1672 in
1738 1615 1973 1673 unitate
2010 1617 2137 1691 jam
2174 1616 2451 1690 prodesse
2482 1615 2732 1690 incipiat
2762 1615 3219 1682 sacramentum,

600 1706 760 1780 quod
808 1706 1115 1781 acceptum
1165 1705 1228 1762 in
1279 1704 1591 1763 schismate
1640 1703 1917 1780 prodesse
1966 1724 2085 1763 non
2131 1707 2423 1779 poterat.‘
2492 1703 2685 1773 Quare
2734 1703 3095 1761 Urbanus
3148 1703 3222 1760 Il.

603 1789 665 1876 (†
707 1789 896 1873 1099)
928 1813 1020 1869 ep.
1056 1803 1181 1857 273
1217 1793 1454 1852 scribit:
1503 1793 2070 1861 ,Schismaticorum
2103 1798 2165 1851 et
2194 1793 2625 1852 haereticorum
2657 1795 3038 1860 sacramenta,
3074 1810 3222 1867 quo-

598 1884 758 1941 niam
789 1887 955 1942 extra
985 1883 1304 1941 Ecclesiam
1336 1887 1482 1941 sunt
1527 1883 1623 1959 (en
1664 1879 1938 1960 obicem),
1978 1883 2152 1958 juxta
2183 1901 2260 1941 ss.
2304 1886 2541 1957 patrum
2587 1882 2937 1940 traditiones
2972 1880 3220 1957 Pelagii,

599 1972 884 2049 Gregorii,
937 1972 1229 2051 Cypriani,
1283 1972 1630 2049 Augustini,
1683 1972 2049 2047 Hieronymi,
2102 1972 2346 2030 formam
2400 1971 2641 2045 quidem
2693 1975 3217 2040 sacramentorum,

597 2080 715 2120 non
747 2066 948 2119 autem
979 2061 1224 2119 virtutis
1256 2061 1529 2119 effectum
1552 2061 1765 2120 babere
1787 2061 2136 2136 profitemur
2169 2056 2399 2141 (valent
2429 2079 2587 2138 ergO,
2621 2059 2721 2119 sed
2754 2078 2873 2119 non
2904 2059 3223 2118 conferunt

596 2145 893 2231 gratiam),
926 2150 1045 2208 nisi
1076 2169 1211 2208 cum
1243 2150 1359 2226 ipsi
1391 2151 1487 2209 vel
1518 2170 1720 2209 eorum
1745 2150 2126 2219 sacramentis
2146 2150 2368 2208 initiati
2400 2169 2507 2225 per
2540 2168 2750 2207 manus
2771 2148 3215 2224 impositionem

596 2239 669 2297 ad
704 2239 1050 2298 catholicam
1070 2239 1358 2298 redierint
1375 2240 1733 2311 unitatem,‘
1767 2256 1887 2314 quo
1919 2239 2120 2296 reditu
2139 2239 2375 2297 tollitur
2407 2240 2571 2297 obex.
2620 2238 2791 2297 Ratio
2823 2241 3024 2296 autem
3058 2238 3215 2295 haud

596 2328 926 2403 spernenda
955 2327 1094 2386 inde
1124 2328 1370 2404 petitur,
1419 2329 1577 2403 quod
1618 2330 1714 2386 vix
1749 2327 2034 2386 credibile
2066 2328 2320 2398 videtur,
2368 2329 2557 2386 Deum
2591 2328 2759 2395 velle,
2807 2332 2879 2386 ut
2925 2327 3032 2402 qui
3080 2345 3215 2385 cum

593 2415 758 2475 obice
802 2416 923 2475 fuit
965 2417 1318 2491 baptizatuS,
1363 2419 1636 2493 privetur
1679 2417 1883 2476 fructu
1922 2418 2272 2476 sacramenti
2304 2417 2448 2476 adeo
2480 2418 2792 2476 necessarii
2827 2417 2898 2474 ad
2932 2418 3212 2485 salutem,

590 2506 749 2582 qnod
795 2506 1010 2582 nequit
1051 2507 1276 2576 iterari,
1331 2506 1565 2565 etiamsi
1615 2506 1687 2564 de
1733 2506 1929 2581 posito
1977 2507 2141 2564 obice
2188 2510 2394 2582 postea
2438 2506 2649 2565 doleat.
2715 2507 2921 2580 Neque
2960 2506 3212 2575 dicatur,

591 2595 872 2654 damnum
905 2595 1167 2670 reparari
1187 2601 1548 2654 sacramento
1578 2595 1994 2670 poenitentiae.
2046 2596 2241 2671 Hujus
2273 2596 2433 2654 enim
2465 2595 2695 2654 fructus
2727 2614 2847 2653 non
2879 2599 2972 2654 est
3003 2614 3214 2672 rege-

586 2685 916 2754 nerati0‚
965 2685 1144 2761 hujus
1190 2685 1439 2744 materia
1489 2679 1789 2767 (delenda)
1836 2704 1954 2743 non
2002 2690 2144 2744 sunt
2188 2689 2494 2761 peccatum
2540 2686 2826 2762 originale
2873 2689 2933 2743 et
2979 2688 3218 2762 peccata

586 2775 840 2833 actualia
873 2777 1011 2833 ante
1045 2773 1405 2849 baptismum
1439 2777 1750 2833 contracta.
1817 2774 1898 2834 Cf.
1951 2775 2156 2852 Lugo
2190 2774 2245 2832 d.
2279 2785 2315 2838 9
2352 2794 2397 2833 s.
2434 2786 2468 2838 3
2506 2793 2600 2844 ss„
2639 2775 2738 2849 qui
2775 2774 2921 2832 alias
2956 2775 3212 2834 subtiles

588 2864 966 2938 quaestiones
1001 2881 1135 2921 cum
1168 2862 1273 2921 hac
1305 2881 1594 2921 connexas
1627 2867 1800 2922 acute
1833 2863 2109 2932 discutit;
2147 2883 2191 2927 c.
2237 2876 2256 2926 1
2287 2877 2301 2925 ι
2345 2884 2399 2940 q.
2439 2875 2537 2927 11.

762 2984 826 3050 ⁶2..
860 2980 1262 3045 Probabilius
1296 2989 1392 3045 est
1439 2989 1850 3047 sacramenta
1902 2983 2609 3060 confirmationis
2661 2983 3003 3060 ordiniS,
3058 3003 3213 3047 ma-

585 3088 960 3153 trimonii
991 3094 1053 3151 et
1088 3094 1417 3153 extremae
1451 3091 1879 3154 unctionis
1912 3109 2059 3154 cum
2090 3091 2274 3155 obice
2306 3098 2622 3172 suscepta,
2658 3109 2736 3155 eo
2770 3089 3009 3165 ablato,
3044 3093 3212 3156 revi-

582 3196 843 3260 viscere.
928 3195 1101 3258 Haec
1133 3202 1231 3259 est
1261 3196 1582 3261 sententia
1614 3198 1976 3260 communis
2011 3204 2240 3261 contra
2270 3216 2515 3278 paucos
2533 3199 2596 3285 ¹).
2661 3197 2856 3279 Cujus
2889 3199 3058 3262 ratio
3094 3217 3210 3281 pa-

580 3302 732 3366 riter
764 3306 878 3377 est,
912 3302 1084 3383 quod
1116 3303 1264 3366 hinc
1296 3303 1555 3385 quidem
1586 3304 1749 3369 haec
1783 3310 2197 3368 sacramenta
2229 3303 2328 3369 vel
2360 3304 2733 3386 simpliciter
2766 3305 2866 3368 vel
2887 3305 3204 3387 quadam-

580 3412 766 3470 tenus
802 3407 1032 3471 saltem
1069 3409 1301 3474 iterare
1333 3429 1464 3473 non
1495 3410 1718 3486 liceat3
1774 3411 1920 3475 inde
1972 3430 2126 3476 vero
2177 3411 2280 3474 vix
2316 3412 2617 3476 credibile
2649 3413 2749 3489 sit,
2802 3412 3008 3477 Deum
3042 3414 3205 3478 velle

579 3532 707 3590 eoa
728 3514 836 3596 qui
857 3532 936 3578 ea
954 3515 1207 3597 indigne
1223 3509 1637 3599 susdeperint‚
1674 3518 1751 3583 de
1773 3518 1898 3582 hoc
1918 3525 2136 3584 tamen
2152 3527 2419 3601 peccato
2451 3519 2916 3601 poenitentiam
2939 3520 3207 3601 egerint,

576 3621 827 3684 illorum
860 3620 1067 3687 fructu
1099 3642 1320 3689 carere
1351 3624 1417 3688 iu
1448 3631 1847 3706 perpetuum.
1881 3624 2067 3704 Quod
2103 3632 2319 3691 tamen
2350 3626 2428 3692 de
2462 3627 3002 3704 eucharistia,
3036 3647 3204 3711 quae

581 3728 766 3791 toties
801 3729 1003 3810 accipi
1034 3738 1263 3811 potest,
1298 3731 1745 3796 affirmandum
1780 3751 1910 3796 non
1948 3733 2218 3797 videtur.

752 3852 814 3922 3.
849 3852 1033 3917 Circa
1076 3855 1322 3936 poeni
1345 3857 1666 3921 tentiae
1712 3865 2191 3922 sacramentum
2240 3859 2495 3940 plurimi
2527 3866 2787 3925 tuentur
2821 3858 3069 3939 gratiae
3107 3876 3203 3921 re-

572 3959 1048 4037 viviscentiam3
1082 3961 1382 4027 dubitant
1413 3963 1536 4039 alii,
1569 3964 1742 4047 quod
1774 3964 1927 4044 ipsis
1960 3965 2224 4029 dubium
2257 3973 2354 4030 est
2384 3967 2805 4048 suppositum,
2834 3984 3028 4047 posse
3050 3966 3203 4029 illud

573 4083 715 4128 esse
746 4065 1016 4131 informe
1049 4068 1086 4130 i.
1120 4087 1172 4132 e.
1219 4069 1501 4133 validum
1553 4071 1667 4135 sed
1711 4070 2193 4136 infructuosum.
2258 4071 2419 4137 Cum
2463 4073 2650 4139 nobis
2681 4071 3022 4155 probabile
3057 4091 3199 4136 om-

793 4265 825 4328 Ι)
859 4260 1008 4313 [nter
1033 4261 1135 4314 hos
1163 4278 1262 4330 per
1289 4278 1536 4316 errorem
1563 4267 1888 4318 recensetur
1927 4265 1961 4319 S
1980 4282 2057 4319 co
2075 4269 2148 4319 tu
2167 4285 2208 4320 s.
2260 4267 2407 4320 Nam
2447 4266 2595 4323 circa
2642 4268 2757 4322 duo
2792 4266 2985 4340 priora
3018 4285 3202 4320 sacra

569 4341 757 4391 menta
784 4337 1025 4392 scribit
1010 4358 1071 4396 ιιι
1096 4349 1142 4395 4.
1167 4341 1222 4394 d.
1258 4350 1275 4396 l
1310 4360 1364 4410 q.
1396 4353 1426 4399 5
1452 4342 1602 4396 circi
1629 4344 1832 4398 finem:
1875 4346 1973 4406 „In
2015 4345 2460 4415 quibuscunque
2500 4347 2655 4402 enim
2696 4347 3070 4402 sacramentis
3100 4347 3201 4401 im·

568 4417 840 4486 primitur
864 4417 1165 4490 dispositio
1185 4421 1258 4475 ad
1286 4425 1551 4476 eflectum
1579 4423 1977 4495 principalem,
2018 4425 2066 4478 si
2106 4430 2342 4496 propter
2366 4426 2629 4480 obicem
2614 4445 2675 4480 ιιι
2703 4426 3052 4498 suscipiente
3083 4447 3201 4482 nou

568 4501 837 4552 causatur
864 4502 1003 4555 tunc
1030 4504 1263 4556 eftectus
1291 4502 1663 4573 principalis:
1689 4507 1943 4558 cessante
1972 4505 2132 4560 obice
2173 4506 2387 4562 sufficit
2411 4507 2712 4578 dispositio
2739 4509 2810 4561 ad
2841 4507 3009 4562 illum
3038 4510 3200 4562 effec-

568 4578 690 4630 tum
718 4578 1113 4648 principalem,
1160 4584 1227 4634 ut
1264 4586 1507 4652 apparet
1550 4583 1610 4636 in
1656 4583 2024 4638 sacramentis
2064 4584 2515 4655 inprimentibus
2542 4588 2977 4642 characterem.
3037 4587 3201 4643 Circa

565 4662 916 4713 sacramenta
942 4661 1295 4715 matrimonii
1323 4665 1382 4716 et
1406 4666 1689 4753 extremae
1721 4664 2010 4719 unctionis
2036 4665 2095 4718 id
2125 4683 2308 4735 neque
2336 4668 2586 4722 affirmat
2624 4667 2811 4737 neque
2852 4665 3058 4740 negat:
3101 4670 3199 4724 sed

565 4738 756 4804 quoad
783 4738 1202 4808 poenitentiam
1232 4740 1292 4795 id
1323 4746 1515 4813 negat.
