3538 5364
1363 339 1442 394 De
1470 339 1817 393 eucharistia
1844 355 2075 396 errores.
2896 348 3025 413 295

405 546 584 604 quam
615 527 1003 588 eucharistiae
1034 526 1488 586 celebrationem
1520 526 1908 597 admiserunt,
1952 527 2161 586 saltem
2194 545 2227 583 a
2259 526 2451 601 specie
2485 525 2610 585 vini
2641 526 3024 586 abstinebant

407 614 489 697 (n.
525 625 647 680 395
662 612 733 699 ³).
767 649 852 659 —-
885 615 1328 675 Controversiae
1360 616 1519 675 inter
1549 615 1932 674 Paschasium
1978 614 2446 674 Radbertum
2482 610 2543 694 (†
2577 611 2731 697 865)
2776 619 2838 674 et
2884 617 3023 676 Ra-

405 712 786 765 tramnum
830 707 946 764 huc
988 723 1110 764 non
1154 708 1452 781 spectant:
1499 708 1714 763 neuter
1743 704 1902 763 enim
1936 704 2191 782 negabat
2221 704 2441 764 realem
2471 704 2665 763 carnis
2698 704 2915 765 Christi
2962 707 3024 764 in

404 795 761 855 eucharistia
791 794 1198 870 praesentiam,
1246 794 1349 852 sed
1396 793 1667 869 quaestio
1713 797 1857 865 erat,
1904 794 2166 870 possitne
2212 793 2328 852 dici
2367 794 2521 853 idem
2554 811 2770 870 corpus
2803 795 3025 855 Christi

404 903 535 943 esse
579 884 645 942 in
687 882 1064 955 eucharistia,
1111 883 1273 958 quod
1304 886 1512 942 natum
1545 886 1639 941 est
1669 902 1736 941 ex
1772 883 1954 942 Maria
1986 882 2048 941 V.
2082 886 2190 941 etc.
2225 879 2323 965 (cf.
2355 902 2413 942 ιι.
2451 878 2657 963 357⁶).
2698 916 2772 925 —
2811 884 3023 944 Scotus

404 973 740 1050 Erigone
783 969 844 1047 (†
887 991 935 1032 c.
985 969 1138 1055 874)
1183 972 1399 1031 realem
1445 971 1705 1047 corporis
1751 971 1968 1031 Christi
2012 972 2075 1030 in
2123 972 2479 1031 eucharistia
2511 973 2902 1049 praesentiam
2936 975 3023 1032 vi-

404 1063 585 1122 detur
613 1080 875 1141 negasse,
921 1061 1062 1121 satis
1105 1061 1385 1138 ambigue
1415 1061 1573 1119 enim
1618 1061 1908 1136 loquitur.
1972 1063 2243 1121 Ceterum
2289 1062 2419 1137 ejus
2463 1063 2502 1120 l.
2549 1062 2620 1120 de
2666 1062 3028 1122 eucharistia

404 1154 609 1211 contra
638 1151 1013 1211 Paschasium
1045 1149 1395 1210 Ratbertum
1440 1168 1561 1209 non
1605 1150 1863 1226 amplius
1904 1155 2194 1226 superest,
2240 1168 2435 1227 neque
2469 1151 2653 1210 seriae
2684 1154 3024 1211 controver-

405 1241 526 1300 siae
556 1240 723 1300 dedit
750 1241 964 1300 locum.
995 1273 1082 1283 —
1114 1239 1430 1298 Undecimo
1461 1239 1721 1315 primum
1740 1240 1938 1298 seculo
1957 1239 2251 1299 Ecclesiae
2272 1240 2444 1299 fidem
2478 1243 2680 1316 aperte
2709 1240 3024 1317 impugna-

404 1331 496 1390 vit
524 1329 1051 1408 Berengarius
1078 1326 1158 1410 ¹):
1209 1347 1414 1388 verum
1460 1329 1601 1387 haec
1633 1329 2036 1387 controversia
2066 1328 2226 1388 inter
2257 1329 2486 1389 scholae
2519 1330 2772 1406 parietes
2804 1331 3026 1389 mansit

404 1420 653 1489 inclusa,
701 1437 836 1478 cum
883 1419 988 1477 ille
1031 1436 1152 1478 non
1198 1418 1420 1477 multos
1466 1416 1742 1477 habuerit
1773 1418 2041 1487 asseclas,
2089 1418 2438 1495 nulliusque
2471 1423 2664 1478 sectae
2696 1419 3024 1479 haereticae

405 1508 705 1567 exstiterit
747 1511 970 1578 auctor,
1019 1508 1137 1567 imo
1183 1526 1359 1566 suum
1406 1507 1819 1565 retractaverit
1862 1526 2117 1567 errorem
2166 1503 2227 1589 (†
2278 1519 2303 1570 1
2321 1507 2490 1586 088).
2552 1508 2844 1567 Errarunt
2887 1509 3027 1569 dein

405 1598 558 1656 circa
587 1598 700 1656 hoc
731 1599 1160 1657 sacramentum
1184 1597 1334 1655 aliae
1353 1595 1641 1673 quaedam
1659 1596 1841 1655 medii
1873 1597 2002 1656 aevi
2034 1601 2245 1666 sectae,
2281 1600 2353 1656 ut
2381 1597 2735 1674 albigenses,
2768 1598 3026 1657 walden-

407 1705 518 1758 ses,
551 1686 900 1762 wicleffitae‚
936 1685 1196 1745 hussitae
1226 1688 1356 1756 etc„
1390 1685 1497 1761 qui
1530 1688 1828 1762 negarunt
1858 1686 2074 1745 realem
2108 1687 2501 1762 praesentiam
2523 1685 2790 1762 corporis
2812 1687 3026 1746 Christi

405 1776 500 1835 vel
530 1777 742 1835 saltem
772 1774 1524 1836 transsubstantiationem.
1566 1809 1635 1819 -—
1672 1774 1942 1834 Infausto
1972 1775 2214 1834 tandem
2247 1794 2359 1838 sec.
2394 1776 2543 1839 XVI.
2575 1778 2879 1836 reservata
2909 1776 3027 1836 fuit

403 1868 607 1941 aperta
636 1867 699 1923 et
728 1866 998 1940 pertinax
1031 1864 1214 1941 hujus
1244 1864 1516 1941 mysterii
1547 1864 1765 1922 amoris
1797 1864 1989 1923 divini
2018 1863 2393 1942 impugnatio
2413 1868 2594 1940 atque
2614 1865 2789 1924 realis
2807 1865 3024 1924 Christi

403 1956 468 2013 in
498 1954 703 2013 eodem
722 1953 1089 2029 praesentiae
1109 1953 1365 2031 negatio,
1414 1952 1596 2028 Cujus
1620 1951 1862 2011 nefandi
1894 1954 2109 2012 erroris
2140 1962 2413 2014 auctores
2447 1954 2828 2031 fautoresque
2860 1955 3025 2015 fuere

404 2043 1029 2111 Carolostadius,
1080 2044 1457 2113 Bucerus,
1509 2041 1976 2119 Zwinglius‚
2031 2042 2676 2119 Oecolampadius
2727 2047 2854 2116 etc„
2907 2063 3026 2104 non

404 2150 544 2191 vero
575 2131 963 2192 Lutherus
986 2128 1039 2213 8)
1058 2175 1072 2203 ,
1106 2130 1473 2208 quiquidem
1493 2130 1648 2190 circa
1673 2131 1792 2190 alia
1821 2130 2099 2208 dogmata
2129 2131 2200 2190 de
2230 2132 2340 2191 hoc
2372 2137 2739 2192 sacramento
2771 2133 3028 2192 tenenda

404 2220 644 2291 erravit,
692 2221 910 2280 realem
950 2238 1090 2280 vero
1123 2220 1386 2296 corporis
1420 2219 1637 2279 Christi
1683 2221 1744 2278 in
1792 2219 2152 2278 eucharistia
2183 2221 2577 2296 praesentiam
2611 2239 2732 2280 non
2763 2223 3024 2300 negavit,

404 2310 521 2369 etsi
568 2310 842 2380 libenter,
891 2310 1008 2369 nisi
1057 2309 1374 2369 verborum
1405 2308 1623 2367 Christi
1656 2308 1959 2368 evidentia
1989 2309 2341 2380 obstitisset,
2389 2328 2648 2369 errorem
2685 2312 3025 2386 oppositum

404 2401 564 2458 esset
592 2399 919 2475 amplexus,
953 2418 1089 2458 nam
1121 2398 1336 2475 dogma
1367 2399 1438 2457 de
1470 2397 1616 2457 reali
1650 2399 1985 2476 praesentia
2016 2398 2166 2457 male
2198 2399 2470 2458 cohaeret
2501 2416 2634 2458 cum
2668 2400 2798 2475 ejus
2830 2420 3027 2460 errore

405 2488 479 2547 de
510 2489 636 2546 sola
668 2487 782 2546 fide
804 2488 1169 2565 justificante
1201 2492 1260 2547 et
1294 2505 1430 2547 cum
1446 2488 1657 2564 jejuna
1677 2487 1934 2564 opinone
1955 2487 2026 2546 de
2047 2486 2304 2547 efficacia
2323 2491 2839 2549 sacramentorum.
2873 2492 3028 2567 Lege

405 2576 711 2635 candidam
743 2578 872 2653 ejus
891 2577 1317 2636 confessionem
1350 2577 1414 2635 in
1446 2595 1539 2651 ep.
1569 2577 1642 2635 ad
1675 2580 2229 2654 argentoratenses:
2263 2577 2432 2647 ,Hoc
2463 2576 2707 2636 diffiteri
2738 2595 2858 2637 non
2889 2597 3027 2655 pos-

405 2686 557 2738 sum,
603 2685 711 2726 nec
741 2667 894 2736 volo,
947 2666 1110 2743 quod
1153 2665 1205 2726 si
1247 2665 1685 2726 Carolostadius
1718 2670 1825 2725 aut
1854 2665 2011 2725 alius
2043 2666 2341 2743 quispiam
2373 2672 2511 2727 ante
2543 2666 3026 2742 quinquennium

403 2756 553 2814 mihi
583 2756 938 2831 persuadere
968 2756 1282 2832 potuisset,
1329 2757 1393 2814 in
1439 2759 1806 2814 sacramento
1839 2759 2072 2832 praeter
2101 2775 2315 2832 panem
2346 2763 2408 2815 et
2453 2757 2660 2815 vinum
2692 2774 2822 2816 esse
2853 2757 3023 2827 nihil,

403 2845 509 2904 ille
538 2864 808 2922 magno
840 2864 934 2904 me
964 2844 1362 2905 beneficio
1395 2844 1512 2903 sibi
1544 2845 1888 2904 devinctum
1920 2844 2296 2906 reddidisset.
2347 2844 2640 2905 Gravibus
2672 2846 2835 2905 enim
2865 2847 3025 2905 curis

403 2934 616 2993 anxius
659 2938 722 2993 et
765 2934 829 2993 in
873 2934 982 2993 hac
1028 2934 1404 2993 discutienda
1447 2934 1694 2993 materia
1737 2934 1999 2994 multum
2031 2933 2328 2994 desudans
2361 2935 2637 2994 omnibus
2684 2935 2883 2994 nervis
2929 2954 3027 2993 ex-

402 3023 590 3082 tensis
619 3041 714 3081 me
745 3024 1030 3082 extricare
1075 3027 1136 3082 et
1179 3023 1455 3100 expedire
1486 3029 1733 3082 conatus
1766 3042 1917 3094 sum,
1966 3041 2099 3082 cum
2146 3024 2273 3099 ipse
2318 3023 2765 3100 perspiciebam,
2815 3024 2922 3084 hac
2964 3044 3028 3084 re

406 3112 651 3188 papatui
684 3112 745 3170 in
775 3112 987 3189 primis
1017 3130 1113 3171 me
1144 3111 1315 3171 valde
1345 3111 1779 3171 incommodare
1805 3130 1995 3187 posse.
2042 3112 2263 3172 Verum
2295 3132 2405 3193 ego
2437 3132 2529 3173 me
2561 3117 2802 3189 captum
2836 3113 3027 3184 vide0,

404 3201 574 3260 nulla
603 3201 887 3261 evadendi
937 3201 1030 3260 via
1070 3201 1276 3261 relicta
1320 3203 1442 3271 est;
1489 3204 1692 3260 textus
1723 3200 1884 3259 enim
1916 3202 2226 3279 Evangelii
2259 3202 2509 3262 nimium
2541 3206 2783 3279 apertus
2828 3206 2922 3263 est
2966 3207 3028 3261 et

403 3292 636 3366 patens,
669 3290 773 3365 qui
804 3289 975 3349 facile
996 3290 1246 3349 convelli
1275 3309 1396 3349 non
1428 3293 1688 3365 potest.‘
1739 3323 1811 3333 —
1845 3290 2214 3350 Calvinus
2244 3290 2500 3350 mediam
2519 3292 2680 3351 inter
2698 3292 3029 3351 Lutherum

403 3382 466 3437 et
497 3378 851 3456 Zwinglium
883 3378 1027 3437 iniit
1059 3380 1215 3438 viam
1247 3381 1462 3456 negata
1493 3378 1638 3438 reali
1661 3378 1922 3454 corporis
1945 3379 2165 3439 Christi
2196 3380 2260 3438 in
2293 3380 2651 3440 eucharistia
2679 3386 2742 3440 et
2772 3381 3031 3440 admissa
3072 3389 3081 3408 ⁶

404 3468 533 3527 sola
563 3468 809 3527 virtuali
843 3470 1196 3544 praesentia,
1249 3471 1546 3544 quatenus
1595 3468 1720 3530 scil.
1769 3487 1804 3526 a
1847 3485 2089 3542 corpore
2137 3469 2353 3529 Christi
2397 3470 2460 3528 in
2506 3471 2669 3529 coelo
2707 3471 3029 3529 exsistente

403 3558 601 3617 virtus
621 3557 908 3632 quaedam
938 3558 1001 3616 in
1021 3557 1202 3634 digne
1221 3557 1725 3617 communicantes
1745 3556 2078 3620 irradiatur.
2102 3590 2188 3603 --
2208 3559 2257 3616 A
2275 3578 2316 3617 n
2329 3559 2443 3636 gli
2461 3577 2539 3617 ca
2553 3560 2630 3617 ni
2660 3578 2800 3619 vero
2821 3579 3028 3636 quam-

402 3647 497 3705 vis
541 3645 739 3705 verbis
781 3646 1099 3706 videantur
1127 3646 1442 3705 admittere
1473 3647 1691 3704 realem
1725 3645 1943 3704 Christi
1991 3646 2054 3705 in
2099 3646 2458 3706 eucharistia
2501 3648 2917 3725 praesentiam,
2966 3649 3028 3707 in

406 3735 872 3794 calvinianorum
904 3735 1128 3811 delapsi
1160 3739 1305 3795 sunt
1337 3751 1579 3793 errores,
1643 3734 1725 3794 Cf.
1757 3735 1996 3794 Pesch
2028 3735 2107 3793 VI
2137 3755 2195 3799 n.
2232 3746 2357 3800 564
2393 3755 2471 3798 ss.

583 3858 730 3922 331.
763 3853 1006 3919 Contra
1035 3855 1156 3919 hos
1188 3855 1606 3921 adversarios
1640 3853 1871 3918 statuit
1901 3855 2242 3919 concilium
2278 3856 2454 3919 trid.
2488 3875 2642 3921 sess.
2673 3862 2749 3926 13
2784 3873 2923 3920 can.
2962 3860 3028 3922 1:

413 3957 517 4033 ,Si
549 3961 689 4043 quis
721 3961 1049 4042 negaverit
1093 3962 1157 4025 in
1189 3982 1272 4025 ss.
1306 3961 1737 4026 eucharistiae
1787 3968 2199 4026 sacramento
2246 3963 2557 4028 contineri
2600 3981 2810 4038 vere,
2858 3981 3028 4027 rea-

627 4175 663 4244 1)
692 4171 775 4229 Cf.
802 4173 872 4226 de
897 4173 1022 4245 ipso
1064 4173 1300 4242 ejusque
1344 4171 1629 4228 erroribus
1671 4173 1716 4226 G
1737 4190 1775 4226 u
1792 4172 1812 4226 i
1831 4176 1924 4226 tm
1947 4191 1981 4226 u
2001 4173 2089 4226 nd
2107 4192 2145 4227 u
2163 4193 2187 4226 s
2228 4174 2297 4227 de
2339 4193 2492 4244 corp.
2533 4177 2591 4229 et
2630 4190 2786 4244 sang.
2818 4173 3030 4228 Christi

409 4251 649 4306 veritate
674 4251 713 4306 l.
743 4259 768 4306 1
799 4270 853 4307 n.
883 4262 914 4308 5
941 4270 1042 4311 ss.;
1070 4251 1421 4305 Brischar
1447 4251 1567 4305 KL²
1597 4259 1645 4316 2,
1669 4258 1983 4312 391—-404;
2011 4254 2413 4309 Schnitzer
2438 4254 2725 4325 Berengar
2747 4270 2854 4308 von
2877 4253 3030 4308 Tour

409 4331 531 4387 sein
557 4331 746 4388 Leben
774 4333 892 4386 und
920 4333 1073 4386 seine
1102 4332 1298 4397 Lehre,
1324 4335 1615 4404 Stuttgart
1649 4339 1813 4394 1892ς
1856 4333 1903 4387 D
1922 4337 2123 4389 elai-e
2164 4334 2224 4387 in
2253 4335 2445 4389 Revue
2487 4335 2585 4389 des
2624 4352 2719 4403 qq.
2747 4334 2881 4388 hist.
2909 4334 3029 4399 XX,

410 4419 436 4468 1
448 4420 610 4468 15—l
626 4419 710 4470 56.

623 4496 664 4564 ²)
690 4492 954 4547 Aliorum
981 4495 1412 4549 reformatorum
1443 4494 1773 4548 testimonia
1801 4511 1903 4565 pro
1930 4495 2197 4565 dogmate
2225 4496 2296 4552 cf.
2323 4495 2535 4567 passim
2565 4495 2625 4548 in
2646 4514 2738 4565 op.
2761 4495 3030 4550 Beleuch-

406 4576 554 4643 tung
580 4572 680 4626 der
712 4572 1070 4629 Vorurtheile
1097 4573 1274 4628 wider
1299 4574 1393 4628 die
1433 4574 1593 4630 kath.
1621 4573 1847 4639 Kirche,
1890 4592 2002 4629 von
2028 4575 2214 4629 einem
2257 4579 2488 4645 protest.
2514 4576 2691 4629 Laien
2720 4575 2953 4630 Zfirichs
2986 4585 3028 4630 l.

406 4655 447 4717 Ι,
475 4659 544 4710 96
570 4671 671 4712 ss.;
699 4660 748 4710 2.
776 4653 845 4717 ΙΙ,
876 4659 962 4707 42.
992 4657 1060 4711 70
1086 4672 1175 4719 ss„
1200 4655 1486 4710 Lucernae
1518 4662 1656 4710 1844
1680 4654 1766 4710 ed.
1796 4662 1844 4712 3.
1889 4655 1969 4709 De
1996 4655 2284 4710 erroribus
2309 4656 2684 4726 Zwinglii,
2727 4655 2816 4711 Ca
2834 4656 2852 4710 l
2871 4656 3030 4710 vini

404 4736 510 4787 etc.
537 4734 607 4788 cf.
637 4734 1105 4789 Bellarminu
1127 4755 1151 4788 s
1177 4735 1247 4790 de
1274 4735 1501 4788 cuchar.
1531 4735 1572 4800 I,
1605 4744 1666 4794 12
1723 4734 2032 4799 Mohler,
2072 4736 2367 4804 Symbolik
2407 4746 2434 4803 ᾗ
2475 4743 2574 4796 35;
2624 4735 2879 4789 Wiuer
2914 4753 3029 4789 ver-

403 4814 616 4884 gleich.
643 4814 909 4869 Darstell.
938 4833 992 4885 p.
1026 4823 1126 4873 136
1154 4835 1224 4870 ss.
