3538 5364
584 277 704 341 176
873 267 1058 321 'Pi-act.
1087 267 1234 320 VIIl.
1263 267 1331 320 de
1352 266 1785 337 justificatione.
1813 266 2092 334 Reliquae
2120 283 2213 334 qq.
2242 266 2311 319 de
2339 265 2656 320 virtutibus
2684 266 2907 320 infusis

575 455 858 514 orationis
891 455 1219 513 dominicae
1249 455 1313 514 in
1346 454 1553 530 lingua
1584 454 1771 513 latina
1799 472 1919 511 non
1953 453 2276 529 opponitur
2295 453 2515 512 oblivio
2535 452 2804 529 ejusdem
2833 453 2899 511 in
2930 452 3049 510 alia
3080 452 3199 510 lin-

574 563 708 620 gua.
773 540 839 607 2.
878 544 1177 620 Distingui
1208 545 1384 603 debet
1413 544 1629 618 duplex
1661 543 1915 601 facilitas
1945 543 2040 600 vel
2073 542 2410 612 difficultas,
2455 562 2575 601 una
2608 542 2858 611 interna,
2907 560 3060 616 quae
3091 562 3201 618 per

575 651 637 692 se
668 634 829 691 inest
859 633 1049 692 cuivis
1082 633 1350 692 facultati
1372 637 1648 707 respectu
1681 633 1774 691 sui
1807 638 2006 691 actus:
2040 632 2225 690 altera
2257 650 2408 706 quae
2440 632 2635 689 oritur
2667 650 2735 689 ex
2767 631 3068 707 adjunctis
3102 650 3200 689 ex-

571 722 779 780 ternis.
826 723 1017 796 Atqui
1050 723 1244 780 virtus
1277 722 1472 780 infusa
1504 721 1730 780 confert
1750 721 2003 797 priorem
2027 721 2388 791 facilitatem,
2427 721 2531 779 sed
2562 740 2682 778 non
2715 721 2909 779 aufert
2941 720 3199 778 difficul÷

573 814 777 883 tatem,
813 830 965 887 quae
997 811 1190 870 oritur
1221 830 1290 869 ex
1321 811 1526 869 fomite
1547 811 2076 886 concupiscentiae,
2112 810 2548 868 tentationibus
2583 808 2666 889 (n.
2696 819 2838 873 183.
2862 805 3054 890 2033)
3092 817 3204 872 etc,

575 901 849 976 quamvis
884 896 944 965 3.
980 919 1169 977 saepe,
1212 901 1562 976 praesertim
1595 900 1646 956 si
1680 899 1907 958 fervida
1936 899 2259 975 praecessit
2290 899 2679 975 praeparatio,
2713 918 2929 975 pravos
2962 917 3203 974 quoque

575 990 833 1060 habitus,
870 991 921 1048 si
951 1009 1071 1048 non
1103 990 1347 1065 penitus
1380 989 1687 1064 exstirpet,
1722 990 1983 1047 multum
2015 989 2275 1047 refrenet
2306 988 2808 1064 difficultatesque
2840 987 3094 1048 minuat.

762 1124 906 1177 911.
941 1108 1294 1179 Scholion
1330 1111 1430 1179 II.
1494 1114 1768 1173 Breviter
1800 1115 2108 1172 nonnullae
2139 1117 2495 1190 quaestiones
2525 1117 2668 1172 sunt
2700 1113 3034 1172 solvendae.

760 1198 820 1268 l.
853 1204 1188 1275 Quaeritur,
1240 1224 1382 1263 num
1430 1207 1496 1262 in
1530 1204 1941 1278 justificatione
1988 1206 2225 1261 virtutes
2270 1207 2441 1262 etiam
2489 1204 2737 1261 morales
2786 1203 3200 1275 infundantur.

580 1293 960 1352 Communior
1003 1300 1096 1350 est
1140 1294 1436 1352 sententia
1467 1293 1785 1362 affirmans»,
1833 1312 1985 1367 quae
2030 1293 2248 1351 nititur
2278 1293 2668 1369 argumentiS,
2717 1292 2938 1366 quibus
2984 1292 3206 1349 thesim

577 1372 1136 1441 demonstravimus,
1172 1381 1339 1450 Quod
1363 1384 1491 1458 ejus
1513 1381 1935 1440 certitudinem
1955 1384 2192 1454 attinet,
2236 1382 2454 1440 statuit
2486 1386 2521 1441 S
2538 1402 2581 1439 u
2598 1400 2720 1439 are
2737 1401 2766 1438 z
2797 1381 2869 1439 de
2889 1381 3088 1457 gratia
3108 1380 3204 1449 VI,

583 1482 616 1533 9
653 1490 712 1533 n.
752 1481 858 1533 15:
911 1471 1435 1539 ,concludendum
1482 1475 1573 1529 est
1617 1471 1823 1548 igitur,
1872 1471 2023 1529 hanc
2061 1472 2448 1529 assertionem
2481 1472 2672 1530 solum
2706 1487 2831 1528 esse
2864 1470 3204 1546 opinionem

579 1559 975 1636 theologicam
1008 1560 1478 1635 probabiliorem,
1528 1580 1647 1619 non
1680 1561 1919 1634 quidem
1954 1579 2021 1619 eo
2054 1561 2115 1617 in
2149 1561 2353 1636 gradu,
2403 1563 2469 1619 ut
2514 1559 2812 1618 contraria
2844 1559 3204 1617 temeritatis

582 1652 726 1707 nota
757 1650 853 1707 vel
886 1650 1002 1707 alia
1034 1650 1218 1708 simili
1251 1650 1552 1707 censurari
1581 1650 1791 1725 possit,
1827 1650 1927 1707 sed
1962 1650 2151 1707 solum
2184 1652 2255 1707 ut
2288 1670 2321 1707 a
2352 1649 2630 1724 pluribus
2660 1648 2957 1724 theologis
2990 1648 3207 1723 proba-

582 1742 706 1797 tam
738 1743 799 1796 et
829 1739 1059 1797 ratione
1091 1739 1307 1797 melius
1339 1738 1644 1797 fundatam
1678 1740 1991 1815 magisque
2022 1739 2178 1814 piam
2212 1742 2274 1797 et
2303 1739 2475 1796 modo
2508 1739 2689 1796 etiam
2721 1738 3007 1811 loquendi
3040 1756 3207 1796 sanc-

581 1833 783 1886 torum
811 1828 1004 1904 magis
1037 1831 1551 1886 consentaneam«
1623 1829 1701 1887 Cf.
1735 1847 1781 1887 S.
1816 1829 2133 1886 Thomas
2173 1839 2222 1891 1.
2260 1838 2293 1890 2
2331 1848 2386 1903 q.
2423 1837 2502 1890 63
2538 1848 2586 1888 a.
2626 1836 2694 1896 33
2729 1846 2784 1902 q.
2822 1836 2900 1890 65
2937 1847 2986 1884 a.
3025 1836 3080 1889 3.

758 1931 822 1996 2.
855 1934 1192 2004 Quaeritur,
1225 1936 1455 2011 quando
1485 1936 2131 2009 infundanturhabitus
2160 1936 2293 2010 fidei
2324 1942 2376 1992 et
2405 1936 2547 2009 spei,
2578 1953 2717 1991 nam
2748 1932 3020 1991 habitum
3054 1932 3205 1991 cari-

579 2023 724 2081 tatis
757 2023 818 2080 in
843 2024 1272 2098 justificatione
1306 2024 1541 2083 infundi
1565 2028 1731 2082 extra
1749 2024 2214 2082 controversiam
2249 2028 2356 2084 est.
2405 2024 2614 2082 Plures
2646 2041 2784 2081 cum
2815 2022 2904 2080 Ca
2910 2023 2936 2097 j
2956 2026 3133 2081 etan
3153 2040 3205 2090 o,

582 2111 895 2169 Valenti
916 2132 966 2182 a,
1003 2115 1283 2172 Suarez
1315 2116 1423 2170 etc.
1459 2117 1716 2182 censent,
1752 2131 1852 2171 eos
1885 2113 2123 2172 infundi
2156 2113 2377 2171 adultis
2390 2113 2516 2188 jam
2537 2116 2674 2170 ante
2685 2112 3206 2188 justificationem,

582 2220 762 2275 quam
807 2201 1064 2276 primum
1113 2201 1169 2259 hi
1220 2202 1454 2261 actibus
1501 2202 1636 2259 fidei
1683 2207 1745 2259 et
1791 2203 1917 2277 spei
1965 2203 2037 2260 ad
2084 2221 2289 2261 eorum
2338 2202 2695 2260 infusionem
2732 2205 2878 2259 sunt
2909 2200 3207 2276 dispositi.

580 2290 701 2348 Alii
734 2308 867 2348 cum
902 2309 978 2348 sa.
1011 2290 1285 2349 Thoma
1316 2294 1379 2349 et
1409 2293 1981 2361 Bonaventura,
2015 2291 2364 2366 Arriaga,
2400 2290 2733 2366 Ripalda
2764 2293 2873 2352 etc.
2907 2293 3207 2359 statuunt,

580 2397 680 2438 eos
725 2380 788 2437 in
836 2380 969 2455 ipsa
1005 2380 1434 2455 justificatione
1481 2381 1738 2452 infundi,
1784 2381 1926 2456 quia
1961 2381 2227 2455 alioquin
2260 2381 2596 2455 baptismus
2633 2398 2943 2454 nunquam
2988 2398 3096 2455 per
3144 2398 3209 2437 se

579 2468 716 2527 illos
736 2469 1079 2527 infunderet
1098 2470 1339 2540 adultis,
1374 2474 1434 2528 et
1464 2473 1664 2528 tamen
1688 2472 1864 2545 juxta
1896 2488 2052 2528 conc.
2086 2469 2615 2528 tridentinum
2647 2469 2829 2528 simul
2860 2487 2996 2527 cum
3020 2468 3207 2543 justi-

579 2558 849 2616 ficatione
881 2562 942 2617 et
973 2559 1218 2617 caritate
1251 2558 1550 2634 accipiunt
1574 2559 1946 2632 justificandi
1980 2559 2158 2617 fidem
2190 2564 2251 2616 et
2297 2577 2463 2634 spem
2499 2557 2580 2636 (n.
2619 2554 2826 2638 2092).
2895 2557 2974 2616 cf.
3008 2558 3203 2615 Maz-

579 2646 778 2706 zella
808 2647 880 2706 de
913 2649 1047 2710 virt.
1080 2647 1185 2711 inf.
1219 2648 1271 2706 d.
1314 2660 1335 2710 1
1380 2668 1428 2710 a.
1469 2660 1539 2718 73
1571 2649 1815 2707 Pesch
1853 2647 1988 2706 VIII
2021 2667 2183 2724 prop.
2222 2658 2277 2710 3.

760 2750 822 2820 3.
855 2755 1187 2826 Quaeritur,
1235 2757 1524 2832 quodnam
1569 2758 1646 2813 sit
1677 2757 1989 2813 disera'men
2022 2758 2174 2813 inter
2202 2759 2460 2833 qratiam
2480 2751 2925 2830 justificationis
2957 2762 3007 2811 et
3038 2754 3205 2812 habi-

580 2853 702 2902 tum
733 2847 1012 2902 caritatis.
1064 2844 1262 2913 ,Haec
1293 2845 1712 2914 controversia,
1746 2845 1948 2918 inquit
1982 2845 2312 2919 Ripalda
2344 2845 2398 2905 d.
2440 2853 2558 2906 132
2597 2863 2643 2902 s.
2680 2855 2734 2914 4,
2779 2845 2920 2902 olim
2954 2843 3205 2902 celebris

579 2935 712 3003 fuit,
747 2952 907 2991 nunc
937 2934 1107 2992 facile
1141 2933 1470 2991 dirimitur:
1505 2952 1641 2991 cum
1666 2936 1793 3010 jam
1814 2934 2165 3001 constiterit,
2201 2934 2430 2992 nullius
2448 2934 2637 3009 partis
2659 2936 3013 3011 argumenta
3030 2933 3205 3008 plene

580 3022 985 3081 convincere«
1052 3023 1187 3079 Non
1221 3022 1442 3081 desunt
1471 3041 1680 3099 graves
1714 3023 1994 3100 theologi,
2044 3026 2116 3080 ut
2163 3026 2471 3092 Scotus,
2517 3023 2750 3098 Vega,
2785 3021 3204 3080 Bellarmi-

579 3129 754 3176 nus,
792 3109 1167 3185 Vasquez,
1215 3110 1516 3179 Estius,
1564 3113 1904 3170 Antoine
1950 3112 2175 3181 etalii,
2225 3112 2330 3187 qui
2378 3111 2758 3181 contendant,
2803 3111 3044 3169 nullum
3075 3130 3206 3170 esse

580 3200 735 3259 reale
756 3199 1092 3271 discrimen,
1128 3199 1228 3256 sed
1251 3200 1498 3273 rationis
1519 3204 1787 3259 tantum:
1821 3201 2188 3274 maximeque
2208 3200 2315 3258 illo
2338 3202 2622 3258 nituntur
2640 3203 3010 3276 argumento,
3045 3201 3209 3275 quod

580 3289 805 3366 gratiae
837 3290 899 3345 et
930 3288 1163 3346 caritati
1195 3287 1374 3346 iidem
1406 3290 1581 3364 plane
1614 3290 1858 3347 effectus
1890 3289 2322 3359 adscribantur,
2356 3292 2417 3347 et
2447 3290 2606 3364 quod
2641 3290 2781 3347 haec
2814 3288 2935 3346 duo
2967 3290 3208 3347 nomina

581 3378 913 3452 promiscue
945 3377 1213 3435 adhiberi
1245 3378 1491 3436 soleant.
1558 3379 1832 3453 Plerique
1865 3381 2063 3436 tamen
2096 3379 2377 3454 theologi,
2427 3382 2499 3436 ut
2543 3397 2587 3436 S.
2620 3379 3208 3447 Bonaventura,

583 3486 629 3529 s,
660 3466 975 3524 Thomas
1015 3477 1065 3529 1.
1091 3476 1203 3542 2q.
1233 3477 1352 3529 110
1388 3488 1436 3530 a.
1474 3475 1529 3528 3.
1566 3477 1635 3537 43
1670 3487 1765 3542 qq.
1801 3467 1949 3543 disp.
1983 3467 2054 3525 de
2087 3486 2204 3525 ver.
2239 3487 2294 3542 q.
2320 3477 2396 3530 27
2432 3487 2481 3530 a.
2518 3472 2635 3528 2et
2656 3473 2793 3543 post
2814 3469 3012 3542 ipsum
3044 3467 3208 3525 tho-

580 3556 874 3623 mistae‚
911 3559 1188 3615 Suarez
1225 3556 1316 3626 VI,
1365 3566 1459 3631 12,
1495 3557 1897 3626 Valentia,
1934 3557 2266 3631 Ripalda
2297 3560 2357 3614 et
2388 3557 2491 3614 alii
2522 3559 2776 3615 tuentur
2808 3557 2965 3615 reale
2997 3557 3207 3615 discri-

582 3664 716 3703 men
749 3645 1000 3720 gratiam
1034 3645 1193 3702 inter
1224 3648 1286 3703 et
1317 3645 1638 3715 caritatem,
1674 3647 1832 3720 quod
1867 3646 1928 3703 in
1962 3646 2069 3703 hac
2103 3646 2419 3721 hypothesi
2450 3646 2649 3703 omnia
2670 3645 2885 3704 melius
2908 3647 3206 3721 explicen·
3237 3718 3239 3720 ι

581 3736 683 3792 tur
714 3735 777 3792 et
806 3734 1168 3791 cohaereant.
1235 3733 1403 3791 Sicut
1447 3735 1512 3791 in
1557 3734 1762 3793 ordine
1795 3735 2078 3804 naturali,
2113 3735 2417 3809 inquiunt,
2454 3734 2918 3811 distinguuntur
2948 3735 3211 3794 essentia

582 3823 814 3880 animae
847 3825 904 3880 et
939 3824 1069 3897 ejus
1103 3822 1435 3890 facultateS,
1484 3824 1567 3881 ita
1609 3824 1671 3882 in
1720 3825 1926 3882 ordine
1976 3824 2415 3898 supernaturali
2450 3823 2751 3900 distingui
2785 3822 2964 3881 debet
2995 3824 3205 3900 grat-ia,

583 3931 734 3987 quae
766 3911 997 3986 perficit
1027 3913 1344 3970 essentiam
1377 3913 1626 3983 animae,
1676 3916 1974 3986 quatenus
2021 3917 2114 3971 est
2163 3913 2329 3970 radix
2362 3913 2704 3971 intellectus
2750 3915 2813 3970 et
2855 3913 3206 3982 voluntatiS,

583 4002 655 4059 ab
691 4000 1008 4070 habitibus,
1043 4002 1264 4076 quibus
1297 4002 1408 4059 hae
1442 4001 1754 4060 facultates
1788 4002 2209 4077 perficiuntur:
2243 4005 2316 4060 ut
2348 4002 2429 4060 ita
2461 4005 2625 4060 totus
2656 4002 2828 4059 homo
2861 4002 3058 4078 gratia
3089 4002 3208 4060 ele-

583 4093 775 4159 vetur,
808 4092 1207 4165 regeneretur,
1243 4089 1564 4152 deificetur.

760 4190 828 4257 4.
865 4195 1198 4264 Quaeritur,
1247 4197 1574 4271 cujusmodi
1604 4197 1680 4254 sit
1711 4198 1918 4255 relatio
1949 4198 2099 4255 inter
2126 4200 2385 4274 qratiam
2416 4198 2863 4271 sanctificantem
2895 4203 2945 4253 et
2975 4198 3212 4254 virtutes

583 4286 854 4358 infusas:
887 4285 982 4342 cui
1017 4286 1352 4359 quaestioni
1385 4285 1599 4343 melius
1629 4286 1971 4360 responderi
1992 4287 2223 4362 nequit,
2258 4305 2436 4361 quam
2468 4285 2667 4344 verbis
2702 4286 2923 4343 Thom
2943 4303 3023 4342 ae
3059 4295 3116 4348 3.
3153 4306 3210 4361 q.

588 4383 666 4435 62
703 4394 752 4431 a.
789 4383 855 4435 2:
893 4374 1139 4442 ‚Gratia
1170 4375 1496 4432 secundum
1532 4393 1593 4433 se
1626 4375 1994 4433 considerata
2025 4376 2254 4450 perficit
2287 4375 2608 4433 essentiam
2640 4375 2889 4440 animae,
2922 4374 2985 4431 in
3018 4393 3210 4450 quan-

583 4466 714 4520 tum
748 4463 1069 4538 participat
1100 4464 1360 4537 aliquam
1397 4464 1851 4522 similitudinem
1887 4464 2074 4521 divini
2107 4482 2268 4534 esse;
2303 4471 2363 4522 et
2393 4464 2549 4522 sicut
2580 4463 2653 4522 ab
2686 4464 2947 4522 essentia
2977 4464 3210 4522 animae

583 4552 784 4609 fluunt
814 4554 943 4627 ejus
975 4553 1294 4628 potentiae,
1327 4553 1414 4611 ita
1446 4574 1478 4610 a
1509 4555 1700 4628 gratia
1719 4554 1920 4611 fluunt
1939 4553 2331 4627 perfectiones
2356 4553 2428 4610 ad
2451 4554 2752 4627 potentias
2774 4553 3022 4621 animae,
3056 4572 3210 4628 quae

585 4640 885 4710 dicuntur,
934 4642 1192 4699 virtutes
1238 4645 1300 4700 et
1346 4643 1514 4711 dona,
1563 4643 1784 4717 quibus
1819 4641 2212 4715 perficiuntur
2243 4642 2543 4717 potentiae
2589 4643 2651 4700 in
2697 4642 2901 4701 ordine
2931 4642 3004 4699 ad
3038 4645 3210 4700 actus

586 4738 790 4790 suos.⁴¹
839 4730 919 4789 Cf.
961 4742 1011 4793 1.
1037 4740 1071 4792 2
1107 4751 1163 4806 p.
1198 4750 1251 4805 q.
1282 4741 1399 4793 110
1438 4752 1487 4788 a.
1524 4739 1595 4800 33
1632 4739 1688 4792 3.
1721 4751 1776 4805 q.
1804 4740 1834 4792 7
1871 4750 1919 4788 a.
1946 4740 2015 4800 23
2051 4749 2106 4805 q.
2132 4739 2210 4793 89
2234 4750 2282 4791 a.
2312 4742 2361 4792 1.
2411 4731 2783 4807 Quapropter
2804 4731 3020 4789 docent
3038 4731 3210 4789 theo-
