3538 5364
618 270 701 335 72
959 259 1143 313 Tract.
1179 258 1320 313 v111.
1348 258 1418 313 de
1444 257 1648 329 gratia.
1675 257 1877 312 'rhesis
1903 255 2240 314 CLXXXIX.
2268 257 2548 314 Omnibus
2574 258 2911 315 hominibus

613 461 742 509 nes
771 442 1068 507 homines
1099 440 1312 504 salvos
1340 437 1497 514 fieri,
1530 444 1596 504 et
1625 438 1790 514 ideo,
1823 437 2013 504 infert
2043 438 2158 527 Th
2175 458 2214 503 o
2231 458 2399 504 mas
2430 440 2572 505 lect.
2594 446 2635 510 3
2666 440 2732 504 in
2751 440 2947 506 Hebr.
2974 447 3074 519 12,
3095 461 3236 523 gra-

614 552 707 616 tia
736 548 892 613 nulli
923 548 1122 624 deest,
1154 546 1268 610 sed
1301 544 1619 621 omnibuS,
1653 551 1967 627 quantum
1997 546 2064 609 in
2081 565 2151 612 se
2177 552 2291 624 est,
2311 565 2384 611 se
2401 547 2894 612 communicat}
2936 546 3026 612 Cf.
3048 549 3236 613 etiam

612 657 708 723 Jo.
750 663 802 732 1,
836 661 909 724 9:
941 656 1108 720 Erat
1141 652 1252 717 lux
1282 673 1452 734 vera,
1484 672 1646 736 quae
1676 652 1995 716 illuminat
2027 672 2267 717 omnem
2297 652 2603 716 hominem
2633 656 2975 718 venientem
2995 657 3064 718 in
3081 656 3240 720 hunc

614 764 918 827 mundum
929 785 956 841 ,·
986 761 1169 826 Rom.
1204 764 1265 836 5,
1303 763 1383 828 15
1416 778 1530 835 ss.;
1569 764 1668 836 10,
1706 765 1820 835 12ς
1853 758 2049 840 Apoc.
2085 765 2143 836 3,
2177 765 2263 829 20
2296 766 2413 825 ete.

791 872 859 939 3.
893 869 987 934 Ea
1016 866 1430 949 consequitur
1481 885 1560 930 ex
1610 866 2010 932 theoremate
2042 866 2417 944 certissime,
2451 865 2774 932 Christum
2820 886 2942 950 pro
2993 870 3240 933 omni-

613 978 760 1041 bus
792 976 1054 1041 omnino
1089 972 1457 1037 hominibus
1487 977 1814 1035 mortuum
1845 990 1987 1037 esse
2018 973 2526 1056 sanguinemque
2558 992 2746 1039 suum
2766 972 3013 1041 fudisse
3043 975 3135 1063 (ΙΙ.
3156 977 3239 1040 th.

618 1089 696 1153 17
710 1084 804 1169 1):
854 1101 1081 1150 omnes
1127 1099 1298 1162 ergo,
1344 1086 1657 1163 quantum
1707 1085 1806 1145 est
1856 1098 1936 1144 ex
1981 1099 2070 1158 36,
2103 1080 2280 1145 Patri
2309 1080 2764 1159 reconciliavit,
2811 1082 3242 1165 omnibusque

612 1189 887 1272 gratiam
916 1187 1272 1270 promeruit
1304 1205 1380 1251 ac
1414 1187 1726 1267 sanguine
1778 1186 1934 1252 emit
1965 1206 2102 1263 su0,
2153 1193 2224 1251 ut
2258 1205 2482 1252 omnes
2513 1188 2881 1252 laetissimis
2914 1188 3106 1270 hujus
3136 1207 3236 1254 re-

612 1296 1079 1384 conciliationis
1112 1293 1418 1359 fructibus
1449 1294 1799 1376 potiantur.
1864 1294 1950 1358 Cf.
1984 1295 2332 1360 Thomas
2364 1312 2416 1359 c.
2450 1301 2674 1377 gentes
2705 1295 2797 1372 ΙΙΙ,
2836 1299 2986 1364 159.

788 1404 853 1473 4.
885 1402 1232 1468 Praeterea
1262 1407 1512 1466 certum
1559 1408 1674 1480 est,
1721 1401 1928 1467 Deum
1977 1402 2397 1484 impossibilia
2446 1422 2580 1467 non
2626 1402 3025 1484 praecipere,
3077 1420 3240 1485 quae

614 1512 907 1576 doctrina
936 1510 1239 1575 solemnis
1271 1515 1371 1574 est
1401 1509 1466 1572 in
1499 1510 1802 1573 universa
1833 1508 2134 1574 Ecclesia.
2185 1509 2347 1573 Hinc
2377 1508 2530 1574 Pius
2560 1509 2661 1573 VI.
2694 1509 3035 1573 damnavit
3064 1526 3239 1590 prop.

620 1624 700 1687 10
732 1618 958 1700 synodi
988 1616 1555 1700 pistoriensis,
1608 1634 1776 1698 ,qua
1823 1622 2007 1697 parte
2039 1616 2422 1697 generaliter
2450 1617 2660 1681 innuit
2690 1616 3026 1680 hominem
3057 1633 3242 1696 prae-

612 1724 1040 1789 varicatorem
1074 1724 1355 1788 evasisse
1387 1741 1503 1805 per
1530 1722 2079 1787 inobservantiam
2109 1722 2284 1802 legis,
2337 1740 2532 1805 quam
2564 1723 2888 1804 impotens
2922 1729 3097 1787 esset
3127 1720 3241 1785 ob·

613 1850 903 1908 servare3
950 1831 1138 1913 quasi
1182 1829 1576 1912 impossibile
1621 1829 1862 1912 aliquid
1906 1830 2186 1913 potuerit
2217 1829 2552 1911 imperare,
2601 1829 2709 1912 qui
2732 1829 2951 1911 J'ustus
2985 1835 3101 1905 est,
3134 1833 3244 1892 aut

613 1939 1036 2002 damnaturus
1068 1937 1151 2002 sit
1181 1936 1510 2001 hominem
1541 1955 1658 2017 pro
1691 1955 1790 2014 eo,
1824 1937 1997 2020 quod
2029 1956 2162 2001 non
2193 1938 2399 2019 potuit
2430 1937 2651 2014 vitare,
2685 1936 2794 2019 qui
2825 1937 2974 2018 pius
2995 1943 3146 2011 est,‘
3176 1942 3243 1998 ut

613 2044 928 2122 salsam,
973 2042 1424 2120 scandalos
1443 2061 1579 2120 am,
1625 2042 1973 2125 impiam,
2005 2044 2073 2108 in
2104 2043 2264 2126 Bajo
2297 2044 2786 2110 damnatam.
2852 2043 2994 2125 Baji
3026 2049 3243 2107 autem

612 2152 965 2233 propositio
999 2156 1086 2221 54
1117 2151 1208 2214 ita
1240 2154 1463 2214 sonat:
1534 2149 1908 2224 ,Definitiva
1951 2151 2115 2217 haec
2157 2151 2509 2216 sententia:
2572 2149 2778 2215 Deum
2807 2150 3061 2214 homini
3090 2147 3243 2212 nihil

612 2258 1004 2341 impossibile
1034 2257 1463 2341 praecepisse,
1497 2256 1659 2321 falso
1692 2258 1993 2322 tribuitur
2023 2258 2399 2339 AugustinO,
2448 2276 2596 2322 cum
2626 2256 2868 2339 Pelagii
2901 2258 3039 2321 sit‘
3110 2255 3240 2319 Imo

614 2365 779 2430 adeo
813 2365 1072 2430 evidens
1105 2371 1203 2430 est
1232 2365 1359 2428 hoc
1391 2364 1667 2441 axioma,
1698 2372 1772 2428 ut
1803 2364 2312 2445 Augustinus
2344 2364 2584 2429 scribat
2615 2364 2694 2430 de
2714 2364 2970 2429 duabus
2993 2363 3239 2428 anima-

613 2472 735 2536 bus
757 2489 807 2535 c.
832 2478 866 2541 1
882 2479 948 2540 1:
989 2470 1363 2546 ,Neminem
1394 2472 1869 2553 vituperatione
1901 2472 2294 2554 suppliciove
2314 2472 2591 2554 dignum,
2612 2472 2721 2555 qui
2741 2479 2854 2537 aut
2874 2472 3048 2549 velit,
3070 2468 3239 2554 quod

606 2580 855 2661 justitia
884 2579 1046 2644 velle
1090 2598 1224 2644 non
1268 2578 1586 2660 prohibet,
1620 2585 1732 2642 aut
1780 2578 1847 2641 id
1895 2597 2029 2643 non
2078 2577 2288 2654 faciat,
2340 2579 2512 2662 quod
2562 2579 2775 2644 facere
2824 2596 2962 2643 non
3011 2581 3240 2659 potest.

615 2686 842 2752 Nonne
873 2687 965 2751 ita
995 2692 1262 2751 cantant
1293 2693 1357 2752 et
1387 2686 1455 2749 in
1487 2687 1814 2750 montibus
1843 2692 2157 2769 pastores,
2181 2694 2246 2752 et
2265 2688 2330 2751 in
2353 2688 2621 2753 theatris
2640 2694 2894 2768 poetae,
2916 2691 2983 2751 et
3001 2682 3241 2749 indocti

614 2795 678 2857 in
709 2793 977 2870 circuliS,
1011 2800 1075 2858 et
1105 2793 1277 2857 docti
1308 2793 1373 2856 in
1406 2792 1828 2870 bibliotheciS,
1876 2799 1941 2858 et
1981 2794 2268 2874 magistri
2313 2794 2378 2858 in
2424 2793 2677 2871 scholiS,
2725 2799 2790 2858 et
2820 2793 3146 2859 antistites
3175 2791 3239 2853 in

613 2900 883 2964 sacratis
913 2899 1088 2976 lociS,
1123 2906 1187 2963 et
1217 2900 1284 2962 in
1317 2899 1473 2964 orbe
1494 2905 1812 2963 terrarum
1831 2918 2033 2981 genus
2052 2901 2407 2965 humanum
2422 2903 2468 2988 ¹)
2486 2904 2553 2976 P„
2609 2901 2804 2983 Atqui
2835 2918 3067 2964 omnes
3100 2915 3238 2961 om-

612 3007 765 3070 nino
797 3007 1092 3070 homines
1125 3013 1424 3071 tenentur
1457 3006 1778 3088 quaedam
1823 3025 2083 3072 servare
2127 3016 2491 3090 praecepta,
2540 3026 2706 3090 quae
2754 3008 3003 3090 absque
3035 3003 3240 3087 gratia

615 3112 946 3194 adimpleri
976 3120 1322 3194 nequeunt,
1356 3114 1448 3177 uti
1480 3119 1630 3177 sunt
1659 3121 2007 3196 praecepta
2047 3116 2127 3179 de
2158 3115 2570 3197 procuranda
2600 3115 2808 3180 salute
2841 3120 3127 3189 aeterna,
3159 3109 3237 3173 de

613 3217 931 3300 diligendo
963 3217 1096 3284 Deo
1148 3225 1219 3284 ut
1272 3226 1544 3302 oportet,
1596 3221 1676 3288 de
1727 3221 1978 3302 agenda
2009 3223 2423 3303 poenitentia,
2476 3240 2642 3306 quae
2676 3221 2759 3286 ad
2789 3220 3238 3286 remissionem

613 3334 1028 3409 peccatorum
1061 3327 1480 3393 obtinendam
1512 3328 1812 3410 disponat
1845 3334 1961 3394 etc.
2514 3410 2520 3416 .

795 3456 1025 3525 ,Homo
1070 3476 1228 3534 erg0,
1275 3458 1486 3516 merito
1528 3476 1662 3517 cum
1707 3459 2158 3536 Augustino
2192 3458 2263 3517 de
2295 3463 2446 3537 grat.
2479 3462 2541 3517 et
2572 3459 2676 3518 lib.
2708 3459 2831 3518 urb.
2864 3477 2923 3521 n.
2962 3467 2998 3520 9
3033 3452 3236 3515 inferi-

612 3563 767 3619 mu8‚
813 3546 1005 3622 gratia
1028 3547 1293 3621 juvatur,
1339 3566 1415 3605 ne
1461 3546 1591 3606 sine
1628 3565 1809 3606 causa.
1837 3549 2139 3607 voluntati
2170 3549 2300 3624 ejus
2323 3548 2672 3625 jubeatur.‘
2741 3548 2932 3618 ,Nam
2970 3546 3098 3605 sine
3129 3559 3235 3601 suo

612 3633 832 3704 fructu,
881 3635 1083 3710 inquit
1128 3635 1283 3694 idem
1316 3654 1359 3694 3.
1394 3636 1598 3695 doctor
1627 3636 1700 3695 de
1730 3656 1820 3714 gr.
1852 3640 1913 3696 et
1943 3637 2045 3695 lib.
2080 3637 2202 3701 arb.
2235 3656 2281 3698 c.
2323 3649 2397 3703 18
2432 3659 2490 3701 n.
2527 3647 2626 3708 37,
2674 3654 2921 3715 prorsus
2956 3635 3234 3693 admone-

611 3725 781 3782 retur
810 3729 1123 3801 praecepto
1156 3724 1413 3783 liberum
1444 3724 1780 3797 arbitrium,
1830 3727 1948 3785 nisi
1979 3727 2146 3802 prius
2177 3728 2469 3805 acciperet
2497 3727 2729 3803 aliquid
2760 3724 3121 3793 dilectionis,
3167 3721 3239 3777 ut

611 3811 750 3870 addi
797 3813 911 3871 sibi
958 3816 1286 3889 quaereret,
1339 3814 1496 3873 unde
1541 3814 1700 3889 quod
1736 3816 2066 3890 jubebatur
2109 3816 2398 3892 impleret.
2416 3826 2443 3855 ⁴¹
2492 3850 2577 3861 —
2611 3817 2804 3886 Quare
2850 3854 2877 3885 ‚
2895 3813 3001 3888 qui
3048 3812 3235 3888 legem

612 3902 892 3961 omnibus
922 3901 1104 3971 dedit,
1139 3902 1375 3961 nullum
1395 3904 1623 3979 excepit
1653 3924 1689 3961 a
1718 3905 1973 3966 saluta«
2022 3906 2115 3963 Ita
2145 3906 2734 3965 Ambrosiaster
2765 3905 2827 3962 in
2859 3916 2907 3966 1.
2927 3903 3076 3961 Tim.
3103 3909 3157 3970 2,
3181 3907 3234 3958 4.

612 4023 700 4032 —
731 3990 886 4050 Hinc
917 4011 962 4048 s.
994 3990 1308 4050 Thomas
1341 3992 1403 4049 in
1438 3999 1493 4054 4.
1526 3991 1665 4051 dist.
1704 4002 1783 4056 20
1819 4013 1874 4069 q.
1915 4005 1939 4057 1
1982 4013 2034 4056 a.
2076 4007 2098 4056 1
2139 3994 2340 4054 docet:
2394 3994 2732 4065 ‚Quamdiu
2773 3994 2977 4054 manet
3008 3985 3230 4048 homini

613 4097 760 4138 usus
793 4080 967 4138 liberi
1001 4080 1234 4138 arbitrii
1265 4081 1328 4139 in
1361 4081 1468 4139 hac
1498 4081 1640 4151 vita,
1687 4085 1884 4157 potest
1929 4082 2003 4141 ad
2048 4083 2301 4161 gratiam
2349 4102 2412 4143 se
2456 4095 2810 4160 praeparare
2857 4081 2929 4140 de
2977 4075 3233 4156 peccatis

613 4168 928 4239 dolendo,‘
965 4169 1124 4244 quod
1157 4174 1317 4228 certo
1350 4189 1468 4229 non
1501 4174 1719 4245 potest,
1755 4171 1807 4229 si
1839 4174 2002 4230 caret
2031 4173 2222 4250 gratia
2253 4174 2487 4232 actuali.

794 4270 859 4337 5.
893 4270 1160 4336 Accedit
1193 4271 1444 4336 celebre
1478 4271 1771 4340 axioma:
1820 4273 2124 4350 ,Facienti
2170 4274 2342 4357 quod
2391 4281 2490 4339 est
2518 4275 2585 4338 in
2616 4291 2704 4350 se,
2756 4272 2926 4338 Deus
2957 4290 3089 4335 non
3121 4266 3232 4331 de·

614 4385 808 4456 negat
840 4377 1111 4457 gratiam
1129 4389 1163 4455 ςι
1198 4377 1387 4460 quod,
1421 4379 1731 4460 originem
1763 4381 1818 4444 si
1849 4387 2123 4462 spectas,
2157 4382 2488 4447 inventum
2519 4381 2781 4446 scholae
2811 4399 2944 4444 non
2976 4385 3088 4453 est,
3120 4372 3232 4438 sed

839 4574 875 4642 ¹)
902 4570 1136 4626 Patr-um
1162 4569 1492 4625 testimonia
1520 4588 1620 4642 pro
1662 4572 1768 4627 hoc
1794 4573 2080 4630 axiomate
2108 4573 2416 4644 diligenter
2440 4575 2798 4646 collegerunt
2821 4573 2869 4627 D
2886 4590 2917 4627 e
2933 4591 2962 4627 c
2978 4575 3016 4627 h
3032 4587 3066 4623 a
3081 4587 3136 4621 m
3153 4586 3189 4637 p
3205 4582 3230 4618 Β

615 4650 653 4709 l.
681 4657 711 4704 2
740 4649 886 4721 disp.
914 4650 1043 4710 6;1.
1070 4656 1104 4706 3
1129 4650 1278 4720 disp.
1305 4654 1370 4711 6;
1411 4650 1931 4706 Bellarminus
1956 4652 2274 4722 dejustific.
2304 4654 2400 4719 IV,
2433 4662 2492 4711 11
2522 4672 2594 4710 33.
2632 4651 3054 4725 Augustini
3080 4646 3229 4702 testi-

616 4728 809 4784 monia
838 4730 910 4784 cf.
936 4731 1093 4802 apud
1121 4729 1285 4783 D'Ar
1300 4749 1338 4801 g
1356 4746 1385 4785 e
1402 4749 1438 4784 n
1458 4732 1570 4784 tre
1598 4732 1667 4784 de
1694 4733 1974 4803 praedest.
2003 4749 2049 4787 c.
2079 4740 2112 4790 3
2140 4751 2194 4803 p.
2222 4741 2308 4790 44.
