3538 5364
1181 276 1363 331 vitare
1391 276 1585 331 omnia
1609 277 1845 346 peccata
1872 275 2141 330 venialia.
2877 285 2961 349 39
2991 266 2997 271 ’

343 458 566 534 bemus,
600 476 713 520 nos
743 458 916 540 ipsos
943 456 1309 541 seducimus,
1339 464 1396 521 et
1426 458 1654 521 veritas
1685 459 1750 520 in
1781 458 1959 520 nobis
1989 477 2114 519 non
2145 463 2271 521 est:
2320 458 2605 540 quisquis
2651 457 2745 521 sic
2792 458 2960 522 acci-

340 563 642 647 piendum
674 562 1016 643 putaverit,
1065 568 1139 627 ut
1187 561 1361 627 dicat
1408 570 1670 644 propter
1718 561 2273 628 humilitatem
2324 582 2458 627 non
2490 570 2788 645 oportere
2821 562 2964 637 dici,

342 690 460 735 nos
491 689 625 734 non
656 669 900 734 habere
931 675 1285 751 peccatum,
1317 686 1453 732 non
1483 669 1636 751 quia
1666 668 1905 733 veritas
1956 674 2072 745 est,
2119 669 2469 733 anathema
2501 670 2598 734 sit.
2663 667 2965 753 Sequitur

339 779 508 843 enim
540 776 876 859 apostolus
908 783 973 842 et
1003 776 1322 858 adjungit:
1386 774 1458 839 Si
1506 784 1713 841 autem
1762 776 2030 859 confessi
2076 778 2390 861 fuerimus
2432 783 2689 862 peccata
2724 784 2964 854 nostra,

332 885 543 968 fidelis
573 892 663 947 est
694 891 749 947 et
765 884 1005 967 justus,
1035 884 1143 968 qui
1172 884 1451 948 remittat
1480 885 1656 947 nobis
1679 890 1960 967 peccata,
2006 889 2061 946 et
2105 884 2359 948 mundet
2390 904 2502 947 nos
2537 884 2614 947 ab
2647 887 2814 946 omni
2847 886 2963 949 ini-

336 994 589 1075 quitate.
654 989 777 1055 Ubi
808 991 967 1054 satiS
1002 996 1293 1072 apparet,
1338 990 1465 1054 hoc
1510 1009 1642 1054 non
1672 995 1926 1054 tantum
1975 989 2313 1067 humiliter,
2362 991 2475 1056 sed
2509 991 2703 1056 etiam
2735 1010 2962 1056 vera-

334 1099 549 1163 citer
581 1097 723 1161 dici.
785 1096 1053 1161 Poterat
1083 1096 1254 1161 enim
1298 1094 1631 1179 apostolus
1662 1097 1891 1175 dicere,
1922 1098 1976 1161 si
2008 1097 2369 1173 dixerimuS,
2416 1098 2568 1181 quia
2598 1116 2731 1162 non
2761 1098 2964 1164 habe-

335 1225 480 1268 mus
512 1210 873 1286 peccatum,
925 1223 1045 1269 nos
1092 1204 1269 1285 ipsos
1321 1202 1705 1278 extollimuS,
1755 1210 1820 1269 et
1868 1203 2301 1269 humilitas
2351 1206 2416 1269 in
2466 1204 2654 1269 nobis
2685 1223 2818 1270 non
2849 1212 2963 1270 est.

335 1307 466 1374 Sed
497 1327 647 1372 cum
682 1309 788 1385 ait,
820 1327 941 1373 nos
974 1310 1151 1392 ipsos
1183 1308 1552 1391 decipimuS,
1588 1314 1654 1372 et
1684 1310 1915 1373 vem‘tas
1952 1308 2018 1372 in
2039 1309 2227 1373 nobis
2248 1328 2378 1375 non
2398 1318 2527 1376 est:
2560 1312 2719 1376 satis
2745 1318 2962 1376 osten-

337 1416 446 1492 dit,
480 1415 776 1497 eum,qui
805 1433 876 1479 se
908 1414 1139 1480 dixerit
1167 1432 1301 1478 non
1331 1413 1572 1479 habere
1592 1420 1947 1495 peccatum,
1968 1432 2101 1478 non
2121 1434 2344 1480 verum
2364 1415 2556 1500 loqui,
2576 1417 2690 1482 sed
2711 1416 2963 1482 falsum.

340 1522 492 1586 Can.
529 1527 603 1590 7:
635 1521 794 1586 Item
825 1519 1085 1603 placuit,
1118 1527 1190 1584 ut
1219 1520 1581 1603 quicunque
1613 1520 1860 1598 dixerit,
1908 1521 1972 1584 in
2008 1524 2300 1589 oratione
2333 1523 2655 1587 dominica
2686 1524 2830 1590 ideo
2865 1525 2960 1588 di-

342 1648 486 1694 cere
519 1635 820 1693 sanctos:
853 1628 1117 1693 Dimitte
1145 1628 1322 1692 nobis
1353 1628 1560 1693 debita
1592 1635 1831 1710 nostra,
1878 1637 1951 1693 ut
1995 1650 2126 1693 non
2157 1649 2278 1713 pro
2311 1632 2536 1713 seipsis
2569 1632 2694 1696 hoc
2726 1632 2963 1708 dicant,

338 1737 489 1818 quia
520 1753 656 1800 non
688 1742 787 1801 est
817 1735 910 1799 eis
933 1736 1070 1816 jam
1102 1734 1471 1799 necessaria
1500 1734 1628 1798 ista
1656 1735 1903 1817 petiti0,
1954 1736 2069 1802 sed
2113 1755 2231 1819 pro
2287 1737 2496 1814 aliis,
2548 1738 2656 1820 qui
2702 1746 2854 1803 sunt
2897 1739 2963 1802 in

332 1862 454 1907 suo
487 1842 731 1925 populo
764 1848 1158 1924 peccatoreS,
1191 1848 1258 1906 et
1287 1841 1432 1906 ideo
1465 1860 1598 1905 non
1629 1841 1843 1908 dicere
1875 1863 2399 1927 unumquemque
2420 1851 2821 1909 sanctorum:
2854 1844 2961 1910 Di-

336 1951 520 2015 mitte
551 1949 753 2013 mihi
783 1948 1000 2013 debita
1031 1966 1194 2025 mea,
1228 1948 1342 2013 sed
1374 1948 1621 2014 dimitte
1656 1952 1830 2014 nobis
1861 1950 2079 2015 debita
2111 1959 2350 2028 nostra,
2396 1957 2468 2015 ut
2514 1951 2640 2015 hoc
2671 1970 2787 2033 pro
2823 1952 2962 2017 aliis

331 2058 570 2140 potiuS,
605 2075 802 2139 quam
852 2074 969 2137 pro
1019 2075 1090 2121 se
1134 2057 1345 2138 justus
1396 2063 1614 2138 petere
1672 2057 2074 2137 intelligatur,
2127 2059 2475 2123 anathema
2525 2058 2622 2122 sit.
2687 2056 2963 2125 Sanctus

335 2164 512 2228 enim
543 2171 613 2228 et
635 2164 848 2245 justus
881 2170 1021 2227 erat
1051 2163 1382 2244 apostolus
1413 2163 1713 2240 Jacobus,
1747 2180 1893 2228 cum
1917 2162 2203 2229 dicebat:
2236 2163 2316 2228 In
2348 2165 2561 2228 multis
2580 2167 2745 2229 enim
2776 2168 2965 2250 offen-

340 2271 550 2332 dimus
584 2290 793 2334 omnes
824 2271 910 2355 (3,
947 2270 1030 2356 2).
1094 2268 1259 2332 Nam
1291 2287 1492 2352 quare
1524 2269 1813 2334 additum
1847 2277 1941 2334 est
1976 2291 2201 2355 omneS,
2234 2272 2353 2335 nisi
2387 2278 2457 2336 ut
2490 2273 2615 2337 ista
2646 2273 2965 2340 sententia

336 2378 717 2442 conveniret
749 2383 814 2441 et
846 2376 1102 2439 Psalmo
1137 2375 1312 2461 (142,
1347 2377 1432 2463 2),
1466 2375 1574 2439 ubi
1605 2376 1865 2457 legitur:
1929 2376 2073 2440 Non
2123 2380 2319 2442 intres
2367 2380 2432 2442 in
2479 2380 2790 2460 judicium
2823 2401 2961 2446 cum

334 2504 509 2547 servo
544 2490 674 2564 tue,
707 2486 858 2568 quia
889 2506 1013 2547 non
1028 2484 1496 2567 justifica-bitur
1528 2486 1589 2547 in
1625 2490 1947 2571 conspectu
1980 2490 2084 2546 tuo
2116 2488 2316 2548 omnis
2345 2488 2567 2551 vivens,
2611 2488 2687 2551 Et
2718 2489 2784 2553 in
2817 2507 2964 2553 ora-

339 2590 514 2654 tione
534 2590 993 2671 sapientissimi
1015 2587 1412 2654 Salomonis:
1445 2589 1591 2653 Non
1624 2590 1923 2674 esthamo,
1944 2593 2051 2676 qui
2083 2613 2207 2655 non
2235 2601 2434 2675 peccet
2469 2594 2728 2679 (Eccles.
2755 2603 2811 2672 7,
2834 2598 2964 2684 21).

340 2697 417 2761 Et
445 2699 513 2761 in
543 2697 710 2762 libro
742 2697 898 2762 Job:
931 2696 1013 2760 ln
1042 2718 1238 2762 manu
1272 2701 1471 2762 omnis
1489 2697 1757 2762 hominis
1791 2701 2022 2781 signat,
2054 2707 2123 2762 ut
2155 2702 2312 2765 sciat
2345 2704 2544 2766 omnis
2576 2703 2753 2765 homo
2788 2704 2965 2786 infir-

338 2807 620 2868 mitatem
652 2823 837 2868 suam
871 2804 999 2891 (37,
1037 2806 1117 2891 7).
1184 2803 1364 2868 Unde
1407 2805 1601 2869 etiam
1633 2803 1858 2869 Daniel
1891 2812 2154 2870 sanctus
2187 2813 2252 2870 et
2273 2806 2502 2888 justuS,
2537 2827 2685 2872 cum
2718 2809 2782 2873 in
2815 2827 2964 2873 ora-

336 2912 513 2977 tione
544 2912 877 2993 pluraliter
908 2911 1178 2976 diceret:
1218 2914 1631 2996 peccavimus,
1678 2914 2072 2998 iniquitatem
2119 2915 2403 2997 fecimuse,
2437 2921 2500 2978 et
2531 2922 2765 2991 cetera,
2798 2935 2965 2999 quae

334 3018 424 3081 ibi
456 3021 545 3104 (9,
581 3021 649 3105 5)
681 3018 995 3084 veraciter
1026 3024 1091 3083 et
1121 3018 1445 3084 humiliter
1488 3019 1843 3094 confitetur,
1891 3039 1973 3086 ne
2018 3027 2370 3102 putaretur,
2417 3021 2963 3103 quemadmodum

336 3124 605 3205 quidam
635 3124 935 3201 sentiunt,
968 3125 1129 3190 haec
1160 3144 1292 3190 non
1326 3126 1405 3192 de
1437 3126 1587 3203 suiS,
1638 3127 1750 3192 sed
1804 3127 1883 3191 de
1915 3128 2133 3209 populi
2165 3128 2264 3192 sui
2296 3129 2509 3210 potius
2542 3128 2779 3194 dixisse
2809 3149 2960 3212 pec-

333 3232 517 3308 catis,
549 3237 783 3313 postea
813 3231 1001 3295 dixit:
1066 3231 1221 3296 Cum
1266 3252 1519 3297 orarem
1562 3241 1619 3296 et
1663 3234 1989 3316 confiterer
2011 3241 2274 3319 peccata
2321 3255 2459 3301 mea
2489 3245 2547 3301 et
2565 3244 2827 3320 peccata
2855 3257 2964 3322 po-

324 3339 473 3422 puli
515 3340 638 3401 mei
671 3338 944 3403 Domino
980 3338 1110 3402 Deo
1140 3345 1374 3422 nostr0,
1405 3340 1610 3403 noluit
1642 3340 1854 3406 dicere
1898 3347 2170 3422 peccata
2199 3348 2441 3418 nostra,
2473 3342 2589 3407 sed
2618 3344 2837 3425 populi
2867 3345 2965 3408 sui

337 3445 512 3520 dixit,
566 3451 632 3509 et
681 3463 817 3521 sua,
871 3444 1022 3528 quia
1071 3444 1319 3509 futuros
1369 3445 1544 3522 istos,
1597 3448 1703 3529 qui
1755 3454 1889 3511 tam
1941 3448 2109 3512 male
2158 3448 2600 3530 intelligerent,
2631 3457 2964 3533 tamquam

339 3552 657 3633 propheta
704 3550 1034 3633 praevidit.
1086 3549 1237 3615 Can.
1274 3558 1348 3622 8:
1397 3552 1554 3618 Item
1605 3554 1860 3635 placuit,
1912 3561 1983 3618 ut
2032 3555 2394 3638 quicunque
2441 3556 2641 3622 verba
2672 3558 2814 3639 ipsa
2844 3558 2959 3622 do-

340 3658 616 3723 minicae
647 3658 974 3734 orationiS,
1005 3658 1119 3722 ubi
1148 3657 1449 3722 dicimus:
1499 3660 1739 3724 dimitte
1789 3661 1965 3725 nobis
2013 3661 2219 3726 debita
2267 3669 2503 3746 nostra,
2546 3663 2638 3726 ita
2667 3663 2892 3729 volunt
2925 3682 2964 3728 a

337 3764 583 3829 sanctis
616 3764 757 3842 dici,
790 3771 862 3829 ut
890 3765 1336 3842 humiliter,
1368 3784 1500 3829 non
1543 3768 1968 3833 veraciter
2012 3768 2139 3832 hoc
2183 3769 2449 3846 dicatur,
2483 3770 2831 3835 anathema
2863 3771 2961 3836 sit.

337 3871 496 3950 Quis
531 3874 705 3938 enim
734 3872 898 3937 ferat
930 3879 1222 3936 orantem
1257 3879 1321 3936 et
1350 3891 1482 3936 non
1513 3873 1898 3952 hominibus,
1932 3876 2045 3940 sed
2079 3876 2200 3957 ipsi
2220 3876 2493 3940 Domino
2527 3877 2959 3954 mentientem,

337 3980 445 4062 qui
475 3978 666 4043 labiis
697 3978 817 4043 sibi
849 3978 1001 4043 dicit
1031 3979 1260 4043 dimitti
1290 3979 1469 4056 velle,
1503 3987 1568 4044 et
1600 3981 1795 4046 corde
1827 3982 1994 4060 dicit,
2041 4001 2207 4065 quae
2258 3982 2380 4046 sibi
2427 3983 2843 4058 dimittantur,
2890 4003 2961 4049 se

339 4085 559 4150 debita
592 4103 725 4150 non
755 4085 995 4151 habere
1014 4090 1080 4150 Ρ(

520 4195 590 4260 2.
626 4192 850 4259 Patres
895 4193 1156 4275 integris
1204 4194 1505 4276 operibus
1550 4196 2035 4277 pelagianorum
2081 4215 2366 4261 errorem
2397 4196 2707 4262 refellunt.
2771 4197 2866 4261 Ita
2897 4198 2961 4261 in

338 4299 557 4380 primis
600 4300 1130 4380 AugustinuS,
1178 4301 1287 4383 qui
1319 4301 1601 4383 alioquin
1632 4303 1811 4367 initio
1859 4303 2337 4370 controversiae
2388 4304 2467 4369 de
2518 4304 2759 4380 sact0,
2805 4324 2961 4368 num

343 4405 537 4487 aliqui
562 4405 719 4488 justi
753 4424 876 4488 ope
908 4407 1151 4487 gratiae
1184 4426 1375 4473 omne
1394 4409 1737 4473 vitaverint
1755 4417 2113 4491 peccatum,
2133 4411 2344 4474 minus
2364 4411 2791 4492 peremptorie
2811 4429 2960 4475 sen-

342 4512 609 4576 tentiam
642 4530 830 4576 suam
864 4521 1272 4596 expresserat
1305 4513 1404 4602 (cf.
1440 4535 1534 4596 ep.
1567 4516 1650 4579 ad
1669 4516 2111 4580 Innocentium
2132 4517 2171 4580 Ι.
2192 4538 2252 4582 n.
2281 4523 2376 4587 15.
2404 4523 2484 4586 16
2509 4535 2726 4600 opusc.
2747 4517 2958 4595 XVIII,

346 4624 456 4686 73:
489 4619 570 4684 de
602 4619 996 4701 perfectione
1021 4619 1338 4702 justifiam
1373 4621 1452 4686 de
1483 4627 1723 4703 peccat.
1759 4622 2000 4687 meritis
2035 4630 2100 4688 et
2129 4624 2372 4689 remiss.
2407 4624 2473 4700 II,
2511 4629 2551 4692 6
2580 4643 2696 4699 ss,;
2730 4624 2808 4688 de
2842 4642 2959 4687 na-

342 4731 480 4789 tura
514 4732 579 4790 et
609 4727 818 4807 gratia
847 4746 899 4791 c.
934 4733 1021 4798 60
1052 4729 1194 4814 ss.):
1240 4734 1388 4809 post
1420 4729 1626 4793 editos
1659 4747 1944 4794 canones
1976 4749 2172 4812 supra
2218 4732 2467 4807 citatOS,
2501 4730 2735 4794 diserte
2768 4736 2957 4810 negat
