3538 5364
1148 293 1500 348 matrimonii
1528 297 1614 348 est
1638 309 1854 347 sacram
1891 294 2073 383 ntum..
2238 365 2256 376 ..
2789 299 2918 377 {259

1448 390 1650 453 σιω
1696 408 1800 449 ω
2139 382 2186 439 ⁸
2216 400 2358 440 ιω
2403 401 2498 439 ω
2577 380 2592 387 ”

282 496 427 541 -non
447 477 814 558 intelligitur
833 474 1050 557 aliqua
1071 476 1499 549 caeremonia,
1532 474 1646 538 sed
1666 474 1804 569 ipse
1825 480 2196 537 contractus
2217 332 2720 557 matrimonglis.
2753 472 2918 552 Ergo

297 586 402 650 hic
432 586 567 666 ipse
600 592 698 649 est
727 590 1229 648 sacramentum.
1263 582 1449 661 Quod
1470 581 1624 646 Pius
1644 582 1742 645 VI.
1764 583 1830 646 in
1863 602 1958 663 ep.
1982 582 2063 645 ad
2098 581 2472 662 episcopum
2491 579 2918 644 motulensem

296 698 340 762 6
386 689 557 773 Sept.
599 696 764 760 1788
811 690 1047 755 diserte
1095 688 1374 753 affirmat
1418 689 1737 753 scribens:
1810 690 2236 763 ,Contractus
2288 686 2776 752 matrimonialis
2822 693 2918 748 est

299 817 449 863 vere
482 805 546 863 et
574 798 831 879 proprie
865 816 1066 860 unum
1097 815 1175 862 ex
1210 802 1458 877 septem
1488 796 1644 876 Iegis
1677 795 2089 877 evangelicae
2124 794 2604 858 sacramentis‘
2658 792 2921 856 Accedit

299 906 472 989 quod
520 905 691 969 idem
736 904 1084 968 concilium
1131 903 1213 967 ib.
1246 904 1325 967 de
1376 904 1630 968 reform.
1662 921 1713 966 c.
1755 911 1786 971 1
1824 904 2027 977 docet,
2074 901 2491 966 matrimonia
2521 899 2922 965 clandestina

301 1019 445 1078 rata
489 1019 555 1077 et
598 1029 753 1077 vera
799 1010 993 1075 fuisse
1044 1011 1476 1086 matrimonia,
1525 1010 1798 1092 ideoque
1830 1009 2220 1074 sacramenti
2251 1008 2553 1073 habuisse
2585 1007 2920 1079 rationem.

297 1120 604 1203 quamdiu
636 1118 924 1182 Ecclesia
968 1136 1047 1182 ea
1095 1117 1275 1181 irrita
1308 1136 1439 1181 non
1472 1116 1706 1182 fecerit.
1769 1117 1942 1182 Idem
1974 1118 2145 1181 enim
2178 1122 2278 1182 est
2308 1115 2663 1180 secundum
2694 1133 2776 1176 ss,
2810 1129 2921 1175 ca-

300 1246 543 1291 nonum
574 1244 763 1290 usum
783 1226 1083 1308 loquendi
1105 1224 1586 1289 matrimonium
1606 1232 1821 1288 ratum
1842 1231 1906 1288 et
1927 1223 2405 1287 matrimonium
2426 1226 2920 1295 sacramentum,

303 1339 375 1398 ut
404 1339 581 1414 patet
611 1351 691 1397 ex
724 1332 1205 1396 Innocentio
1240 1330 1332 1394 Ill.
1366 1330 1447 1396 de
1481 1331 1754 1395 divortio
1788 1348 1839 1393 c.
1878 1337 1932 1399 7.
1971 1330 2164 1412 Atqui
2196 1330 2261 1393 in
2297 1326 2708 1392 matrimonio
2742 1326 2921 1390 clan-

297 1441 553 1505 destino
587 1439 739 1503 nihil
770 1438 973 1503 habes
1006 1445 1269 1519 praeter
1300 1445 1711 1502 contractum
1742 1437 2299 1501 matrimonialem.
2333 1436 2497 1518 Ergo
2528 1436 2631 1498 hic
2668 1434 2803 1516 ipse
2825 1442 2922 1497 est

298 1552 796 1611 sacramentum.

391 1655 454 1723 3.
504 1653 791 1735 Denique
823 1651 1013 1716 Pius
1046 1651 1155 1715 IX.
1190 1651 1372 1715 alloc.
1407 1657 1488 1719 :27
1526 1649 1698 1732 Sept.
1740 1656 1908 1720 1852
1942 1650 2177 1715 diserte
2210 1650 2526 1714 declarat:
2567 1648 2808 1724 ,Nemo
2843 1667 2922 1713 ex

296 1760 631 1825 catholicis
662 1758 917 1841 ignorat
949 1766 1061 1823 aut
1094 1759 1394 1839 ignorare
1424 1764 1657 1840 potest,
1697 1757 2184 1821 matrimonium
2217 1775 2358 1822 esse
2392 1774 2540 1821 vere
2572 1763 2637 1820 et
2666 1755 2923 1838 proprie

302 1886 501 1931 unum
551 1886 629 1932 ex
674 1874 923 1947 septem
971 1866 1128 1946 Iegis
1176 1863 1583 1945 evangelicae
1627 1865 2048 1930 sacramentis
2081 1882 2121 1928 a
2152 1864 2403 1929 Christo
2436 1863 2708 1927 Domino
2742 1863 2922 1926 insti-

302 1981 530 2049 tutum,
563 1990 641 2037 ac
672 1979 1016 2055 propterea
1048 1973 1215 2037 inter
1252 1972 1469 2037 fideles
1503 1972 1983 2037 matrimonium
2017 1971 2157 2035 dari
2189 1989 2320 2035 non
2352 1989 2562 2052 posse,
2609 1970 2760 2052 quin
2792 1988 2922 2033 uno

302 2080 661 2163 eodemque
695 2087 982 2160 tempore
1015 2078 1100 2143 sit
1131 2085 1632 2155 sacramentum,
1667 2085 1862 2161 atque
1893 2079 2130 2143 idcirco
2164 2077 2513 2161 quamlibet
2546 2078 2738 2140 aliam
2760 2077 2926 2142 inter

304 2188 690 2252 christianos
736 2187 852 2251 viri
898 2193 962 2251 et
1008 2186 1288 2250 mulieris
1332 2192 1590 2267 praeter
1636 2193 2117 2250 sacramentum
2147 2185 2681 2266 conjunctionem,
2709 2184 2924 2265 quus-

307 2313 557 2378 cunque
604 2295 799 2359 etiam
846 2293 1046 2356 civilis
1092 2293 1249 2373 legis
1296 2293 1359 2355 vi
1406 2292 1660 2368 factam,
1707 2291 1864 2356 nihil
1913 2293 2084 2357 aliud
2116 2312 2258 2358 esse
2291 2291 2411 2354 nisi
2442 2297 2697 2372 turpem
2731 2298 2924 2374 atque

307 2400 630 2465 exitialem
674 2399 1177 2463 concubinatum
1223 2397 1307 2462 ab
1338 2398 1623 2463 Ecclesia
1669 2406 2004 2482 tantopere
2049 2400 2445 2473 damnatum,
2478 2415 2554 2461 ac
2583 2397 2850 2478 proinde
2884 2416 2923 2460 a

300 2507 626 2589 conjugali
656 2506 914 2570 foedere
946 2511 1430 2569 sacramentum
1464 2506 1753 2587 separari
1785 2524 2114 2588 nunquam
2145 2518 2390 2587 posse·t

485 2619 649 2678 Idem
680 2617 1072 2695 peremptorie
1105 2616 1363 2676 declarat
1392 2618 1456 2676 in
1488 2618 1677 2677 literis
1710 2617 1783 2677 ad
1818 2618 2114 2677 Victorem
2146 2617 2589 2676 Emmanuelem
2622 2617 2924 2677 Sardiniae

300 2728 504 2787 regem
546 2719 641 2771 19.
678 2708 837 2784 Sept.
884 2716 1042 2770 1852
1078 2706 1251 2778 datis,
1302 2712 1362 2766 et
1411 2709 1472 2766 in
1520 2708 1903 2767 damnatione
1952 2727 2188 2784 operum
2235 2709 2404 2767 Joan.
2451 2708 2598 2782 Nep.
2649 2707 2920 2783 Nuytz.

305 2799 444 2857 Ideo
488 2799 551 2856 in
597 2796 825 2873 syllabo
872 2796 1179 2853 damnatae
1226 2799 1370 2854 sunt
1415 2816 1578 2873 prop.
1615 2808 1726 2860 66:
1780 2797 2183 2866 ,Matrimonii
2215 2801 2646 2855 sacramentum
2677 2814 2796 2854 non
2829 2803 2922 2855 est

306 2888 425 2946 nisi
457 2887 604 2964 quid
637 2885 966 2945 contractui
996 2884 1388 2943 accessorium
1418 2886 1492 2943 ab
1524 2905 1714 2962 eoque
1747 2886 2093 2963 separabile,
2140 2887 2455 2962 ipsumque
2489 2889 2919 2944 sacramentum

308 2976 371 3034 in
401 2995 522 3035 una
550 2983 788 3034 tantum
820 2974 1082 3048 nuptiali
1113 2972 1522 3033 benedictione
1554 2976 1740 3035 situm
1773 2980 1942 3046 est;‘
1986 2987 2018 3038 7
2029 2984 2096 3038 3:
2133 2975 2249 3045 ,Vi
2281 2979 2619 3034 contractus
2649 2992 2808 3033 mere
2841 2974 2923 3033 ci-

310 3066 443 3124 vilis
487 3069 689 3141 potest
732 3064 892 3120 inter
937 3061 1293 3121 christianos
1327 3067 1596 3122 constare
1630 3065 1754 3123 veri
1789 3065 2042 3123 nominis
2074 3064 2536 3134 matrimonium,
2590 3063 2923 3139 falsumque

305 3158 402 3214 est
451 3159 556 3213 aut
606 3157 973 3212 contractum
1006 3151 1368 3210 matrimonii
1411 3153 1571 3212 inter
1616 3153 1972 3212 christianos
2013 3172 2245 3230 semper
2293 3172 2419 3212 esse
2469 3156 2921 3224 sacramentum,

308 3247 415 3303 aut
444 3244 680 3302 nullum
713 3259 839 3299 esse
871 3243 1257 3311 contractum,
1291 3242 1342 3298 si
1374 3248 1810 3301 sacramentum
1843 3242 2251 3306 excludatur.‘
2301 3242 2561 3301 Eandem
2596 3242 2921 3301 doctrinam

306 3333 504 3391 denuo
525 3332 785 3390 inculcat
804 3330 920 3389 Leo
939 3327 1097 3388 XIII.
1120 3329 1210 3388 lit.
1243 3332 1460 3407 encycl.
1504 3343 1596 3393 10.
1630 3331 1798 3395 Febr.
1839 3341 2043 3394 1880:
2092 3331 2285 3401 ,Nam
2319 3331 2590 3389 Christus
2622 3332 2690 3391 D.
2723 3331 2921 3407 digni·

310 3426 431 3481 tate
465 3419 816 3480 sacramenti
848 3419 1015 3477 auxit
1047 3419 1525 3490 matrimonium;
1571 3420 2020 3479 matrimonium
2053 3428 2252 3479 autem
2283 3425 2373 3478 est
2411 3421 2537 3496 ipse
2569 3423 2923 3489 contractuS,

310 3511 362 3569 si
394 3511 567 3570 modo
599 3511 789 3568 factus
823 3507 908 3567 sit
941 3508 1086 3566 ἀι-6.
1151 3507 1284 3565 Huc
1314 3509 1554 3579 accedit,
1595 3510 1753 3583 quod
1787 3510 1862 3567 ob
1895 3509 2045 3567 hanc
2076 3527 2315 3568 causam
2345 3509 2799 3567 matrimonium
2831 3513 2924 3567 est

310 3582 759 3668 sacramentum,
807 3597 949 3673 quia
992 3603 1084 3655 est
1121 3615 1352 3655 sacrum
1386 3598 1628 3673 signum
1661 3606 1722 3657 et
1752 3598 2015 3658 efficiens
2047 3598 2299 3675 gratiam
2331 3604 2392 3656 et
2421 3598 2740 3673 imaginem
2772 3597 2924 3656 refe-

306 3708 447 3748 rens
492 3688 879 3765 mysticarum
926 3686 1270 3761 nuptiarum
1307 3687 1524 3745 Christi
1557 3706 1692 3745 cum
1722 3688 1997 3750 Ecclesia.
2061 3688 2320 3746 latarum
2373 3693 2572 3745 autem
2622 3686 2808 3745 forma
2858 3707 2924 3744 ac

308 3778 501 3855 figura
530 3778 648 3835 isto
681 3776 808 3852 ipso
840 3774 1195 3851 exprimitur
1227 3793 1491 3834 summae
1523 3777 1960 3853 conjunctionis
1998 3776 2256 3846 vinculo,
2305 3794 2422 3850 quo
2469 3775 2562 3833 vir
2605 3779 2666 3832 et
2711 3776 2926 3833 mulier

311 3867 469 3925 inter
514 3886 575 3925 se
618 3864 972 3942 colligantur
1002 3864 1280 3940 quodque
1311 3865 1475 3923 aliud
1506 3865 1657 3924 nihil
1689 3869 1782 3923 est
1812 3865 1927 3923 nisi
1960 3865 2159 3940 ipsum
2191 3864 2653 3923 matrimonium.
2716 3865 2923 3938 Itaque

304 3960 570 4032 apparet,
604 3972 777 4013 omne
808 3954 967 4011 inter
998 3953 1352 4012 christianos
1377 3956 1609 4030 justum
1644 3955 1989 4031 conjugium
2033 3954 2098 4012 in
2144 3973 2204 4012 se
2249 3958 2309 4012 et
2344 3972 2448 4028 per
2480 3971 2541 4010 se
2573 3971 2698 4011 esse
2731 3972 2923 4011 sacra-

309 4049 595 4114 mentum,
640 4043 912 4117 nihilque
941 4042 1131 4118 magis
1162 4041 1475 4101 abhorrere
1510 4063 1544 4102 a
1588 4044 1857 4114 veritate,
1905 4062 2081 4118 quam
2116 4061 2247 4101 esse
2279 4045 2711 4101 sacramentum
2743 4040 2923 4099 decus

307 4132 610 4208 quoddam
641 4132 989 4208 adjunctum
1022 4138 1128 4188 aut
1158 4132 1581 4207 proprietatem
1614 4132 1887 4208 illapsam
1918 4132 2303 4202 extrinsecae,
2351 4150 2501 4204 quae
2545 4151 2579 4188 a
2615 4134 2922 4188 contractu

308 4222 578 4299 disjungi
610 4240 677 4280 ac
707 4219 994 4296 disparari
1026 4220 1328 4278 hominum
1365 4221 1660 4279 arbitratu
1692 4225 1932 4297 queat.‘

492 4346 639 4411 595.
675 4341 1049 4410 Scholion.
1085 4338 1564 4403 Matrimonium
1598 4341 1806 4425 qualis
1835 4344 1915 4405 sit
1948 4347 2316 4404 contractus,
2337 4379 2421 4388 —
2446 4339 2751 4418 Quamvis
2783 4358 2923 4402 ma-

313 4448 681 4512 trimonium
727 4448 809 4511 ad
842 4466 1042 4527 genus
1075 4453 1527 4510 contractuum
1561 4454 1916 4522 revocetur,
1968 4453 2344 4510 contractus
2373 4454 2587 4511 tamen
2621 4453 2718 4510 est
2751 4463 2791 4509 a
2821 4466 2924 4510 rc-

313 4555 500 4637 liquis
529 4573 937 4636 summopere
970 4555 1340 4635 discrepans
1374 4571 1451 4616 ac
1481 4555 1671 4635 plane
1704 4555 2060 4635 singularis.
2124 4554 2246 4618 Alii
2278 4560 2648 4618 contractus

496 4665 557 4730 1.
593 4663 765 4724 circa
798 4680 898 4726 res
931 4668 996 4725 et
1027 4661 1373 4725 commoda
1405 4680 1482 4726 ex
1516 4661 1711 4726 rebus
1743 4661 2186 4742 provenientia
2219 4667 2590 4736 versantur;
2625 4660 2927 4725 connubii

312 4769 588 4832 materia
620 4776 773 4832 sunt
806 4770 983 4849 ipsae
1015 4786 1332 4850 personae
1366 4769 1821 4834 contrahentes
1855 4786 2205 4849 earumque
2240 4769 2522 4832 affectus

2645 388 2880 454 «οἰδ
2959 398 3198 461 αα.

2991 1038 3190 1117 3ῡἸ
