3538 5364
611 250 743 318 274
1166 240 1351 295 Tract.
1382 241 1471 295 lX.
1499 240 1569 295 de
1598 240 1901 311 baptismo.
1930 238 2127 294 Thesis
2154 239 2390 293 CCXVI.
2420 239 2489 293 de
2517 240 2709 294 valore

792 432 940 496 312.
974 426 1161 504 Quod
1205 424 1396 505 hujus
1442 422 1834 487 sacramenti
1881 422 2110 486 attinet
2154 421 2299 486 sub
2310 422 2639 502 jectum,
2688 422 3137 487 controversia
3178 423 3237 484 in

613 537 833 619 primis
866 541 966 599 est
997 533 1077 597 de
1108 530 1597 607 infantibuS,
1645 547 1801 593 num
1846 528 2056 593 valide
2105 535 2172 593 et
2216 528 2385 593 licite
2430 530 2677 611 possint
2725 528 3061 612 baptizari,
3094 546 3237 592 cum

614 642 1048 726 dispositionis
1080 658 1344 722 prorsus
1390 638 1518 701 sint
1562 637 1924 719 incapaceS,
1973 635 2262 700 Christus
2307 655 2461 702 vero
2495 635 2727 701 dixerit
2757 636 2949 700 Marc.
2990 643 3090 711 16,
3131 641 3240 703 16:

614 754 737 832 Qui
769 749 1100 813 crediderit
1132 754 1186 810 et
1221 745 1579 829 baptizatus
1608 745 1829 829 fuerit,
1860 745 2071 808 salvus
2102 747 2236 810 erit.
2299 742 2512 823 Quare
2544 744 2628 808 sit

794 894 1051 961 'rhesis
1084 888 1392 958 CCXVI·
1471 910 1886 974 Baptismus
1941 910 2340 972 infantibus
2376 922 2649 977 quoque
2684 909 2916 963 valide
2954 913 3021 962 et
3057 908 3242 961 licite

614 1005 930 1069 conferri
961 1006 1225 1068 potest:
1277 1015 1500 1067 neque
1551 1013 1711 1053 cum
1767 1000 1825 1053 ii
1879 1002 1977 1054 ad
2011 1013 2236 1054 annos
2291 999 2733 1053 discretionis
2762 999 3244 1065 pervenerint,

614 1100 875 1152 iterum
895 1099 1063 1149 sunt
1082 1092 1514 1160 baptizandi,
1532 1104 1755 1158 neque
1781 1091 2300 1156 interroqandi,
2330 1102 2429 1142 cm
2461 1093 2707 1142 ratum
2725 1089 2981 1142 habere
3006 1090 3245 1154 velint,

613 1187 799 1254 quod
830 1185 1110 1249 patrini
1149 1195 1396 1235 eorum
1434 1181 1744 1245 nomine,
1782 1181 1953 1234 dum
1991 1180 2545 1244 baptizarentur,
2579 1183 2744 1231 sunt
2776 1178 3102 1244 pomam.

799 1305 1219 1373 Declaratio
1251 1324 1320 1388 p.
1355 1304 1413 1371 1.
1461 1300 1678 1365 Prima
1706 1319 1858 1382 pars
1890 1301 2192 1364 statuitur
2222 1306 2450 1363 contra
2480 1300 2895 1375 catharos
2926 1299 2993 1361 in
3022 1298 3244 1379 primis

617 1421 843 1479 contra
874 1411 1084 1477 anab
1106 1412 1486 1493 aptistas,
1534 1408 1643 1491 qui
1673 1414 2025 1490 praeeunte
2059 1405 2358 1471 Storch
2391 1406 2591 1470 innixi
2622 1405 2882 1469 Lutheri
2914 1405 3243 1488 principiis

620 1522 700 1587 de
732 1521 872 1585 sola
903 1518 1027 1584 fide
1052 1516 1444 1598 ,iustificante
1490 1516 1696 1598 deque
1741 1516 2184 1593 sacramentiS,
2230 1534 2506 1597 quorum
2552 1514 2753 1577 virtus
2798 1520 3052 1578 tantum
3085 1530 3242 1577 con-

617 1630 805 1693 sistat
834 1628 901 1690 in
934 1625 1276 1691 excitanda
1305 1625 1447 1702 fide,
1481 1625 1857 1703 inserebant,
1903 1624 2180 1690 infantes
2225 1631 2447 1707 utpote
2492 1624 2639 1690 fidei
2669 1626 3014 1707 incapaces
3048 1626 3239 1690 inuti-

615 1736 759 1800 liter
808 1734 1136 1816 baptizari.
1202 1731 1379 1812 Quos
1432 1738 1788 1815 sequuntur
1839 1733 2257 1797 sociniani
2307 1739 2371 1795 et
2422 1732 2889 1796 arminiani.
2951 1732 3239 1797 Assertio

617 1849 842 1907 nostra
875 1848 974 1905 est
1005 1841 1085 1904 de
1118 1840 1241 1905 fide
1275 1846 1339 1904 et
1371 1839 1454 1903 ab
1485 1839 1773 1905 Ecclesia
1821 1841 2052 1904 iterum
2084 1840 2149 1903 in
2181 1839 2452 1903 concilio
2500 1839 2682 1903 trid.
2736 1845 2980 1903 statuta
3010 1857 3168 1901 sess.
3204 1844 3237 1905 7

617 1968 756 2014 can.
797 1952 877 2017 12
911 1954 976 2012 et
1013 1952 1125 2017 13:
1197 1944 1301 2021 „Si
1354 1948 1495 2029 quis
1541 1947 1788 2023 dixerit,
1835 1946 2158 2029 parvuIOS,
2190 1965 2269 2011 eo
2304 1947 2478 2029 quod
2528 1952 2745 2009 actum
2777 1945 3081 2010 credendi
3112 1964 3240 2008 non

617 2056 879 2131 habent,
912 2060 1210 2136 suscepto
1243 2054 1566 2135 baptismo
1614 2054 1780 2119 inter
1823 2053 2041 2119 fideles
2087 2053 2559 2136 computandos
2592 2072 2724 2117 non
2757 2071 2935 2117 esse:
2981 2070 3061 2116 ac
3091 2070 3238 2133 pro-

619 2168 862 2246 pterea,
895 2181 1044 2227 cum
1078 2161 1162 2225 ad
1194 2180 1400 2225 annos
1432 2161 1835 2226 discretionis
1882 2161 2309 2242 pervenerint,
2361 2179 2501 2226 esse
2549 2160 3081 2243 rebaptizandos;
3133 2165 3241 2222 aut

618 2277 947 2353 praestare
982 2268 1189 2333 omitti
1222 2286 1447 2332 eorum
1479 2267 1823 2350 baptisma,
1870 2286 2064 2350 quam
2112 2286 2226 2332 eos
2271 2286 2402 2332 non
2436 2274 2583 2332 actu
2614 2268 2872 2350 proprio
2907 2265 3241 2331 credentes

614 2377 926 2458 baptizari
958 2377 1024 2440 in
1058 2376 1198 2439 sola
1229 2374 1352 2439 fide
1384 2374 1726 2449 Ecclesiae,
1758 2375 1831 2438 A.
1867 2373 1964 2438 SA<

794 2523 940 2587 313.
981 2518 1533 2585 Demonstratio
1566 2538 1636 2602 1).
1669 2517 1728 2587 Ι.
1767 2516 1825 2584 1.
1860 2517 2219 2582 Fatendum
2252 2518 2512 2600 quidem
2545 2523 2643 2582 est
2674 2535 2753 2581 ex
2786 2515 3015 2579 divinis
3046 2516 3243 2581 literis

615 2624 859 2692 nullum
908 2624 1178 2708 proferri
1227 2642 1420 2706 posse
1473 2624 1912 2690 testimonium
1962 2625 2272 2691 disertum
2320 2626 2421 2691 vel
2471 2623 2710 2690 factum
2760 2623 3095 2689 indubium
3127 2642 3242 2706 pro

616 2733 1171 2815 paedobaptismO.
1205 2732 1389 2795 Haud
1425 2740 1642 2797 tamen
1673 2732 2115 2814 improbabilis
2147 2739 2245 2798 est
2275 2734 2650 2814 conjectura
2679 2729 2953 2796 infantes
2986 2750 3245 2813 quoque

616 2858 758 2903 esse
791 2838 1171 2921 baptizatos
1207 2855 1360 2900 nam
1392 2836 1752 2902 referuntur
1784 2838 2070 2919 integrae
2104 2838 2382 2903 familiae
2412 2839 2781 2920 baptizatae
2818 2838 2957 2903 Act.
3008 2844 3245 2914 16‚.15.

620 2952 736 3021 333
777 2952 828 3013 1.
852 2944 993 3008 Cor.
1019 2953 1077 3021 1,
1100 2951 1201 3013 16.
1236 2943 1463 3008 Merito
1497 2944 1694 3009 etiam
1727 2965 2083 3027 provocare
2116 2948 2265 3012 licet
2296 2947 2381 3011 ad
2414 2945 2647 3011 Christi
2674 2946 2873 3013 verba
2894 2946 3119 3011 Matth.
3147 2951 3247 3022 19,

621 3057 733 3119 14:
803 3052 1002 3116 Sinite
1021 3053 1336 3138 parvulos
1367 3059 1424 3114 et
1455 3051 1644 3114 nolite
1674 3072 1773 3115 eos
1792 3052 2124 3137 prohibere
2157 3054 2242 3117 ad
2274 3073 2368 3116 me
2396 3055 2639 3117 venire:
2702 3053 2925 3117 talium
2958 3060 3045 3116 est
3078 3054 3245 3115 enim

617 3179 878 3241 requam
911 3159 1234 3222 coelorum.
1272 3157 1340 3224 Si
1372 3159 1543 3225 enim
1575 3160 1769 3224 etiam
1803 3161 2214 3242 parvulorum
2251 3167 2349 3225 est
2368 3179 2635 3241 regnum
2655 3161 3016 3235 coelorum3
3050 3178 3244 3225 nemo

618 3283 770 3329 vero
803 3284 1074 3345 regnum
1107 3265 1222 3332 Dei
1254 3266 1497 3348 ingredi
1546 3274 1778 3349 potest,
1829 3268 1951 3331 nisi
1999 3274 2264 3333 renatus
2315 3286 2394 3332 ex
2446 3285 2617 3350 aqua
2649 3274 2713 3333 et
2744 3266 2984 3348 Spiritu
3014 3273 3243 3331 sancto

616 3374 801 3438 Joan.
838 3379 895 3450 3,
931 3378 1004 3442 5:
1036 3380 1342 3456 poterunt
1374 3375 1569 3440 etiam
1600 3376 1852 3456 parvuli
1884 3374 2212 3457 baptizari.

797 3500 863 3565 2.
899 3498 1033 3562 Etsi
1062 3517 1217 3563 vero
1249 3499 1317 3562 in
1349 3499 1576 3563 divinis
1607 3499 1808 3565 literis
1840 3500 2081 3565 diserta
2111 3501 2346 3566 desunt
2367 3501 2749 3577 testimonia,
2771 3518 2850 3565 ea
2870 3506 3089 3563 tamen
3110 3505 3243 3563 tra-

616 3604 856 3668 duntur
901 3605 1346 3686 principia,
1392 3625 1474 3670 ex
1521 3606 1751 3689 quibus
1783 3607 1966 3670 valor
1997 3613 2062 3672 et
2093 3608 2335 3673 utilitas
2366 3606 2679 3689 colligitur
2710 3606 3241 3689 paedobaptismi.

622 3710 869 3776 Docent
902 3713 1073 3777 enim
1105 3733 1171 3780 a.
1207 3712 1534 3778 Christum
1565 3713 1799 3777 Adami
1830 3733 2176 3797 reparasse
2221 3716 2506 3791 ruinam;
2552 3715 3029 3798 reparationem
3075 3714 3245 3776 hanc

615 3817 750 3882 fieri
787 3820 1290 3898 regeneratione,
1325 3838 1455 3902 qua
1486 3826 1757 3884 sanatur
1787 3822 2040 3903 peccati
2070 3829 2361 3886 vetustas
2382 3830 2447 3888 et
2464 3822 2807 3904 corruptiO,
2828 3840 3025 3904 quam
3046 3838 3243 3902 gene-

617 3925 870 3990 ratione
903 3945 980 3991 ex
1013 3926 1266 3990 Adamo
1300 3928 1773 3992 contrahimus:
1807 3930 2361 4010 regenerationem
2395 3937 2613 3995 autem
2643 3948 2758 4013 per
2789 3927 3118 3994 Christum
3150 3926 3243 3991 ef-

616 4031 986 4097 ficaciorem
1022 4051 1166 4098 esse
1198 4035 1613 4115 generatione
1645 4053 1724 4100 ex
1755 4036 2009 4101 Adamo
2044 4038 2128 4124 (n.
2167 4038 2374 4125 1652).
2407 4038 2603 4121 Atqui
2635 4055 3090 4119 regeneramur
3122 4034 3242 4098 ba-

614 4139 867 4219 ptismO,
899 4141 1006 4222 qui
1041 4147 1139 4205 est
1173 4143 1679 4222 regenerationis
1729 4151 2226 4210 sacramentum.
2291 4143 2469 4210 Sicut
2502 4163 2653 4225 ergo
2685 4142 2961 4209 infantes
2995 4142 3241 4224 absque

617 4262 738 4307 sua
771 4248 1232 4327 cooperatione
1264 4248 1405 4313 sola
1436 4251 1849 4329 generatione
1883 4253 2272 4317 contrahunt
2293 4259 2648 4334 peccatum,
2670 4254 2760 4317 ita
2777 4255 3083 4333 poterunt
3101 4248 3242 4312 sola

619 4354 1107 4431 regeneratione
1140 4355 1278 4420 sine
1309 4374 1430 4419 sua
1461 4357 1920 4437 cooperatione
1966 4360 2257 4442 accipere
2303 4359 2592 4439 gratiam,
2639 4378 2768 4442 qua
2808 4355 3242 4438 generationis

616 4459 840 4522 vitium
873 4458 910 4522 i.
946 4479 998 4525 e.
1031 4464 1282 4543 peccati
1325 4461 1581 4527 macula
1625 4471 1906 4542 sanetur,
1952 4473 2147 4549 atque
2193 4467 2285 4531 ita
2329 4467 2633 4532 constitui
2669 4467 2827 4549 justi
2859 4472 2924 4531 et
2955 4466 3063 4529 filii
3094 4464 3240 4539 Dei3

621 4565 925 4648 baptismi
957 4587 1108 4650 ergo
1143 4578 1290 4635 sunt
1321 4589 1611 4653 capaces
1658 4575 1727 4642 b.
1760 4572 1930 4638 Deus
1964 4572 2099 4638 vult
2131 4592 2357 4639 omnes
2386 4576 2681 4641 homines
2713 4574 2927 4639 salvos
2957 4571 3111 4637 fieri.
3174 4570 3242 4635 Si

614 4691 774 4737 vero
807 4673 1084 4740 infantes
1118 4696 1249 4741 non
1282 4684 1500 4743 essent
1532 4695 1806 4761 capaces
1838 4680 2158 4761 baptismi,
2206 4683 2396 4746 tertia
2442 4683 2775 4746 hominum
2807 4698 2958 4763 pars
2991 4691 3242 4747 careret
