<?xml version="1.0" encoding="UTF-8"?>
<!DOCTYPE html PUBLIC "-//W3C//DTD XHTML 1.0 Transitional//EN"
    "http://www.w3.org/TR/xhtml1/DTD/xhtml1-transitional.dtd">
<html xmlns="http://www.w3.org/1999/xhtml" xml:lang="en" lang="en">
 <head>
  <title>
</title>
<meta http-equiv="Content-Type" content="text/html;charset=utf-8" />
  <meta name='ocr-system' content='tesseract 3.04.00' />
  <meta name='ocr-capabilities' content='ocr_page ocr_carea ocr_par ocr_line ocrx_word'/>
</head>
<body>
  <div class='ocr_page' id='page_1' title='image "./theologiaedogma00hurtgoog_0373.png"; bbox 0 0 3538 5364; ppageno 0'>
   <div class='ocr_carea' id='block_1_1' title="bbox 1340 318 3006 390">
    <p class='ocr_par' dir='ltr' id='par_1_1' title="bbox 1340 318 3006 390">
     <span class='ocr_line' id='line_1_1' title="bbox 1340 318 3006 390; baseline 0.007 -19"><span class='ocrx_word' id='word_1_1' title='bbox 1340 336 1453 372; x_wconf 89' lang='lat' dir='ltr'><strong>non</strong></span> <span class='ocrx_word' id='word_1_2' title='bbox 1481 319 1818 372; x_wconf 78' lang='lat' dir='ltr'>adversatur</span> <span class='ocrx_word' id='word_1_3' title='bbox 1844 318 2072 373; x_wconf 89' lang='lat' dir='ltr'><strong>rationi.</strong></span> <span class='ocrx_word' id='word_1_4' title='bbox 2881 328 3006 390; x_wconf 83' lang='lat'><strong>361</strong></span> 
     </span>
    </p>
   </div>
   <div class='ocr_carea' id='block_1_2' title="bbox 393 506 3016 2023">
    <p class='ocr_par' dir='ltr' id='par_1_2' title="bbox 393 506 3015 1473">
     <span class='ocr_line' id='line_1_2' title="bbox 393 506 3011 581; baseline -0.001 -16"><span class='ocrx_word' id='word_1_5' title='bbox 393 506 565 567; x_wconf 83' lang='lat' dir='ltr'><strong>Joan.</strong></span> <span class='ocrx_word' id='word_1_6' title='bbox 590 518 646 578; x_wconf 88' lang='grc'><strong>6,</strong></span> <span class='ocrx_word' id='word_1_7' title='bbox 674 516 788 569; x_wconf 82' lang='grc'><strong>53;</strong></span> <span class='ocrx_word' id='word_1_8' title='bbox 832 507 1120 578; x_wconf 76' lang='lat' dir='ltr'><em>Quomodo</em></span> <span class='ocrx_word' id='word_1_9' title='bbox 1146 513 1330 581; x_wconf 77' lang='lat' dir='ltr'><strong>potest</strong></span> <span class='ocrx_word' id='word_1_10' title='bbox 1361 507 1451 563; x_wconf 77' lang='lat' dir='ltr'><strong>hic</strong></span> <span class='ocrx_word' id='word_1_11' title='bbox 1481 506 1643 564; x_wconf 78' lang='lat' dir='ltr'><strong>nobis</strong></span> <span class='ocrx_word' id='word_1_12' title='bbox 1661 525 1897 563; x_wconf 76' lang='lat' dir='ltr'><strong>carnem</strong></span> <span class='ocrx_word' id='word_1_13' title='bbox 1927 524 2096 565; x_wconf 78' lang='lat' dir='ltr'><strong>suam</strong></span> <span class='ocrx_word' id='word_1_14' title='bbox 2127 508 2271 565; x_wconf 77' lang='lat' dir='ltr'><strong>dare</strong></span> <span class='ocrx_word' id='word_1_15' title='bbox 2301 508 2380 564; x_wconf 83' lang='lat' dir='ltr'><strong>ad</strong></span> <span class='ocrx_word' id='word_1_16' title='bbox 2410 507 2898 581; x_wconf 68' lang='lat' dir='ltr'><strong>rnauducaudum,</strong></span> <span class='ocrx_word' id='word_1_17' title='bbox 2928 506 3011 565; x_wconf 90' lang='lat' dir='ltr'><strong>ita</strong></span> 
     </span>
     <span class='ocr_line' id='line_1_3' title="bbox 394 589 3011 677; baseline 0 -24"><span class='ocrx_word' id='word_1_18' title='bbox 394 596 724 655; x_wconf 81' lang='lat' dir='ltr'><strong>disserens:</strong></span> <span class='ocrx_word' id='word_1_19' title='bbox 772 594 1136 664; x_wconf 77' lang='lat' dir='ltr'><strong>,Judaicum</strong></span> <span class='ocrx_word' id='word_1_20' title='bbox 1168 598 1260 653; x_wconf 88' lang='lat' dir='ltr'><strong>est</strong></span> <span class='ocrx_word' id='word_1_21' title='bbox 1290 595 1445 653; x_wconf 88' lang='lat' dir='ltr'><strong>illud</strong></span> <span class='ocrx_word' id='word_1_22' title='bbox 1474 595 1828 653; x_wconf 76' lang='lat' dir='ltr'><strong>vocabulum</strong></span> <span class='ocrx_word' id='word_1_23' title='bbox 1861 605 1985 666; x_wconf 83' lang='grc' dir='ltr'><strong>πῶς</strong></span> <span class='ocrx_word' id='word_1_24' title='bbox 2019 589 2363 677; x_wconf 90' lang='lat' dir='ltr'><strong>(quomodo)</strong></span> <span class='ocrx_word' id='word_1_25' title='bbox 2397 599 2459 654; x_wconf 89' lang='lat' dir='ltr'><strong>et</strong></span> <span class='ocrx_word' id='word_1_26' title='bbox 2488 595 2735 653; x_wconf 75' lang='lat' dir='ltr'><strong>extremi</strong></span> <span class='ocrx_word' id='word_1_27' title='bbox 2766 595 3011 671; x_wconf 80' lang='lat' dir='ltr'>proinde</span> 
     </span>
     <span class='ocr_line' id='line_1_4' title="bbox 393 683 3009 762; baseline -0 -19"><span class='ocrx_word' id='word_1_28' title='bbox 393 704 574 743; x_wconf 86' lang='lat' dir='ltr'><strong>causa</strong></span> <span class='ocrx_word' id='word_1_29' title='bbox 604 684 883 760; x_wconf 88' lang='lat' dir='ltr'><strong>supplicii</strong></span> <span class='ocrx_word' id='word_1_30' title='bbox 916 727 930 741; x_wconf 93' lang='lat'><strong>.</strong></span> <span class='ocrx_word' id='word_1_31' title='bbox 964 730 977 742; x_wconf 92' lang='lat'><strong>.</strong></span> <span class='ocrx_word' id='word_1_32' title='bbox 1013 727 1025 740; x_wconf 90' lang='lat'><strong>.</strong></span> <span class='ocrx_word' id='word_1_33' title='bbox 1071 684 1322 742; x_wconf 86' lang='lat' dir='ltr'><strong>aliorum</strong></span> <span class='ocrx_word' id='word_1_34' title='bbox 1367 683 1556 760; x_wconf 83' lang='lat' dir='ltr'><strong>igitur</strong></span> <span class='ocrx_word' id='word_1_35' title='bbox 1597 684 1862 743; x_wconf 87' lang='lat' dir='ltr'><strong>stultitia</strong></span> <span class='ocrx_word' id='word_1_36' title='bbox 1904 685 1977 743; x_wconf 89' lang='lat' dir='ltr'><strong>ad</strong></span> <span class='ocrx_word' id='word_1_37' title='bbox 2022 685 2109 743; x_wconf 91' lang='lat' dir='ltr'><strong>rei</strong></span> <span class='ocrx_word' id='word_1_38' title='bbox 2153 685 2326 743; x_wconf 88' lang='lat' dir='ltr'><strong>utilis</strong></span> <span class='ocrx_word' id='word_1_39' title='bbox 2359 684 2881 762; x_wconf 79' lang='lat' dir='ltr'><strong>investigationem</strong></span> <span class='ocrx_word' id='word_1_40' title='bbox 2916 703 3009 742; x_wconf 85' lang='lat' dir='ltr'><strong>sa·</strong></span> 
     </span>
     <span class='ocr_line' id='line_1_5' title="bbox 393 772 3012 851; baseline -0 -19"><span class='ocrx_word' id='word_1_41' title='bbox 393 775 719 851; x_wconf 87' lang='lat' dir='ltr'><strong>pientiores</strong></span> <span class='ocrx_word' id='word_1_42' title='bbox 752 773 910 843; x_wconf 85' lang='lat' dir='ltr'><strong>sacti,</strong></span> <span class='ocrx_word' id='word_1_43' title='bbox 944 772 1018 831; x_wconf 91' lang='lat' dir='ltr'><strong>de</strong></span> <span class='ocrx_word' id='word_1_44' title='bbox 1051 773 1139 841; x_wconf 84' lang='lat' dir='ltr'><strong>iis,</strong></span> <span class='ocrx_word' id='word_1_45' title='bbox 1176 792 1325 848; x_wconf 81' lang='lat' dir='ltr'><strong>quae</strong></span> <span class='ocrx_word' id='word_1_46' title='bbox 1362 774 1517 831; x_wconf 90' lang='lat' dir='ltr'><strong>Deus</strong></span> <span class='ocrx_word' id='word_1_47' title='bbox 1550 776 1847 849; x_wconf 76' lang='lat' dir='ltr'>operatur,</span> <span class='ocrx_word' id='word_1_48' title='bbox 1883 773 2038 831; x_wconf 88' lang='lat' dir='ltr'><strong>illud</strong></span> <span class='ocrx_word' id='word_1_49' title='bbox 2068 784 2193 844; x_wconf 79' lang='grc' dir='ltr'><strong>πῶς</strong></span> <span class='ocrx_word' id='word_1_50' title='bbox 2225 792 2514 850; x_wconf 88' lang='lat' dir='ltr'><strong>usurpare</strong></span> <span class='ocrx_word' id='word_1_51' title='bbox 2547 791 2873 841; x_wconf 62' lang='lat' dir='ltr'><strong>caveamus),</strong></span> <span class='ocrx_word' id='word_1_52' title='bbox 2907 774 3012 831; x_wconf 88' lang='lat' dir='ltr'><strong>sed</strong></span> 
     </span>
     <span class='ocr_line' id='line_1_6' title="bbox 393 862 3011 940; baseline -0.001 -17"><span class='ocrx_word' id='word_1_53' title='bbox 393 864 449 923; x_wconf 92' lang='lat' dir='ltr'><strong>ei</strong></span> <span class='ocrx_word' id='word_1_54' title='bbox 481 864 680 940; x_wconf 87' lang='lat' dir='ltr'><strong>potius</strong></span> <span class='ocrx_word' id='word_1_55' title='bbox 712 881 956 938; x_wconf 91' lang='lat' dir='ltr'><strong>operum</strong></span> <span class='ocrx_word' id='word_1_56' title='bbox 990 880 1235 921; x_wconf 85' lang='lat' dir='ltr'><strong>suorum</strong></span> <span class='ocrx_word' id='word_1_57' title='bbox 1268 863 1420 921; x_wconf 82' lang='lat' dir='ltr'><strong>viam</strong></span> <span class='ocrx_word' id='word_1_58' title='bbox 1454 866 1821 938; x_wconf 79' lang='lat' dir='ltr'>perspectam</span> <span class='ocrx_word' id='word_1_59' title='bbox 1854 881 1984 921; x_wconf 80' lang='lat' dir='ltr'><strong>esse</strong></span> <span class='ocrx_word' id='word_1_60' title='bbox 2015 862 2186 921; x_wconf 87' lang='lat' dir='ltr'><strong>fateri</strong></span> <span class='ocrx_word' id='word_1_61' title='bbox 2219 863 2622 925; x_wconf 64' lang='lat' dir='ltr'><strong>studeamus«</strong></span> <span class='ocrx_word' id='word_1_62' title='bbox 2673 862 2842 931; x_wconf 83' lang='lat' dir='ltr'><strong>Quod</strong></span> <span class='ocrx_word' id='word_1_63' title='bbox 2873 879 3011 921; x_wconf 90' lang='lat' dir='ltr'><strong>con·</strong></span> 
     </span>
     <span class='ocr_line' id='line_1_7' title="bbox 396 950 3010 1028; baseline -0.001 -17"><span class='ocrx_word' id='word_1_64' title='bbox 396 953 593 1011; x_wconf 89' lang='lat' dir='ltr'><strong>firmat</strong></span> <span class='ocrx_word' id='word_1_65' title='bbox 624 953 699 1013; x_wconf 84' lang='lat' dir='ltr'><strong>Is.</strong></span> <span class='ocrx_word' id='word_1_66' title='bbox 737 961 836 1021; x_wconf 89' lang='lat'><strong>55,</strong></span> <span class='ocrx_word' id='word_1_67' title='bbox 875 961 910 1014; x_wconf 89' lang='lat'>8</span> <span class='ocrx_word' id='word_1_68' title='bbox 947 970 993 1013; x_wconf 75' lang='lat' dir='ltr'><strong>a.</strong></span> <span class='ocrx_word' id='word_1_69' title='bbox 1027 955 1089 1009; x_wconf 92' lang='lat' dir='ltr'><strong>et</strong></span> <span class='ocrx_word' id='word_1_70' title='bbox 1119 951 1387 1027; x_wconf 85' lang='lat' dir='ltr'><strong>exemplo</strong></span> <span class='ocrx_word' id='word_1_71' title='bbox 1420 971 1487 1010; x_wconf 85' lang='lat' dir='ltr'><strong>ex</strong></span> <span class='ocrx_word' id='word_1_72' title='bbox 1522 953 1782 1010; x_wconf 84' lang='lat' dir='ltr'><strong>humana</strong></span> <span class='ocrx_word' id='word_1_73' title='bbox 1811 952 2245 1011; x_wconf 87' lang='lat' dir='ltr'><strong>consuetudine</strong></span> <span class='ocrx_word' id='word_1_74' title='bbox 2275 952 2487 1028; x_wconf 89' lang='lat' dir='ltr'><strong>petit0,</strong></span> <span class='ocrx_word' id='word_1_75' title='bbox 2536 950 2673 1011; x_wconf 89' lang='lat' dir='ltr'><strong>dein</strong></span> <span class='ocrx_word' id='word_1_76' title='bbox 2703 952 3010 1027; x_wconf 85' lang='lat' dir='ltr'><strong>prosequi·</strong></span> 
     </span>
     <span class='ocr_line' id='line_1_8' title="bbox 395 1040 3012 1118; baseline 0 -19"><span class='ocrx_word' id='word_1_77' title='bbox 395 1050 529 1100; x_wconf 85' lang='lat' dir='ltr'><strong>tur:</strong></span> <span class='ocrx_word' id='word_1_78' title='bbox 578 1040 925 1111; x_wconf 81' lang='lat' dir='ltr'><strong>,Quomodo</strong></span> <span class='ocrx_word' id='word_1_79' title='bbox 957 1040 1162 1117; x_wconf 83' lang='lat' dir='ltr'><strong>igitur,</strong></span> <span class='ocrx_word' id='word_1_80' title='bbox 1208 1041 1444 1116; x_wconf 76' lang='lat' dir='ltr'><strong>inquiet</strong></span> <span class='ocrx_word' id='word_1_81' title='bbox 1472 1041 1713 1117; x_wconf 80' lang='lat' dir='ltr'><strong>aliquiS,</strong></span> <span class='ocrx_word' id='word_1_82' title='bbox 1746 1060 1866 1099; x_wconf 90' lang='lat' dir='ltr'><strong>non</strong></span> <span class='ocrx_word' id='word_1_83' title='bbox 1897 1041 2381 1118; x_wconf 84' lang='lat' dir='ltr'><strong>gravissimorum</strong></span> <span class='ocrx_word' id='word_1_84' title='bbox 2414 1040 2734 1099; x_wconf 88' lang='lat' dir='ltr'><strong>criminum</strong></span> <span class='ocrx_word' id='word_1_85' title='bbox 2765 1041 2848 1099; x_wconf 91' lang='lat' dir='ltr'><strong>rei</strong></span> <span class='ocrx_word' id='word_1_86' title='bbox 2873 1042 3012 1116; x_wconf 90' lang='lat' dir='ltr'><strong>jure</strong></span> 
     </span>
     <span class='ocr_line' id='line_1_9' title="bbox 396 1129 3013 1206; baseline 0 -17"><span class='ocrx_word' id='word_1_87' title='bbox 396 1131 783 1201; x_wconf 87' lang='lat' dir='ltr'><strong>tenebuntur,</strong></span> <span class='ocrx_word' id='word_1_88' title='bbox 816 1131 922 1206; x_wconf 90' lang='lat' dir='ltr'><strong>qui</strong></span> <span class='ocrx_word' id='word_1_89' title='bbox 952 1129 1533 1205; x_wconf 83' lang='lat' dir='ltr'><strong>praestantissimum</strong></span> <span class='ocrx_word' id='word_1_90' title='bbox 1567 1150 1764 1190; x_wconf 89' lang='lat' dir='ltr'><strong>rerum</strong></span> <span class='ocrx_word' id='word_1_91' title='bbox 1797 1130 2062 1189; x_wconf 88' lang='lat' dir='ltr'><strong>omnium</strong></span> <span class='ocrx_word' id='word_1_92' title='bbox 2082 1131 2367 1190; x_wconf 86' lang='lat' dir='ltr'><strong>artificem</strong></span> <span class='ocrx_word' id='word_1_93' title='bbox 2390 1130 2577 1189; x_wconf 90' lang='lat' dir='ltr'><strong>Deum</strong></span> <span class='ocrx_word' id='word_1_94' title='bbox 2597 1130 3013 1189; x_wconf 67' lang='lat' dir='ltr'><strong>incredulitate</strong></span> 
     </span>
     <span class='ocr_line' id='line_1_10' title="bbox 397 1218 3011 1295; baseline -0 -17"><span class='ocrx_word' id='word_1_95' title='bbox 397 1239 508 1278; x_wconf 86' lang='lat' dir='ltr'><strong>sua</strong></span> <span class='ocrx_word' id='word_1_96' title='bbox 539 1220 768 1278; x_wconf 88' lang='lat' dir='ltr'><strong>elevare</strong></span> <span class='ocrx_word' id='word_1_97' title='bbox 800 1220 1051 1278; x_wconf 86' lang='lat' dir='ltr'><strong>audent:</strong></span> <span class='ocrx_word' id='word_1_98' title='bbox 1099 1218 1204 1295; x_wconf 92' lang='lat' dir='ltr'><strong>qui</strong></span> <span class='ocrx_word' id='word_1_99' title='bbox 1253 1220 1323 1277; x_wconf 84' lang='lat' dir='ltr'><strong>de</strong></span> <span class='ocrx_word' id='word_1_100' title='bbox 1369 1219 1462 1288; x_wconf 86' lang='lat' dir='ltr'><strong>iis,</strong></span> <span class='ocrx_word' id='word_1_101' title='bbox 1512 1238 1663 1295; x_wconf 91' lang='lat' dir='ltr'><strong>quae</strong></span> <span class='ocrx_word' id='word_1_102' title='bbox 1707 1223 2005 1295; x_wconf 80' lang='lat' dir='ltr'><strong>operatur,</strong></span> <span class='ocrx_word' id='word_1_103' title='bbox 2052 1229 2178 1290; x_wconf 83' lang='grc' dir='ltr'><strong>πῶς</strong></span> <span class='ocrx_word' id='word_1_104' title='bbox 2222 1238 2502 1294; x_wconf 81' lang='lat' dir='ltr'>quaerere</span> <span class='ocrx_word' id='word_1_105' title='bbox 2548 1238 2668 1277; x_wconf 91' lang='lat' dir='ltr'><strong>non</strong></span> <span class='ocrx_word' id='word_1_106' title='bbox 2713 1222 3011 1289; x_wconf 90' lang='lat' dir='ltr'><strong>verentur,</strong></span> 
     </span>
     <span class='ocr_line' id='line_1_11' title="bbox 399 1307 3015 1386; baseline -0.001 -19"><span class='ocrx_word' id='word_1_107' title='bbox 399 1310 674 1386; x_wconf 84' lang='lat' dir='ltr'><strong>quamvis</strong></span> <span class='ocrx_word' id='word_1_108' title='bbox 700 1309 1011 1366; x_wconf 78' lang='lat' dir='ltr'><strong>universae</strong></span> <span class='ocrx_word' id='word_1_109' title='bbox 1041 1308 1366 1383; x_wconf 80' lang='lat' dir='ltr'><strong>sapientiae</strong></span> <span class='ocrx_word' id='word_1_110' title='bbox 1397 1309 1743 1384; x_wconf 82' lang='lat' dir='ltr'><strong>largitorem</strong></span> <span class='ocrx_word' id='word_1_111' title='bbox 1776 1328 1910 1367; x_wconf 91' lang='lat' dir='ltr'><strong>eum</strong></span> <span class='ocrx_word' id='word_1_112' title='bbox 1945 1327 2070 1367; x_wconf 87' lang='lat' dir='ltr'><strong>esse</strong></span> <span class='ocrx_word' id='word_1_113' title='bbox 2101 1309 2392 1378; x_wconf 83' lang='lat' dir='ltr'><strong>noverint,</strong></span> <span class='ocrx_word' id='word_1_114' title='bbox 2427 1317 2486 1366; x_wconf 90' lang='lat' dir='ltr'><strong>et</strong></span> <span class='ocrx_word' id='word_1_115' title='bbox 2517 1328 2584 1367; x_wconf 80' lang='lat' dir='ltr'><strong>ex</strong></span> <span class='ocrx_word' id='word_1_116' title='bbox 2618 1308 2777 1367; x_wconf 91' lang='lat' dir='ltr'><strong>omni</strong></span> <span class='ocrx_word' id='word_1_117' title='bbox 2811 1307 3015 1366; x_wconf 90' lang='lat' dir='ltr'><strong>divina</strong></span> 
     </span>
     <span class='ocr_line' id='line_1_12' title="bbox 398 1397 1829 1473; baseline -0.001 -16"><span class='ocrx_word' id='word_1_118' title='bbox 398 1398 707 1473; x_wconf 85' lang='lat' dir='ltr'>Scriptura</span> <span class='ocrx_word' id='word_1_119' title='bbox 737 1397 1238 1473; x_wconf 80' lang='lat' dir='ltr'><strong>cunctipotentem</strong></span> <span class='ocrx_word' id='word_1_120' title='bbox 1272 1416 1397 1455; x_wconf 85' lang='lat' dir='ltr'><strong>esse</strong></span> <span class='ocrx_word' id='word_1_121' title='bbox 1429 1397 1785 1456; x_wconf 78' lang='lat' dir='ltr'><strong>didicerint?</strong></span> <span class='ocrx_word' id='word_1_122' title='bbox 1801 1405 1829 1435; x_wconf 80' lang='lat'>‘</span> 
     </span>
    </p>

    <p class='ocr_par' dir='ltr' id='par_1_3' title="bbox 400 1513 3016 2023">
     <span class='ocr_line' id='line_1_13' title="bbox 575 1513 3014 1598; baseline -0 -18"><span class='ocrx_word' id='word_1_123' title='bbox 575 1515 639 1584; x_wconf 86' lang='lat'><strong>4.</strong></span> <span class='ocrx_word' id='word_1_124' title='bbox 674 1513 898 1596; x_wconf 86' lang='lat' dir='ltr'><strong>Neque</strong></span> <span class='ocrx_word' id='word_1_125' title='bbox 928 1514 1205 1577; x_wconf 85' lang='lat' dir='ltr'><strong>vicissim</strong></span> <span class='ocrx_word' id='word_1_126' title='bbox 1242 1515 1407 1578; x_wconf 87' lang='lat' dir='ltr'><strong>ratio</strong></span> <span class='ocrx_word' id='word_1_127' title='bbox 1441 1514 1890 1581; x_wconf 87' lang='lat' dir='ltr'><strong>demonstrare</strong></span> <span class='ocrx_word' id='word_1_128' title='bbox 1910 1523 2124 1597; x_wconf 89' lang='lat' dir='ltr'><strong>potest</strong></span> <span class='ocrx_word' id='word_1_129' title='bbox 2142 1516 2330 1598; x_wconf 86' lang='lat' dir='ltr'><strong>hujus</strong></span> <span class='ocrx_word' id='word_1_130' title='bbox 2348 1516 2631 1598; x_wconf 86' lang='lat' dir='ltr'><strong>mysterii</strong></span> <span class='ocrx_word' id='word_1_131' title='bbox 2649 1534 3014 1597; x_wconf 85' lang='lat' dir='ltr'><strong>repugnan-</strong></span> 
     </span>
     <span class='ocr_line' id='line_1_14' title="bbox 403 1620 3015 1704; baseline 0 -19"><span class='ocrx_word' id='word_1_132' title='bbox 403 1623 560 1685; x_wconf 87' lang='lat' dir='ltr'><strong>tiam</strong></span> <span class='ocrx_word' id='word_1_133' title='bbox 594 1623 725 1686; x_wconf 84' lang='lat' dir='ltr'><strong>sive</strong></span> <span class='ocrx_word' id='word_1_134' title='bbox 760 1620 1356 1703; x_wconf 87' lang='lat' dir='ltr'><strong>impossibilitatem.</strong></span> <span class='ocrx_word' id='word_1_135' title='bbox 1399 1621 1576 1686; x_wconf 86' lang='lat' dir='ltr'><strong>Vera</strong></span> <span class='ocrx_word' id='word_1_136' title='bbox 1606 1623 1778 1686; x_wconf 88' lang='lat' dir='ltr'><strong>enim</strong></span> <span class='ocrx_word' id='word_1_137' title='bbox 1810 1622 2276 1686; x_wconf 80' lang='lat' dir='ltr'><strong>demonstratio</strong></span> <span class='ocrx_word' id='word_1_138' title='bbox 2311 1641 2389 1687; x_wconf 90' lang='lat' dir='ltr'><strong>ea</strong></span> <span class='ocrx_word' id='word_1_139' title='bbox 2420 1623 2545 1685; x_wconf 92' lang='lat' dir='ltr'><strong>dici</strong></span> <span class='ocrx_word' id='word_1_140' title='bbox 2577 1622 2812 1704; x_wconf 87' lang='lat' dir='ltr'><strong>nequit.</strong></span> <span class='ocrx_word' id='word_1_141' title='bbox 2850 1639 3015 1704; x_wconf 88' lang='lat' dir='ltr'><strong>quae</strong></span> 
     </span>
     <span class='ocr_line' id='line_1_15' title="bbox 402 1728 3016 1811; baseline -0.001 -18"><span class='ocrx_word' id='word_1_142' title='bbox 402 1747 521 1811; x_wconf 88' lang='lat' dir='ltr'><strong>per</strong></span> <span class='ocrx_word' id='word_1_143' title='bbox 550 1728 742 1793; x_wconf 86' lang='lat' dir='ltr'>XVIII</span> <span class='ocrx_word' id='word_1_144' title='bbox 776 1728 993 1792; x_wconf 88' lang='lat' dir='ltr'><strong>secula</strong></span> <span class='ocrx_word' id='word_1_145' title='bbox 1024 1730 1395 1792; x_wconf 88' lang='lat' dir='ltr'><strong>innumeros</strong></span> <span class='ocrx_word' id='word_1_146' title='bbox 1431 1728 1599 1792; x_wconf 85' lang='lat' dir='ltr'><strong>viros</strong></span> <span class='ocrx_word' id='word_1_147' title='bbox 1645 1728 1872 1792; x_wconf 90' lang='lat' dir='ltr'><strong>doctos</strong></span> <span class='ocrx_word' id='word_1_148' title='bbox 1917 1747 2121 1811; x_wconf 90' lang='lat' dir='ltr'><strong>aeque</strong></span> <span class='ocrx_word' id='word_1_149' title='bbox 2167 1747 2244 1793; x_wconf 89' lang='lat' dir='ltr'><strong>ac</strong></span> <span class='ocrx_word' id='word_1_150' title='bbox 2276 1736 2556 1805; x_wconf 79' lang='lat' dir='ltr'><strong>sanctoS‚</strong></span> <span class='ocrx_word' id='word_1_151' title='bbox 2604 1729 2889 1793; x_wconf 89' lang='lat' dir='ltr'><strong>veritatis</strong></span> <span class='ocrx_word' id='word_1_152' title='bbox 2935 1746 3016 1792; x_wconf 84' lang='lat' dir='ltr'><strong>ex</strong></span> 
     </span>
     <span class='ocr_line' id='line_1_16' title="bbox 400 1835 3015 1917; baseline -0.001 -17"><span class='ocrx_word' id='word_1_153' title='bbox 400 1836 596 1901; x_wconf 89' lang='lat' dir='ltr'><strong>corde</strong></span> <span class='ocrx_word' id='word_1_154' title='bbox 629 1835 953 1900; x_wconf 88' lang='lat' dir='ltr'><strong>studiosos</strong></span> <span class='ocrx_word' id='word_1_155' title='bbox 986 1836 1324 1917; x_wconf 88' lang='lat' dir='ltr'><strong>omnisque</strong></span> <span class='ocrx_word' id='word_1_156' title='bbox 1356 1835 1590 1899; x_wconf 89' lang='lat' dir='ltr'><strong>erroris</strong></span> <span class='ocrx_word' id='word_1_157' title='bbox 1625 1836 1973 1899; x_wconf 87' lang='lat' dir='ltr'><strong>acerrimos</strong></span> <span class='ocrx_word' id='word_1_158' title='bbox 1993 1835 2213 1901; x_wconf 90' lang='lat' dir='ltr'><strong>hostes</strong></span> <span class='ocrx_word' id='word_1_159' title='bbox 2233 1836 2596 1899; x_wconf 89' lang='lat' dir='ltr'><strong>nullatenus</strong></span> <span class='ocrx_word' id='word_1_160' title='bbox 2617 1836 2681 1898; x_wconf 91' lang='lat' dir='ltr'><strong>in</strong></span> <span class='ocrx_word' id='word_1_161' title='bbox 2703 1854 2821 1898; x_wconf 89' lang='lat' dir='ltr'><strong>sua</strong></span> <span class='ocrx_word' id='word_1_162' title='bbox 2835 1852 3015 1898; x_wconf 91' lang='lat' dir='ltr'><strong>com-</strong></span> 
     </span>
     <span class='ocr_line' id='line_1_17' title="bbox 400 1940 3015 2023; baseline -0.001 -17"><span class='ocrx_word' id='word_1_163' title='bbox 400 1944 602 2007; x_wconf 90' lang='lat' dir='ltr'><strong>movit</strong></span> <span class='ocrx_word' id='word_1_164' title='bbox 632 1942 1064 2023; x_wconf 83' lang='lat' dir='ltr'><strong>persuasione.</strong></span> <span class='ocrx_word' id='word_1_165' title='bbox 1099 1941 1429 2023; x_wconf 86' lang='lat' dir='ltr'><strong>Ejusmodi</strong></span> <span class='ocrx_word' id='word_1_166' title='bbox 1462 1959 1616 2005; x_wconf 87' lang='lat' dir='ltr'><strong>vero</strong></span> <span class='ocrx_word' id='word_1_167' title='bbox 1650 1949 1748 2005; x_wconf 89' lang='lat' dir='ltr'><strong>est</strong></span> <span class='ocrx_word' id='word_1_168' title='bbox 1779 1940 2127 2006; x_wconf 88' lang='lat' dir='ltr'><strong>decantata</strong></span> <span class='ocrx_word' id='word_1_169' title='bbox 2151 1942 2617 2008; x_wconf 90' lang='lat' dir='ltr'><strong>demonstratio</strong></span> <span class='ocrx_word' id='word_1_170' title='bbox 2652 1941 3015 2023; x_wconf 90' lang='lat' dir='ltr'><strong>impossibi-</strong></span> 
     </span>
    </p>
   </div>
   <div class='ocr_carea' id='block_1_3' title="bbox 404 2049 1151 2132">
    <p class='ocr_par' dir='ltr' id='par_1_4' title="bbox 404 2049 1151 2132">
     <span class='ocr_line' id='line_1_18' title="bbox 404 2049 1151 2132; baseline -0.003 -19"><span class='ocrx_word' id='word_1_171' title='bbox 404 2050 598 2113; x_wconf 84' lang='lat' dir='ltr'><strong>litatis</strong></span> <span class='ocrx_word' id='word_1_172' title='bbox 630 2050 817 2131; x_wconf 89' lang='lat' dir='ltr'><strong>hujus</strong></span> <span class='ocrx_word' id='word_1_173' title='bbox 850 2049 1151 2132; x_wconf 85' lang='lat' dir='ltr'><strong>mysterii.</strong></span> 
     </span>
    </p>
   </div>
   <div class='ocr_carea' id='block_1_4' title="bbox 395 2173 3022 3759">
    <p class='ocr_par' dir='ltr' id='par_1_5' title="bbox 395 2173 3022 3759">
     <span class='ocr_line' id='line_1_19' title="bbox 584 2173 3016 2257; baseline -0.001 -17"><span class='ocrx_word' id='word_1_174' title='bbox 584 2178 648 2242; x_wconf 75' lang='grc' dir='ltr'><strong>ὅ.</strong></span> <span class='ocrx_word' id='word_1_175' title='bbox 680 2173 895 2254; x_wconf 84' lang='lat' dir='ltr'><strong>Quare</strong></span> <span class='ocrx_word' id='word_1_176' title='bbox 924 2193 1073 2237; x_wconf 89' lang='lat' dir='ltr'><strong>cum</strong></span> <span class='ocrx_word' id='word_1_177' title='bbox 1106 2192 1225 2237; x_wconf 90' lang='lat' dir='ltr'><strong>nec</strong></span> <span class='ocrx_word' id='word_1_178' title='bbox 1259 2173 1518 2238; x_wconf 87' lang='lat' dir='ltr'><strong>evidens</strong></span> <span class='ocrx_word' id='word_1_179' title='bbox 1565 2174 1648 2237; x_wconf 89' lang='lat' dir='ltr'><strong>sit</strong></span> <span class='ocrx_word' id='word_1_180' title='bbox 1696 2174 2102 2255; x_wconf 86' lang='lat' dir='ltr'><strong>possibilitas,</strong></span> <span class='ocrx_word' id='word_1_181' title='bbox 2146 2193 2353 2257; x_wconf 92' lang='lat' dir='ltr'><strong>neque</strong></span> <span class='ocrx_word' id='word_1_182' title='bbox 2400 2175 2685 2256; x_wconf 88' lang='lat' dir='ltr'><strong>ejusdem</strong></span> <span class='ocrx_word' id='word_1_183' title='bbox 2720 2176 3016 2256; x_wconf 90' lang='lat' dir='ltr'><strong>impossi-</strong></span> 
     </span>
     <span class='ocr_line' id='line_1_20' title="bbox 409 2279 3018 2372; baseline -0 -28"><span class='ocrx_word' id='word_1_184' title='bbox 409 2281 650 2344; x_wconf 79' lang='lat' dir='ltr'><strong>bilitas:</strong></span> <span class='ocrx_word' id='word_1_185' title='bbox 683 2301 807 2345; x_wconf 93' lang='lat' dir='ltr'><strong>non</strong></span> <span class='ocrx_word' id='word_1_186' title='bbox 839 2281 1076 2363; x_wconf 90' lang='lat' dir='ltr'><strong>poterit</strong></span> <span class='ocrx_word' id='word_1_187' title='bbox 1107 2298 1148 2343; x_wconf 90' lang='lat' dir='ltr'><strong>a</strong></span> <span class='ocrx_word' id='word_1_188' title='bbox 1178 2279 1391 2361; x_wconf 76' lang='lat' dir='ltr'><strong>priori,</strong></span> <span class='ocrx_word' id='word_1_189' title='bbox 1427 2280 1541 2343; x_wconf 93' lang='lat' dir='ltr'><strong>sed</strong></span> <span class='ocrx_word' id='word_1_190' title='bbox 1575 2279 1766 2343; x_wconf 88' lang='lat' dir='ltr'><strong>debet</strong></span> <span class='ocrx_word' id='word_1_191' title='bbox 1798 2298 1838 2343; x_wconf 91' lang='lat' dir='ltr'><strong>a</strong></span> <span class='ocrx_word' id='word_1_192' title='bbox 1871 2281 2208 2360; x_wconf 85' lang='lat' dir='ltr'><strong>posteriori</strong></span> <span class='ocrx_word' id='word_1_193' title='bbox 2242 2279 2372 2343; x_wconf 87' lang='lat' dir='ltr'><strong>scil.</strong></span> <span class='ocrx_word' id='word_1_194' title='bbox 2407 2299 2484 2372; x_wconf 52' lang='lat' dir='ltr'><strong>eq&lt;</strong></span> <span class='ocrx_word' id='word_1_195' title='bbox 2518 2281 2927 2357; x_wconf 82' lang='lat' dir='ltr'><strong>revelatione,</strong></span> <span class='ocrx_word' id='word_1_196' title='bbox 2962 2282 3018 2344; x_wconf 91' lang='lat' dir='ltr'><strong>si</strong></span> 
     </span>
     <span class='ocr_line' id='line_1_21' title="bbox 409 2386 3017 2470; baseline 0 -20"><span class='ocrx_word' id='word_1_197' title='bbox 409 2405 536 2469; x_wconf 88' lang='lat' dir='ltr'><strong>qua</strong></span> <span class='ocrx_word' id='word_1_198' title='bbox 567 2394 682 2462; x_wconf 79' lang='lat' dir='ltr'><strong>est,</strong></span> <span class='ocrx_word' id='word_1_199' title='bbox 711 2388 918 2452; x_wconf 90' lang='lat' dir='ltr'><strong>dirimi</strong></span> <span class='ocrx_word' id='word_1_200' title='bbox 939 2386 1251 2470; x_wconf 72' lang='lat' dir='ltr'><strong>quaestiQ</strong></span> <span class='ocrx_word' id='word_1_201' title='bbox 1284 2387 1437 2469; x_wconf 90' lang='lat' dir='ltr'><strong>quid</strong></span> <span class='ocrx_word' id='word_1_202' title='bbox 1469 2387 1548 2451; x_wconf 92' lang='lat' dir='ltr'><strong>de</strong></span> <span class='ocrx_word' id='word_1_203' title='bbox 1581 2388 1703 2450; x_wconf 90' lang='lat' dir='ltr'><strong>hoc</strong></span> <span class='ocrx_word' id='word_1_204' title='bbox 1736 2386 2042 2468; x_wconf 88' lang='lat' dir='ltr'><strong>mysterio</strong></span> <span class='ocrx_word' id='word_1_205' title='bbox 2076 2387 2158 2451; x_wconf 90' lang='lat' dir='ltr'><strong>sit</strong></span> <span class='ocrx_word' id='word_1_206' title='bbox 2188 2388 2551 2451; x_wconf 90' lang='lat' dir='ltr'><strong>tenendum.</strong></span> <span class='ocrx_word' id='word_1_207' title='bbox 2587 2386 2830 2452; x_wconf 88' lang='lat' dir='ltr'><strong>Poterit</strong></span> <span class='ocrx_word' id='word_1_208' title='bbox 2860 2406 3017 2451; x_wconf 88' lang='lat' dir='ltr'><strong>sane</strong></span> 
     </span>
     <span class='ocr_line' id='line_1_22' title="bbox 404 2493 3016 2577; baseline -0.001 -19"><span class='ocrx_word' id='word_1_209' title='bbox 404 2493 586 2575; x_wconf 76' lang='lat' dir='ltr'><strong>exigi,</strong></span> <span class='ocrx_word' id='word_1_210' title='bbox 618 2502 689 2558; x_wconf 87' lang='lat' dir='ltr'><strong>ut</strong></span> <span class='ocrx_word' id='word_1_211' title='bbox 721 2513 849 2577; x_wconf 91' lang='lat' dir='ltr'><strong>quo</strong></span> <span class='ocrx_word' id='word_1_212' title='bbox 883 2493 1195 2557; x_wconf 87' lang='lat' dir='ltr'><strong>difficilius</strong></span> <span class='ocrx_word' id='word_1_213' title='bbox 1226 2493 1471 2560; x_wconf 93' lang='lat' dir='ltr'><strong>creditu</strong></span> <span class='ocrx_word' id='word_1_214' title='bbox 1502 2493 1655 2557; x_wconf 93' lang='lat' dir='ltr'><strong>illud</strong></span> <span class='ocrx_word' id='word_1_215' title='bbox 1687 2503 1801 2569; x_wconf 80' lang='lat' dir='ltr'><strong>est,</strong></span> <span class='ocrx_word' id='word_1_216' title='bbox 1835 2512 1912 2558; x_wconf 93' lang='lat' dir='ltr'><strong>eo</strong></span> <span class='ocrx_word' id='word_1_217' title='bbox 1934 2494 2168 2557; x_wconf 90' lang='lat' dir='ltr'><strong>certius</strong></span> <span class='ocrx_word' id='word_1_218' title='bbox 2201 2499 2453 2558; x_wconf 88' lang='lat' dir='ltr'><strong>constet</strong></span> <span class='ocrx_word' id='word_1_219' title='bbox 2483 2494 2563 2558; x_wconf 92' lang='lat' dir='ltr'><strong>de</strong></span> <span class='ocrx_word' id='word_1_220' title='bbox 2596 2494 2733 2575; x_wconf 86' lang='lat' dir='ltr'><strong>ejus</strong></span> <span class='ocrx_word' id='word_1_221' title='bbox 2767 2493 3016 2559; x_wconf 91' lang='lat' dir='ltr'><strong>revela-</strong></span> 
     </span>
     <span class='ocr_line' id='line_1_23' title="bbox 407 2599 3018 2684; baseline 0.001 -20"><span class='ocrx_word' id='word_1_222' title='bbox 407 2601 597 2677; x_wconf 81' lang='lat' dir='ltr'><strong>tione,</strong></span> <span class='ocrx_word' id='word_1_223' title='bbox 631 2620 760 2684; x_wconf 93' lang='lat' dir='ltr'><strong>quo</strong></span> <span class='ocrx_word' id='word_1_224' title='bbox 793 2601 1108 2667; x_wconf 88' lang='lat' dir='ltr'><strong>certitudo</strong></span> <span class='ocrx_word' id='word_1_225' title='bbox 1143 2600 1554 2666; x_wconf 88' lang='lat' dir='ltr'><strong>revelationis</strong></span> <span class='ocrx_word' id='word_1_226' title='bbox 1596 2599 1806 2666; x_wconf 85' lang='lat' dir='ltr'><strong>sactae</strong></span> <span class='ocrx_word' id='word_1_227' title='bbox 1837 2609 2211 2684; x_wconf 86' lang='lat' dir='ltr'><strong>compenset</strong></span> <span class='ocrx_word' id='word_1_228' title='bbox 2240 2602 2528 2684; x_wconf 80' lang='lat' dir='ltr'><strong>mysterii</strong></span> <span class='ocrx_word' id='word_1_229' title='bbox 2560 2601 3018 2668; x_wconf 89' lang='lat' dir='ltr'><strong>obscuritatem</strong></span> 
     </span>
     <span class='ocr_line' id='line_1_24' title="bbox 395 2708 3017 2792; baseline 0.001 -20"><span class='ocrx_word' id='word_1_230' title='bbox 395 2709 701 2791; x_wconf 83' lang='lat' dir='ltr'><strong>juvetque</strong></span> <span class='ocrx_word' id='word_1_231' title='bbox 735 2710 1001 2773; x_wconf 88' lang='lat' dir='ltr'><strong>rationis</strong></span> <span class='ocrx_word' id='word_1_232' title='bbox 1034 2708 1538 2775; x_wconf 87' lang='lat' dir='ltr'><strong>imbecillitatem</strong></span> <span class='ocrx_word' id='word_1_233' title='bbox 1575 2710 1658 2773; x_wconf 91' lang='lat' dir='ltr'><strong>ad</strong></span> <span class='ocrx_word' id='word_1_234' title='bbox 1691 2709 2113 2773; x_wconf 88' lang='lat' dir='ltr'><strong>dubitandum</strong></span> <span class='ocrx_word' id='word_1_235' title='bbox 2149 2716 2283 2775; x_wconf 88' lang='lat' dir='ltr'><strong>tam</strong></span> <span class='ocrx_word' id='word_1_236' title='bbox 2314 2728 2575 2792; x_wconf 90' lang='lat' dir='ltr'><strong>pronae.</strong></span> <span class='ocrx_word' id='word_1_237' title='bbox 2609 2709 2801 2792; x_wconf 88' lang='lat' dir='ltr'><strong>Atqui</strong></span> <span class='ocrx_word' id='word_1_238' title='bbox 2835 2717 2905 2774; x_wconf 90' lang='lat' dir='ltr'><strong>ut</strong></span> <span class='ocrx_word' id='word_1_239' title='bbox 2923 2712 3017 2774; x_wconf 89' lang='lat' dir='ltr'><strong>vi-</strong></span> 
     </span>
     <span class='ocr_line' id='line_1_25' title="bbox 402 2815 3019 2899; baseline 0.001 -20"><span class='ocrx_word' id='word_1_240' title='bbox 402 2815 611 2880; x_wconf 90' lang='lat' dir='ltr'><strong>dimus</strong></span> <span class='ocrx_word' id='word_1_241' title='bbox 644 2823 783 2880; x_wconf 89' lang='lat' dir='ltr'><strong>toto</strong></span> <span class='ocrx_word' id='word_1_242' title='bbox 817 2825 932 2880; x_wconf 90' lang='lat' dir='ltr'><strong>art.</strong></span> <span class='ocrx_word' id='word_1_243' title='bbox 972 2821 1025 2893; x_wconf 88' lang='lat'><strong>1,</strong></span> <span class='ocrx_word' id='word_1_244' title='bbox 1060 2818 1294 2897; x_wconf 85' lang='lat' dir='ltr'><strong>dogma</strong></span> <span class='ocrx_word' id='word_1_245' title='bbox 1325 2815 1716 2880; x_wconf 88' lang='lat' dir='ltr'><strong>catholicum</strong></span> <span class='ocrx_word' id='word_1_246' title='bbox 1749 2816 1830 2881; x_wconf 93' lang='lat' dir='ltr'><strong>de</strong></span> <span class='ocrx_word' id='word_1_247' title='bbox 1860 2817 2018 2881; x_wconf 90' lang='lat' dir='ltr'><strong>reali</strong></span> <span class='ocrx_word' id='word_1_248' title='bbox 2051 2818 2336 2899; x_wconf 88' lang='lat' dir='ltr'><strong>corporis</strong></span> <span class='ocrx_word' id='word_1_249' title='bbox 2353 2823 2417 2881; x_wconf 91' lang='lat' dir='ltr'><strong>et</strong></span> <span class='ocrx_word' id='word_1_250' title='bbox 2437 2817 2765 2898; x_wconf 86' lang='lat' dir='ltr'><strong>sanguinis</strong></span> <span class='ocrx_word' id='word_1_251' title='bbox 2786 2816 3019 2882; x_wconf 87' lang='lat' dir='ltr'><strong>Christi</strong></span> 
     </span>
     <span class='ocr_line' id='line_1_26' title="bbox 405 2921 3020 3006; baseline 0.002 -21"><span class='ocrx_word' id='word_1_252' title='bbox 405 2921 469 2985; x_wconf 90' lang='lat' dir='ltr'><strong>in</strong></span> <span class='ocrx_word' id='word_1_253' title='bbox 499 2924 887 2988; x_wconf 87' lang='lat' dir='ltr'><strong>eucharistia</strong></span> <span class='ocrx_word' id='word_1_254' title='bbox 919 2925 1287 3005; x_wconf 88' lang='lat' dir='ltr'><strong>praesentia</strong></span> <span class='ocrx_word' id='word_1_255' title='bbox 1318 2924 1489 2988; x_wconf 90' lang='lat' dir='ltr'><strong>clare</strong></span> <span class='ocrx_word' id='word_1_256' title='bbox 1524 2924 1893 2988; x_wconf 86' lang='lat' dir='ltr'><strong>continetur</strong></span> <span class='ocrx_word' id='word_1_257' title='bbox 1922 2923 2333 2988; x_wconf 89' lang='lat' dir='ltr'><strong>revelationis</strong></span> <span class='ocrx_word' id='word_1_258' title='bbox 2365 2925 2675 3006; x_wconf 90' lang='lat' dir='ltr'><strong>deposito.</strong></span> <span class='ocrx_word' id='word_1_259' title='bbox 2740 2924 3020 2989; x_wconf 87' lang='lat' dir='ltr'><strong>Dicimus</strong></span> 
     </span>
     <span class='ocr_line' id='line_1_27' title="bbox 406 3028 3017 3118; baseline 0.001 -27"><span class='ocrx_word' id='word_1_260' title='bbox 406 3029 598 3100; x_wconf 76' lang='lat' dir='ltr'><strong>clare,</strong></span> <span class='ocrx_word' id='word_1_261' title='bbox 632 3032 926 3112; x_wconf 88' lang='lat' dir='ltr'><strong>quamvis</strong></span> <span class='ocrx_word' id='word_1_262' title='bbox 946 3030 1117 3094; x_wconf 91' lang='lat' dir='ltr'><strong>haud</strong></span> <span class='ocrx_word' id='word_1_263' title='bbox 1137 3031 1457 3094; x_wconf 86' lang='lat' dir='ltr'><strong>immerito</strong></span> <span class='ocrx_word' id='word_1_264' title='bbox 1482 3028 1647 3092; x_wconf 86' lang='lat' dir='ltr'><strong>illius</strong></span> <span class='ocrx_word' id='word_1_265' title='bbox 1669 3030 1977 3094; x_wconf 87' lang='lat' dir='ltr'><strong>revelatio</strong></span> <span class='ocrx_word' id='word_1_266' title='bbox 1998 3030 2275 3095; x_wconf 86' lang='lat' dir='ltr'><strong>conferri</strong></span> <span class='ocrx_word' id='word_1_267' title='bbox 2295 3031 2499 3112; x_wconf 90' lang='lat' dir='ltr'><strong>possit</strong></span> <span class='ocrx_word' id='word_1_268' title='bbox 2513 3031 2684 3107; x_wconf 79' lang='lat' dir='ltr'><strong>nubi,</strong></span> <span class='ocrx_word' id='word_1_269' title='bbox 2700 3049 2868 3113; x_wconf 89' lang='lat' dir='ltr'><strong>quae</strong></span> <span class='ocrx_word' id='word_1_270' title='bbox 2885 3030 3017 3118; x_wconf 81' lang='lat' dir='ltr'>(Ex.</span> 
     </span>
     <span class='ocr_line' id='line_1_28' title="bbox 410 3136 3020 3223; baseline -0.001 -20"><span class='ocrx_word' id='word_1_271' title='bbox 410 3141 512 3211; x_wconf 80' lang='lat'><strong>14,</strong></span> <span class='ocrx_word' id='word_1_272' title='bbox 532 3139 642 3223; x_wconf 71' lang='grc' dir='ltr'><strong>ΞΟ)</strong></span> <span class='ocrx_word' id='word_1_273' title='bbox 664 3137 841 3202; x_wconf 88' lang='lat' dir='ltr'><strong>stetit</strong></span> <span class='ocrx_word' id='word_1_274' title='bbox 861 3138 1027 3202; x_wconf 87' lang='lat' dir='ltr'><strong>inter</strong></span> <span class='ocrx_word' id='word_1_275' title='bbox 1049 3143 1264 3200; x_wconf 90' lang='lat' dir='ltr'><strong>castra</strong></span> <span class='ocrx_word' id='word_1_276' title='bbox 1295 3138 1737 3218; x_wconf 88' lang='lat' dir='ltr'><strong>aegyptiorum</strong></span> <span class='ocrx_word' id='word_1_277' title='bbox 1771 3143 1835 3202; x_wconf 88' lang='lat' dir='ltr'><strong>et</strong></span> <span class='ocrx_word' id='word_1_278' title='bbox 1855 3145 2070 3200; x_wconf 87' lang='lat' dir='ltr'><strong>castra</strong></span> <span class='ocrx_word' id='word_1_279' title='bbox 2089 3136 2356 3214; x_wconf 57' lang='lat' dir='ltr'><strong>israelis</strong></span> <span class='ocrx_word' id='word_1_280' title='bbox 2386 3138 2505 3202; x_wconf 88' lang='lat' dir='ltr'><strong>illis</strong></span> <span class='ocrx_word' id='word_1_281' title='bbox 2526 3139 2888 3214; x_wconf 81' lang='lat' dir='ltr'><strong>tenebrosa,</strong></span> <span class='ocrx_word' id='word_1_282' title='bbox 2921 3139 3020 3203; x_wconf 89' lang='lat' dir='ltr'><strong>his</strong></span> 
     </span>
     <span class='ocr_line' id='line_1_29' title="bbox 408 3244 3020 3328; baseline 0 -20"><span class='ocrx_word' id='word_1_283' title='bbox 408 3245 649 3319; x_wconf 84' lang='lat' dir='ltr'><strong>lucida;</strong></span> <span class='ocrx_word' id='word_1_284' title='bbox 694 3264 844 3309; x_wconf 90' lang='lat' dir='ltr'><strong>nam</strong></span> <span class='ocrx_word' id='word_1_285' title='bbox 892 3246 1094 3309; x_wconf 86' lang='lat' dir='ltr'><strong>verba</strong></span> <span class='ocrx_word' id='word_1_286' title='bbox 1123 3244 1567 3326; x_wconf 89' lang='lat' dir='ltr'><strong>promissionis</strong></span> <span class='ocrx_word' id='word_1_287' title='bbox 1615 3250 1680 3309; x_wconf 91' lang='lat' dir='ltr'><strong>et</strong></span> <span class='ocrx_word' id='word_1_288' title='bbox 1710 3244 2127 3308; x_wconf 88' lang='lat' dir='ltr'><strong>institutionis</strong></span> <span class='ocrx_word' id='word_1_289' title='bbox 2173 3251 2323 3308; x_wconf 89' lang='lat' dir='ltr'><strong>sunt</strong></span> <span class='ocrx_word' id='word_1_290' title='bbox 2352 3245 2661 3321; x_wconf 59' lang='lat' dir='ltr'><strong>fidelibus</strong></span> <span class='ocrx_word' id='word_1_291' title='bbox 2696 3247 2803 3328; x_wconf 91' lang='lat' dir='ltr'><strong>qui</strong></span> <span class='ocrx_word' id='word_1_292' title='bbox 2833 3245 3020 3310; x_wconf 90' lang='lat' dir='ltr'><strong>intel-</strong></span> 
     </span>
     <span class='ocr_line' id='line_1_30' title="bbox 408 3351 3020 3434; baseline 0 -20"><span class='ocrx_word' id='word_1_293' title='bbox 408 3352 641 3416; x_wconf 86' lang='lat' dir='ltr'><strong>lectum</strong></span> <span class='ocrx_word' id='word_1_294' title='bbox 672 3371 858 3416; x_wconf 88' lang='lat' dir='ltr'><strong>suum</strong></span> <span class='ocrx_word' id='word_1_295' title='bbox 890 3352 1163 3416; x_wconf 89' lang='lat' dir='ltr'><strong>libenter</strong></span> <span class='ocrx_word' id='word_1_296' title='bbox 1194 3351 1523 3433; x_wconf 87' lang='lat' dir='ltr'><strong>captivant</strong></span> <span class='ocrx_word' id='word_1_297' title='bbox 1555 3351 1676 3414; x_wconf 91' lang='lat' dir='ltr'><strong>sub</strong></span> <span class='ocrx_word' id='word_1_298' title='bbox 1701 3352 2089 3416; x_wconf 88' lang='lat' dir='ltr'><strong>auctoritate</strong></span> <span class='ocrx_word' id='word_1_299' title='bbox 2111 3351 2345 3428; x_wconf 74' lang='lat' dir='ltr'><strong>divina,</strong></span> <span class='ocrx_word' id='word_1_300' title='bbox 2367 3351 2543 3415; x_wconf 87' lang='lat' dir='ltr'><strong>clara</strong></span> <span class='ocrx_word' id='word_1_301' title='bbox 2564 3360 2628 3417; x_wconf 88' lang='lat' dir='ltr'><strong>et</strong></span> <span class='ocrx_word' id='word_1_302' title='bbox 2647 3353 3020 3434; x_wconf 90' lang='lat' dir='ltr'><strong>perspicua:</strong></span> 
     </span>
     <span class='ocr_line' id='line_1_31' title="bbox 405 3456 3020 3533; baseline 0 -12"><span class='ocrx_word' id='word_1_303' title='bbox 405 3459 744 3523; x_wconf 88' lang='lat' dir='ltr'><strong>incredulis</strong></span> <span class='ocrx_word' id='word_1_304' title='bbox 776 3478 929 3524; x_wconf 94' lang='lat' dir='ltr'><strong>vero</strong></span> <span class='ocrx_word' id='word_1_305' title='bbox 964 3462 1241 3522; x_wconf 87' lang='lat' dir='ltr'><strong>obscura</strong></span> <span class='ocrx_word' id='word_1_306' title='bbox 1272 3457 1624 3522; x_wconf 88' lang='lat' dir='ltr'><strong>secundum</strong></span> <span class='ocrx_word' id='word_1_307' title='bbox 1655 3457 1764 3521; x_wconf 89' lang='lat' dir='ltr'><strong>illa</strong></span> <span class='ocrx_word' id='word_1_308' title='bbox 1795 3456 1980 3521; x_wconf 91' lang='lat' dir='ltr'><strong>Pauli</strong></span> <span class='ocrx_word' id='word_1_309' title='bbox 2017 3463 2068 3525; x_wconf 93' lang='grc'><strong>1.</strong></span> <span class='ocrx_word' id='word_1_310' title='bbox 2103 3456 2244 3521; x_wconf 88' lang='lat' dir='ltr'><strong>Cor.</strong></span> <span class='ocrx_word' id='word_1_311' title='bbox 2280 3464 2475 3533; x_wconf 60' lang='lat'>214:</span> <span class='ocrx_word' id='word_1_312' title='bbox 2509 3459 2828 3523; x_wconf 78' lang='lat' dir='ltr'><strong>Animalis</strong></span> <span class='ocrx_word' id='word_1_313' title='bbox 2846 3462 3020 3523; x_wconf 81' lang='lat' dir='ltr'><strong>homo</strong></span> 
     </span>
     <span class='ocr_line' id='line_1_32' title="bbox 410 3564 3022 3652; baseline -0.001 -23"><span class='ocrx_word' id='word_1_314' title='bbox 410 3586 537 3629; x_wconf 79' lang='lat' dir='ltr'><strong>non</strong></span> <span class='ocrx_word' id='word_1_315' title='bbox 557 3569 829 3652; x_wconf 80' lang='lat' dir='ltr'><strong>percipit</strong></span> <span class='ocrx_word' id='word_1_316' title='bbox 860 3589 956 3649; x_wconf 77' lang='lat' dir='ltr'><strong>eo,</strong></span> <span class='ocrx_word' id='word_1_317' title='bbox 988 3587 1145 3650; x_wconf 78' lang='lat' dir='ltr'><strong>quae</strong></span> <span class='ocrx_word' id='word_1_318' title='bbox 1177 3572 1322 3629; x_wconf 82' lang='lat' dir='ltr'><strong>sunt</strong></span> <span class='ocrx_word' id='word_1_319' title='bbox 1355 3567 1632 3649; x_wconf 76' lang='lat' dir='ltr'><strong>Spiritus</strong></span> <span class='ocrx_word' id='word_1_320' title='bbox 1665 3565 1808 3646; x_wconf 76' lang='lat' dir='ltr'><strong>Dei,</strong></span> <span class='ocrx_word' id='word_1_321' title='bbox 1855 3564 2121 3628; x_wconf 79' lang='lat' dir='ltr'><strong>stultitia</strong></span> <span class='ocrx_word' id='word_1_322' title='bbox 2154 3567 2316 3628; x_wconf 79' lang='lat' dir='ltr'><strong>enim</strong></span> <span class='ocrx_word' id='word_1_323' title='bbox 2349 3572 2432 3630; x_wconf 80' lang='lat' dir='ltr'><strong>est</strong></span> <span class='ocrx_word' id='word_1_324' title='bbox 2467 3566 2558 3629; x_wconf 78' lang='lat' dir='ltr'><strong>illi</strong></span> <span class='ocrx_word' id='word_1_325' title='bbox 2587 3573 2643 3629; x_wconf 83' lang='lat' dir='ltr'><strong>et</strong></span> <span class='ocrx_word' id='word_1_326' title='bbox 2675 3586 2800 3627; x_wconf 84' lang='lat' dir='ltr'><strong>non</strong></span> <span class='ocrx_word' id='word_1_327' title='bbox 2821 3572 3022 3651; x_wconf 78' lang='lat' dir='ltr'><strong>potest</strong></span> 
     </span>
     <span class='ocr_line' id='line_1_33' title="bbox 406 3673 824 3759; baseline -0.002 -24"><span class='ocrx_word' id='word_1_328' title='bbox 406 3673 747 3754; x_wconf 75' lang='lat' dir='ltr'><strong>intelliqere</strong></span> <span class='ocrx_word' id='word_1_329' title='bbox 760 3675 824 3759; x_wconf 80' lang='lat'><strong>¹).</strong></span> 
     </span>
    </p>
   </div>
   <div class='ocr_carea' id='block_1_5' title="bbox 409 3811 3022 4108">
    <p class='ocr_par' dir='ltr' id='par_1_6' title="bbox 409 3811 3022 4108">
     <span class='ocr_line' id='line_1_34' title="bbox 586 3811 3022 3895; baseline -0.002 -14"><span class='ocrx_word' id='word_1_330' title='bbox 586 3818 733 3884; x_wconf 82' lang='lat'><strong>380.</strong></span> <span class='ocrx_word' id='word_1_331' title='bbox 768 3811 893 3879; x_wconf 90' lang='lat' dir='ltr'><strong>Sed</strong></span> <span class='ocrx_word' id='word_1_332' title='bbox 925 3833 1140 3878; x_wconf 90' lang='lat' dir='ltr'><strong>nonne</strong></span> <span class='ocrx_word' id='word_1_333' title='bbox 1188 3814 1614 3878; x_wconf 88' lang='lat' dir='ltr'><strong>eucharistiae</strong></span> <span class='ocrx_word' id='word_1_334' title='bbox 1661 3814 2034 3895; x_wconf 85' lang='lat' dir='ltr'><strong>mysterium</strong></span> <span class='ocrx_word' id='word_1_335' title='bbox 2082 3813 2409 3877; x_wconf 88' lang='lat' dir='ltr'><strong>evidenter</strong></span> <span class='ocrx_word' id='word_1_336' title='bbox 2454 3832 2809 3894; x_wconf 87' lang='lat' dir='ltr'><strong>repugnare</strong></span> <span class='ocrx_word' id='word_1_337' title='bbox 2845 3813 3022 3876; x_wconf 89' lang='lat' dir='ltr'><strong>vide-</strong></span> 
     </span>
     <span class='ocr_line' id='line_1_35' title="bbox 409 3918 3020 4003; baseline -0.001 -20"><span class='ocrx_word' id='word_1_338' title='bbox 409 3924 555 3984; x_wconf 77' lang='lat' dir='ltr'><strong>tur?</strong></span> <span class='ocrx_word' id='word_1_339' title='bbox 588 3920 753 3985; x_wconf 89' lang='lat' dir='ltr'><strong>Nam</strong></span> <span class='ocrx_word' id='word_1_340' title='bbox 784 3928 1099 4003; x_wconf 84' lang='lat' dir='ltr'><strong>repugnat</strong></span> <span class='ocrx_word' id='word_1_341' title='bbox 1129 3943 1193 3990; x_wconf 87' lang='lat' dir='ltr'><strong>a.</strong></span> <span class='ocrx_word' id='word_1_342' title='bbox 1231 3921 1461 3984; x_wconf 88' lang='lat' dir='ltr'><strong>adesse</strong></span> <span class='ocrx_word' id='word_1_343' title='bbox 1494 3918 1731 3985; x_wconf 87' lang='lat' dir='ltr'><strong>Christi</strong></span> <span class='ocrx_word' id='word_1_344' title='bbox 1779 3938 2012 4001; x_wconf 87' lang='lat' dir='ltr'><strong>corpus</strong></span> <span class='ocrx_word' id='word_1_345' title='bbox 2058 3920 2176 3983; x_wconf 90' lang='lat' dir='ltr'><strong>sub</strong></span> <span class='ocrx_word' id='word_1_346' title='bbox 2224 3921 2559 4001; x_wconf 89' lang='lat' dir='ltr'><strong>speciebus</strong></span> <span class='ocrx_word' id='word_1_347' title='bbox 2610 3920 2792 4001; x_wconf 90' lang='lat' dir='ltr'><strong>panis</strong></span> <span class='ocrx_word' id='word_1_348' title='bbox 2825 3918 3020 3982; x_wconf 89' lang='lat' dir='ltr'><strong>modo</strong></span> 
     </span>
     <span class='ocr_line' id='line_1_36' title="bbox 409 4025 3021 4108; baseline 0 -20"><span class='ocrx_word' id='word_1_349' title='bbox 409 4027 664 4107; x_wconf 89' lang='lat' dir='ltr'><strong>spiritus</strong></span> <span class='ocrx_word' id='word_1_350' title='bbox 697 4034 763 4092; x_wconf 92' lang='lat' dir='ltr'><strong>et</strong></span> <span class='ocrx_word' id='word_1_351' title='bbox 793 4028 930 4093; x_wconf 91' lang='lat' dir='ltr'><strong>sine</strong></span> <span class='ocrx_word' id='word_1_352' title='bbox 962 4025 1199 4091; x_wconf 87' lang='lat' dir='ltr'><strong>actuali</strong></span> <span class='ocrx_word' id='word_1_353' title='bbox 1231 4028 1693 4093; x_wconf 82' lang='lat' dir='ltr'><strong>coextensione</strong></span> <span class='ocrx_word' id='word_1_354' title='bbox 1727 4026 1809 4089; x_wconf 90' lang='lat' dir='ltr'><strong>ad</strong></span> <span class='ocrx_word' id='word_1_355' title='bbox 1843 4026 2157 4108; x_wconf 85' lang='lat' dir='ltr'><strong>spatium;</strong></span> <span class='ocrx_word' id='word_1_356' title='bbox 2209 4029 2275 4095; x_wconf 86' lang='lat' dir='ltr'><strong>b.</strong></span> <span class='ocrx_word' id='word_1_357' title='bbox 2329 4027 2497 4090; x_wconf 89' lang='lat' dir='ltr'><strong>idem</strong></span> <span class='ocrx_word' id='word_1_358' title='bbox 2528 4043 2761 4107; x_wconf 88' lang='lat' dir='ltr'><strong>corpus</strong></span> <span class='ocrx_word' id='word_1_359' title='bbox 2794 4025 3021 4089; x_wconf 89' lang='lat' dir='ltr'><strong>adesse</strong></span> 
     </span>
    </p>
   </div>
   <div class='ocr_carea' id='block_1_6' title="bbox 423 4171 835 4183">
    <p class='ocr_par' dir='ltr' id='par_1_7' title="bbox 423 4171 835 4183">
     <span class='ocr_line' id='line_1_37' title="bbox 423 4171 835 4183; baseline 0 1181"><span class='ocrx_word' id='word_1_360' title='bbox 423 4171 835 4183; x_wconf 95' lang='lat' dir='ltr'><strong> </strong></span> 
     </span>
    </p>
   </div>
   <div class='ocr_carea' id='block_1_7' title="bbox 410 4256 3024 4810">
    <p class='ocr_par' dir='ltr' id='par_1_8' title="bbox 410 4256 3024 4810">
     <span class='ocr_line' id='line_1_38' title="bbox 630 4256 3022 4328; baseline -0.002 -18"><span class='ocrx_word' id='word_1_361' title='bbox 630 4261 665 4328; x_wconf 85' lang='grc' dir='ltr'><strong>ι)</strong></span> <span class='ocrx_word' id='word_1_362' title='bbox 695 4259 776 4310; x_wconf 73' lang='lat' dir='ltr'><strong>Cf.</strong></span> <span class='ocrx_word' id='word_1_363' title='bbox 806 4256 1317 4310; x_wconf 86' lang='lat' dir='ltr'><strong>Guitmundus</strong></span> <span class='ocrx_word' id='word_1_364' title='bbox 1363 4257 1453 4318; x_wconf 83' lang='lat'>111,</span> <span class='ocrx_word' id='word_1_365' title='bbox 1481 4260 1549 4312; x_wconf 82' lang='lat'><strong>47</strong></span> <span class='ocrx_word' id='word_1_366' title='bbox 1576 4259 1634 4308; x_wconf 91' lang='lat' dir='ltr'><strong>et</strong></span> <span class='ocrx_word' id='word_1_367' title='bbox 1660 4258 1990 4326; x_wconf 85' lang='lat' dir='ltr'><strong>Algerus</strong></span> <span class='ocrx_word' id='word_1_368' title='bbox 2036 4257 2102 4320; x_wconf 85' lang='grc' dir='ltr'><strong>ΙΙ,</strong></span> <span class='ocrx_word' id='word_1_369' title='bbox 2132 4266 2178 4313; x_wconf 76' lang='lat'><strong>4.</strong></span> <span class='ocrx_word' id='word_1_370' title='bbox 2232 4258 2319 4309; x_wconf 89' lang='lat' dir='ltr'><strong>Ad</strong></span> <span class='ocrx_word' id='word_1_371' title='bbox 2363 4273 2479 4309; x_wconf 84' lang='lat' dir='ltr'><strong>rem</strong></span> <span class='ocrx_word' id='word_1_372' title='bbox 2525 4256 2891 4308; x_wconf 83' lang='lat' dir='ltr'><strong>Ecbertus</strong></span> <span class='ocrx_word' id='word_1_373' title='bbox 2931 4256 3022 4307; x_wconf 87' lang='lat' dir='ltr'><strong>ab.</strong></span> 
     </span>
     <span class='ocr_line' id='line_1_39' title="bbox 415 4333 3023 4408; baseline -0.002 -19"><span class='ocrx_word' id='word_1_374' title='bbox 415 4337 718 4408; x_wconf 83' lang='lat' dir='ltr'><strong>schonaug.</strong></span> <span class='ocrx_word' id='word_1_375' title='bbox 747 4355 911 4392; x_wconf 79' lang='lat' dir='ltr'><strong>serm.</strong></span> <span class='ocrx_word' id='word_1_376' title='bbox 945 4344 1004 4394; x_wconf 92' lang='lat'><strong>11</strong></span> <span class='ocrx_word' id='word_1_377' title='bbox 1036 4341 1232 4391; x_wconf 88' lang='lat' dir='ltr'><strong>contra</strong></span> <span class='ocrx_word' id='word_1_378' title='bbox 1260 4338 1522 4390; x_wconf 85' lang='lat' dir='ltr'><strong>catharos</strong></span> <span class='ocrx_word' id='word_1_379' title='bbox 1549 4337 1625 4406; x_wconf 88' lang='lat' dir='ltr'><strong>(M</strong></span> <span class='ocrx_word' id='word_1_380' title='bbox 1644 4335 1664 4389; x_wconf 91' lang='lat' dir='ltr'><strong>i</strong></span> <span class='ocrx_word' id='word_1_381' title='bbox 1684 4356 1738 4404; x_wconf 74' lang='lat' dir='ltr'><strong>g.</strong></span> <span class='ocrx_word' id='word_1_382' title='bbox 1772 4344 1887 4398; x_wconf 73' lang='lat'><strong>195,</strong></span> <span class='ocrx_word' id='word_1_383' title='bbox 1915 4339 2004 4407; x_wconf 76' lang='lat'><strong>85)</strong></span> <span class='ocrx_word' id='word_1_384' title='bbox 2033 4354 2085 4388; x_wconf 89' lang='lat' dir='ltr'><strong>n.</strong></span> <span class='ocrx_word' id='word_1_385' title='bbox 2116 4345 2178 4390; x_wconf 78' lang='lat'><strong>2:</strong></span> <span class='ocrx_word' id='word_1_386' title='bbox 2223 4336 2519 4396; x_wconf 85' lang='lat' dir='ltr'><strong>„Humano</strong></span> <span class='ocrx_word' id='word_1_387' title='bbox 2548 4335 2738 4388; x_wconf 83' lang='lat' dir='ltr'><strong>sensui</strong></span> <span class='ocrx_word' id='word_1_388' title='bbox 2765 4333 3023 4403; x_wconf 83' lang='lat' dir='ltr'><strong>impossi-</strong></span> 
     </span>
     <span class='ocr_line' id='line_1_40' title="bbox 417 4416 3024 4490; baseline -0.001 -19"><span class='ocrx_word' id='word_1_389' title='bbox 417 4417 525 4473; x_wconf 90' lang='lat' dir='ltr'><strong>bile</strong></span> <span class='ocrx_word' id='word_1_390' title='bbox 550 4419 783 4488; x_wconf 88' lang='lat' dir='ltr'><strong>quidem</strong></span> <span class='ocrx_word' id='word_1_391' title='bbox 810 4423 912 4480; x_wconf 78' lang='lat' dir='ltr'><strong>est.</strong></span> <span class='ocrx_word' id='word_1_392' title='bbox 940 4422 1008 4473; x_wconf 91' lang='lat' dir='ltr'><strong>ut</strong></span> <span class='ocrx_word' id='word_1_393' title='bbox 1026 4419 1336 4490; x_wconf 79' lang='lat' dir='ltr'><strong>intelligat,</strong></span> <span class='ocrx_word' id='word_1_394' title='bbox 1358 4418 1608 4488; x_wconf 85' lang='lat' dir='ltr'><strong>qualiter</strong></span> <span class='ocrx_word' id='word_1_395' title='bbox 1628 4419 1687 4472; x_wconf 89' lang='lat' dir='ltr'><strong>id</strong></span> <span class='ocrx_word' id='word_1_396' title='bbox 1708 4419 1832 4471; x_wconf 88' lang='lat' dir='ltr'><strong>fieri</strong></span> <span class='ocrx_word' id='word_1_397' title='bbox 1854 4418 2061 4487; x_wconf 80' lang='lat' dir='ltr'><strong>possit;</strong></span> <span class='ocrx_word' id='word_1_398' title='bbox 2089 4418 2265 4470; x_wconf 89' lang='lat' dir='ltr'><strong>habet</strong></span> <span class='ocrx_word' id='word_1_399' title='bbox 2282 4420 2475 4469; x_wconf 84' lang='lat' dir='ltr'><strong>tamen</strong></span> <span class='ocrx_word' id='word_1_400' title='bbox 2497 4419 2704 4470; x_wconf 81' lang='lat' dir='ltr'><strong>rectam</strong></span> <span class='ocrx_word' id='word_1_401' title='bbox 2729 4418 2787 4469; x_wconf 92' lang='lat' dir='ltr'><strong>et</strong></span> <span class='ocrx_word' id='word_1_402' title='bbox 2805 4416 3024 4469; x_wconf 83' lang='lat' dir='ltr'><strong>firmam</strong></span> 
     </span>
     <span class='ocr_line' id='line_1_41' title="bbox 412 4496 3023 4569; baseline -0.002 -17"><span class='ocrx_word' id='word_1_403' title='bbox 412 4499 706 4564; x_wconf 86' lang='lat' dir='ltr'><strong>rationem,</strong></span> <span class='ocrx_word' id='word_1_404' title='bbox 736 4517 911 4569; x_wconf 84' lang='lat' dir='ltr'><strong>quare</strong></span> <span class='ocrx_word' id='word_1_405' title='bbox 937 4502 1046 4555; x_wconf 90' lang='lat' dir='ltr'><strong>hoc</strong></span> <span class='ocrx_word' id='word_1_406' title='bbox 1071 4501 1471 4555; x_wconf 87' lang='lat' dir='ltr'><strong>indubitanter</strong></span> <span class='ocrx_word' id='word_1_407' title='bbox 1516 4500 1738 4553; x_wconf 89' lang='lat' dir='ltr'><strong>credere</strong></span> <span class='ocrx_word' id='word_1_408' title='bbox 1785 4500 2007 4553; x_wconf 83' lang='lat' dir='ltr'><strong>debeat.</strong></span> <span class='ocrx_word' id='word_1_409' title='bbox 2059 4499 2213 4562; x_wconf 82' lang='lat' dir='ltr'><strong>Quae</strong></span> <span class='ocrx_word' id='word_1_410' title='bbox 2255 4501 2340 4550; x_wconf 83' lang='lat' dir='ltr'><strong>est</strong></span> <span class='ocrx_word' id='word_1_411' title='bbox 2379 4498 2482 4553; x_wconf 85' lang='lat' dir='ltr'><strong>illa</strong></span> <span class='ocrx_word' id='word_1_412' title='bbox 2523 4498 2686 4562; x_wconf 84' lang='lat' dir='ltr'><strong>ratio,</strong></span> <span class='ocrx_word' id='word_1_413' title='bbox 2729 4513 2844 4565; x_wconf 83' lang='lat' dir='ltr'><strong>qua</strong></span> <span class='ocrx_word' id='word_1_414' title='bbox 2870 4496 3023 4550; x_wconf 90' lang='lat' dir='ltr'><strong>credi</strong></span> 
     </span>
     <span class='ocr_line' id='line_1_42' title="bbox 411 4575 3022 4649; baseline -0.002 -17"><span class='ocrx_word' id='word_1_415' title='bbox 411 4579 616 4634; x_wconf 84' lang='lat' dir='ltr'><strong>debeat</strong></span> <span class='ocrx_word' id='word_1_416' title='bbox 639 4580 804 4643; x_wconf 83' lang='lat' dir='ltr'><strong>illud,</strong></span> <span class='ocrx_word' id='word_1_417' title='bbox 834 4580 987 4649; x_wconf 89' lang='lat' dir='ltr'><strong>quod</strong></span> <span class='ocrx_word' id='word_1_418' title='bbox 1015 4580 1151 4634; x_wconf 86' lang='lat' dir='ltr'><strong>foris</strong></span> <span class='ocrx_word' id='word_1_419' title='bbox 1180 4580 1485 4634; x_wconf 82' lang='lat' dir='ltr'><strong>videbatur</strong></span> <span class='ocrx_word' id='word_1_420' title='bbox 1523 4597 1641 4633; x_wconf 82' lang='lat' dir='ltr'><strong>esse</strong></span> <span class='ocrx_word' id='word_1_421' title='bbox 1670 4578 1853 4649; x_wconf 76' lang='lat' dir='ltr'><strong>paniS‚</strong></span> <span class='ocrx_word' id='word_1_422' title='bbox 1896 4578 2068 4631; x_wconf 83' lang='lat' dir='ltr'><strong>fuisse</strong></span> <span class='ocrx_word' id='word_1_423' title='bbox 2098 4577 2286 4647; x_wconf 85' lang='lat' dir='ltr'><strong>ipsum</strong></span> <span class='ocrx_word' id='word_1_424' title='bbox 2313 4595 2518 4647; x_wconf 84' lang='lat' dir='ltr'><strong>corpus</strong></span> <span class='ocrx_word' id='word_1_425' title='bbox 2545 4576 2811 4631; x_wconf 68' lang='lat' dir='ltr'><strong>Domini?</strong></span> <span class='ocrx_word' id='word_1_426' title='bbox 2861 4575 3022 4641; x_wconf 84' lang='lat' dir='ltr'><strong>Quod</strong></span> 
     </span>
     <span class='ocr_line' id='line_1_43' title="bbox 410 4656 3023 4728; baseline -0.001 -17"><span class='ocrx_word' id='word_1_427' title='bbox 410 4659 476 4714; x_wconf 88' lang='lat' dir='ltr'><strong>D.</strong></span> <span class='ocrx_word' id='word_1_428' title='bbox 503 4659 666 4714; x_wconf 82' lang='lat' dir='ltr'><strong>Jesus</strong></span> <span class='ocrx_word' id='word_1_429' title='bbox 694 4660 953 4715; x_wconf 82' lang='lat' dir='ltr'><strong>Christus</strong></span> <span class='ocrx_word' id='word_1_430' title='bbox 980 4661 1159 4714; x_wconf 83' lang='lat' dir='ltr'><strong>Filius</strong></span> <span class='ocrx_word' id='word_1_431' title='bbox 1188 4659 1293 4714; x_wconf 90' lang='lat' dir='ltr'><strong>Dei</strong></span> <span class='ocrx_word' id='word_1_432' title='bbox 1319 4661 1426 4713; x_wconf 91' lang='lat' dir='ltr'><strong>hoc</strong></span> <span class='ocrx_word' id='word_1_433' title='bbox 1453 4659 1616 4722; x_wconf 78' lang='lat' dir='ltr'><strong>dixit,</strong></span> <span class='ocrx_word' id='word_1_434' title='bbox 1660 4658 1762 4727; x_wconf 90' lang='lat' dir='ltr'><strong>qui</strong></span> <span class='ocrx_word' id='word_1_435' title='bbox 1804 4657 2031 4713; x_wconf 88' lang='lat' dir='ltr'><strong>mentiri</strong></span> <span class='ocrx_word' id='word_1_436' title='bbox 2077 4676 2189 4713; x_wconf 90' lang='lat' dir='ltr'><strong>non</strong></span> <span class='ocrx_word' id='word_1_437' title='bbox 2218 4657 2424 4728; x_wconf 90' lang='lat' dir='ltr'><strong>potuit.</strong></span> <span class='ocrx_word' id='word_1_438' title='bbox 2477 4657 2622 4710; x_wconf 82' lang='lat' dir='ltr'><strong>Vere</strong></span> <span class='ocrx_word' id='word_1_439' title='bbox 2650 4656 2879 4710; x_wconf 86' lang='lat' dir='ltr'><strong>mentiri</strong></span> <span class='ocrx_word' id='word_1_440' title='bbox 2909 4674 3023 4710; x_wconf 89' lang='lat' dir='ltr'><strong>non</strong></span> 
     </span>
     <span class='ocr_line' id='line_1_44' title="bbox 418 4738 2583 4810; baseline -0.002 -16"><span class='ocrx_word' id='word_1_441' title='bbox 418 4740 627 4810; x_wconf 88' lang='lat' dir='ltr'><strong>potuit,</strong></span> <span class='ocrx_word' id='word_1_442' title='bbox 655 4740 791 4808; x_wconf 83' lang='lat' dir='ltr'><strong>quia</strong></span> <span class='ocrx_word' id='word_1_443' title='bbox 822 4739 970 4794; x_wconf 81' lang='lat' dir='ltr'><strong>Deus</strong></span> <span class='ocrx_word' id='word_1_444' title='bbox 998 4740 1127 4804; x_wconf 83' lang='lat' dir='ltr'><strong>fnit,</strong></span> <span class='ocrx_word' id='word_1_445' title='bbox 1155 4740 1294 4808; x_wconf 85' lang='lat' dir='ltr'><strong>quia</strong></span> <span class='ocrx_word' id='word_1_446' title='bbox 1323 4739 1531 4793; x_wconf 75' lang='lat' dir='ltr'><strong>veritas</strong></span> <span class='ocrx_word' id='word_1_447' title='bbox 1557 4739 1719 4793; x_wconf 58' lang='lat' dir='ltr'><strong>fuit-⁶</strong></span> <span class='ocrx_word' id='word_1_448' title='bbox 1777 4739 1858 4792; x_wconf 73' lang='lat' dir='ltr'><strong>Cf.</strong></span> <span class='ocrx_word' id='word_1_449' title='bbox 1892 4738 1926 4792; x_wconf 79' lang='lat' dir='ltr'>S</span> <span class='ocrx_word' id='word_1_450' title='bbox 1947 4757 1982 4792; x_wconf 88' lang='lat' dir='ltr'><strong>u</strong></span> <span class='ocrx_word' id='word_1_451' title='bbox 2000 4755 2165 4792; x_wconf 86' lang='lat' dir='ltr'><strong>arez</strong></span> <span class='ocrx_word' id='word_1_452' title='bbox 2193 4739 2244 4790; x_wconf 94' lang='lat' dir='ltr'><strong>d.</strong></span> <span class='ocrx_word' id='word_1_453' title='bbox 2275 4744 2359 4794; x_wconf 84' lang='lat'><strong>46.</strong></span> <span class='ocrx_word' id='word_1_454' title='bbox 2386 4742 2470 4793; x_wconf 74' lang='lat'><strong>47.</strong></span> <span class='ocrx_word' id='word_1_455' title='bbox 2497 4747 2583 4792; x_wconf 78' lang='lat'><strong>48.</strong></span> 
     </span>
    </p>
   </div>
  </div>
 </body>
</html>
