3538 5364
837 255 1065 308 Gratiae
1089 254 1333 310 actualis
1358 254 1432 308 ab
1458 252 1758 307 habituali
1783 256 1842 306 et
1865 269 1900 305 a
1924 268 2204 311 concursu
2236 251 2565 306 discrimen.
2913 263 2988 324 11

384 435 791 511 ,Gratuitum
820 436 975 500 illud
1004 436 1323 500 internum
1356 435 1678 509 auxilium,
1711 433 1885 516 quod
1906 433 2075 497 Deus
2106 451 2222 515 per
2242 432 2473 497 Christi
2500 434 2731 498 merita
2750 434 2997 498 homini

372 544 560 625 lapso
592 544 876 624 largitur,
907 549 1044 607 tum
1073 547 1145 605 ut
1175 541 1312 622 ejus
1344 539 1692 626 infirmitati
1724 540 2020 604 consulat
2063 546 2257 621 atque
2289 539 2381 604 ita
2410 541 2545 621 ipse
2578 540 2792 605 valeat
2822 539 2998 603 mala

379 650 702 716 declinare
736 668 814 714 ac
847 650 1018 713 bona
1047 654 1395 730 praestare,
1428 653 1566 711 tum
1586 653 1655 711 ut
1676 665 1825 711 eum
1848 647 2051 727 erigat
2072 647 2153 710 ad
2175 652 2415 710 statum
2436 647 2988 728 supernaturalem

382 764 576 840 atque
607 756 911 822 idoneum
946 755 1139 820 faciat
1157 755 1241 819 ad
1261 761 1442 819 actus
1463 754 1982 837 supernaturales
2004 753 2365 829 eliciendos
2387 760 2456 818 ut
2469 752 2991 835 justificationem

382 864 585 947 possit
616 863 881 945 adipisci
912 864 975 927 in
1006 880 1213 945 eaque
1251 863 1388 944 jam
1432 868 1784 926 consecuta
1832 879 2265 942 perseverare,
2311 860 2517 925 donec
2548 861 2880 942 perveniat
2909 860 2992 925 ad

381 972 582 1034 vitam
615 977 1000 1036 aeternam.¹
1070 968 1251 1049 Quae
1282 988 1434 1036 vero
1469 969 1552 1033 ad
1583 970 1753 1033 hanc
1785 968 2059 1048 gratiam
2091 973 2403 1048 spectant,
2437 967 2637 1031 tribus
2670 967 2993 1048 complec-

382 1085 593 1143 temur
623 1076 971 1159 capitibus:
1002 1075 1289 1158 inprime
1310 1075 1755 1156 indagabimus
1778 1075 1914 1156 ejus
1947 1094 1989 1137 n
2008 1079 2192 1138 atur
2208 1092 2248 1137 a
2264 1093 2327 1136 m
2358 1074 2697 1155 variasque
2718 1074 2996 1155 species;

383 1184 447 1247 in
498 1184 701 1249 altero
753 1183 890 1265 ejus
938 1183 1525 1265 proprietates
1576 1189 1642 1247 et
1690 1182 1754 1245 in
1805 1181 1994 1247 tertio
2047 1180 2418 1244 habitum
2469 1179 2674 1262 ipsam
2721 1180 2885 1245 inter
2931 1185 2998 1243 et

381 1290 654 1355 liberum
685 1290 1036 1371 arbitrium,
1071 1290 1153 1353 ad
1187 1289 1355 1372 quod
1382 1288 1737 1370 juvandum
1768 1286 2159 1352 conceditur.

1524 1485 1852 1572 canuti

502 1609 610 1674 De
656 1611 976 1691 gratiae
1022 1610 1380 1673 actualis
1426 1617 1730 1674 natura
1775 1609 2202 1691 variisque
2247 1606 2874 1689 partitionibus,

566 1741 664 1802 14.
700 1736 966 1799 Gratiae
1000 1736 1265 1798 actualis
1294 1735 1623 1797 discrimen
1655 1734 1731 1798 ab
1762 1733 2082 1798 habituali
2115 1743 2170 1797 et
2201 1755 2242 1798 a
2263 1753 2583 1798 concursu.
2602 1729 2990 1797 —Gratiam

386 1842 799 1906 actualem
833 1842 1133 1923 distingui
1165 1841 1248 1904 ab
1279 1841 1696 1905 habituali
1726 1847 1935 1922 patet:
1983 1840 2090 1904 illa
2120 1841 2288 1906 enim
2323 1846 2421 1905 est
2451 1840 2769 1904 transiens
2802 1845 2998 1921 atque

382 1949 676 2013 consistit
696 1950 763 2013 in
782 1949 1064 2025 actibus;
1084 1948 1247 2012 haec
1268 1955 1367 2012 est
1384 1965 1767 2029 permanens
1788 1948 2148 2012 consistens
2170 1947 2233 2011 in
2253 1946 2581 2011 habitibus
2599 1968 2614 2021 3
2637 1946 2744 2009 illa
2762 1962 2991 2010 neces·

382 2055 555 2118 saria
588 2061 688 2121 est
719 2057 801 2120 ad
834 2074 1059 2120 omnes
1091 2060 1273 2119 actus
1304 2054 1636 2130 salutareS,
1669 2073 1799 2117 non
1832 2072 1985 2119 vero
2017 2054 2212 2126 haec;
2248 2053 2353 2116 illa
2385 2052 2467 2116 ad
2498 2052 2665 2116 hanc
2697 2051 2996 2131 disponit,

383 2163 644 2244 aspirat,
678 2170 745 2227 et
772 2164 893 2226 nisi
927 2164 985 2227 ei
1018 2162 1372 2238 resistatur,
1406 2179 1550 2226 eam
1581 2161 1825 2224 inducit
1842 2167 2036 2243 atque
2058 2159 2334 2224 infusam
2355 2159 2783 2241 consequitur.
2820 2157 2994 2221 Licet

387 2275 605 2333 autem
639 2269 722 2332 ab
755 2287 834 2334 ea
880 2270 963 2334 sit
992 2268 1310 2345 distincta,
1345 2274 1409 2333 et
1428 2268 1621 2332 modo
1655 2285 1695 2330 a
1727 2268 2040 2348 theologis
2073 2266 2296 2331 sedulo
2330 2266 2771 2345 distinguatur,
2805 2284 2845 2328 a
2877 2281 2992 2346 pa-

387 2375 587 2439 tribus
620 2382 837 2440 tamen
867 2394 1062 2456 saepe
1092 2394 1207 2457 per
1239 2375 1499 2439 modum
1535 2374 1724 2438 unius
1773 2391 1920 2437 cum
1958 2375 2168 2454 gratia
2198 2373 2506 2437 habituali
2541 2373 2987 2436 consideratur

383 2489 647 2564 propter
676 2482 970 2545 intimum
1002 2483 1108 2564 qui
1129 2483 1293 2547 inter
1312 2488 1648 2563 utramque
1667 2481 2002 2546 intercedit
2035 2499 2289 2555 nexum,
2325 2497 2476 2543 nam
2497 2480 2705 2560 gratia
2724 2478 2995 2542 actualis

384 2607 518 2652 non
549 2595 650 2652 est
679 2589 802 2652 nisi
846 2595 1108 2670 propter
1152 2589 1425 2669 gratiam
1468 2587 1991 2653 sanctificantem.
2025 2625 2112 2636 —-
2146 2586 2365 2669 Neque
2415 2584 2867 2651 confundenda
2899 2592 3000 2649 est

385 2697 591 2776 gratia
622 2696 893 2761 actualis
924 2715 1071 2761 cum
1102 2714 1515 2761 concursu
1547 2695 1783 2772 divin0,
1829 2697 1936 2778 qui
1984 2696 2066 2760 ad
2098 2714 2356 2760 omnem
2387 2712 2732 2758 causarum
2763 2712 2994 2758 secun-

385 2803 613 2867 darum
645 2805 1087 2884 operationem
1118 2809 1219 2868 est
1248 2804 1665 2869 necessarius.
1699 2801 2066 2867 Concursus
2100 2804 2271 2867 enim
2302 2802 2635 2883 supposita
2666 2801 2998 2865 creatione

384 2916 486 2975 est
516 2909 786 2988 debituS,
817 2929 951 2974 non
981 2929 1133 2976 vero
1168 2911 1387 2991 gratia.
1450 2909 1556 2974 Ille
1586 2910 1990 2976 necessarius
2037 2917 2135 2974 est
2165 2908 2264 2973 vel
2296 2908 2379 2972 ad
2413 2925 2612 2990 opera
2643 2907 2831 2984 mala,
2864 2925 2997 2970 non

383 3034 539 3081 vero
573 3017 809 3097 gratia:
860 3018 990 3080 imo
1024 3018 1146 3082 etsi
1174 3018 1380 3097 gratia
1428 3016 1610 3092 adsit,
1660 3032 2014 3079 concursus
2046 3017 2307 3097 insuper
2352 3016 2434 3079 ad
2467 3021 2649 3078 actus
2682 3015 2996 3078 salutares

382 3123 743 3205 requiritur.
808 3121 1032 3188 Gratia
1081 3123 1349 3187 actualis
1410 3123 1742 3204 praevenit
1805 3120 2172 3187 voluntates
2237 3139 2569 3204 novasque
2630 3120 3001 3203 suppeditat

386 3231 587 3295 iures:
619 3247 967 3294 concursus
997 3231 1165 3293 vires
1196 3247 1399 3293 novas
1429 3247 1561 3293 non
1595 3231 1892 3309 suggerit,
1924 3229 2037 3293 sed
2071 3230 2374 3310 supponit
2404 3245 2642 3292 causae
2673 3228 2999 3293 secundae

382 3337 555 3400 vires
586 3343 963 3419 tantumque
995 3337 1351 3419 requiritur,
1385 3342 1454 3399 ut
1484 3354 1601 3400 eae
1633 3337 1697 3399 in
1731 3341 1947 3399 actum
1981 3341 2316 3398 transeant
2347 3334 2782 3420 secundum1).

568 3481 667 3547 15·
714 3478 970 3546 'rhesis
1017 3478 1422 3547 CLXXIII.
1501 3499 1613 3556 Aa
1672 3501 1952 3566 oratius
2008 3498 2326 3552 actuales
2381 3502 2694 3565 spectant
2748 3500 2996 3552 imme-

380 3589 584 3642 diata
603 3591 857 3643 mentis
870 3590 1257 3644 illustratio
1280 3594 1488 3658 atque
1512 3591 1890 3654 inspiratio
1910 3589 2295 3643 voluntatis
2321 3591 2759 3655 immediata,
2780 3605 2996 3658 quam

382 3677 581 3730 Deus
615 3678 696 3730 in
730 3679 930 3732 nobis
963 3679 1116 3732 sine
1151 3679 1349 3732 nobis
1385 3682 1750 3744 operatur.

566 3780 976 3850 Declaratio
1008 3802 1079 3867 p.
1112 3783 1177 3849 I.
1242 3786 1572 3861 Loquimur
1614 3785 1708 3844 hie
1758 3782 1818 3848 l.
1864 3784 1937 3843 de
1969 3786 2161 3863 gratia
2191 3787 2409 3846 actuali
2448 3787 2764 3846 interna
2795 3783 2878 3869 (n.
2914 3785 2997 3871 9),

383 3893 541 3949 quae
570 3875 740 3934 nobis
770 3875 947 3934 datur
977 3875 1048 3934 ad
1082 3894 1257 3952 opera
1288 3874 1572 3933 salutaria
1589 3878 1801 3950 estque
1821 3875 2177 3950 principium
2199 3880 2366 3935 actus
2387 3876 2681 3946 salutaris,
2716 3877 2789 3935 ad
2822 3896 3001 3952 quem

384 3962 743 4022 eliciendum
774 3983 809 4022 a
839 3965 958 4022 Deo
989 3965 1304 4027 confertur.
1356 3961 1421 4025 2.
1454 3964 1545 4022 Ad
1577 3964 1727 4024 hanc
1757 3965 2013 4041 gratiam
2045 3965 2296 4024 dicimus
2330 3965 2666 4023 referendas
2700 3984 2826 4024 esse
2858 3967 2999 4026 illu-

384 4052 705 4111 strationes
736 4052 953 4111 mentis
987 4052 1433 4128 voluntatisque
1467 4053 1910 4130 inspirationes,
1942 4054 2276 4113 Illustratio
2310 4057 2510 4112 autem
2541 4050 2603 4117 3.
2638 4051 2817 4137 (idem
2841 4056 2998 4114 dica-

384 4144 491 4199 tur
522 4141 592 4200 de
624 4136 1039 4223 inspiratione)
1060 4141 1243 4218 accipi
1263 4146 1464 4216 potest
1493 4145 1727 4202 active
1759 4147 1822 4203 et
1850 4144 2134 4218 passive
2168 4162 2274 4202 seu
2306 4143 2651 4202 formaliter.
2684 4144 2999 4204 Passive

386 4229 666 4289 consistit
709 4230 773 4288 in
817 4234 955 4290 actu
993 4230 1161 4290 vitali
1194 4231 1584 4290 indeliberato
1616 4233 1974 4303 intellectus,
2022 4251 2198 4308 quem
2232 4234 2392 4291 Deus
2424 4234 2704 4308 operatur
2733 4234 2797 4290 in
2828 4234 3001 4293 nobis

388 4319 519 4377 sine
550 4319 733 4382 nobis.
797 4320 1061 4379 Dicimus
1107 4321 1168 4378 in
1213 4323 1351 4379 actu
1393 4320 1962 4391 indeliberato,
2006 4340 2200 4398 neque
2231 4322 2386 4380 enim
2419 4322 2615 4397 gratia
2643 4322 2848 4396 prima,
2883 4343 3001 4398 qua

390 4407 548 4466 Deus
580 4425 687 4466 nos
717 4409 1023 4484 praevenit
1041 4410 1391 4486 excitatque,
1425 4413 1519 4469 est·
1549 4413 1715 4469 actus
1747 4412 1921 4470 nobis
1953 4411 2118 4480 liber,
2151 4410 2422 4486 alioquin
2440 4410 2611 4467 nulla
2630 4414 2788 4468 esset
2806 4412 3001 4487 gratia

615 4623 650 4692 ¹)
679 4619 757 4674 De
782 4621 1001 4692 gratiae
1026 4623 1268 4678 actualis
1293 4625 1526 4678 notione
1560 4622 1845 4692 variisque
1869 4623 2360 4694 appellationibus
2387 4621 2674 4677 subtiliter
2700 4622 2998 4691 sagaciter-

392 4717 506 4769 que
535 4699 759 4755 disserit
781 4703 1157 4759 Scheeben
1185 4704 1222 4757 l.
1250 4703 1343 4760 Vl.
1371 4714 1398 4771 5
1426 4711 1558 4764 285;
1588 4702 1946 4757 Palmieri
1977 4705 2056 4757 th.
2085 4707 2118 4760 7
2144 4721 2213 4755 ss.
