3538 5364
1247 329 1331 380 est
1359 325 1427 379 N.
1454 325 1512 378 L.
1542 327 1975 383 sacramentum.
2789 331 2922 397 557

305 532 506 573 sorum
540 515 846 573 hominum
875 515 941 572 in
971 513 1192 572 mundo
1225 512 1531 571 libidinem
1564 512 1914 588 nuptiarum
1944 510 2293 571 castimonia
2336 515 2396 569 et
2441 511 2749 570 honestate
2780 528 2926 570 con·

306 602 666 681 stringeret:
699 607 829 662 tum
861 605 933 661 ut
961 602 1118 678 quod
1154 602 1355 660 deerat
1374 602 1727 671 emendaret,
1760 619 1829 660 ac
1850 599 2272 676 jucundissimi
2294 599 2419 659 vini
2441 599 2738 658 suavitate
2760 602 2922 659 mul-

307 698 465 751 ceret
514 697 577 751 et
622 693 872 770 gratia.‘
938 692 1111 753 Haer.
1160 701 1236 753 67
1287 711 1347 750 n.
1400 701 1470 759 6;
1522 690 1950 767 Gregorius
1998 708 2124 750 naz.
2172 708 2254 747 or.
2298 698 2379 751 40
2428 689 2491 746 in
2522 688 2686 763 bapt.
2717 707 2766 747 c.
2807 700 2918 758 183

304 781 343 840 J
358 801 515 843 oan.
547 782 943 840 Damascenus
975 781 1036 838 F.
1070 780 1134 839 O.
1154 780 1248 850 IV,
1287 788 1399 850 243
1432 778 1681 855 liturgia
1711 779 2110 856 gallicana
2143 778 2206 836 in
2238 778 2418 853 praef.
2452 777 2516 836 in
2547 778 2758 855 vigilia
2788 778 2919 854 epi-

304 871 553 947 phaniae
585 867 863 952 (Migne
886 878 986 943 7⁸2,
1023 867 1172 950 240)
1206 872 1267 928 et
1297 868 1360 927 in
1391 869 1618 928 collect.
1639 869 1852 926 missae
1885 869 1955 926 de
1988 867 2182 944 epiph.
2206 867 2312 948 (ib.
2337 864 2510 945 471).
2544 867 2624 926 Cf.
2658 866 2928 926 Schee-

306 960 448 1019 ben
480 960 802 1036 Mysterieu
835 955 867 1025 ἕ
904 968 1002 1021 85.

481 1079 626 1144 Alia
670 1080 834 1143 ratio
881 1081 950 1147 b.
981 1080 1215 1160 petitur
1259 1097 1341 1143 ex
1386 1096 1635 1160 scopo
1684 1083 1746 1142 et
1794 1094 2126 1140 munere
2173 1075 2574 1153 matrimonii
2622 1076 2706 1162 (n.
2741 1076 2919 1161 587).

305 1186 454 1267 Ejus
499 1186 670 1251 enim
702 1205 934 1250 munus
967 1192 1064 1251 est
1097 1192 1229 1249 tam
1261 1184 1462 1249 altum
1496 1192 1559 1250 et
1590 1185 1654 1248 in
1680 1184 2010 1265 praesenti
2043 1183 2266 1248 ordine
2299 1183 2493 1247 etiam
2527 1202 2558 1246 s
2578 1200 2926 1263 uperna-

306 1289 597 1367 turale,
629 1299 701 1357 ut
731 1293 960 1357 merito
992 1291 1319 1368 inferatur,
1352 1291 1557 1356 Deum
1579 1310 1709 1367 eOS,
1744 1310 1906 1373 quos
1928 1291 2010 1354 ad
2029 1288 2180 1354 illud
2203 1289 2498 1365 destinat,
2532 1289 2597 1353 in
2616 1288 2920 1363 Ecclesia,

306 1415 472 1479 quae
504 1400 709 1479 gratia
739 1399 1072 1476 redundat,
1106 1399 1314 1480 gratia
1343 1397 1570 1463 ditare.
1605 1397 1768 1479 Ergo
1800 1415 1948 1460 cum
1983 1398 2044 1459 vi
2076 1396 2467 1460 matrimonii
2497 1395 2801 1477 conjuges
2834 1394 2916 1457 ad

304 1504 430 1567 hoc
463 1504 862 1571 destinentur
893 1526 1142 1583 munuS,
1175 1506 1236 1570 vi
1268 1506 1657 1570 matrimonii
1688 1511 2169 1587 consequentur
2199 1505 2489 1586 gratiam.
2530 1504 2746 1583 Quare
2778 1522 2923 1567 ma-

305 1611 677 1675 trimonium
710 1619 810 1677 est
828 1621 1199 1678 contractus
1220 1613 1445 1679 efficax
1466 1614 1725 1693 gratiae.
1759 1613 1947 1693 Quod
1969 1612 2385 1676 confirmatur
2405 1630 2484 1676 ex
2507 1616 2926 1676 sacramento

307 1717 563 1794 ordiniS‚
598 1718 704 1801 qui
734 1726 1078 1801 propterea
1110 1721 1349 1784 ditatur
1383 1721 1608 1802 gratia,
1643 1727 1807 1785 teste
1840 1719 2202 1800 Eugenio
2234 1719 2333 1782 lV.
2357 1718 2423 1781 in
2455 1719 2623 1782 decr.
2656 1737 2772 1799 pro
2813 1735 2916 1781 ar-

307 1824 532 1901 menis,
573 1831 678 1900 ,ut
711 1826 852 1907 quis
886 1827 969 1891 sit
1000 1822 1267 1892 idoneus
1301 1828 1641 1895 minister<
1683 1826 1844 1895 Cum
1866 1845 2016 1906 ergo
2039 1826 2383 1907 conjugum
2402 1845 2636 1889 munus
2657 1824 2921 1893 maximi

305 1931 388 1994 sit
418 1932 726 1996 momenti
757 1940 823 1998 et
852 1934 935 1999 sit
964 1934 1253 1999 utilitatis
1284 1934 1537 2015 corpori
1571 1940 1635 1998 et
1667 1934 1923 1997 animae
1954 1933 2244 2009 filiorum,
2278 1933 2453 1995 omni
2474 1931 2697 2008 ordini,
2731 1937 2919 1995 natu-

306 2038 423 2102 rali
455 2044 519 2103 et
550 2041 1040 2120 supernaturali,
1087 2041 1380 2105 societati
1429 2046 1561 2104 tam
1594 2040 1763 2104 civili
1796 2058 1990 2123 quam
2023 2038 2517 2115 ecclesiasticae,
2551 2038 2822 2119 tempori
2856 2044 2924 2102 et

310 2145 677 2210 aeternitati
712 2148 1042 2232 (parentes
1076 2147 1247 2211 enim
1280 2147 1576 2211 excolere
1609 2145 1848 2212 debent
1881 2145 2192 2227 imagines
2227 2145 2555 2228 spirantes
2587 2144 2720 2221 Dei,
2753 2162 2926 2227 quas

313 2251 443 2334 ipse
478 2254 742 2331 creavit,
772 2254 1068 2318 membra
1098 2253 1339 2318 Christi
1372 2255 1453 2318 ad
1474 2254 1930 2336 perfectionem
1952 2253 2295 2328 adducere,
2316 2250 2556 2334 templa
2575 2250 2850 2334 Spiritus
2871 2272 2918 2314 S.

316 2367 538 2426 sancte
569 2362 900 2426 custodire
934 2369 999 2425 et
1030 2364 1205 2426 omni
1235 2361 1547 2426 virtutum
1580 2381 1813 2444 genere
1850 2379 2188 2431 exornare.
2222 2367 2288 2426 et
2318 2379 2483 2443 quos
2519 2379 2605 2425 ss.
2637 2360 2921 2426 Trinitas

311 2467 391 2530 ad
426 2467 528 2531 sui
560 2468 1044 2551 possessionem
1074 2468 1282 2551 elegit,
1333 2469 1398 2533 in
1429 2470 1601 2533 hunc
1634 2470 1914 2550 dirigere
1944 2468 2198 2554 finem):
2244 2466 2725 2532 matrimonium
2761 2485 2928 2531 sane

308 2574 732 2640 christianum
762 2576 825 2637 vi
856 2582 1227 2643 contractus
1260 2575 1593 2659 multiplici
1626 2576 1840 2659 gratia
1873 2575 2208 2640 ditabitur.

490 2721 553 2770 c.
588 2702 795 2769 Notae
827 2711 893 2768 et
925 2703 1347 2769 characteres
1379 2704 1767 2770 matrimonii
1802 2702 2143 2768 christiani
2172 2708 2325 2765 sunt
2371 2700 2594 2764 indis
2613 2700 2791 2763 solu
2812 2699 2926 2763 bi-

310 2805 464 2870 lita
479 2828 510 2871 s
543 2815 608 2872 et
641 2828 684 2872 u
699 2809 876 2876 nita
893 2831 942 2875 s.
976 2811 1171 2894 Atqui
1193 2813 1315 2876 hae
1337 2811 1759 2892 obligationes
1782 2830 1976 2893 quam
1999 2808 2293 2892 plurimis
2313 2809 2378 2872 in
2401 2808 2665 2872 casibus
2685 2821 2924 2888 magna

312 2914 571 2995 exigunt
603 2917 939 2996 sacrificia,
960 2920 1261 2984 virtutem
1283 2918 1555 2983 subinde
1573 2919 1925 2993 heroicam,
1939 2919 2164 2999 jugum
2186 2916 2588 2981 constituunt
2619 2915 2660 2978 d
2677 2933 2720 2976 u
2735 2934 2767 2977 r
2783 2933 2826 2977 u
2841 2933 2921 2977 m.

313 3020 519 3102 Exigit
551 3041 705 3104 ergo
739 3026 1119 3090 oeconomia
1149 3028 1300 3091 novi
1331 3026 1722 3101 testamenti,
1754 3033 1827 3089 ut
1857 3025 2068 3106 gratia
2100 3023 2491 3088 matrimonii
2511 3041 2675 3086 onus
2696 3022 2931 3086 reddat

312 3128 448 3193 leve
482 3137 549 3194 et
580 3148 782 3196 suave
795 3133 1041 3213 jugum,
1051 3134 1237 3214 juxta
1257 3131 1489 3197 Christi
1507 3132 2039 3214 promissionem:
2071 3131 2313 3214 Juqum
2334 3132 2497 3194 enim
2517 3150 2715 3194 meum
2737 3149 2926 3193 szcave

312 3245 398 3300 est
428 3243 483 3299 et
515 3257 673 3300 onus
702 3258 904 3302 meum
934 3241 1072 3303 leve.
1136 3239 1354 3304 Matth.
1397 3247 1493 3316 11,
1527 3245 1627 3308 30.

491 3370 580 3428 En
611 3370 930 3448 imaginem
960 3371 1325 3430 matrimonii
1360 3370 1690 3440 christiani,
1724 3371 1898 3446 quale
1931 3369 2081 3428 illud
2116 3367 2434 3444 descripsit
2456 3368 2582 3443 jam
2613 3367 2925 3427 Tertul-

311 3457 577 3518 lianus
622 3459 697 3519 ad
741 3480 986 3519 uxorem
1017 3462 1091 3532 II,
1130 3472 1197 3522 9:
1247 3459 1477 3530 ,Quale
1501 3461 1720 3537 jugum
1752 3459 2020 3517 fidelium
2052 3457 2305 3517 duorum
2337 3457 2518 3516 unius
2550 3457 2693 3533 spei,
2742 3458 2925 3517 unius

313 3547 677 3625 disciplinae,
710 3550 977 3625 ejusdem
1007 3550 1345 3610 servitutis!
1411 3549 1600 3608 Ambo
1644 3549 1874 3618 fratrea,
1920 3548 2093 3606 ambo
2124 3547 2412 3617 conservi,
2459 3546 2629 3604 nulla
2673 3546 2926 3621 spiritus

313 3638 580 3697 carnisve
612 3638 905 3698 discretio.
969 3639 1156 3714 Atqui
1188 3657 1324 3697 vere
1356 3638 1474 3697 duo
1507 3638 1571 3696 in
1603 3656 1774 3697 carne
1806 3657 1954 3706 una;
2003 3636 2108 3696 ubi
2141 3654 2274 3695 caro
2307 3655 2442 3704 una,
2489 3652 2649 3693 unus
2696 3638 2755 3693 et
2801 3636 2926 3711 spi-

312 3726 485 3785 ritus,
552 3727 744 3786 Simul
774 3730 962 3800 orant,
999 3728 1179 3786 simul
1212 3729 1562 3787 volutantur
1610 3730 1671 3785 et
1720 3726 1901 3785 simul
1940 3726 2172 3802 jejunia
2216 3725 2581 3802 transigunt,
2634 3725 2926 3782 alterutro
2968 3750 3100 3828 ΤἸ
3119 3763 3257 3799 m.

315 3814 608 3885 docentes,
631 3817 922 3876 alterutro
942 3818 1267 3888 hortantes,
1301 3817 1591 3875 alterutro
1615 3816 2000 3878 sustinentes,
2033 3815 2102 3872 In
2123 3814 2382 3873 Ecclesia
2401 3813 2508 3871 Dei
2528 3813 2749 3888 pariter
2768 3814 2923 3871 utri-

314 3923 447 3979 que,
483 3906 708 3980 pariter
739 3907 801 3964 in
834 3908 1102 3966 convivio
1137 3908 1259 3977 Dei,
1294 3916 1517 3982 pariter
1546 3906 1608 3964 in
1640 3904 1958 3982 angustiis,
1992 3905 2057 3962 in
2088 3901 2624 3981 persecutionibuS,
2658 3902 2720 3960 in
2751 3902 2925 3960 refri-

315 3993 525 4070 gerii33
571 3999 785 4055 neuter
814 3998 1071 4055 alterum
1102 3997 1271 4068 celat,
1314 3998 1527 4054 neuter
1556 3997 1813 4053 alterum
1845 3994 2015 4062 vitat,
2067 3999 2279 4051 neuter
2329 3991 2500 4050 alteri
2552 3991 2748 4067 gravis
2801 3993 2928 4060 est;

314 4083 503 4141 libere
534 4102 710 4164 aeger
738 4085 1032 4156 visitatur,
1068 4084 1342 4163 indigens
1364 4087 1764 4153 sustentatur;
1800 4083 2205 4158 eleemosynae
2238 4082 2367 4140 sine
2399 4083 2714 4149 torment0,
2749 4080 2926 4138 sacri-

318 4171 447 4230 ficia
479 4172 607 4231 sine
628 4174 928 4248 scrupu10,
962 4175 1310 4250 quotidiana
1328 4174 1641 4252 diligentia
1672 4173 1802 4231 sine
1831 4171 2288 4247 impedimento;
2320 4190 2440 4229 non
2470 4169 2696 4228 furtiva
2727 4169 2924 4245 signa-

317 4260 421 4331 tio,
472 4280 591 4319 non
642 4262 877 4339 trepida
907 4264 1249 4339 gratulatio,
1300 4282 1419 4321 non
1467 4267 1635 4320 muta
1678 4260 2044 4328 benedicti03
2098 4263 2312 4319 sonant
2344 4260 2501 4318 inter
2531 4258 2680 4318 duos
2713 4258 2928 4334 psalmi

318 4353 379 4407 et
427 4351 653 4425 hymni,
704 4360 766 4410 et
812 4358 1024 4412 mutuo
1068 4357 1404 4428 provocant,
1457 4353 1592 4427 quis
1633 4351 1849 4410 melius
1881 4351 2003 4408 Deo
2036 4368 2145 4409 suo
2178 4352 2393 4409 cantet.
2458 4348 2621 4406 Talia
2654 4348 2927 4408 Christus

316 4438 526 4498 videns
557 4444 619 4499 et
648 4440 895 4499 audiens
927 4441 1166 4519 gaudet,
1199 4441 1291 4500 his
1324 4459 1523 4517 pacem
1556 4459 1723 4499 suam
1753 4439 1974 4508 mittit;
2007 4439 2114 4496 ubi
2147 4439 2281 4509 duo,
2315 4438 2399 4496 ibi
2433 4442 2494 4495 et
2525 4438 2681 4513 ipse3
2728 4437 2834 4495 ubi
2865 4441 2925 4495 et

319 4527 463 4603 ipse,
512 4529 597 4586 ibi
644 4533 703 4587 et
732 4531 925 4588 malus
957 4550 1076 4590 uon
1108 4533 1257 4589 est.‘
1324 4531 1481 4588 Talis
1516 4549 1652 4588 vero
1685 4532 1973 4604 tantaque
2005 4530 2161 4586 vitae
2194 4528 2441 4585 societas
2476 4527 2699 4601 absque
2731 4526 2926 4602 gratia
2988 4516 2997 4522 ’

320 4621 627 4694 corruptae
657 4623 904 4678 naturae
936 4620 1225 4679 humanae
1264 4618 1570 4695 possibilis
1616 4638 1735 4677 non
1781 4623 1890 4676 est.
1956 4617 2258 4675 Praeclare
2302 4615 2373 4673 de
2419 4614 2527 4674 hoc
2573 4618 2929 4692 argumento

319 4706 592 4784 disputat
641 4709 712 4766 cl.
762 4709 921 4785 Moy
972 4728 1089 4767 von
1134 4709 1237 4767 der
1269 4708 1390 4766 Ehe
1424 4726 1470 4766 c.
1505 4718 1559 4771 5.
1624 4708 1702 4766 Cf.
1738 4707 2260 4765 Schneemann
2291 4705 2623 4763 Irrthiimer
2654 4704 2801 4763 iiber
2831 4705 2926 4762 die

319 4795 470 4856 Ehe
502 4796 567 4855 in
598 4798 943 4857 collectione
977 4798 1195 4856 lacensi
1228 4799 1363 4856 fasc.
1401 4806 1435 4858 3
1471 4792 1502 4860 ἓ
1541 4806 1609 4866 2;
1657 4795 2025 4855 Palmieri
2056 4795 2140 4854 th.
2178 4807 2232 4858 7.
2270 4805 2337 4864 83
2385 4794 2571 4852 Rive
2603 4788 2635 4858 ἓ
2672 4804 2740 4863 53
2789 4792 2928 4851 Os·

2952 3827 3188 3932 ἤδη
