3538 5364
571 285 701 349 (388
811 275 994 329 'Pract.
1022 275 1089 328 X.
1116 275 1185 328 de
1212 274 1327 329 Deo
1358 277 1832 330 consummatore.
1860 276 2060 331 Thesis
2088 276 2475 332 CCLXXXIII.
2509 279 2599 333 SS.
2627 279 2949 351 imaginum

571 458 741 523 enim
758 457 1006 538 judaeis
1024 456 1343 537 prohibita
1379 455 1554 520 fuere
1589 475 1667 521 ex
1702 457 1955 521 ratione
1976 457 2432 538 paedagogica,
2465 478 2595 542 qua
2614 469 2928 538 cessante,
2963 462 3192 527 eadem

570 566 884 646 permissa
916 569 1067 628 sunt
1098 564 1459 627 christianis
1492 570 1827 646 tamquam
1853 564 1988 645 jam
2029 565 2280 629 adultis.
2313 564 2412 629 Ad
2443 584 2599 630 rem.
2630 567 2725 632 J0.
2758 567 3191 633 Damasce-

569 690 713 734 nus
746 689 835 734 or.
871 677 904 739 1
943 671 1023 735 de
1054 671 1273 751 imag:
1314 670 1611 744 „Judaeis
1633 671 1840 750 igitur,
1863 671 2086 753 inquit,
2109 672 2416 753 quoniam
2452 673 2536 736 ad
2555 673 2900 737 simulacra
2920 674 3192 738 colenda

569 778 1020 860 propensiores
1070 785 1270 851 erant,
1321 778 1483 842 haec
1529 776 1711 859 jussa
1742 784 1908 841 sunt.
1973 777 2104 841 Nos
2150 785 2387 855 autem,
2434 779 2684 860 quibuS,
2730 785 2802 843 ut
2834 780 3195 861 theologice

569 884 814 966 loquar,
865 884 1087 949 datum
1138 891 1251 961 est,
1304 892 1373 949 ut
1423 885 1942 966 superstitiosum
1995 903 2280 949 errorem
2344 885 2655 965 fugientes
2718 893 2783 952 et
2842 888 3181 952 veritatem

570 999 1032 1071 cognoscentes
1081 1011 1239 1073 pure
1292 1010 1440 1055 cum
1472 991 1606 1055 Deo
1639 1009 1973 1055 versemur
2024 992 2213 1073 eique
2265 992 2389 1055 soli
2437 993 2689 1057 latriam
2738 993 3083 1058 offeramus
3128 1000 3194 1058 et

567 1099 883 1181 perfectas
904 1099 1158 1164 divinae
1177 1099 1444 1163 notitiae
1478 1099 1731 1162 divitias
1753 1116 2194 1181 assequamur,
2222 1096 2687 1182 infantiamque
2705 1107 3193 1181 praetereuntes

568 1206 633 1268 in
665 1206 873 1268 virum
904 1205 1255 1287 perfectum
1277 1207 1649 1281 evadamus,
1682 1223 1815 1269 non
1836 1225 2061 1269 sumus
2082 1205 2359 1286 amplius
2383 1206 2506 1270 sub
2528 1207 2924 1288 paedagogO,
2958 1207 3193 1289 quippe

569 1312 677 1394 qui
709 1313 1110 1377 discernendi
1140 1313 1268 1376 vim
1303 1330 1342 1375 a
1374 1311 1507 1378 Deo
1542 1319 1735 1394 atque
1755 1311 2048 1375 habitum
2070 1313 2401 1377 consecuti
2421 1313 2719 1390 sciamuS,
2740 1310 2893 1395 quid
2913 1314 3191 1394 imagine

569 1419 837 1500 exprimi
885 1420 1102 1499 possit,
1153 1418 1304 1502 quid
1354 1437 1486 1483 non
1533 1420 1790 1500 possit.‘
1862 1417 2161 1483 Ceterum
2222 1419 2292 1487 4.
2358 1420 2457 1483 vel
2511 1419 2576 1482 in
2627 1419 2700 1483 V.
2750 1419 2819 1483 T.
2869 1419 3194 1484 habentur

567 1526 834 1607 vestigia
867 1545 1020 1606 usus
1052 1525 1386 1607 cultusque
1417 1524 1783 1606 imaginum.
1848 1523 2107 1589 Collatis
2155 1525 2327 1589 enim
2373 1526 2567 1589 variis
2615 1525 2839 1604 effatiS,
2886 1525 3192 1590 discimus

568 1633 849 1712 viguisse
896 1651 1084 1695 usum
1117 1632 1465 1711 imaginum
1497 1630 1997 1713 symbolicarum
2027 1631 2158 1708 Dei,
2191 1631 2426 1695 Christi
2457 1640 2523 1697 et
2554 1634 2942 1714 angelorum,
2974 1635 3193 1715 quus-

569 1738 742 1803 modi
793 1739 968 1803 fuere
1019 1756 1212 1801 arca
1260 1738 1551 1813 foederis,
1599 1738 1950 1815 cherubim,
2003 1758 2273 1820 serpens
2309 1756 2567 1815 aeneuS,
2602 1741 3030 1820 permittente,
3061 1741 3192 1805 imo

570 1845 971 1927 approbante
1005 1852 1070 1909 et
1093 1845 1357 1926 ,iubente
1392 1845 1557 1922 Deo;
1592 1846 1690 1909 his
1723 1864 1879 1911 vero
1902 1846 2255 1910 exhibitum
2288 1845 2483 1911 fuisse
2514 1848 2775 1924 cultum,
2808 1866 3001 1929 quem
3022 1847 3193 1912 Deus

569 1969 700 2015 non
731 1951 940 2016 solum
972 1971 1101 2017 non
1133 1951 1474 2034 prohibuit,
1521 1953 1634 2016 sed
1680 1959 1745 2017 et
1788 1952 2088 2033 probavit
2133 1953 2405 2034 sumptis
2454 1954 2682 2034 poenis
2729 1954 2808 2019 de
2861 1955 2999 2037 ejus
3032 1973 3189 2018 con-

567 2059 1006 2139 temptoribuS.

746 2188 825 2246 cf.
858 2188 958 2245 Ex.
996 2198 1094 2256 25,
1136 2197 1211 2252 18
1249 2207 1327 2257 s.;
1362 2188 1539 2246 Num.
1577 2196 1678 2258 21,
1717 2198 1750 2250 8
1789 2206 1833 2246 S.
1869 2188 1974 2246 col.
2008 2188 2181 2258 J0.3‚
2224 2199 2333 2257 14;
2369 2188 2571 2260 J08.7,
2610 2199 2774 2259 631.
2807 2190 3030 2266 Rege,
3075 2201 3187 2255 19:

573 2287 625 2339 2.
659 2277 798 2353 Reg.
832 2287 887 2347 6,
926 2287 995 2346 6;
1029 2278 1120 2335 PS.
1158 2288 1256 2348 98,
1297 2288 1350 2339 5.
1419 2277 1681 2335 Utuntur
1711 2277 1820 2335 hoc
1852 2279 2205 2353 argumento
2237 2277 2329 2335 J0.
2366 2277 2635 2336 Damas
2656 2296 2891 2337 oenus
2925 2296 3008 2337 or.
3053 2291 3070 2341 l
3118 2278 3189 2338 de

569 2368 746 2443 imag.
778 2385 836 2423 n.
884 2376 949 2427 15
990 2360 1124 2446 (qui
1156 2384 1239 2428 or.
1275 2376 1310 2429 3
1346 2385 1402 2426 n.
1442 2374 1519 2427 26
1555 2366 1820 2424 ostendit
1853 2366 2040 2424 Deum
2073 2366 2333 2441 primum
2366 2366 2565 2437 fuisse,
2600 2368 2704 2443 qui
2738 2367 2946 2426 iecerit
2976 2367 3186 2445 imagi·

567 2453 731 2537 nem)
767 2459 828 2513 et
859 2455 1285 2531 Gregorius
1316 2455 1390 2514 11.
1424 2472 1512 2530 ep.
1554 2467 1576 2517 1
1620 2455 1694 2513 ad
1712 2455 1971 2513 Leonem
1990 2453 2192 2523 Isaur„
2228 2455 2398 2529 cujus
2421 2455 2601 2514 verba
2621 2458 2838 2531 probat
2867 2457 3185 2515 Hadria·

569 2562 709 2602 nus
743 2544 787 2605 Ι.
820 2544 884 2601 in
916 2562 1004 2619 ep.
1038 2543 1111 2601 ad
1144 2544 1415 2602 Carolum
1450 2544 1524 2602 M.
1558 2544 1834 2620 (Migne
1871 2554 1970 2614 98,
2018 2540 2223 2625 1278).
2256 2544 2326 2601 In
2358 2544 2568 2619 primis
2599 2564 2739 2605 vero
2772 2545 2952 2623 hujus
2984 2547 3185 2622 ponti-

565 2634 694 2692 ficis
726 2633 978 2709 epistola
1012 2643 1089 2696 56
1130 2628 1322 2716 (Mig.
1360 2644 1459 2702 96,
1503 2632 1961 2713 1215—1234)
1994 2633 2069 2691 ad
2090 2632 2545 2692 Constantinum
2579 2638 2641 2693 et
2670 2634 2903 2694 Irenem
2936 2640 3028 2695 est
3047 2654 3184 2696 con-

569 2723 829 2791 sulenda,
880 2722 945 2780 in
991 2725 1228 2798 quase.
1261 2723 1589 2800 imaginum
1635 2741 1813 2781 usum
1860 2724 1986 2781 fuse
2020 2742 2088 2781 ex
2125 2723 2448 2799 Scripturis
2481 2727 2542 2781 et
2573 2725 2895 2783 traditione
2940 2727 3185 2801 probatu

566 2812 943 2870 Leontius
975 2812 1153 2887 episc.
1190 2831 1361 2871 serm.
1400 2824 1431 2875 5
1468 2830 1575 2888 pro
1609 2811 2070 2871 christianorum
2100 2812 2370 2888 apologia
2401 2815 2607 2871 contra
2629 2813 2880 2889 judaeos
2908 2816 3101 2873 lectus
3119 2815 3184 2872 iu

566 2920 726 2960 conc.
758 2901 1132 2960 oecumenico
1165 2901 1290 2960 VlI.
1323 2904 1432 2961 act.
1467 2912 1504 2963 4
1540 2896 1819 2984 (Migne
1861 2911 2000 2971 129,
2039 2910 2161 2964 292
2198 2897 2326 2983 ss).
2393 2901 2473 2963 Of.
2506 2902 2739 2960 Knoll
2773 2900 2804 2970 ἓ
2843 2913 2966 2966 808
3002 2923 3078 2961 ss.

746 3026 890 3090 739.
925 3021 1474 3090 Demonstratio
1509 3042 1579 3106 p.
1613 3021 1718 3088 11.
1779 3021 1877 3083 Ad
1909 3020 2467 3102 comprobandum
2499 3041 2580 3084 ss
2614 3022 2967 3102 imaginum
2998 3041 3187 3086 usum

564 3130 931 3210 cultumque
965 3146 1044 3191 ex
1077 3128 1538 3219 traditione
1573 3127 1928 3192 theoretica
1962 3135 2027 3191 et
2058 3127 2347 3208 practica
2378 3128 2652 3208 plurima
2672 3128 3063 3193 documenta
3082 3147 3184 3192 re-

564 3237 775 3299 ferunt
800 3235 933 3315 jam
974 3235 1529 3298 Hadrianusin
1576 3234 1756 3315 epist.
1805 3233 1889 3297 ad
1936 3231 2241 3297 Carolum
2277 3232 2355 3297 M.
2405 3240 2470 3297 et
2516 3232 3077 3299 Damascenus
3120 3236 3186 3297 in

563 3343 688 3405 fine
722 3360 812 3405 or.
835 3347 874 3410 3
909 3342 988 3404 de
1020 3342 1207 3421 imag.
1240 3341 1678 3405 Traditionem
1709 3340 2165 3422 practicam
2197 3339 2329 3404 alta
2360 3346 2681 3405 testantur
2702 3358 2861 3405 voce
2894 3346 2993 3404 tot
3023 3340 3186 3403 ima-

564 3450 740 3528 gines
774 3454 837 3513 et
865 3467 1080 3513 rerum
1112 3466 1445 3512 sacrarum
1476 3447 1791 3530 symbola,
1825 3466 1991 3529 quae
2026 3467 2104 3511 ex
2128 3447 2541 3513 coemeteriis
2562 3447 3003 3511 subterraneis
3024 3467 3185 3529 quo·

563 3556 717 3619 tidie
751 3555 833 3618 ad
864 3555 1385 3619 adversariorum
1416 3553 1862 3619 confusionem
1895 3561 2217 3619 eruuntur.
2253 3554 2413 3618 Dein
2440 3554 2575 3635 jam
2607 3553 3187 3619 Tertullianus

562 3662 928 3727 haereticus
961 3662 1147 3743 hujus
1181 3682 1336 3726 usus
1388 3663 1568 3726 testis
1620 3669 1733 3736 est,
1786 3679 1933 3725 cum
1984 3661 2165 3724 ssocci
2215 3660 2456 3726 faciens
2493 3662 2960 3725 catholicorum
2992 3680 3184 3743 argu-

563 3776 851 3834 mentum
882 3788 998 3850 pro
1031 3769 1413 3850 recipiendis
1463 3769 1656 3849 lapsis
1707 3769 1979 3849 petitum
2031 3787 2108 3833 ex
2155 3768 2750 3848 repraesentatione
2797 3766 3032 3832 Christi
3065 3769 3185 3832 sub

563 3877 853 3958 symbolo
889 3876 1042 3939 boni
1074 3876 1354 3957 pastoris
1386 3877 1609 3940 scribit
1640 3877 1719 3941 de
1750 3876 1961 3957 pudic.
1996 3893 2047 3939 c.
2087 3882 2154 3943 7:
2225 3874 2626 3949 ,Procedant
2670 3876 2848 3956 ipsae
2890 3876 3183 3956 picturae

563 3985 835 4047 calicum
865 3989 1245 4060 vestrorum,
1280 3984 1335 4046 si
1367 3984 1465 4047 vel
1499 3984 1562 4046 in
1595 3983 1715 4047 illis
1747 3982 2101 4064 perlucebit
2146 3982 2590 4064 interpretatio
2641 3982 2905 4064 pecudis
2939 3983 3176 4058 illius;‘

564 4098 628 4154 et
659 4108 709 4152 e.
753 4096 861 4158 10:
903 4087 1008 4164 ,Si
1039 4090 1201 4155 forte
1233 4090 1743 4170 patrocinabitur
1762 4097 2002 4171 pastor,
2037 4109 2229 4172 quem
2251 4090 2317 4153 in
2337 4090 2534 4154 calice
2556 4089 2898 4170 depingis<¹
2939 4089 3043 4153 Th
3062 4109 3182 4154 eo-

563 4199 758 4262 dore
779 4205 905 4261 tus
937 4216 1090 4262 vero
1124 4197 1315 4262 refert
1344 4199 1472 4261 hist
1504 4199 1612 4263 rel.
1646 4218 1697 4262 c.
1734 4203 1852 4267 26:
1893 4198 2169 4272 ,Ferunt
2203 4196 2488 4260 maxima
2519 4197 2584 4258 in
2617 4195 2828 4258 Roma
2859 4193 3184 4261 celebrem

563 4295 727 4368 adeo
759 4305 968 4367 virum
1003 4303 1396 4390 (Simeonem
1430 4303 1732 4392 Stilitam)
1785 4325 1945 4383 esse,
1981 4313 2049 4370 ut
2101 4306 2165 4367 in
2218 4304 2517 4368 omnibus
2551 4302 2952 4367 officinarum
2984 4304 3182 4367 vesti-

563 4410 730 4473 bulis
763 4429 997 4491 parvas
1018 4412 1153 4492 ejus
1175 4413 1484 4492 imagines
1518 4418 1824 4489 statuant,
1857 4413 2125 4477 tutelam
2160 4430 2239 4475 ex
2270 4412 2371 4474 his
2393 4410 2744 4493 quamdam
2766 4409 2887 4473 sibi
2909 4417 2973 4474 et
2993 4429 3181 4491 prae·

564 4516 795 4579 sidium
816 4525 1320 4598 comparantes<
1361 4519 1486 4583 Pro
1520 4520 1863 4584 traditione
1897 4520 1979 4583 th
1998 4519 2370 4583 eoretica
2402 4516 2676 4581 sufficiat
2707 4516 2893 4580 nobis
2925 4517 3180 4580 interim

567 4621 922 4703 Cyrillus
955 4622 1113 4688 alex.
1149 4626 1212 4687 in
1246 4624 1344 4687 Ps.
1388 4631 1526 4701 113,
1558 4633 1666 4695 16:
1707 4625 2007 4700 ,Etiamsi
2040 4625 2307 4688 facimus
2342 4624 2650 4703 imagines
2683 4623 2938 4704 piorum
2970 4623 3180 4685 homi·

566 4749 738 4806 num,
772 4749 903 4792 non
936 4738 1150 4795 tamen
1183 4740 1254 4796 ut
1287 4750 1397 4796 eas
1432 4732 1780 4796 adoremus
1817 4739 2145 4813 tamquam
2178 4731 2353 4808 deoS,
2404 4731 2518 4795 sed
2550 4737 2621 4794 ut
2652 4730 2730 4793 iis
2762 4729 3063 4811 inspectis
3095 4729 3178 4792 ad
