3538 5364
588 272 722 338 404
1077 260 1262 314 Tract.
1289 259 1380 315 IX.
1409 259 1479 312 de
1508 257 1785 312 sacrificio
1813 256 2033 312 missae.
2061 256 2434 323 Quaestiones
2459 257 2717 326 reliquae

768 452 860 509 Ita
890 448 1406 522 Hieronymus
1436 463 1526 520 ep.
1563 454 1634 507 21
1678 463 1736 504 n.
1771 452 1885 507 26:
1933 444 2218 513 ,Vitulus
2251 443 2579 520 saginatae,
2614 444 2813 520 quiad
2846 445 3208 521 poenitentis

588 541 930 602 immolatur
958 536 1231 605 salutem,
1282 534 1412 610 ipse
1460 537 1548 592 est
1594 533 1879 602 Salvator,
1926 534 2099 609 cujus
2131 532 2400 608 quotidie
2430 552 2604 591 carne
2636 534 2952 610 pascimur,
3003 553 3208 595 cruore

586 634 924 708 potamur.⁴1
956 659 1044 670 —-
1087 625 1159 683 In
1203 623 1413 699 primis
1459 622 1887 698 Gregorius
1934 640 2114 698 nyss„
2161 622 2265 697 qui
2311 622 2491 680 citato
2523 621 2691 683 Joan.
2734 634 2828 694 10,
2871 633 2980 687 18:
3028 624 3206 683 Nemo

586 721 730 780 tollit
759 713 1025 777 animam
1054 733 1243 772 meam
1272 733 1309 771 a
1340 730 1428 770 me
1457 714 1584 795 etc„
1616 711 1702 769 ita
1732 711 1805 768 de
1835 729 2020 769 resur.
2053 728 2134 768 or.
2174 722 2198 774 1
2242 710 2657 785 prosequitur:
2707 710 2865 781 ,Qui
2913 714 3206 788 potestate

588 828 698 868 sua
727 809 941 866 cuncta
971 802 1255 878 disponit,
1305 819 1426 859 non
1473 819 1544 859 ex
1588 799 1928 875 proditione
1973 800 2089 858 sibi
2133 799 2575 875 impendentem
2607 801 3036 873 necessitatem,
3087 819 3207 860 non

578 898 935 974 judaeorum
984 891 1157 968 quasi
1206 890 1571 967 praedonum
1619 889 1928 963 impetum,
1989 907 2109 947 non
2157 888 2425 963 iniquam
2477 880 2669 947 Pilati
2703 890 3059 948 sententiam
3096 910 3206 967 „ex-

586 988 830 1063 spectat,
862 985 936 1042 ut
963 999 1168 1042 eorum
1199 978 1430 1037 malitia
1461 978 1541 1035 sit
1571 977 1904 1036 communis
1921 977 2228 1036 hominum
2263 977 2476 1036 salutis
2509 977 2876 1053 principium
2907 982 2968 1037 et
2999 997 3204 1038 causa:

587 1075 692 1135 sed
724 1071 969 1131 consilio
1001 1087 1111 1129 suo
1144 1067 1467 1126 antevertit
1498 1072 1560 1124 et
1589 1084 1803 1124 arcano
1823 1066 2091 1124 sacrificii
2113 1085 2346 1143 genere,
2380 1065 2541 1142 quod
2573 1066 2647 1124 ab
2677 1066 3024 1127 hominibus
3045 1068 3206 1127 cerni

585 1183 706 1224 non
737 1163 970 1240 poterat
1001 1160 1267 1234 seipsum
1297 1175 1403 1231 pro
1434 1154 1608 1213 nobis
1640 1154 1899 1213 hostiam
1930 1154 2104 1213 offert
2147 1158 2208 1214 et
2252 1155 2555 1214 victimam
2600 1156 2887 1227 immolat,
2936 1157 3205 1216 sacerdos

586 1251 768 1313 simul
799 1249 1087 1310 exsistens
1120 1248 1182 1305 et
1211 1262 1405 1322 agnus
1424 1244 1532 1303 Dei
1563 1243 1684 1312 ille,
1720 1243 1827 1318 qui
1859 1244 2068 1301 mundi
2101 1248 2406 1319 peccatum
2437 1244 2618 1307 tollit.
2667 1244 2912 1314 Quando
2944 1246 3005 1305 id
3036 1265 3205 1321 prae-

584 1342 781 1401 stitit?
818 1358 953 1398 cum
985 1353 1201 1412 corpus
1234 1352 1410 1392 suum
1441 1331 1748 1407 discipulis
1779 1333 2155 1409 congregatis
2187 1332 2482 1391 edendum
2515 1336 2577 1390 et
2609 1334 2964 1411 sanguinem
2996 1335 3204 1394 biben-

586 1432 731 1491 dum
761 1427 1054 1505 praebuit,
1088 1430 1236 1483 tunc
1268 1424 1471 1498 aperte
1504 1421 1767 1480 ostendit
1797 1421 1958 1497 Agni
1990 1420 2340 1480 sacrificium
2363 1422 2489 1497 jam
2521 1440 2651 1481 esse
2681 1421 3043 1498 perfectum3
3085 1442 3205 1482 non

584 1521 744 1579 enim
762 1519 920 1577 esset
940 1532 1158 1588 corpus
1179 1510 1447 1571 sacrificii
1475 1514 1547 1568 ut
1569 1510 1979 1568 comederetur
1997 1510 2296 1581 idoneum,
2331 1510 2384 1568 si
2403 1510 2725 1569 animatum
2748 1516 2924 1571 esset.
2959 1512 3205 1581 Quando

584 1627 724 1686 ergo
756 1623 973 1682 corpus
1004 1601 1298 1662 edendum
1329 1602 1391 1657 et
1421 1598 1774 1675 sanguinem
1802 1598 2134 1657 bibendum
2165 1599 2478 1674 discipulis
2509 1600 2796 1670 exhibuit,
2836 1602 2963 1677 jam
2994 1601 3203 1660 ineffa-

584 1697 695 1756 bili
727 1700 788 1755 et
817 1688 1235 1769 inaspectabili
1254 1688 1482 1747 ratione
1512 1705 1728 1763 corpus
1760 1691 1891 1746 erat
1920 1688 2313 1757 immolatum,
2347 1689 2505 1746 sicut
2535 1689 2816 1763 potestati
2850 1691 3041 1766 ipsius
3072 1710 3202 1766 my-

584 1785 834 1846 sterium
864 1780 1201 1858 peragentis
1232 1776 1643 1838 collibuerat.⁴1
1696 1808 1783 1819 -
1834 1777 2324 1835 Gaudentius
2368 1776 2515 1836 brix.
2563 1795 2735 1840 serm.
2788 1778 2936 1840 2-in
2980 1780 3083 1841 Ex.
3130 1780 3204 1837 ad

582 1874 944 1949 neophytos:
996 1870 1107 1939 ,In
1151 1868 1261 1925 hac
1303 1866 1574 1935 veritate,
1623 1883 1741 1939 qua
1785 1884 1992 1923 sumus
2023 1860 2385 1947 (comparate
2417 1865 2490 1924 ad
2522 1864 2754 1925 umbras
2786 1868 2852 1930 V.
2886 1864 2998 1949 T.)‚
3042 1886 3203 1926 unus

582 1982 693 2041 pro
724 1961 1003 2022 omnibus
1033 1960 1306 2017 mortuus
1338 1958 1447 2027 est,
1480 1957 1544 2012 et
1571 1954 1729 2012 idem
1761 1973 1868 2031 per
1898 1954 2167 2030 singulas
2190 1954 2571 2014 ecclesiarum
2591 1954 2795 2014 domos
2826 1957 2890 2014 in
2920 1958 3204 2033 mysterio

582 2053 753 2129 panis
786 2055 847 2109 et
878 2048 1001 2108 vini
1029 2046 1218 2107 reficit
1245 2043 1605 2113 immolatus,
1635 2042 1896 2101 vivificat
1925 2042 2204 2114 creditus,
2254 2047 2662 2103 consecrantes
2700 2045 3037 2104 sanctificat
3066 2064 3203 2104 oon-

583 2144 903 2201 secratu's.‘
927 2172 1014 2182 ——
1035 2132 1458 2212 Gregorius
1479 2133 1553 2193 M.
1574 2128 1656 2213 (n.
1675 2128 1830 2213 431)
1849 2155 1862 2203 ;
1893 2133 1957 2190 P.
1981 2132 2418 2191 Radbertus
2450 2133 2522 2191 de
2541 2151 2697 2208 corp.
2717 2137 2779 2192 et
2797 2152 2965 2211 sang.
2989 2135 3055 2196 D.
3077 2152 3125 2195 c„
3146 2145 3202 2197 9.

757 2246 907 2309 420.
942 2238 1317 2309 Scholion.
1352 2235 1759 2315 Quaestiones
1791 2235 2082 2317 reliquae.
2114 2272 2205 2283 —
2239 2233 2338 2296 Ad
2370 2234 2840 2301 accuratiorem
2871 2235 3061 2316 hujus
3094 2253 3203 2299 sa-

584 2348 799 2415 crificii
831 2345 1261 2427 cognitionem
1292 2340 1605 2405 nonnulla
1636 2346 1790 2403 sunt
1820 2338 2151 2403 addenda:

762 2456 825 2527 1.
854 2452 1203 2519 Victima
1247 2455 1312 2514 et
1351 2467 1455 2513 res
1499 2447 1704 2528 primo
1752 2453 1817 2510 et
1863 2464 1976 2527 per
2009 2465 2081 2511 se
2113 2444 2336 2510 oblata
2368 2453 2466 2511 est
2497 2445 2731 2512 Christi
2762 2446 3019 2512 Domini
3051 2465 3200 2512 cor-

582 2585 702 2648 pus
734 2571 799 2629 et
830 2559 1089 2641 sanguis
1121 2575 1199 2621 ac
1232 2558 1702 2635 consequenter
1735 2558 1909 2616 totus
1942 2550 2252 2629 Christus,
2286 2571 2418 2616 non
2450 2553 2703 2635 quidem
2726 2554 2792 2617 in
2811 2555 3026 2637 specie
3044 2573 3199 2637 pro-

581 2672 739 2755 pria,
769 2668 884 2736 sed
916 2672 1234 2750 quatenus
1264 2661 1671 2727 constituitur
1702 2659 1822 2724 sub
1855 2658 2190 2741 speciebus
2221 2661 2407 2742 panis
2439 2668 2505 2726 et
2536 2661 2681 2738 vini,

756 2779 819 2849 2,
855 2774 1113 2857 Species
1144 2773 1322 2853 ipsae
1353 2788 1484 2833 non
1516 2775 1666 2832 sunt
1694 2787 1818 2844 reS,
1852 2785 2019 2849 quae
2050 2787 2166 2850 per
2195 2787 2266 2834 se
2296 2768 2667 2846 offeruntur,
2712 2770 2825 2834 sed
2870 2787 2986 2851 per
3033 2788 3196 2851 quas

577 2903 811 2966 corpus
843 2889 908 2946 et
938 2877 1197 2958 sanguis
1231 2875 1460 2939 Christi
1491 2893 1606 2938 seu
1639 2874 1899 2957 victima
1930 2873 2004 2937 fit
2039 2873 2425 2937 sacrificium
2459 2875 2721 2940 visibile.

757 2990 821 3059 3.
851 2984 1230 3050 Substantia
1257 2981 1442 3062 panis
1474 2981 1565 3066 (et
1596 2980 1751 3066 vini)
1782 2980 2064 3061 pertinet
2108 2980 2193 3043 ad
2239 2980 2362 3044 hoc
2407 2981 2788 3045 sacrificium
2820 2989 2891 3046 ut
2927 2984 3199 3047 materia

577 3098 715 3162 sine
748 3112 877 3177 qua
907 3110 1038 3155 non
1071 3094 1283 3170 potest
1313 3087 1528 3168 perfici
1560 3106 1676 3151 seu
1706 3094 1780 3151 ut
1811 3087 2123 3152 terminus
2171 3104 2211 3149 a
2259 3105 2405 3168 quo,
2451 3086 2642 3169 plane
2674 3090 3079 3154 necessarius
3126 3098 3197 3153 ut

575 3203 848 3285 prodeat
879 3196 1256 3262 sacrificium
1289 3194 1485 3259 veluti
1519 3212 1555 3257 e
1588 3194 1732 3257 sinu
1765 3193 2106 3269 Ecclesiae,
2157 3200 2219 3257 et
2272 3193 2660 3273 significetur
2692 3195 3019 3259 cooblatio
3051 3213 3196 3259 cor·

573 3309 748 3392 poris
768 3303 1005 3371 Christi
1023 3302 1297 3385 mystici,
1330 3300 1502 3383 quod
1533 3301 1719 3382 panis
1752 3298 2109 3381 symbolice
2130 3306 2597 3380 repraesentat,
2617 3318 2764 3364 cum
2786 3320 2939 3367 vero
2961 3300 3197 3366 Christi

574 3431 861 3496 corpore,
893 3414 959 3475 in
990 3410 1161 3493 quod
1193 3407 1296 3472 ille
1328 3406 1560 3471 transit
1591 3407 1846 3470 actione
1879 3404 2208 3480 sacrifica;
2243 3412 2315 3469 ut
2346 3406 2470 3469 hoc
2503 3425 2631 3488 qua
2662 3407 2923 3472 victima
2955 3409 3196 3472 consti·

574 3526 795 3586 tuatur
825 3519 944 3584 sub
978 3516 1264 3599 ejusdem
1295 3509 1662 3597 speciebus:
1711 3519 1906 3595 atque
1939 3513 2031 3576 ita
2064 3520 2214 3576 sunt
2246 3511 2636 3592 intelligendi
2666 3520 2903 3594 patreS,
2935 3516 3196 3597 quando

572 3629 809 3694 docent
838 3626 902 3689 in
936 3623 1323 3690 eucharistia
1352 3621 1664 3703 primitias
1698 3638 1777 3683 ex
1811 3620 2121 3684 creaturis
2168 3636 2400 3699 panem
2452 3625 2513 3682 et
2546 3621 2765 3682 vinum
2799 3620 2934 3685 Deo
2969 3620 3194 3685 offerri.

747 3736 815 3801 4.
851 3731 1158 3813 Quamvis
1191 3731 1255 3793 in
1287 3728 1774 3793 consecratione
1807 3727 1994 3790 unius
2027 3726 2269 3816 speciei
2300 3726 2657 3806 reperiatur
2687 3726 3007 3792 sufficiens
3029 3730 3194 3809 apti-

570 3844 743 3920 tudo,
776 3848 846 3906 ut
877 3842 943 3904 in
974 3837 1360 3903 sacrificium
1395 3835 1665 3899 instituti
1697 3833 2013 3914 potuisset
2033 3832 2134 3919 (cf.
2153 3850 2211 3894 n.
2234 3834 2410 3918 419),
2433 3851 2512 3896 ex
2534 3833 2718 3896 dictis
2741 3840 2958 3897 tamen
2978 3853 3039 3897 n.
3060 3839 3142 3902 41
3157 3839 3190 3901 7

568 3951 687 4015 col.
719 3969 778 4013 n.
813 3954 943 4016 402
977 3947 1305 4027 colligitur,
1338 3943 1648 4007 sacrificio
1684 3960 1723 4004 a
1745 3940 1999 4005 Christo
2033 3941 2326 4004 instituto
2360 3941 2768 4005 essentialem
2801 3959 2943 4006 esse
2966 3941 3194 4006 distin-

564 4063 737 4122 ctam
769 4055 953 4138 panis
986 4061 1049 4119 et
1079 4053 1210 4115 vini
1239 4049 1811 4115 consecrationem.
1844 4047 2006 4111 Hinc
2039 4046 2215 4127 Lugo
2251 4047 2306 4110 d.
2349 4051 2427 4114 19
2461 4067 2509 4110 S.
2545 4053 2582 4115 8
2614 4046 2954 4129 probabile
2985 4055 3190 4131 putat,

565 4161 1119 4228 consecrationem
1150 4158 1339 4222 unius
1370 4157 1604 4238 speciei
1637 4155 1908 4220 exclusa
1939 4154 2291 4218 intentione
2313 4154 2744 4218 consecrandi
2764 4155 3034 4219 alteram
3054 4154 3194 4218 sore

564 4268 929 4343 invalidam,
963 4284 1041 4330 eo
1076 4265 1244 4347 quod
1281 4262 1569 4328 Christus
1615 4262 1862 4326 dederit
1912 4259 2339 4324 consecrandi
2387 4266 2781 4341 potestatem
2827 4268 3078 4325 tantum
3127 4262 3193 4323 in

563 4375 788 4439 ordine
820 4373 903 4436 ad
933 4371 1455 4447 sacrificandum3
1502 4369 1884 4433 sacrificium
1938 4375 2156 4432 autem
2191 4367 2386 4431 modo
2421 4369 2731 4431 consistat
2763 4367 3191 4433 essentialiter

561 4483 626 4545 in
661 4482 1149 4545 consecratione
1182 4480 1513 4561 utriusque
1546 4476 1785 4558 speciei
1801 4477 1867 4559 1).

782 4660 819 4728 ¹)
846 4656 897 4710 H
913 4672 943 4710 e
962 4674 998 4708 n
1014 4654 1076 4708 ri
1097 4672 1134 4723 q
1151 4673 1187 4709 u
1205 4672 1233 4708 e
1250 4674 1296 4720 z,
1324 4651 1693 4716 Bonacina‚
1722 4648 2013 4703 Lacroix
2041 4652 2150 4703 etc.
2177 4649 2472 4722 probabile
2495 4649 2829 4703 existimant
2846 4649 3184 4703 alterutram

558 4737 1041 4793 consecrationem
1068 4736 1140 4787 ad
1168 4732 1431 4788 sacrificii
1457 4731 1757 4785 essentiam
1788 4729 2062 4793 sufficere,
2091 4727 2174 4782 ita
2201 4730 2260 4783 et
2284 4728 2333 4782 R
2349 4746 2380 4783 o
2397 4729 2437 4782 h
2454 4729 2509 4782 li
2526 4746 2564 4782 n
2581 4748 2620 4799 g
2659 4727 2791 4782 diss.
2818 4727 2880 4782 in
2906 4726 3186 4783 Katholik
