3538 5364
1296 320 1548 378 excludit
1572 320 1980 392 polygamiam.
2812 329 2946 393 565

326 504 554 580 bitum,
585 504 658 566 A.
693 502 832 578 S.«;
881 510 947 568 et
976 503 1161 567 Mich.
1196 501 1618 583 palaeologus
1666 502 1730 566 in
1762 501 1925 566 conf.
1958 501 2106 567 fidei
2135 502 2201 565 in
2251 518 2428 566 conc.
2479 501 2859 596 lugdunensi
2891 519 2946 564 a

335 615 506 680 1274
551 609 772 674 oblata
817 608 1181 691 profitetur:
1251 609 1379 683 ,De
1426 609 1838 673 matrimonio
1870 627 2025 673 vero
2061 615 2254 685 tenet,
2300 608 2473 691 quod
2506 625 2626 673 nec
2656 627 2823 672 unus
2853 607 2950 670 vir

328 717 543 799 plures
577 734 813 780 uxores
846 715 1052 794 simul,
1085 734 1207 780 nec
1241 733 1375 779 una
1406 714 1636 780 mulier
1667 716 2056 798 permittitur
2086 714 2327 780 habere
2360 713 2576 797 plures
2609 716 2835 779 viros‘

509 825 569 894 1.
620 823 1030 904 Monogamia
1075 824 1334 906 quidem
1381 824 1445 887 in
1480 823 1551 888 N.
1585 823 1653 887 T.
1687 842 1989 905 expresse
2036 830 2102 888 et
2146 823 2302 887 data
2349 841 2552 903 opera
2586 842 2717 886 non
2749 822 2951 886 incul-

324 939 531 1008 catur,
578 931 748 1013 quod
795 938 949 996 tunc
997 931 1304 1012 temporis
1348 948 1472 994 usu
1518 936 1583 995 et
1628 930 2095 995 consuetudine
2143 928 2331 995 fuerit
2375 948 2507 993 non
2540 929 2749 992 solum
2783 929 2953 1011 apud

321 1038 616 1120 judaeos
649 1037 765 1101 sed
798 1044 861 1102 et
882 1036 1054 1119 apud
1074 1055 1381 1101 romanos
1401 1037 1691 1101 inducta:
1725 1055 1807 1102 ea
1826 1044 2046 1101 tamen
2067 1036 2384 1116 colligitur
2404 1055 2482 1100 ex
2503 1035 2694 1100 Marc.
2722 1041 2820 1111 10,
2843 1041 2873 1103 1
2889 1041 2951 1103 1:

331 1145 695 1229 Quicunque
738 1145 1042 1208 dimiserit
1086 1165 1344 1208 uxorem
1377 1164 1561 1208 suam
1595 1150 1651 1207 et
1684 1143 1885 1208 aliam
1916 1144 2188 1225 duxerit,
2221 1143 2602 1207 adulterium
2634 1144 2954 1207 committit

328 1273 521 1336 super
552 1271 690 1315 eam
711 1274 737 1330 ,·
767 1251 904 1315 coll.
938 1251 1084 1315 Luc.
1124 1257 1222 1327 16,
1262 1257 1373 1325 18;
1406 1249 1625 1314 Matth.
1663 1255 1763 1326 19,
1798 1256 1856 1318 9.
1892 1247 1959 1313 Si
1990 1268 2142 1329 ergo
2164 1248 2567 1327 adulterium,
2599 1248 2951 1324 committit,

335 1359 463 1442 qui,
481 1358 747 1422 dimissa
778 1376 979 1423 uxore
1012 1358 1205 1421 aliam
1238 1358 1449 1422 ducit:
1484 1376 1613 1422 non
1647 1358 1858 1421 minus
1890 1357 2011 1421 erit
2042 1354 2426 1421 adulterium
2456 1357 2512 1419 si
2531 1355 2724 1419 aliam
2744 1356 2953 1430 ducat,

333 1471 586 1530 retenta
628 1464 827 1546 priori
870 1482 1090 1529 uxore.
1152 1464 1313 1528 Hinc
1363 1463 1864 1528 Ambrosius
1911 1463 1991 1529 de
2023 1461 2354 1526 Abraham
2398 1462 2436 1526 l.
2473 1468 2506 1531 1
2544 1479 2594 1524 c.
2633 1467 2706 1530 7:
2772 1461 2956 1535 ‚Non

335 1572 481 1635 licet
531 1570 659 1647 tibi,
700 1570 926 1652 inquit,
958 1589 1158 1635 uxore
1207 1571 1464 1636 vivente
1494 1588 1762 1635 uxorem
1795 1570 2046 1636 ducere.
2109 1570 2274 1633 Nam
2306 1577 2371 1635 et
2401 1569 2597 1633 aliam
2630 1587 2957 1652 quaerere,

331 1697 484 1742 cum
516 1677 762 1742 habeas
796 1686 991 1753 tuam,
1040 1676 1283 1743 crimen
1322 1684 1421 1742 est
1451 1677 1792 1743 adulterii.‘
1862 1678 2028 1758 Ergo
2061 1678 2226 1741 sicut
2257 1675 2644 1741 adulterium
2678 1681 2778 1741 est
2806 1693 2957 1757 pro-

337 1785 631 1861 hibitum,
665 1787 757 1849 ita
786 1786 853 1849 in
884 1785 1024 1866 lege
1060 1784 1432 1865 evangelica
1461 1784 1839 1865 prohibetur
1868 1784 2252 1867 polygamia.
2286 1782 2501 1863 Quare
2522 1782 2808 1847 Christus
2841 1800 2958 1863 ap-

343 1892 627 1975 probans
661 1892 893 1956 Adami
924 1892 1125 1958 verba
1156 1891 1386 1956 statuit
1418 1892 1663 1977 (Matth.
1704 1896 1803 1969 19,
1839 1894 1939 1978 5):
1987 1890 2070 1954 Et
2102 1898 2283 1955 erunt
2314 1893 2455 1959 duo
2489 1893 2556 1953 in
2588 1911 2778 1954 carne
2808 1909 2959 1952 una.

517 2012 586 2084 2.
622 2014 951 2095 Colligitur
998 2034 1078 2079 ex
1126 2014 1340 2078 verbis
1372 2013 1557 2078 Pauli
1596 2021 1648 2083 1.
1685 2016 1826 2079 Cor.
1865 2021 1919 2092 7,
1955 2022 1995 2084 2
2028 2034 2107 2077 S.:
2172 2015 2441 2101 Propter
2480 2014 2959 2095 fornicationem

338 2131 550 2189 autem
585 2128 1003 2206 unusquisque
1032 2141 1214 2185 suam
1246 2141 1499 2184 uxorem
1519 2121 1760 2204 habeat,
1793 2129 1846 2185 et
1865 2140 2272 2204 unaquaeque
2290 2140 2472 2203 suum
2493 2122 2698 2184 virum
2719 2118 2960 2185 habeat.

356 2232 549 2295 Uxori
580 2231 680 2294 vir
710 2228 993 2309 debiturn¹
1014 2228 1274 2291 reddat.-
1306 2227 1595 2291 similiter
1624 2234 1827 2290 autem
1862 2234 1918 2290 et
1949 2248 2109 2291 uaeor
2127 2229 2276 2289 viro.
2312 2225 2543 2289 Mulier
2562 2228 2664 2289 sui
2684 2227 2962 2308 corporis

330 2344 703 2422 potestatem
736 2355 857 2398 non
892 2334 1093 2418 habet,
1126 2335 1233 2397 sed
1264 2335 1359 2396 vir
1376 2357 1402 2411 ,·
1436 2334 1719 2398 similiter
1752 2340 1956 2397 autem
1989 2339 2043 2396 et
2074 2334 2172 2395 vir
2190 2334 2290 2395 sui
2307 2334 2588 2416 corporis
2596 2339 2960 2415 potestatem

343 2466 470 2509 non
500 2443 702 2525 habet,
735 2443 843 2506 sed
871 2441 1133 2505 mulier:
1188 2441 1415 2524 quibus
1449 2440 1782 2523 apostolus
1827 2440 1997 2504 idem
2022 2440 2130 2521 jus
2161 2441 2346 2503 uxori
2377 2440 2442 2503 in
2473 2439 2680 2503 virum
2714 2455 2791 2502 ac
2822 2439 2961 2502 viro

347 2553 413 2616 in
444 2568 712 2614 uxorem
744 2549 1058 2624 concedit,
1098 2549 1202 2630 jus
1248 2567 1399 2613 vere
1448 2547 1925 2612 fundamentale
1971 2547 2053 2609 ad
2093 2545 2575 2610 matrimonium
2607 2544 2964 2611 reforman-

341 2659 516 2736 dum,
549 2656 723 2739 quod
757 2674 905 2720 cum
936 2655 1305 2739 polygamia
1336 2655 1688 2720 consistere
1720 2654 1956 2737 nequit.

523 2784 589 2851 3.
624 2781 1106 2846 Matrimonium
1139 2781 1503 2862 symbolum
1537 2786 1635 2844 est
1660 2780 1848 2861 juxta
1878 2779 2033 2861 Eph.
2056 2784 2114 2855 5,
2150 2784 2235 2848 22
2269 2780 2352 2864 (n.
2375 2780 2531 2864 592)
2565 2777 2962 2859 conjunctio-

346 2893 447 2953 nis
480 2889 717 2953 Christi
747 2906 894 2952 cum
929 2888 1245 2952 Ecclesia:
1279 2886 1568 2952 Christus
1602 2893 1820 2952 autem
1853 2904 2000 2950 cum
2033 2904 2162 2949 una
2186 2884 2474 2967 jungitur
2505 2883 2805 2948 Ecclesia.

525 3015 592 3081 4.
640 3013 707 3076 Id
759 3013 1025 3078 evidens
1072 3019 1169 3076 est
1214 3032 1293 3077 ex
1340 3012 1654 3077 sentiendi
1703 3012 1955 3076 ratione
1999 3009 2282 3076 universi
2315 3007 2593 3074 nominis
2626 3007 2966 3071 christiani.

347 3121 710 3186 inauditum
758 3121 926 3184 enim
973 3126 1071 3185 est
1120 3120 1187 3183 in
1219 3126 1356 3183 tota
1388 3120 1788 3202 antiquitate,
1835 3119 2113 3200 aliquem
2146 3119 2405 3200 impune
2438 3116 2600 3180 duas
2632 3114 2819 3179 simul
2850 3114 2969 3177 du-

348 3229 523 3292 xisse
555 3246 808 3292 uxores,
873 3225 1151 3291 Necesse
1185 3244 1319 3289 non
1353 3225 1476 3290 erit
1507 3231 1762 3307 patrum
1797 3225 2024 3289 afferre
2058 3224 2438 3289 testimonia.

533 3366 675 3421 602.
708 3355 986 3432 Exceptio
1019 3355 1222 3431 aliqua
1260 3354 1489 3431 petitur
1518 3374 1587 3413 ex
1618 3372 1904 3430 responso
1938 3353 2300 3430 Gregorii
2333 3353 2407 3411 11.
2441 3353 2576 3411 dato
2609 3369 2654 3410 e.
2678 3350 2972 3409 Bonifatio

351 3447 531 3522 hujus
563 3445 819 3504 tenoris:
854 3445 1048 3514 ,Nam
1081 3443 1241 3521 quod
1270 3443 1647 3521 proposuisti,
1680 3445 1840 3519 quod
1873 3443 1922 3502 si
1953 3443 2168 3501 mulier
2185 3442 2529 3500 infirmitate
2551 3442 2821 3516 correpta
2850 3458 2972 3498 non

352 3535 608 3595 valuerit
640 3534 909 3593 debitum
944 3534 1074 3592 viro
1106 3532 1367 3602 reddere,
1414 3533 1563 3608 quid
1594 3534 1725 3609 ejus
1758 3532 1938 3591 faciat
1961 3531 2231 3608 jugalis?
2291 3533 2523 3590 Bonum
2572 3532 2745 3600 esset,
2793 3529 2841 3586 si
2889 3528 2974 3587 sic

354 3627 747 3701 permaneret,
781 3624 855 3681 ut
885 3622 1281 3681 abstinentiae
1300 3625 1551 3682 vacaret.
1600 3622 1714 3680 Sed
1747 3622 1888 3697 quia
1907 3621 2017 3679 hoc
2036 3638 2387 3697 magnorum
2419 3623 2529 3690 est,
2562 3618 2682 3689 ille,
2715 3618 2820 3693 qui
2854 3635 2974 3676 non

352 3714 573 3790 poterit
602 3713 922 3782 continere,
975 3711 1166 3770 nubat
1195 3712 1404 3787 magiS,
1458 3728 1580 3769 non
1622 3715 1822 3769 tamen
1854 3709 2111 3769 subsidii
2157 3728 2328 3784 opem
2372 3707 2688 3767 subtrahat
2730 3707 2804 3764 ab
2849 3706 2972 3776 illa,

353 3822 535 3878 quam
566 3801 877 3860 infirmitas
911 3800 1223 3876 praepedit
1252 3806 1315 3860 et
1343 3819 1465 3859 non
1495 3799 1870 3859 detestabilis
1902 3800 2077 3875 culpa
2107 3798 2428 3857 excludit«
2478 3797 2701 3855 Verum
2731 3795 2832 3853 alii
2862 3795 2975 3852 du·

354 3892 551 3950 bitant
597 3892 668 3950 de
714 3890 982 3966 responsi
1028 3890 1419 3967 genuinitate,
1467 3889 1624 3965 quod
1672 3887 1824 3946 illud
1871 3888 1984 3946 sub
2031 3888 2304 3946 Zacharia
2336 3886 2605 3963 Gregorii
2638 3901 2974 3943 successore

357 3980 566 4040 sedulo
599 3980 661 4039 in
694 3979 948 4038 archivis
982 3979 1243 4037 romanis
1274 3979 1457 4037 fuerit
1488 3977 1907 4053 conquisitum,
1956 3994 2061 4035 nec
2099 3979 2297 4034 tamen
2328 3976 2670 4034 inventum:
2719 3972 2975 4031 incredi-

356 4070 479 4128 bile
509 4073 708 4128 autem
741 4068 978 4127 videtur
1009 4067 1431 4127 documentum
1463 4067 1619 4125 tanti
1649 4065 1935 4125 momenti
1966 4065 2264 4124 excidisse.
2326 4065 2447 4122 Alii
2478 4065 2741 4131 censent,
2775 4063 2872 4138 agi
2902 4061 2976 4119 de

356 4158 782 4235 impedimento
824 4157 1209 4233 impotentiae
1256 4160 1391 4233 post
1440 4158 1812 4228 contractum
1860 4153 2304 4212 matrimonium
2350 4155 2668 4228 comperto,
2719 4151 2857 4209 hinc
2905 4150 2977 4208 de

360 4247 734 4307 matrimonio
765 4250 1004 4305 tantum
1037 4250 1184 4304 rato,
1250 4246 1595 4321 Utramque·
1620 4243 1979 4302 solutionem
2025 4242 2304 4318 proponit
2339 4243 2464 4317 jam
2509 4259 2620 4300 sec.
2650 4240 2747 4304 XI.
2795 4241 2975 4298 Ber-

360 4356 400 4395 n
419 4337 596 4395 aldu
614 4355 641 4395 s
675 4336 739 4394 in
769 4337 941 4393 tract.
974 4334 1046 4393 de
1077 4335 1365 4410 prudenti
1401 4333 1845 4409 dispensatione
1874 4332 2194 4391 ecclesiast.
2216 4331 2593 4390 sanctionum
2613 4326 2807 4411 (Mig.
2835 4339 2975 4399 148,

370 4421 582 4504 1267).
643 4425 765 4482 Alii
798 4424 940 4482 haec
970 4424 1269 4499 explicant
1299 4424 1371 4482 de
1405 4423 1684 4499 conjugio
1717 4421 1869 4479 inito
1903 4421 1967 4479 in
2009 4419 2379 4489 infidelitate,
2426 4420 2588 4495 quod
2620 4437 2754 4477 cum
2787 4436 2977 4477 sacra-

362 4519 630 4572 mentum
677 4531 798 4571 non
849 4513 945 4584 sit,
998 4531 1128 4571 eam
1172 4531 1294 4571 non
1338 4512 1516 4571 habet
1565 4511 1928 4579 firmitatem,
1981 4528 2162 4584 quam
2193 4509 2307 4568 sibi
2341 4508 2602 4568 vindicat
2634 4508 2979 4585 conjugium

363 4602 840 4673 christianorum,
876 4601 1034 4677 quod
1069 4605 1503 4660 sacramentum
1535 4604 1641 4671 est,
1676 4600 1815 4658 hinc
1847 4599 2170 4657 declarasse
2201 4602 2413 4674 putant
2442 4597 2800 4675 pontificem,
2832 4596 2981 4654 illud

363 4691 825 4767 superveniente
857 4690 1227 4766 impotentia,
1261 4691 1326 4749 in
1356 4691 1617 4749 favorem
1648 4689 1905 4747 infidelis
1939 4688 2207 4747 conversi
2234 4707 2406 4766 posse
2437 4686 2704 4747 dissolvi.
2760 4686 2982 4745 Crescit

362 4784 564 4840 autem
598 4779 913 4840 solutionis
946 4779 1284 4850 difficultas,
1315 4779 1478 4856 quod
1510 4798 1630 4838 non
1660 4778 1913 4855 amplius
1944 4782 2140 4837 exstat
2170 4797 2215 4842 s,
2248 4777 2530 4837 Bonifatii
2561 4776 2829 4851 epistola,
2863 4794 2982 4850 qua
