3538 5364
1307 283 1387 338 De
1417 283 1690 353 baptismi
1718 282 2002 337 ministro,
2831 292 2962 357 273

315 470 558 539 nitatis,
606 470 769 546 quod
815 475 908 529 est
953 488 1143 529 unum
1172 469 1466 544 idemque,
1515 470 1727 545 utique
1760 472 2054 545 quantum
2085 469 2161 528 ad
2193 470 2584 529 intentionem
2617 470 2963 530 conficiendi

318 562 822 623 sacramentum!
900 558 982 621 Cf.
1012 559 1248 618 Pesch
1283 558 1363 617 VI
1393 578 1451 618 ιι.
1488 568 1630 624 389.
1664 592 1752 602 --
1786 558 2039 628 Quidam
2069 561 2140 618 ut
2174 559 2589 618 Holtzclau
2620 578 2678 618 ιι.
2714 570 2792 624 47
2830 564 2958 629 etc„

319 652 552 722 putant
582 648 882 724 baptizare
926 650 991 706 in
1036 647 1256 707 Christi
1303 649 1543 707 nomine
1587 648 1742 706 idem
1792 666 1920 707 esse
1965 665 2031 706 ac
2068 647 2371 724 baptizare
2402 648 2464 706 in
2496 648 2797 708 Christum
2831 668 2955 708 cre-

319 737 542 796 dentes
591 738 689 796 vel
733 737 798 795 in
844 736 1275 813 professionem
1320 736 1458 796 fidei
1491 737 1725 798 Christi.
1794 737 1948 796 Fuse
1999 737 2071 795 de
2121 737 2231 795 hac
2279 737 2631 813 quaestione
2662 737 2961 797 disserunt

318 825 769 886 Trombelli
816 826 889 884 de
935 826 1094 901 bapt.
1140 828 1214 885 tr.
1251 836 1289 889 4
1323 825 1465 885 dise.
1510 838 1580 888 10
1617 828 1679 885 et
1711 826 1888 885 Orsi
1920 826 1985 883 in
2017 826 2161 886 diss.
2194 825 2265 885 de
2297 826 2591 902 baptismo
2623 827 2687 885 in
2719 826 2959 886 nomine

319 915 380 972 J.
419 916 540 986 Ch„
574 917 825 991 ejusque
857 915 1154 979 vindiciis.
1216 915 1298 975 Cf.
1333 915 1705 974 Palmieri
1738 915 1822 973 th.
1860 924 1938 978 33
1973 934 2029 990 p.
2066 926 2099 978 5
2138 915 2210 974 de
2242 933 2386 974 rom.
2417 915 2710 991 pontifice.

516 1057 664 1120 311.
701 1052 795 1115 De
829 1051 1125 1135 baptismi
1155 1053 1446 1115 ministro
1493 1051 1657 1116 haec
1704 1057 2078 1116 teneantur:
2127 1053 2190 1118 1.
2239 1052 2599 1117 ministrum
2632 1054 2958 1136 proprium

322 1157 525 1239 hujus
557 1160 946 1223 sacramenti
977 1159 1184 1240 primo
1217 1157 1362 1222 loco
1386 1178 1528 1223 esse
1560 1179 1591 1221 s
1611 1176 1650 1221 a
1665 1177 1700 1221 c
1716 1179 1751 1224 e
1767 1159 1856 1222 rd
1874 1177 1912 1222 o
1934 1166 2009 1223 te
2029 1178 2112 1237 m,
2146 1159 2517 1241 episcopum
2539 1166 2602 1223 et
2620 1160 2960 1243 presbyte-

321 1284 509 1329 rum:
554 1266 761 1332 altero
806 1267 1003 1331 veluti
1046 1265 1248 1346 gradu
1294 1267 1358 1336 2.
1407 1265 1867 1341 diaconum,
1916 1285 2068 1331 nam
2108 1267 2245 1349 jam
2277 1266 2602 1350 Philippus
2653 1267 2960 1332 diaconus

320 1371 711 1454 baptizabat
743 1373 879 1437 Act.
911 1380 971 1448 8,
997 1378 1094 1442 12.
1118 1378 1218 1442 38.
1255 1373 1322 1440 3.
1363 1373 1468 1447 ‚In
1501 1390 1657 1437 casu
1691 1380 1908 1438 autem
1939 1374 2358 1448 necessitatis,
2392 1382 2462 1438 ut
2494 1374 2683 1439 docet
2715 1373 2817 1437 Eu
2837 1393 2960 1456 ge-

322 1480 513 1543 nius
545 1479 644 1543 IV.
678 1480 742 1543 in
775 1480 1058 1544 instruct.
1079 1499 1198 1561 pro
1222 1480 1526 1553 armeniS,
1559 1499 1690 1545 non
1723 1479 1934 1544 solum
1956 1481 2258 1546 sacerdos
2293 1481 2390 1545 vel
2414 1481 2607 1545 etiam
2630 1481 2958 1557 diaconuS,

323 1588 448 1652 sed
481 1587 676 1651 etiarn
708 1587 977 1651 laicus
1009 1584 1110 1651 vel
1142 1587 1387 1663 mulier,
1423 1587 1552 1651 imo
1586 1587 1783 1652 etiam
1815 1605 2104 1669 paganus
2138 1594 2202 1652 et
2233 1588 2596 1652 haereticus
2633 1587 2958 1668 baptizare

324 1700 566 1774 potest,
601 1692 951 1756 dummodo
987 1692 1259 1757 formam
1294 1698 1510 1758 servet
1539 1692 1864 1757 Ecclesiae
1913 1701 1977 1757 et
2022 1693 2231 1759 facere
2264 1694 2572 1769 intendat,
2606 1693 2776 1775 quod
2809 1693 2960 1757 facit

326 1798 687 1876 Ecclesia3‘
741 1807 805 1863 et
835 1806 1030 1864 antea
1062 1818 1247 1863 conc.
1302 1799 1473 1863 late
1494 1817 1850 1864 ranense
1883 1800 1980 1863 IV.
2015 1800 2079 1863 in
2113 1818 2249 1882 cap.
2284 1799 2644 1875 ,Firmiter‘3
2687 1798 2957 1874 ,Sacra-

329 1914 622 1973 mentum
669 1907 992 1989 baptismi,
1037 1907 1211 1989 quod
1261 1908 1342 1971 ad
1393 1908 1865 1972 invocationem
1898 1907 2264 1972 individuae
2296 1908 2624 1972 Trinitatis
2659 1959 2671 1972 .
2707 1958 2718 1969 .
2756 1958 2766 1969 .
2802 1925 2956 1971 con-

327 2022 625 2079 secratur
655 2016 722 2078 in
754 2032 943 2096 aqua,
976 2021 1108 2077 tam
1140 2015 1420 2095 parvulis
1454 2032 1647 2097 quam
1680 2014 1915 2079 adultis
1969 2015 2031 2078 in
2078 2014 2281 2078 forma
2318 2015 2636 2079 Ecclesiae
2684 2033 2724 2077 a
2769 1980 3010 2142 quo-S

328 2140 653 2203 cunque
686 2121 809 2186 rite
840 2120 1143 2184 collatum
1175 2120 1425 2202 proficit
1456 2120 1535 2184 ad
1570 2122 1899 2185 salutem.‘

513 2250 681 2320 Quod
713 2250 798 2308 ita
819 2250 943 2326 jam
976 2248 1269 2323 expressit
1299 2248 1850 2308 Tertullianus
1884 2248 1955 2308 de
1987 2245 2152 2325 bapt.
2185 2268 2243 2308 ιι.
2290 2260 2396 2312 17:
2446 2249 2682 2318 ,Dandi
2714 2249 2957 2324 quidem

329 2336 755 2420 (baptismum)
787 2338 965 2397 habet
986 2340 1091 2414 jus
1123 2350 1396 2396 summus
1425 2337 1712 2407 sacerdos,
1745 2337 1852 2414 qui
1885 2343 1974 2397 est
2005 2339 2349 2415 episcopus:
2384 2337 2595 2397 dehinc
2626 2338 2957 2414 presbyteri

329 2432 394 2487 et
423 2427 679 2496 diaconi,
710 2447 830 2487 non
860 2428 1060 2485 tamen
1090 2426 1219 2485 sine
1250 2426 1513 2503 episcopi
1544 2428 1898 2486 auctoritate
1928 2430 2175 2503 propter
2203 2427 2499 2487 Ecclesiae
2532 2426 2812 2485 honorem
2847 2472 2858 2485 .
2896 2472 2906 2483 .
2941 2473 2954 2486 .

328 2518 603 2593 alioquin
622 2516 800 2576 etiam
822 2515 988 2575 laicis
1000 2516 1105 2592 jus
1125 2518 1230 2578 est.
1247 2523 1275 2552 '¹
1298 2548 1381 2559 —-
1403 2516 1655 2575 Ineunte
1675 2534 1789 2577 sec.
1809 2516 1907 2579 IV.
1928 2518 2184 2576 asseruit
2202 2535 2361 2576 conc.
2383 2535 2414 2574 e
2432 2516 2543 2575 lib
2561 2534 2593 2574 e
2611 2535 2640 2573 r
2658 2515 2676 2573 i
2694 2521 2722 2573 t
2736 2535 2771 2574 a
2786 2536 2820 2573 n
2844 2536 2883 2575 u
2899 2537 2957 2574 m

329 2626 454 2669 can.
490 2617 572 2670 38
613 2624 827 2682 ,posse
872 2605 1124 2674 fidelem,
1172 2604 1276 2680 qui
1322 2604 1622 2664 lavacrum
1655 2623 1834 2665 suum
1866 2606 2164 2684 integrum
2198 2605 2378 2665 habet
2407 2623 2515 2665 nec
2548 2605 2630 2663 sit
2659 2604 2952 2681 bigamus,

330 2697 632 2772 baptizare
652 2697 715 2755 in
735 2695 1089 2755 necessitate
1109 2693 1477 2753 infirmitatis
1498 2696 1761 2772 positum
1784 2697 2273 2755 catechumenum
2288 2704 2315 2734 ‘
2338 2717 2350 2754 τ
2385 2695 2488 2772 qui
2518 2714 2705 2754 canon
2725 2698 2818 2753 sat
2837 2695 2957 2753 sin-

328 2787 560 2864 gularis
593 2803 715 2844 non
747 2784 986 2844 videtur
1016 2785 1101 2842 ita
1131 2783 1580 2861 intelligendus,
1628 2803 1695 2843 ac
1742 2785 1795 2844 si
1827 2785 2159 2861 baptismus
2191 2806 2225 2844 a
2253 2789 2559 2862 peccatore
2590 2784 2841 2843 collatus
2874 2784 2953 2842 sit

328 2876 668 2934 invalidus:
701 2875 843 2933 haec
873 2874 1033 2933 enim
1064 2875 1220 2932 esset
1250 2873 1380 2947 ipsa
1411 2874 1669 2933 haeresis
1690 2874 2155 2944 donatistarum3
2191 2874 2294 2933 sed
2326 2878 2397 2933 ut
2427 2875 2490 2933 in
2524 2892 2664 2933 casu
2697 2874 2951 2931 necessi·

326 2966 472 3022 tatis
504 2982 628 3023 non
659 2963 836 3022 liceat
866 2963 1161 3037 peccatori
1193 2966 1255 3020 et
1285 2962 1557 3038 bigamis,
1601 2964 1651 3020 si
1684 2963 1787 3021 alii
1818 2962 2021 3022 adsint
2051 2964 2272 3033 fideleS,
2318 2963 2637 3039 baptizare.
2705 2961 2873 3030 Quod
2906 2963 2955 3020 si

327 3054 431 3111 alii
462 3052 671 3112 fideles
701 3052 995 3123 deessent,
1035 3056 1195 3110 certo
1228 3069 1346 3109 non
1380 3051 1719 3126 prohiberet
1749 3053 2083 3124 concilium,
2130 3057 2202 3111 ut
2245 3056 2580 3128 peccatores
2626 3054 2687 3109 et
2731 3050 2953 3127 bigami

325 3143 652 3218 baptizent.
696 3141 1072 3216 Baptismum
1102 3140 1261 3198 enim
1295 3160 1329 3198 a
1357 3140 1611 3217 bigamis
1643 3142 1926 3200 collatum
1951 3140 2246 3200 declarare
2267 3141 2597 3200 invalidum
2615 3143 2776 3199 esset·
2794 3159 2959 3198 error

324 3250 464 3291 vere
513 3231 703 3289 mirus
748 3232 810 3288 et
852 3229 1191 3307 singularis,
1223 3263 1311 3270 —
1343 3229 1862 3306 Hieronymus
1910 3229 2048 3288 dial.
2093 3249 2140 3289 c.
2183 3230 2345 3293 lucif.
2377 3250 2434 3290 n.
2471 3240 2540 3291 9:
2592 3229 2954 3305 ,Baptizare,

325 3320 380 3379 si
409 3324 614 3379 tamen
635 3320 956 3378 necessitas
989 3319 1167 3397 cogit,
1203 3318 1422 3377 scimus
1453 3318 1637 3377 etiam
1671 3320 1840 3378 laicis
1873 3319 2126 3389 licere3‘
2160 3326 2220 3378 et
2253 3322 2299 3378 A
2319 3319 2750 3396 ugustinus
2784 3336 2830 3376 c.
2864 3338 2958 3395 ep,

325 3411 599 3471 Parmen.
623 3409 661 3466 l.
688 3418 721 3470 2
747 3428 804 3468 n.
828 3419 936 3471 29:
991 3409 1099 3477 ,Et
1131 3408 1182 3466 si
1213 3408 1401 3467 laicus
1434 3408 1652 3483 aliquis
1686 3409 1959 3484 pereunti
1991 3408 2221 3468 dederit
2252 3405 2666 3490 (baptismum)
2699 3408 2956 3466 necessi·

324 3501 454 3557 tate
486 3499 853 3574 compulsus,
902 3498 1057 3571 quod
1105 3515 1241 3556 cum
1286 3497 1417 3572 ipse
1449 3498 1758 3572 acciperet,
1808 3497 2102 3572 quomodo
2135 3498 2399 3557 dandum
2431 3499 2603 3567 esset,
2651 3496 2955 3566 addidicit,

326 3587 530 3646 nescio
562 3607 638 3645 an
671 3586 767 3663 pie
800 3587 1118 3662 quisquam
1155 3585 1373 3644 dixerit
1404 3605 1532 3645 esse
1565 3586 1970 3662 repetendum.
2021 3587 2201 3645 Nulla
2230 3587 2386 3646 enim
2419 3589 2665 3662 cogente
2696 3587 2955 3644 necessi-

325 3681 453 3735 tate
486 3676 539 3734 si
571 3677 692 3746 fiat,
727 3676 905 3735 alieni
939 3676 1206 3734 muneris
1241 3676 1552 3751 usurpatio
1585 3679 1704 3734 est:
1748 3676 1801 3733 si
1834 3679 2032 3734 autem
2065 3676 2387 3735 necessitas
2419 3679 2647 3750 urgeat,
2681 3675 2954 3748 aut-nul-

327 3766 595 3846 lum-apt
626 3765 855 3823 veniale
887 3765 1175 3824 delictum
1205 3767 1315 3826 est.
1366 3764 1478 3824 Sed
1510 3768 1570 3823 et
1604 3765 1655 3823 si
1687 3765 1856 3823 nulla
1887 3765 2238 3824 necessitate
2271 3767 2615 3839 usurpetur,
2649 3767 2711 3821 et
2741 3783 2775 3821 a
2807 3782 2955 3838 quo·

329 3854 477 3913 libet
507 3842 980 3922 cuilibet'detur,
1026 3854 1187 3929 quod
1221 3853 1427 3912 datum
1457 3853 1658 3924 fuerit,
1707 3872 1827 3912 non
1872 3858 2072 3930 potest
2103 3854 2221 3913 dici
2254 3873 2373 3913 non
2406 3852 2632 3921 datum,
2682 3853 2954 3926 quamvis

330 3946 488 4001 recte
535 3941 654 4001 dici
698 3943 890 4018 possit
929 3943 1140 4002 illicite
1171 3943 1436 4002 datum.‘
1502 3943 1581 4002 cf.
1630 3943 1994 4001 Gelasius
2022 3945 2097 4026 Ι
2133 3939 2399 4027 (334921)
2433 3961 2522 4018 ep.
2565 3952 2640 4005 14
2675 3940 2747 3998 ad
2779 3941 2952 4015 episc.

330 4050 437 4107 per
465 4031 801 4101 Lucaniam,
834 4032 1106 4091 Bruttios
1139 4035 1201 4091 et
1232 4031 1495 4090 Siciliam
1516 4050 1565 4095 c.
1591 4044 1622 4094 7
1646 4053 1658 4102 ;
1695 4034 1762 4090 Is
1783 4032 1798 4089 i
1818 4032 1852 4089 d
1871 4051 1903 4089 o
1921 4050 2051 4090 rus
2084 4032 2238 4107 hisp.
2262 4032 2331 4091 de
2351 4031 2561 4089 officiis
2581 4030 2719 4092 6661.
2742 4030 2813 4100 11,
2839 4041 2952 4096 6’s'3

332 4120 706 4178 Nicolaus
738 4121 783 4178 1.
830 4116 913 4202 (n.
950 4121 1119 4198 310).
1161 4154 1232 4164 -
1272 4120 1419 4179 Vere
1464 4139 1604 4198 ergo
1637 4121 1849 4179 Petrus
1882 4121 2289 4179 Damianus
2334 4121 2589 4178 affirmat
2629 4138 2802 4179 serm.
2838 4131 2951 4181 69:

336 4208 670 4285 ,Baptismi
700 4211 953 4287 gratiam
986 4210 1146 4267 omni
1179 4210 1403 4269 homini
1435 4211 1528 4269 vel
1562 4210 1723 4269 omni
1747 4209 1914 4268 sexui
1938 4205 2522 4292 (administrandam)
2544 4207 2793 4267 tradidit
2812 4226 2950 4266 auc-

332 4298 544 4358 toritas
576 4299 993 4376 antiquorum:
1027 4299 1487 4358 confirmationis
1516 4303 1716 4358 autem
1749 4299 1984 4375 insigne
2018 4299 2146 4357 sola
2166 4297 2522 4375 pontificalis
2544 4315 2793 4373 persona
2815 4315 2953 4355 suae

333 4387 598 4446 vindicat
628 4388 972 4466 dignitati.‘
1035 4388 1281 4447 Accedit
1315 4389 1619 4448 luculenta
1650 4387 1943 4446 Ecclesiae
1975 4389 2192 4464 praxis,
2239 4407 2407 4463 quae,
2455 4387 2568 4445 etsi
2617 4387 2793 4445 initio
2834 4404 2951 4444 non

335 4477 476 4536 adeo
509 4478 826 4538 manifesta
859 4473 957 4559 (cf.
1003 4474 1356 4543 Schanzss
1399 4471 1519 4559 18),
1569 4477 1652 4535 ita
1697 4477 1956 4536 invaluit
2000 4480 2060 4536 et
2105 4476 2451 4553 praevaluit,
2500 4479 2571 4534 ut
2606 4476 2733 4551 jam
2779 4494 2950 4534 nemo

338 4567 487 4625 serio
546 4565 651 4625 hac
711 4567 784 4626 de
840 4586 904 4626 re
952 4567 1203 4630 dubitet.
1279 4567 1712 4642 Congruentiae
1762 4566 2053 4625 rationem
2095 4569 2316 4642 petunt
2360 4564 2622 4641 theologi
2671 4583 2738 4622 ex
2785 4583 2950 4622 sum-

336 4675 431 4714 ma
460 4655 647 4731 ipsius
691 4656 975 4732 baptismi
1020 4656 1374 4714 necessitate
1419 4656 1490 4713 ad
1537 4656 1809 4714 salutem.
1874 4656 1951 4713 cf.
2001 4656 2336 4733 Algerus
2376 4655 2477 4724 ΙΙΙ,
2525 4663 2594 4722 6;
2648 4653 2949 4711 Oswald

337 4763 391 4818 p.
428 4753 461 4805 2
500 4741 533 4810 ἓ
574 4757 629 4809 7.

545 4854 816 4912 Hurter,
858 4854 1106 4913 Compend.
1145 4854 1410 4908 theologiae
1448 4851 1533 4898 111.
1577 4855 1655 4899 11.
1696 4852 1771 4898 ed.
2570 4849 2632 4896 18
