3538 5364
1318 312 1375 360 et
1402 306 1726 360 illustratur
1751 306 2055 377 analogiis,
2866 316 2987 380 341

554 493 784 562 ,Adest
816 493 1105 564 Christus,
1153 494 1238 552 ita
1281 491 1378 551 hic
1422 493 1576 552 hom.
1620 504 1642 555 1
1697 494 1768 551 de
1815 494 1980 568 prod.
2011 493 2203 553 Judae
2248 515 2303 556 n.
2344 505 2401 564 6,
2452 499 2514 553 et
2558 514 2719 554 nunc
2764 495 2835 565 is,
2890 496 2996 571 qui

367 601 639 642 mensam
669 582 837 642 illam
868 583 1195 658 apparavit,
1242 581 1338 641 hic
1382 582 1509 658 ipse
1555 583 1707 641 hanc
1749 601 1910 641 nunc
1953 588 2214 647 exornat.
2276 583 2412 642 Non
2456 584 2613 643 enim
2662 585 2835 643 homo
2880 588 2994 655 est,

367 671 480 747 qui
513 671 672 741 facit,
706 674 777 730 ut
806 671 1113 747 proposita
1144 670 1477 730 efficiantur
1509 690 1720 746 corpus
1751 675 1814 729 et
1845 672 2091 748 sanguis
2126 673 2364 740 Christi,
2410 672 2514 731 sed
2545 673 2673 749 ipse
2706 673 2995 743 Christus,

368 761 480 836 qui
526 779 635 836 pro
676 761 846 819 nobis
877 760 1188 819 crucifixus
1219 765 1325 819 est.
1390 760 1672 838 Figuram
1704 761 1957 835 implens
1993 756 2234 846 (σχῆμα
2266 758 2540 844 πληρῶν)
2574 765 2693 820 stat
2725 762 2996 822 sacerdos

368 851 555 908 verba
584 850 688 908 illa
717 850 1057 926 proferens:
1104 850 1297 908 virtus
1345 853 1548 909 autem
1592 854 1653 908 et
1696 851 1895 927 gratia
1926 851 2032 909 Dei
2064 857 2175 910 est.
2240 850 2365 909 Hoc
2410 859 2489 909 est
2534 870 2743 927 corpus
2788 870 2993 923 meum,

368 939 589 1014 inquit.
655 939 778 997 Hoc
809 939 1056 997 verbum
1088 938 1471 1001 transformat
1502 957 1589 1009 ea,
1621 957 1775 1013 quae
1806 940 2110 1015 proposita
2141 942 2301 1002 sunt.
2367 941 2455 998 Ac
2498 940 2994 1016 quemadmodum

368 1047 484 1087 vox
518 1028 652 1087 illa:
690 1028 932 1086 Crescite
963 1036 1014 1086 et
1045 1029 1534 1103 multiplicamini,
1566 1035 1616 1086 et
1646 1029 1852 1103 replete
1882 1035 2102 1087 terram
2134 1029 2299 1106 (Gen.
2330 1040 2379 1100 1,
2406 1025 2515 1111 28)
2548 1030 2731 1088 semel
2754 1030 2995 1105 quidem

368 1117 604 1191 prolata
646 1120 757 1187 est,
806 1117 967 1176 omni
1010 1135 1149 1177 vero
1185 1120 1449 1192 tempore
1480 1122 1729 1176 naturae
1761 1120 2003 1176 nostrae
2033 1117 2156 1176 vim
2186 1119 2435 1195 praebet
2465 1117 2537 1176 ad
2570 1118 2824 1178 filiorum
2862 1137 2999 1194 pro-

371 1206 765 1266 creationem:
811 1207 897 1264 ita
941 1209 1002 1265 et
1032 1225 1143 1264 vox
1175 1206 1315 1265 haec
1347 1207 1528 1265 semel
1559 1206 1795 1282 prolata
1826 1206 1889 1265 in
1921 1207 2184 1266 ecclesiis
2216 1208 2288 1265 ad
2320 1226 2802 1283 unamquamque
2832 1226 2998 1267 men-

374 1313 519 1363 sam,
566 1294 641 1353 ab
686 1295 791 1353 illo
821 1294 895 1353 ad
942 1294 1295 1354 hodiernum
1327 1313 1515 1371 usque
1547 1299 1787 1371 tempus
1819 1300 1881 1355 et
1910 1315 2100 1373 usque
2132 1296 2205 1355 ad
2238 1296 2565 1356 adventum
2596 1297 2741 1371 ejus,
2776 1297 2999 1356 sacrifi-

376 1384 536 1442 cium
569 1384 898 1461 perfectum
931 1384 1173 1445 efficit.‘
1241 1384 1488 1443 Gemina
1532 1384 1710 1444 habet
1741 1384 1799 1447 h.
1836 1394 1870 1446 2
1907 1403 1965 1444 n.
2001 1395 2069 1454 6:
2120 1403 2272 1460 quae
2317 1386 2554 1462 placent
2583 1385 2998 1445 Hincmaro

375 1472 560 1533 rhem.
611 1472 683 1532 de
731 1472 1006 1532 cavendis
1045 1473 1208 1532 vitiis
1237 1478 1299 1532 et
1328 1491 1512 1536 exerc.
1545 1473 1880 1532 virtutibus
1913 1492 1959 1532 c.
2000 1485 2075 1536 10
2114 1473 2305 1554 (Mig.
2346 1484 2488 1545 126,
2525 1470 2681 1555 930)
2717 1479 2778 1534 et
2808 1476 2999 1535 Gezo

378 1562 454 1620 de
487 1580 642 1637 corp.
675 1566 738 1621 et
767 1581 932 1639 sang.
965 1562 1180 1621 Christi
1210 1581 1259 1624 c.
1294 1572 1374 1625 40
1410 1558 1690 1642 (Migne
1729 1571 1873 1631 137,
1911 1558 2086 1644 391).
2153 1563 2232 1623 Cf.
2266 1564 2445 1639 plura
2475 1563 2549 1623 ad
2580 1583 2706 1623 rem
2735 1568 2998 1624 nostram

375 1651 535 1726 apud
565 1656 864 1710 auctorem
898 1651 972 1709 de
1004 1669 1150 1709 sacr.
1172 1651 1269 1721 IV,
1308 1661 1378 1723 43
1411 1652 1473 1711 P.
1506 1651 1980 1710 Radbertum
2015 1671 2064 1714 c.
2090 1652 2748 1722 13Adelmannum
2782 1653 2999 1717 etEus.

371 1740 715 1800 Brunonem
747 1740 810 1799 in
842 1740 968 1799 suis
999 1759 1088 1815 ep.
1120 1740 1251 1799 adv.
1284 1741 1533 1816 Bereng.
1567 1736 1729 1821 (Mig.
1772 1749 1912 1814 147,
1959 1736 2170 1824 1203).

558 1864 703 1929 364.
751 1859 814 1928 4.
871 1858 1172 1925 Succedit
1204 1860 1512 1941 triplex
1561 1861 1862 1940 analogia
1895 1864 2078 1945 (sane
2110 1861 2591 1947 inadaequata),
2624 1880 2753 1944 qua
2783 1867 3000 1942 patres

374 1966 501 2029 hoc
548 1966 836 2030 nituntur
883 1966 1200 2031 illustrare
1235 1967 1635 2049 mysterium.
1688 1966 2057 2031 Provocant
2089 1967 2219 2031 scil.
2252 1966 2335 2032 ad
2368 1968 2755 2032 mutationes
2788 1968 2999 2051 quoti-

371 2072 623 2147 dianaS,
655 2073 886 2156 quibus
919 2075 1169 2139 semina
1201 2080 1530 2139 mutantur
1563 2075 1628 2137 in
1662 2075 1943 2138 triticum
1979 2084 2172 2158 atque
2205 2075 2367 2139 adeo
2401 2072 2467 2139 in
2498 2092 3000 2156 panem‚succus

386 2188 598 2245 terrae
630 2181 697 2243 in
729 2181 980 2255 vinum:
1015 2182 1097 2245 ad
1129 2183 1572 2257 mutationem,
1609 2200 1739 2265 qua
1759 2181 2053 2246 Christus
2086 2182 2371 2265 quotidie
2390 2182 2736 2247 comedens
2766 2199 3001 2263 panem

383 2288 660 2350 mutavit
688 2288 754 2350 in
785 2289 885 2351 sui
917 2288 1206 2369 corporis
1238 2289 1699 2364 substantiam:
1735 2290 1817 2351 ad
1850 2290 2293 2363 mutationem,
2313 2307 2441 2372 qua
2460 2290 2692 2353 virtute
2724 2287 3000 2352 naturali

379 2393 506 2457 cibi
543 2400 879 2459 vertuntur
909 2396 974 2459 in
1007 2414 1268 2460 carnem
1301 2415 1378 2460 ac
1412 2398 1788 2478 sanguinem
1818 2404 2132 2460 nostrum.

552 2524 637 2583 De
668 2526 860 2601 prima
889 2526 1161 2603 analogia
1194 2528 1276 2585 ita
1305 2526 1484 2584 habet
1511 2526 1604 2585 J0.
1638 2528 2157 2585 Damascenus
2191 2526 2260 2584 de
2282 2527 2341 2589 F.
2362 2526 2428 2585 Ο.
2448 2526 2543 2595 IV,
2587 2534 2694 2589 13:
2731 2524 2994 2594 ,Quam-

369 2615 575 2673 obrem
624 2615 676 2673 si
722 2632 923 2673 sermo·
944 2614 1050 2674 Dei
1081 2615 1253 2674 vivus
1287 2619 1376 2673 est
1407 2620 1467 2674 et
1499 2616 1699 2674 efficax
1733 2612 1938 2697 (Hebr.
1974 2626 2032 2691 4,
2077 2611 2212 2697 12);
2258 2619 2320 2673 et
2364 2616 2562 2675 omnia
2605 2632 2995 2693 quaecunque

370 2704 572 2762 voluit
603 2704 895 2763 Dominus
930 2704 1071 2763 fecit
1103 2701 1223 2786 (Ps,
1264 2716 1405 2774 134,
1443 2702 1506 2787 6)
1540 2710 1682 2775 etc.;
1737 2705 1788 2764 si
1836 2705 2068 2764 coelum
2113 2711 2174 2763 et
2220 2710 2392 2774 terra,
2444 2723 2599 2781 aqua
2642 2709 2704 2763 et
2746 2704 2903 2781 ignis
2935 2707 2997 2763 et

371 2800 471 2850 aer
500 2794 812 2869 omnisque
845 2812 1051 2853 eorum
1086 2797 1332 2853 ornatus
1365 2795 1544 2853 verbo
1578 2794 1815 2852 Domini
1848 2794 2111 2871 perfecta
2143 2798 2304 2864 sunt,
2339 2795 2489 2870 quin
2519 2797 2581 2852 et
2611 2794 2721 2852 hoc
2751 2793 2995 2852 nobilis-

380 2881 593 2940 simum
624 2883 862 2952 animal,
898 2883 1058 2958 quod
1090 2883 1263 2941 homo
1296 2887 1707 2959 nuncupatur:
1743 2884 1794 2941 si
1827 2883 2086 2958 denique
2118 2884 2246 2960 ipse
2279 2884 2436 2942 Deus
2456 2883 2717 2942 Verbum
2747 2901 2854 2959 pro
2888 2900 2996 2940 sua

378 2969 681 3029 voluntate
715 2972 888 3031 homo
921 2972 1112 3030 factus
1144 2975 1254 3042 est,
1300 2977 1480 3048 atque
1513 2991 1582 3031 ex
1615 2976 1852 3032 sanctae
1886 2991 2232 3049 semperque
2266 2972 2531 3049 Virginis
2563 2971 2902 3049 purissimis
2935 2974 2998 3030 et

377 3058 738 3119 intaminatis
773 3061 1169 3138 sanguinibus
1200 3061 1329 3138 ipse
1361 3061 1480 3119 sibi
1513 3061 1682 3120 nullo
1715 3062 1938 3120 semine
1973 3081 2205 3121 carnem
2241 3061 2565 3139 compegit:
2615 3080 2719 3120 cur
2757 3061 2995 3120 demum

371 3166 591 3223 panem
622 3167 846 3226 corpus,
892 3150 1100 3208 viuum
1147 3151 1292 3208 item
1338 3152 1400 3209 et
1444 3169 1659 3225 aquam
1706 3150 2062 3227 sanguinem
2095 3169 2273 3210 suum
2306 3151 2599 3210 efficiendi
2630 3154 2841 3228 potens
2873 3168 2995 3208 non

371 3236 499 3294 sit?
546 3237 617 3295 In
648 3238 935 3314 principio
968 3239 1149 3297 dixit:
1186 3239 1475 3298 Producat
1505 3247 1666 3297 terra
1698 3240 1932 3298 herbam
1952 3241 2221 3298 virentem
2244 3240 2409 3317 (Gen.
2436 3252 2488 3311 1,
2517 3236 2642 3321 11),
2667 3239 2820 3299 etad
2840 3238 2991 3297 hanc

367 3344 560 3400 usque
592 3327 763 3396 diem,
797 3328 1109 3387 accedente
1140 3328 1344 3398 imbre,
1379 3328 1583 3386 divino
1614 3332 1927 3405 praecepto
1960 3329 2216 3404 impulsa
2247 3333 2307 3387 et
2337 3329 2626 3400 roborata,
2660 3329 2817 3388 fetus
2850 3346 2989 3387 suos

371 3415 633 3491 profert:
678 3416 831 3475 dixit
861 3416 1108 3493 perinde
1142 3418 1333 3476 Deus:
1380 3417 1505 3476 Hoc
1536 3425 1617 3475 est
1647 3436 1860 3493 corpus
1890 3437 2098 3492 meum,
2131 3422 2223 3476 et:
2272 3418 2384 3476 Hic
2415 3426 2495 3477 est
2526 3421 2764 3496 sanquis
2795 3437 2995 3487 meus,·

364 3508 429 3563 et
472 3506 576 3563 hoc
615 3506 793 3577 facite
838 3502 904 3563 in
951 3525 1135 3564 meam
1179 3509 1789 3569 commemorationem.
1844 3506 2023 3582 idque
2074 3507 2469 3582 omnipotenti
2501 3509 2632 3583 ejus
2663 3509 2992 3583 praeceptO,

366 3592 554 3652 donec
585 3594 805 3666 veniat,
853 3594 1108 3653 efficitur
1140 3640 1153 3653 .
1186 3638 1201 3653 .
1235 3640 1247 3654 .
1295 3613 1399 3671 per
1430 3595 1864 3654 invocationem
1897 3596 2099 3655 huicce
2129 3613 2317 3655 novae
2349 3597 2537 3673 segeti
2567 3596 2755 3656 imbre
2787 3614 2995 3671 super-

369 3683 665 3754 veniente,
712 3682 973 3759 Spiritus
1006 3703 1052 3745 s.
1084 3684 1373 3743 nimimm
1406 3684 1801 3743 obumbrante
1833 3685 2060 3744 virtute
2093 3729 2107 3743 .
2141 3729 2154 3741 .
2189 3731 2201 3742 .
2248 3685 2336 3743 'l'u
2382 3704 2542 3744 nunc
2586 3685 2842 3760 quaeris,
2890 3684 2997 3760 qui

371 3772 539 3846 panis
573 3772 679 3830 fiat
709 3791 925 3848 corpus
957 3772 1196 3843 Christi,
1229 3790 1294 3831 ac
1324 3773 1535 3832 vinum
1568 3778 1631 3832 et
1663 3792 1818 3849 aqua
1850 3775 2093 3851 sanguis
2127 3773 2333 3833 illius?
2395 3774 2552 3852 Ergo
2585 3792 2722 3832 vero
2755 3773 2869 3832 tibi
2901 3792 2992 3831 re·

369 3878 541 3934 ponc,
575 3861 867 3936 Spiritum
903 3880 947 3923 s.
981 3863 1364 3938 supervenire
1397 3866 1458 3920 et
1489 3881 1557 3920 ea
1589 3862 1793 3934 facere,
1828 3882 1979 3939 quae
2013 3881 2341 3922 sermonem
2361 3865 2827 3939 conceptumque
2857 3880 2994 3938 pro-

365 3950 466 4007 cul
510 3954 926 4025 exsuperant.<it
996 3950 1223 4010 Similia
1267 3950 1446 4009 habet
1493 3952 1772 4011 Petrus
1819 3952 2044 4010 siculus
2088 3970 2257 4011 serm.
2293 3962 2327 4015 3
2364 3971 2411 4013 c.
2445 3952 2695 4011 manich.
2735 3947 2904 4032 (bibl.
2938 3969 2993 4007 n.

367 4038 480 4099 ΡΡ.
512 4039 602 4097 ed.
635 4039 779 4098 Mai
810 4043 855 4097 t.
888 4049 924 4102 4
957 4040 1032 4111 II,
1071 4036 1196 4122 78).

545 4164 821 4223 Altera
866 4166 1136 4243 analogia
1177 4165 1873 4225 transsubstantiationis
1905 4165 2120 4244 dogma
2164 4166 2469 4243 ingeniose
2503 4165 2769 4223 illustrat
2814 4164 2992 4222 Gre-

370 4251 642 4329 gorius
673 4272 836 4329 nyss.
873 4273 955 4318 or.
987 4261 1095 4317 cat.
1128 4273 1176 4317 c.
1200 4264 1313 4317 37:
1349 4254 1558 4323 ,Unde
1591 4255 1656 4313 in
1689 4254 1796 4314 illo
1828 4273 2075 4330 corpore
2108 4257 2544 4313 transmutatus
2575 4253 2746 4329 panis
2778 4253 2995 4312 transit

370 4340 436 4397 in
466 4339 731 4400 divinam
767 4343 1068 4414 virtutem,
1114 4363 1222 4420 per
1259 4343 1415 4402 idem
1448 4343 1519 4400 fit
1548 4361 1709 4402 nunc
1740 4344 2040 4403 similiter.
2103 4345 2252 4403 Nam
2300 4348 2363 4402 et
2405 4343 2532 4403 illic
2576 4343 2757 4402 Verbi
2805 4342 2997 4421 gratia

370 4433 644 4489 sanctum
677 4431 816 4490 fecit
846 4450 1079 4509 corpus,
1130 4433 1223 4491 cui
1268 4451 1336 4491 ex
1368 4451 1520 4508 pane
1552 4436 1681 4492 erat
1711 4433 2054 4492 substantia
2083 4437 2146 4492 et
2174 4431 2607 4508 quodammodo
2639 4433 2836 4508 ipsum
2867 4449 2995 4490 cor·

369 4536 485 4594 pus
517 4522 650 4577 erat
681 4521 883 4595 panis:
930 4525 992 4580 et
1036 4521 1131 4579 hic
1177 4521 1454 4580 similiter
1483 4522 1677 4599 panis,
1713 4522 1869 4581 sicut
1897 4521 2046 4581 dicit
2075 4521 2418 4598 Apostolus,
2453 4521 2861 4582 sanctificatur
2892 4538 2997 4595 per

370 4607 621 4666 verbum
652 4608 759 4667 Dei
793 4611 854 4668 et
884 4610 1210 4669 orationem
1242 4628 1360 4669 non
1392 4629 1462 4669 eo
1494 4611 1754 4687 quidem,
1807 4614 1879 4669 ut
1922 4629 2031 4670 esu
2076 4616 2137 4670 et
2180 4614 2329 4687 potu
2374 4613 2637 4670 transeat
2678 4609 2739 4668 in
2782 4626 2993 4685 corpus

369 4695 569 4768 Verbi,
618 4697 723 4756 sed
769 4703 839 4757 ut
884 4700 1089 4758 statim
1133 4718 1240 4776 per
1283 4700 1532 4758 verbum
1579 4700 1641 4757 in
1690 4718 1904 4776 corpus
1937 4703 2393 4770 transmutetur,
2426 4700 2583 4759 sicut
2613 4698 2840 4757 dictum
2871 4700 2992 4756 est:

375 4783 502 4844 Hoc
533 4794 613 4844 est
642 4805 852 4863 corpus
883 4798 1126 4851 meum.‘
