<?xml version="1.0" encoding="UTF-8"?>
<!DOCTYPE html PUBLIC "-//W3C//DTD XHTML 1.0 Transitional//EN"
    "http://www.w3.org/TR/xhtml1/DTD/xhtml1-transitional.dtd">
<html xmlns="http://www.w3.org/1999/xhtml" xml:lang="en" lang="en">
 <head>
  <title>
</title>
<meta http-equiv="Content-Type" content="text/html;charset=utf-8" />
  <meta name='ocr-system' content='tesseract 3.04.00' />
  <meta name='ocr-capabilities' content='ocr_page ocr_carea ocr_par ocr_line ocrx_word'/>
</head>
<body>
  <div class='ocr_page' id='page_1' title='image "./theologiaedogma00hurtgoog_0381.png"; bbox 0 0 3538 5364; ppageno 0'>
   <div class='ocr_carea' id='block_1_1' title="bbox 1212 274 2922 347">
    <p class='ocr_par' dir='ltr' id='par_1_1' title="bbox 1212 274 2922 347">
     <span class='ocr_line' id='line_1_1' title="bbox 1212 274 2922 347; baseline 0.004 -16"><span class='ocrx_word' id='word_1_1' title='bbox 1212 275 1291 330; x_wconf 89' lang='lat' dir='ltr'>De</span> <span class='ocrx_word' id='word_1_2' title='bbox 1318 275 1698 331; x_wconf 77' lang='lat' dir='ltr'><strong>eucharistiae</strong></span> <span class='ocrx_word' id='word_1_3' title='bbox 1725 274 2040 331; x_wconf 82' lang='lat' dir='ltr'>effectibus.</span> <span class='ocrx_word' id='word_1_4' title='bbox 2797 283 2922 347; x_wconf 81' lang='lat'>369</span> 
     </span>
    </p>
   </div>
   <div class='ocr_carea' id='block_1_2' title="bbox 308 456 2923 1073">
    <p class='ocr_par' dir='ltr' id='par_1_2' title="bbox 308 456 2923 1073">
     <span class='ocr_line' id='line_1_2' title="bbox 309 456 2920 540; baseline -0.003 -14"><span class='ocrx_word' id='word_1_5' title='bbox 309 460 631 526; x_wconf 84' lang='lat' dir='ltr'>servando</span> <span class='ocrx_word' id='word_1_6' title='bbox 665 476 704 521; x_wconf 89' lang='lat' dir='ltr'>a</span> <span class='ocrx_word' id='word_1_7' title='bbox 736 458 1019 540; x_wconf 89' lang='lat' dir='ltr'>peccatis</span> <span class='ocrx_word' id='word_1_8' title='bbox 1049 457 1445 534; x_wconf 85' lang='lat' dir='ltr'>mortalibus,</span> <span class='ocrx_word' id='word_1_9' title='bbox 1479 459 1789 523; x_wconf 87' lang='lat' dir='ltr'>adversus</span> <span class='ocrx_word' id='word_1_10' title='bbox 1823 475 1989 540; x_wconf 92' lang='lat' dir='ltr'>quae</span> <span class='ocrx_word' id='word_1_11' title='bbox 2024 456 2379 520; x_wconf 88' lang='lat' dir='ltr'>secundum</span> <span class='ocrx_word' id='word_1_12' title='bbox 2416 457 2755 520; x_wconf 89' lang='lat' dir='ltr'>concilium</span> <span class='ocrx_word' id='word_1_13' title='bbox 2778 456 2920 522; x_wconf 92' lang='lat' dir='ltr'>trid.</span> 
     </span>
     <span class='ocr_line' id='line_1_3' title="bbox 308 563 2921 647; baseline -0.003 -16"><span class='ocrx_word' id='word_1_14' title='bbox 308 587 467 633; x_wconf 90' lang='lat' dir='ltr'>sess.</span> <span class='ocrx_word' id='word_1_15' title='bbox 492 571 569 636; x_wconf 83' lang='lat'>13</span> <span class='ocrx_word' id='word_1_16' title='bbox 584 584 721 647; x_wconf 89' lang='lat' dir='ltr'>cap.</span> <span class='ocrx_word' id='word_1_17' title='bbox 739 570 779 634; x_wconf 82' lang='lat'><strong>2</strong></span> <span class='ocrx_word' id='word_1_18' title='bbox 810 565 1022 630; x_wconf 84' lang='lat' dir='ltr'>antid</span> <span class='ocrx_word' id='word_1_19' title='bbox 1034 572 1244 629; x_wconf 89' lang='lat' dir='ltr'>otum</span> <span class='ocrx_word' id='word_1_20' title='bbox 1266 571 1378 629; x_wconf 89' lang='lat' dir='ltr'>est.</span> <span class='ocrx_word' id='word_1_21' title='bbox 1400 564 1785 630; x_wconf 75' lang='lat' dir='ltr'>praeservat</span> <span class='ocrx_word' id='word_1_22' title='bbox 1805 583 1959 629; x_wconf 88' lang='lat' dir='ltr'>vero</span> <span class='ocrx_word' id='word_1_23' title='bbox 1979 584 2046 632; x_wconf 85' lang='lat' dir='ltr'>a.</span> <span class='ocrx_word' id='word_1_24' title='bbox 2071 563 2365 643; x_wconf 91' lang='lat' dir='ltr'>augendo</span> <span class='ocrx_word' id='word_1_25' title='bbox 2380 563 2653 643; x_wconf 80' lang='lat' dir='ltr'><strong>gratiam</strong></span> <span class='ocrx_word' id='word_1_26' title='bbox 2669 570 2921 644; x_wconf 90' lang='lat' dir='ltr'>gratum</span> 
     </span>
     <span class='ocr_line' id='line_1_4' title="bbox 310 670 2919 754; baseline -0.002 -16"><span class='ocrx_word' id='word_1_27' title='bbox 310 674 651 739; x_wconf 82' lang='lat' dir='ltr'>facientem</span> <span class='ocrx_word' id='word_1_28' title='bbox 672 672 1149 754; x_wconf 85' lang='lat' dir='ltr'>gratiarumque</span> <span class='ocrx_word' id='word_1_29' title='bbox 1172 671 1428 749; x_wconf 82' lang='lat' dir='ltr'>auxilia,</span> <span class='ocrx_word' id='word_1_30' title='bbox 1461 672 1733 754; x_wconf 91' lang='lat' dir='ltr'>ideoque</span> <span class='ocrx_word' id='word_1_31' title='bbox 1764 692 1797 735; x_wconf 92' lang='lat' dir='ltr'>r</span> <span class='ocrx_word' id='word_1_32' title='bbox 1813 690 1851 735; x_wconf 95' lang='lat' dir='ltr'>o</span> <span class='ocrx_word' id='word_1_33' title='bbox 1870 672 1910 734; x_wconf 90' lang='lat' dir='ltr'>b</span> <span class='ocrx_word' id='word_1_34' title='bbox 1927 689 1966 735; x_wconf 95' lang='lat' dir='ltr'>o</span> <span class='ocrx_word' id='word_1_35' title='bbox 1983 690 2015 735; x_wconf 92' lang='lat' dir='ltr'>r</span> <span class='ocrx_word' id='word_1_36' title='bbox 2029 688 2069 734; x_wconf 91' lang='lat' dir='ltr'>a</span> <span class='ocrx_word' id='word_1_37' title='bbox 2085 691 2128 734; x_wconf 92' lang='lat' dir='ltr'>n</span> <span class='ocrx_word' id='word_1_38' title='bbox 2145 670 2186 733; x_wconf 89' lang='lat' dir='ltr'>d</span> <span class='ocrx_word' id='word_1_39' title='bbox 2202 688 2240 733; x_wconf 95' lang='lat' dir='ltr'>o</span> <span class='ocrx_word' id='word_1_40' title='bbox 2259 694 2273 747; x_wconf 89' lang='grc'>;</span> <span class='ocrx_word' id='word_1_41' title='bbox 2308 672 2378 739; x_wconf 87' lang='lat' dir='ltr'>b.</span> <span class='ocrx_word' id='word_1_42' title='bbox 2411 671 2489 734; x_wconf 90' lang='lat' dir='ltr'>in</span> <span class='ocrx_word' id='word_1_43' title='bbox 2505 670 2532 734; x_wconf 87' lang='lat' dir='ltr'>f</span> <span class='ocrx_word' id='word_1_44' title='bbox 2542 692 2583 735; x_wconf 91' lang='lat' dir='ltr'>u</span> <span class='ocrx_word' id='word_1_45' title='bbox 2598 690 2642 735; x_wconf 89' lang='lat' dir='ltr'>n</span> <span class='ocrx_word' id='word_1_46' title='bbox 2657 671 2698 734; x_wconf 92' lang='lat' dir='ltr'>d</span> <span class='ocrx_word' id='word_1_47' title='bbox 2714 690 2749 736; x_wconf 93' lang='lat' dir='ltr'>e</span> <span class='ocrx_word' id='word_1_48' title='bbox 2765 690 2807 734; x_wconf 93' lang='lat' dir='ltr'>n</span> <span class='ocrx_word' id='word_1_49' title='bbox 2824 670 2865 733; x_wconf 90' lang='lat' dir='ltr'>d</span> <span class='ocrx_word' id='word_1_50' title='bbox 2881 690 2919 734; x_wconf 94' lang='lat' dir='ltr'>o</span> 
     </span>
     <span class='ocr_line' id='line_1_5' title="bbox 310 777 2922 860; baseline -0.002 -15"><span class='ocrx_word' id='word_1_51' title='bbox 310 779 800 846; x_wconf 83' lang='lat' dir='ltr'>delectationem</span> <span class='ocrx_word' id='word_1_52' title='bbox 812 779 1224 859; x_wconf 88' lang='lat' dir='ltr'>spiritualem,</span> <span class='ocrx_word' id='word_1_53' title='bbox 1245 778 1414 843; x_wconf 90' lang='lat' dir='ltr'>unde</span> <span class='ocrx_word' id='word_1_54' title='bbox 1433 778 1804 843; x_wconf 88' lang='lat' dir='ltr'>minuantur</span> <span class='ocrx_word' id='word_1_55' title='bbox 1822 777 2137 859; x_wconf 83' lang='lat' dir='ltr'>cupiditas</span> <span class='ocrx_word' id='word_1_56' title='bbox 2158 777 2438 842; x_wconf 89' lang='lat' dir='ltr'>carnalis</span> <span class='ocrx_word' id='word_1_57' title='bbox 2459 778 2922 860; x_wconf 89' lang='lat' dir='ltr'>concupiscen-</span> 
     </span>
     <span class='ocr_line' id='line_1_6' title="bbox 311 884 2923 970; baseline -0.001 -19"><span class='ocrx_word' id='word_1_58' title='bbox 311 888 566 970; x_wconf 90' lang='lat' dir='ltr'>tiaeque</span> <span class='ocrx_word' id='word_1_59' title='bbox 612 891 848 961; x_wconf 74' lang='lat' dir='ltr'>aestuS,</span> <span class='ocrx_word' id='word_1_60' title='bbox 894 892 959 950; x_wconf 91' lang='lat' dir='ltr'>et</span> <span class='ocrx_word' id='word_1_61' title='bbox 1004 906 1070 956; x_wconf 72' lang='lat' dir='ltr'>c.</span> <span class='ocrx_word' id='word_1_62' title='bbox 1118 884 1193 949; x_wconf 88' lang='lat' dir='ltr'>su</span> <span class='ocrx_word' id='word_1_63' title='bbox 1211 904 1249 965; x_wconf 93' lang='lat' dir='ltr'>g</span> <span class='ocrx_word' id='word_1_64' title='bbox 1264 903 1305 949; x_wconf 89' lang='lat' dir='ltr'>a</span> <span class='ocrx_word' id='word_1_65' title='bbox 1320 904 1362 947; x_wconf 91' lang='lat' dir='ltr'>n</span> <span class='ocrx_word' id='word_1_66' title='bbox 1377 885 1418 948; x_wconf 92' lang='lat' dir='ltr'>d</span> <span class='ocrx_word' id='word_1_67' title='bbox 1434 903 1473 948; x_wconf 97' lang='lat' dir='ltr'>o</span> <span class='ocrx_word' id='word_1_68' title='bbox 1520 885 1871 950; x_wconf 90' lang='lat' dir='ltr'>daemones</span> <span class='ocrx_word' id='word_1_69' title='bbox 1916 885 2303 969; x_wconf 88' lang='lat' dir='ltr'>specialique</span> <span class='ocrx_word' id='word_1_70' title='bbox 2355 886 2755 966; x_wconf 89' lang='lat' dir='ltr'>protectione</span> <span class='ocrx_word' id='word_1_71' title='bbox 2807 887 2923 949; x_wconf 89' lang='lat' dir='ltr'>ad-</span> 
     </span>
     <span class='ocr_line' id='line_1_7' title="bbox 318 991 1476 1073; baseline -0.003 -15"><span class='ocrx_word' id='word_1_72' title='bbox 318 993 543 1059; x_wconf 80' lang='lat' dir='ltr'>versus</span> <span class='ocrx_word' id='word_1_73' title='bbox 576 1011 690 1059; x_wconf 90' lang='lat' dir='ltr'>eos</span> <span class='ocrx_word' id='word_1_74' title='bbox 720 992 948 1073; x_wconf 89' lang='lat' dir='ltr'>dignos</span> <span class='ocrx_word' id='word_1_75' title='bbox 979 1011 1100 1056; x_wconf 90' lang='lat' dir='ltr'>nos</span> <span class='ocrx_word' id='word_1_76' title='bbox 1132 991 1476 1057; x_wconf 90' lang='lat' dir='ltr'>reddendo.</span> 
     </span>
    </p>
   </div>
   <div class='ocr_carea' id='block_1_3' title="bbox 309 1139 2930 3084">
    <p class='ocr_par' dir='ltr' id='par_1_3' title="bbox 309 1139 2930 3084">
     <span class='ocr_line' id='line_1_8' title="bbox 495 1139 2924 1215; baseline -0 -16"><span class='ocrx_word' id='word_1_77' title='bbox 495 1141 805 1211; x_wconf 86' lang='lat' dir='ltr'>,Christus</span> <span class='ocrx_word' id='word_1_78' title='bbox 837 1140 1013 1209; x_wconf 88' lang='lat' dir='ltr'>enim,</span> <span class='ocrx_word' id='word_1_79' title='bbox 1048 1139 1248 1215; x_wconf 88' lang='lat' dir='ltr'>inquit</span> <span class='ocrx_word' id='word_1_80' title='bbox 1279 1139 1628 1215; x_wconf 85' lang='lat' dir='ltr'>Cyrillus</span> <span class='ocrx_word' id='word_1_81' title='bbox 1661 1141 1810 1200; x_wconf 80' lang='lat' dir='ltr'>alex.</span> <span class='ocrx_word' id='word_1_82' title='bbox 1832 1140 1933 1210; x_wconf 88' lang='lat'>111,</span> <span class='ocrx_word' id='word_1_83' title='bbox 1971 1148 2005 1201; x_wconf 89' lang='lat'><strong>2</strong></span> <span class='ocrx_word' id='word_1_84' title='bbox 2040 1139 2105 1198; x_wconf 89' lang='lat' dir='ltr'>in</span> <span class='ocrx_word' id='word_1_85' title='bbox 2123 1140 2294 1199; x_wconf 86' lang='lat' dir='ltr'>Joan.</span> <span class='ocrx_word' id='word_1_86' title='bbox 2322 1152 2376 1208; x_wconf 88' lang='grc'>6,</span> <span class='ocrx_word' id='word_1_87' title='bbox 2404 1150 2503 1211; x_wconf 84' lang='grc'>67,</span> <span class='ocrx_word' id='word_1_88' title='bbox 2538 1140 2827 1199; x_wconf 78' lang='lat' dir='ltr'>exsistens</span> <span class='ocrx_word' id='word_1_89' title='bbox 2861 1141 2924 1199; x_wconf 90' lang='lat' dir='ltr'>in</span> 
     </span>
     <span class='ocr_line' id='line_1_9' title="bbox 309 1228 2926 1306; baseline -0 -17"><span class='ocrx_word' id='word_1_90' title='bbox 309 1231 502 1300; x_wconf 88' lang='lat' dir='ltr'>nobis,</span> <span class='ocrx_word' id='word_1_91' title='bbox 537 1230 695 1306; x_wconf 89' lang='lat' dir='ltr'>sopit</span> <span class='ocrx_word' id='word_1_92' title='bbox 724 1229 1079 1288; x_wconf 83' lang='lat' dir='ltr'>saevientem</span> <span class='ocrx_word' id='word_1_93' title='bbox 1111 1229 1176 1286; x_wconf 89' lang='lat' dir='ltr'>in</span> <span class='ocrx_word' id='word_1_94' title='bbox 1205 1228 1429 1288; x_wconf 85' lang='lat' dir='ltr'>nostris</span> <span class='ocrx_word' id='word_1_95' title='bbox 1460 1229 1742 1288; x_wconf 89' lang='lat' dir='ltr'>membris</span> <span class='ocrx_word' id='word_1_96' title='bbox 1775 1229 1967 1287; x_wconf 89' lang='lat' dir='ltr'>carnis</span> <span class='ocrx_word' id='word_1_97' title='bbox 1999 1229 2207 1304; x_wconf 85' lang='lat' dir='ltr'>legem,</span> <span class='ocrx_word' id='word_1_98' title='bbox 2239 1231 2301 1288; x_wconf 89' lang='lat' dir='ltr'>et</span> <span class='ocrx_word' id='word_1_99' title='bbox 2331 1230 2616 1304; x_wconf 88' lang='lat' dir='ltr'>pietatem</span> <span class='ocrx_word' id='word_1_100' title='bbox 2648 1231 2711 1288; x_wconf 91' lang='lat' dir='ltr'>in</span> <span class='ocrx_word' id='word_1_101' title='bbox 2737 1231 2926 1288; x_wconf 90' lang='lat' dir='ltr'>Deum</span> 
     </span>
     <span class='ocr_line' id='line_1_10' title="bbox 312 1317 2926 1395; baseline -0.001 -16"><span class='ocrx_word' id='word_1_102' title='bbox 312 1319 652 1391; x_wconf 81' lang='lat' dir='ltr'>exsuscitat,</span> <span class='ocrx_word' id='word_1_103' title='bbox 684 1319 1165 1395; x_wconf 83' lang='lat' dir='ltr'>perturbationes</span> <span class='ocrx_word' id='word_1_104' title='bbox 1197 1317 1527 1389; x_wconf 85' lang='lat' dir='ltr'>mortificat,</span> <span class='ocrx_word' id='word_1_105' title='bbox 1560 1318 1794 1388; x_wconf 83' lang='lat' dir='ltr'>delicta,</span> <span class='ocrx_word' id='word_1_106' title='bbox 1835 1318 1900 1375; x_wconf 91' lang='lat' dir='ltr'>in</span> <span class='ocrx_word' id='word_1_107' title='bbox 1931 1318 2154 1393; x_wconf 86' lang='lat' dir='ltr'>quibus</span> <span class='ocrx_word' id='word_1_108' title='bbox 2186 1336 2411 1390; x_wconf 89' lang='lat' dir='ltr'>sumus,</span> <span class='ocrx_word' id='word_1_109' title='bbox 2458 1319 2632 1378; x_wconf 88' lang='lat' dir='ltr'>nobis</span> <span class='ocrx_word' id='word_1_110' title='bbox 2663 1337 2783 1377; x_wconf 90' lang='lat' dir='ltr'>non</span> <span class='ocrx_word' id='word_1_111' title='bbox 2815 1319 2926 1377; x_wconf 91' lang='lat' dir='ltr'>im-</span> 
     </span>
     <span class='ocr_line' id='line_1_11' title="bbox 311 1407 2926 1487; baseline -0.001 -18"><span class='ocrx_word' id='word_1_112' title='bbox 311 1414 553 1487; x_wconf 75' lang='lat' dir='ltr'>putans,</span> <span class='ocrx_word' id='word_1_113' title='bbox 588 1408 692 1467; x_wconf 90' lang='lat' dir='ltr'>sed</span> <span class='ocrx_word' id='word_1_114' title='bbox 722 1407 925 1484; x_wconf 83' lang='lat' dir='ltr'>potius</span> <span class='ocrx_word' id='word_1_115' title='bbox 956 1411 1028 1466; x_wconf 88' lang='lat' dir='ltr'>ut</span> <span class='ocrx_word' id='word_1_116' title='bbox 1056 1409 1330 1484; x_wconf 82' lang='lat' dir='ltr'>aegrotos</span> <span class='ocrx_word' id='word_1_117' title='bbox 1360 1424 1593 1466; x_wconf 88' lang='lat' dir='ltr'>sanans.</span> <span class='ocrx_word' id='word_1_118' title='bbox 1627 1407 2003 1467; x_wconf 79' lang='lat' dir='ltr'>confractum</span> <span class='ocrx_word' id='word_1_119' title='bbox 2035 1408 2194 1465; x_wconf 89' lang='lat' dir='ltr'>enim</span> <span class='ocrx_word' id='word_1_120' title='bbox 2225 1407 2449 1485; x_wconf 87' lang='lat' dir='ltr'>alligat,</span> <span class='ocrx_word' id='word_1_121' title='bbox 2482 1408 2665 1485; x_wconf 80' lang='lat' dir='ltr'>erigit</span> <span class='ocrx_word' id='word_1_122' title='bbox 2696 1408 2926 1483; x_wconf 88' lang='lat' dir='ltr'>lapsum</span> 
     </span>
     <span class='ocr_line' id='line_1_12' title="bbox 312 1495 2927 1574; baseline -0.001 -17"><span class='ocrx_word' id='word_1_123' title='bbox 312 1517 421 1558; x_wconf 86' lang='lat' dir='ltr'>ceu</span> <span class='ocrx_word' id='word_1_124' title='bbox 452 1501 651 1574; x_wconf 87' lang='lat' dir='ltr'>pastor</span> <span class='ocrx_word' id='word_1_125' title='bbox 682 1497 892 1567; x_wconf 88' lang='lat' dir='ltr'>bonus,</span> <span class='ocrx_word' id='word_1_126' title='bbox 925 1501 987 1554; x_wconf 89' lang='lat' dir='ltr'>et</span> <span class='ocrx_word' id='word_1_127' title='bbox 1018 1496 1122 1571; x_wconf 89' lang='lat' dir='ltr'>qui</span> <span class='ocrx_word' id='word_1_128' title='bbox 1151 1495 1406 1554; x_wconf 87' lang='lat' dir='ltr'>animam</span> <span class='ocrx_word' id='word_1_129' title='bbox 1440 1513 1607 1554; x_wconf 88' lang='lat' dir='ltr'>suam</span> <span class='ocrx_word' id='word_1_130' title='bbox 1639 1498 1810 1573; x_wconf 89' lang='lat' dir='ltr'>ponit</span> <span class='ocrx_word' id='word_1_131' title='bbox 1839 1514 1946 1573; x_wconf 90' lang='lat' dir='ltr'>pro</span> <span class='ocrx_word' id='word_1_132' title='bbox 1978 1496 2189 1555; x_wconf 76' lang='lat' dir='ltr'>ovibus</span> <span class='ocrx_word' id='word_1_133' title='bbox 2209 1496 2394 1555; x_wconf 76' lang='lat' dir='ltr'>suis.‘</span> <span class='ocrx_word' id='word_1_134' title='bbox 2440 1497 2521 1560; x_wconf 84' lang='lat' dir='ltr'>Cf.</span> <span class='ocrx_word' id='word_1_135' title='bbox 2541 1497 2605 1555; x_wconf 91' lang='lat' dir='ltr'>in</span> <span class='ocrx_word' id='word_1_136' title='bbox 2625 1498 2718 1556; x_wconf 74' lang='grc' dir='ltr'>ΡΒ.</span> <span class='ocrx_word' id='word_1_137' title='bbox 2745 1506 2844 1567; x_wconf 87' lang='grc'>22,</span> <span class='ocrx_word' id='word_1_138' title='bbox 2873 1508 2927 1560; x_wconf 85' lang='grc'>5.</span> 
     </span>
     <span class='ocr_line' id='line_1_13' title="bbox 310 1580 2918 1666; baseline -0.001 -20"><span class='ocrx_word' id='word_1_139' title='bbox 310 1621 400 1633; x_wconf 95' lang='grc'>-</span> <span class='ocrx_word' id='word_1_140' title='bbox 430 1586 720 1646; x_wconf 82' lang='lat' dir='ltr'>Firmicus</span> <span class='ocrx_word' id='word_1_141' title='bbox 764 1587 1161 1644; x_wconf 82' lang='lat' dir='ltr'>Maternus</span> <span class='ocrx_word' id='word_1_142' title='bbox 1208 1580 1293 1666; x_wconf 87' lang='lat' dir='ltr'>(fl.</span> <span class='ocrx_word' id='word_1_143' title='bbox 1339 1604 1385 1644; x_wconf 87' lang='lat' dir='ltr'>c.</span> <span class='ocrx_word' id='word_1_144' title='bbox 1432 1605 1481 1648; x_wconf 88' lang='lat' dir='ltr'>a.</span> <span class='ocrx_word' id='word_1_145' title='bbox 1531 1584 1682 1662; x_wconf 88' lang='lat'>340)</span> <span class='ocrx_word' id='word_1_146' title='bbox 1729 1585 1803 1643; x_wconf 90' lang='lat' dir='ltr'>de</span> <span class='ocrx_word' id='word_1_147' title='bbox 1847 1603 2043 1643; x_wconf 89' lang='lat' dir='ltr'>errore</span> <span class='ocrx_word' id='word_1_148' title='bbox 2087 1584 2464 1660; x_wconf 86' lang='lat' dir='ltr'>profanarum</span> <span class='ocrx_word' id='word_1_149' title='bbox 2510 1585 2680 1663; x_wconf 86' lang='lat' dir='ltr'>relig.</span> <span class='ocrx_word' id='word_1_150' title='bbox 2727 1604 2774 1645; x_wconf 91' lang='lat' dir='ltr'>c.</span> <span class='ocrx_word' id='word_1_151' title='bbox 2809 1594 2918 1648; x_wconf 86' lang='lat'>22:</span> 
     </span>
     <span class='ocr_line' id='line_1_14' title="bbox 312 1670 2926 1756; baseline -0.001 -21"><span class='ocrx_word' id='word_1_152' title='bbox 312 1676 608 1747; x_wconf 78' lang='lat' dir='ltr'>‚Scimus‚</span> <span class='ocrx_word' id='word_1_153' title='bbox 641 1675 862 1751; x_wconf 88' lang='lat' dir='ltr'>quibus</span> <span class='ocrx_word' id='word_1_154' title='bbox 893 1674 1169 1733; x_wconf 88' lang='lat' dir='ltr'>remediis</span> <span class='ocrx_word' id='word_1_155' title='bbox 1201 1674 1349 1733; x_wconf 87' lang='lat' dir='ltr'>artis</span> <span class='ocrx_word' id='word_1_156' title='bbox 1381 1677 1520 1733; x_wconf 86' lang='lat' dir='ltr'>tuae</span> <span class='ocrx_word' id='word_1_157' title='bbox 1552 1671 1612 1756; x_wconf 94' lang='lat' dir='ltr'>(o</span> <span class='ocrx_word' id='word_1_158' title='bbox 1645 1670 1902 1753; x_wconf 84' lang='lat' dir='ltr'>diabole)</span> <span class='ocrx_word' id='word_1_159' title='bbox 1934 1692 2164 1733; x_wconf 77' lang='lat' dir='ltr'>venena</span> <span class='ocrx_word' id='word_1_160' title='bbox 2181 1674 2514 1734; x_wconf 79' lang='lat' dir='ltr'>vincantur.</span> <span class='ocrx_word' id='word_1_161' title='bbox 2566 1675 2782 1733; x_wconf 84' lang='lat' dir='ltr'>Christi</span> <span class='ocrx_word' id='word_1_162' title='bbox 2814 1675 2926 1733; x_wconf 90' lang='lat' dir='ltr'>im-</span> 
     </span>
     <span class='ocr_line' id='line_1_15' title="bbox 315 1763 2925 1841; baseline -0.001 -17"><span class='ocrx_word' id='word_1_163' title='bbox 315 1765 623 1825; x_wconf 86' lang='lat' dir='ltr'>mortalem</span> <span class='ocrx_word' id='word_1_164' title='bbox 653 1764 1005 1841; x_wconf 85' lang='lat' dir='ltr'>sanguinem</span> <span class='ocrx_word' id='word_1_165' title='bbox 1035 1763 1315 1834; x_wconf 86' lang='lat' dir='ltr'>bibimus,</span> <span class='ocrx_word' id='word_1_166' title='bbox 1362 1768 1563 1823; x_wconf 89' lang='lat' dir='ltr'>nostro</span> <span class='ocrx_word' id='word_1_167' title='bbox 1609 1764 1890 1840; x_wconf 89' lang='lat' dir='ltr'>sanguini</span> <span class='ocrx_word' id='word_1_168' title='bbox 1931 1764 2176 1840; x_wconf 89' lang='lat' dir='ltr'>sanguis</span> <span class='ocrx_word' id='word_1_169' title='bbox 2208 1764 2423 1823; x_wconf 88' lang='lat' dir='ltr'>Christi</span> <span class='ocrx_word' id='word_1_170' title='bbox 2457 1765 2776 1841; x_wconf 87' lang='lat' dir='ltr'>adjunctus</span> <span class='ocrx_word' id='word_1_171' title='bbox 2820 1769 2925 1824; x_wconf 90' lang='lat' dir='ltr'>est.</span> 
     </span>
     <span class='ocr_line' id='line_1_16' title="bbox 318 1852 2929 1930; baseline -0.001 -16"><span class='ocrx_word' id='word_1_172' title='bbox 318 1855 442 1914; x_wconf 78' lang='lat' dir='ltr'>Hoc</span> <span class='ocrx_word' id='word_1_173' title='bbox 486 1858 579 1913; x_wconf 89' lang='lat' dir='ltr'>est</span> <span class='ocrx_word' id='word_1_174' title='bbox 625 1855 885 1912; x_wconf 86' lang='lat' dir='ltr'>salutare</span> <span class='ocrx_word' id='word_1_175' title='bbox 916 1852 1245 1911; x_wconf 89' lang='lat' dir='ltr'>remedium</span> <span class='ocrx_word' id='word_1_176' title='bbox 1277 1852 1563 1912; x_wconf 88' lang='lat' dir='ltr'>scelerum</span> <span class='ocrx_word' id='word_1_177' title='bbox 1595 1857 1857 1922; x_wconf 89' lang='lat' dir='ltr'>tuorum,</span> <span class='ocrx_word' id='word_1_178' title='bbox 1904 1853 2063 1928; x_wconf 91' lang='lat' dir='ltr'>quod</span> <span class='ocrx_word' id='word_1_179' title='bbox 2107 1872 2141 1910; x_wconf 88' lang='lat' dir='ltr'>a</span> <span class='ocrx_word' id='word_1_180' title='bbox 2184 1852 2291 1911; x_wconf 85' lang='lat' dir='ltr'>Dei</span> <span class='ocrx_word' id='word_1_181' title='bbox 2335 1854 2509 1930; x_wconf 89' lang='lat' dir='ltr'>plebe</span> <span class='ocrx_word' id='word_1_182' title='bbox 2556 1854 2929 1913; x_wconf 82' lang='lat' dir='ltr'>mortiferum</span> 
     </span>
     <span class='ocr_line' id='line_1_17' title="bbox 322 1942 2927 2020; baseline -0.001 -18"><span class='ocrx_word' id='word_1_183' title='bbox 322 1943 486 2002; x_wconf 77' lang='lat' dir='ltr'>virus</span> <span class='ocrx_word' id='word_1_184' title='bbox 507 1943 815 2002; x_wconf 56' lang='lat' dir='ltr'>excludit!</span> <span class='ocrx_word' id='word_1_185' title='bbox 850 1942 1557 2017; x_wconf 82' lang='lat' dir='ltr'>—Ohrysostomus</span> <span class='ocrx_word' id='word_1_186' title='bbox 1589 1942 2204 2005; x_wconf 86' lang='lat' dir='ltr'>hom.46inJoan.n.</span> <span class='ocrx_word' id='word_1_187' title='bbox 2229 1952 2284 2004; x_wconf 85' lang='lat'>3.</span> <span class='ocrx_word' id='word_1_188' title='bbox 2308 1943 2927 2020; x_wconf 85' lang='lat' dir='ltr'>4.—Cyprianus</span> 
     </span>
     <span class='ocr_line' id='line_1_18' title="bbox 313 2026 2924 2112; baseline -0.001 -20"><span class='ocrx_word' id='word_1_189' title='bbox 313 2052 408 2108; x_wconf 88' lang='lat' dir='ltr'>ep.</span> <span class='ocrx_word' id='word_1_190' title='bbox 444 2042 523 2095; x_wconf 82' lang='lat'>63</span> <span class='ocrx_word' id='word_1_191' title='bbox 559 2051 615 2092; x_wconf 92' lang='lat' dir='ltr'>n.</span> <span class='ocrx_word' id='word_1_192' title='bbox 656 2043 723 2094; x_wconf 93' lang='grc'>11</span> <span class='ocrx_word' id='word_1_193' title='bbox 767 2030 993 2111; x_wconf 86' lang='lat' dir='ltr'>(opusc.</span> <span class='ocrx_word' id='word_1_194' title='bbox 1025 2030 1175 2101; x_wconf 87' lang='lat' dir='ltr'>XXI,</span> <span class='ocrx_word' id='word_1_195' title='bbox 1213 2026 1366 2112; x_wconf 84' lang='lat'>207)</span> <span class='ocrx_word' id='word_1_196' title='bbox 1413 2033 1474 2089; x_wconf 88' lang='lat' dir='ltr'>et</span> <span class='ocrx_word' id='word_1_197' title='bbox 1516 2031 1972 2089; x_wconf 87' lang='lat' dir='ltr'>Ambrosius</span> <span class='ocrx_word' id='word_1_198' title='bbox 2016 2049 2190 2090; x_wconf 89' lang='lat' dir='ltr'>serm.</span> <span class='ocrx_word' id='word_1_199' title='bbox 2239 2041 2274 2095; x_wconf 86' lang='lat'>8</span> <span class='ocrx_word' id='word_1_200' title='bbox 2324 2033 2386 2092; x_wconf 89' lang='lat' dir='ltr'>in</span> <span class='ocrx_word' id='word_1_201' title='bbox 2429 2032 2522 2090; x_wconf 83' lang='lat' dir='ltr'>Ps.</span> <span class='ocrx_word' id='word_1_202' title='bbox 2566 2041 2682 2096; x_wconf 88' lang='lat'>118</span> <span class='ocrx_word' id='word_1_203' title='bbox 2717 2051 2776 2093; x_wconf 88' lang='lat' dir='ltr'>n.</span> <span class='ocrx_word' id='word_1_204' title='bbox 2811 2041 2924 2095; x_wconf 88' lang='lat'>48:</span> 
     </span>
     <span class='ocr_line' id='line_1_19' title="bbox 321 2119 2928 2197; baseline 0 -18"><span class='ocrx_word' id='word_1_205' title='bbox 321 2121 607 2197; x_wconf 82' lang='lat' dir='ltr'>‚Suscipe</span> <span class='ocrx_word' id='word_1_206' title='bbox 652 2125 790 2179; x_wconf 89' lang='lat' dir='ltr'>ante</span> <span class='ocrx_word' id='word_1_207' title='bbox 834 2120 1152 2179; x_wconf 88' lang='lat' dir='ltr'>Dominum</span> <span class='ocrx_word' id='word_1_208' title='bbox 1183 2119 1392 2178; x_wconf 84' lang='lat' dir='ltr'>Jesum</span> <span class='ocrx_word' id='word_1_209' title='bbox 1437 2125 1576 2178; x_wconf 83' lang='lat' dir='ltr'>tuae</span> <span class='ocrx_word' id='word_1_210' title='bbox 1621 2120 1841 2178; x_wconf 82' lang='lat' dir='ltr'>mentis</span> <span class='ocrx_word' id='word_1_211' title='bbox 1884 2120 2174 2196; x_wconf 88' lang='lat' dir='ltr'>hospitio:</span> <span class='ocrx_word' id='word_1_212' title='bbox 2225 2120 2331 2179; x_wconf 91' lang='lat' dir='ltr'>ubi</span> <span class='ocrx_word' id='word_1_213' title='bbox 2381 2139 2592 2197; x_wconf 86' lang='lat' dir='ltr'>corpus</span> <span class='ocrx_word' id='word_1_214' title='bbox 2641 2122 2789 2195; x_wconf 88' lang='lat' dir='ltr'>ejus,</span> <span class='ocrx_word' id='word_1_215' title='bbox 2842 2121 2928 2179; x_wconf 88' lang='lat' dir='ltr'>ibi</span> 
     </span>
     <span class='ocr_line' id='line_1_20' title="bbox 316 2208 2929 2286; baseline -0.001 -17"><span class='ocrx_word' id='word_1_216' title='bbox 316 2210 589 2269; x_wconf 88' lang='lat' dir='ltr'>Christus</span> <span class='ocrx_word' id='word_1_217' title='bbox 633 2213 742 2268; x_wconf 91' lang='lat' dir='ltr'>est.</span> <span class='ocrx_word' id='word_1_218' title='bbox 820 2210 965 2268; x_wconf 86' lang='lat' dir='ltr'>Cum</span> <span class='ocrx_word' id='word_1_219' title='bbox 1010 2208 1335 2286; x_wconf 84' lang='lat' dir='ltr'>hospitium</span> <span class='ocrx_word' id='word_1_220' title='bbox 1376 2214 1553 2268; x_wconf 91' lang='lat' dir='ltr'>tuum</span> <span class='ocrx_word' id='word_1_221' title='bbox 1597 2208 1969 2267; x_wconf 84' lang='lat' dir='ltr'>adversarius</span> <span class='ocrx_word' id='word_1_222' title='bbox 2014 2208 2236 2268; x_wconf 81' lang='lat' dir='ltr'>viderit</span> <span class='ocrx_word' id='word_1_223' title='bbox 2280 2212 2634 2285; x_wconf 88' lang='lat' dir='ltr'>occupatum</span> <span class='ocrx_word' id='word_1_224' title='bbox 2665 2210 2929 2268; x_wconf 86' lang='lat' dir='ltr'>coelestis</span> 
     </span>
     <span class='ocr_line' id='line_1_21' title="bbox 319 2297 2930 2377; baseline -0 -19"><span class='ocrx_word' id='word_1_225' title='bbox 319 2300 549 2377; x_wconf 77' lang='lat' dir='ltr'>fulgore</span> <span class='ocrx_word' id='word_1_226' title='bbox 592 2298 976 2375; x_wconf 85' lang='lat' dir='ltr'>praesentiae,</span> <span class='ocrx_word' id='word_1_227' title='bbox 1022 2297 1366 2375; x_wconf 87' lang='lat' dir='ltr'>intelligens</span> <span class='ocrx_word' id='word_1_228' title='bbox 1411 2298 1602 2356; x_wconf 91' lang='lat' dir='ltr'>locum</span> <span class='ocrx_word' id='word_1_229' title='bbox 1633 2298 2018 2357; x_wconf 85' lang='lat' dir='ltr'>tentamentis</span> <span class='ocrx_word' id='word_1_230' title='bbox 2063 2297 2190 2356; x_wconf 88' lang='lat' dir='ltr'>suis</span> <span class='ocrx_word' id='word_1_231' title='bbox 2236 2298 2629 2357; x_wconf 85' lang='lat' dir='ltr'>interclusum</span> <span class='ocrx_word' id='word_1_232' title='bbox 2663 2317 2792 2357; x_wconf 88' lang='lat' dir='ltr'>esse</span> <span class='ocrx_word' id='word_1_233' title='bbox 2823 2318 2930 2373; x_wconf 87' lang='lat' dir='ltr'>per</span> 
     </span>
     <span class='ocr_line' id='line_1_22' title="bbox 316 2386 2929 2464; baseline -0.001 -17"><span class='ocrx_word' id='word_1_234' title='bbox 316 2388 637 2458; x_wconf 85' lang='lat' dir='ltr'>Christum,</span> <span class='ocrx_word' id='word_1_235' title='bbox 682 2387 876 2464; x_wconf 84' lang='lat' dir='ltr'>fugiet</span> <span class='ocrx_word' id='word_1_236' title='bbox 904 2406 972 2446; x_wconf 88' lang='lat' dir='ltr'>ac</span> <span class='ocrx_word' id='word_1_237' title='bbox 999 2386 1249 2457; x_wconf 78' lang='lat' dir='ltr'>recedet,</span> <span class='ocrx_word' id='word_1_238' title='bbox 1296 2391 1358 2445; x_wconf 88' lang='lat' dir='ltr'>et</span> <span class='ocrx_word' id='word_1_239' title='bbox 1402 2390 1472 2445; x_wconf 89' lang='lat' dir='ltr'>tu</span> <span class='ocrx_word' id='word_1_240' title='bbox 1515 2386 1765 2445; x_wconf 90' lang='lat' dir='ltr'>mediam</span> <span class='ocrx_word' id='word_1_241' title='bbox 1799 2391 2033 2446; x_wconf 86' lang='lat' dir='ltr'>noctem</span> <span class='ocrx_word' id='word_1_242' title='bbox 2065 2387 2194 2445; x_wconf 89' lang='lat' dir='ltr'>sine</span> <span class='ocrx_word' id='word_1_243' title='bbox 2226 2387 2350 2446; x_wconf 88' lang='lat' dir='ltr'>ulla</span> <span class='ocrx_word' id='word_1_244' title='bbox 2380 2387 2702 2446; x_wconf 87' lang='lat' dir='ltr'>offensione</span> <span class='ocrx_word' id='word_1_245' title='bbox 2733 2391 2929 2445; x_wconf 89' lang='lat' dir='ltr'>trans-</span> 
     </span>
     <span class='ocr_line' id='line_1_23' title="bbox 315 2476 2928 2553; baseline -0.002 -16"><span class='ocrx_word' id='word_1_246' title='bbox 315 2478 491 2540; x_wconf 50' lang='lat' dir='ltr'>ibis}</span> <span class='ocrx_word' id='word_1_247' title='bbox 527 2476 636 2535; x_wconf 86' lang='lat' dir='ltr'>Hic</span> <span class='ocrx_word' id='word_1_248' title='bbox 655 2476 899 2536; x_wconf 87' lang='lat' dir='ltr'>effectus</span> <span class='ocrx_word' id='word_1_249' title='bbox 931 2476 1129 2553; x_wconf 86' lang='lat' dir='ltr'>typice</span> <span class='ocrx_word' id='word_1_250' title='bbox 1148 2477 1563 2553; x_wconf 79' lang='lat' dir='ltr'>praesignatus</span> <span class='ocrx_word' id='word_1_251' title='bbox 1596 2476 1713 2534; x_wconf 86' lang='lat' dir='ltr'>fuit</span> <span class='ocrx_word' id='word_1_252' title='bbox 1742 2476 2033 2553; x_wconf 88' lang='lat' dir='ltr'>sanguine</span> <span class='ocrx_word' id='word_1_253' title='bbox 2063 2476 2202 2552; x_wconf 86' lang='lat' dir='ltr'>agni</span> <span class='ocrx_word' id='word_1_254' title='bbox 2234 2476 2541 2552; x_wconf 86' lang='lat' dir='ltr'>paschalis,</span> <span class='ocrx_word' id='word_1_255' title='bbox 2576 2494 2696 2552; x_wconf 92' lang='lat' dir='ltr'>quo</span> <span class='ocrx_word' id='word_1_256' title='bbox 2729 2496 2928 2551; x_wconf 88' lang='lat' dir='ltr'>asper·</span> 
     </span>
     <span class='ocr_line' id='line_1_24' title="bbox 315 2565 2927 2644; baseline -0.001 -19"><span class='ocrx_word' id='word_1_257' title='bbox 315 2585 458 2644; x_wconf 89' lang='lat' dir='ltr'>gere</span> <span class='ocrx_word' id='word_1_258' title='bbox 488 2565 783 2625; x_wconf 88' lang='lat' dir='ltr'>debebant</span> <span class='ocrx_word' id='word_1_259' title='bbox 811 2565 1105 2624; x_wconf 83' lang='lat' dir='ltr'>israelitae</span> <span class='ocrx_word' id='word_1_260' title='bbox 1136 2569 1462 2641; x_wconf 89' lang='lat' dir='ltr'>utrumque</span> <span class='ocrx_word' id='word_1_261' title='bbox 1484 2566 1702 2640; x_wconf 87' lang='lat' dir='ltr'>januae</span> <span class='ocrx_word' id='word_1_262' title='bbox 1732 2569 1966 2640; x_wconf 89' lang='lat' dir='ltr'>postem</span> <span class='ocrx_word' id='word_1_263' title='bbox 2010 2569 2072 2623; x_wconf 91' lang='lat' dir='ltr'>et</span> <span class='ocrx_word' id='word_1_264' title='bbox 2098 2565 2585 2641; x_wconf 84' lang='lat' dir='ltr'>superliminaria,</span> <span class='ocrx_word' id='word_1_265' title='bbox 2633 2584 2752 2640; x_wconf 92' lang='lat' dir='ltr'>quo</span> <span class='ocrx_word' id='word_1_266' title='bbox 2799 2565 2927 2624; x_wconf 85' lang='lat' dir='ltr'>viso</span> 
     </span>
     <span class='ocr_line' id='line_1_25' title="bbox 316 2649 2928 2736; baseline 0.002 -22"><span class='ocrx_word' id='word_1_267' title='bbox 316 2655 569 2734; x_wconf 80' lang='lat' dir='ltr'>angelus</span> <span class='ocrx_word' id='word_1_268' title='bbox 600 2658 864 2714; x_wconf 76' lang='lat' dir='ltr'>vastator</span> <span class='ocrx_word' id='word_1_269' title='bbox 895 2655 1136 2714; x_wconf 90' lang='lat' dir='ltr'>illorum</span> <span class='ocrx_word' id='word_1_270' title='bbox 1163 2653 1392 2726; x_wconf 89' lang='lat' dir='ltr'>domus,</span> <span class='ocrx_word' id='word_1_271' title='bbox 1427 2654 1575 2731; x_wconf 89' lang='lat' dir='ltr'>quin</span> <span class='ocrx_word' id='word_1_272' title='bbox 1605 2672 1704 2713; x_wconf 87' lang='lat' dir='ltr'>eos</span> <span class='ocrx_word' id='word_1_273' title='bbox 1736 2654 2015 2725; x_wconf 85' lang='lat' dir='ltr'>laederet,</span> <span class='ocrx_word' id='word_1_274' title='bbox 2050 2653 2398 2730; x_wconf 87' lang='lat' dir='ltr'>pertransiit</span> <span class='ocrx_word' id='word_1_275' title='bbox 2420 2649 2548 2736; x_wconf 85' lang='lat' dir='ltr'><strong>(Ex.</strong></span> <span class='ocrx_word' id='word_1_276' title='bbox 2576 2664 2673 2727; x_wconf 87' lang='lat'>12,</span> <span class='ocrx_word' id='word_1_277' title='bbox 2700 2664 2779 2718; x_wconf 82' lang='lat'>23</span> <span class='ocrx_word' id='word_1_278' title='bbox 2805 2651 2928 2736; x_wconf 72' lang='lat' dir='ltr'>sa).</span> 
     </span>
     <span class='ocr_line' id='line_1_26' title="bbox 317 2744 2927 2820; baseline -0.001 -15"><span class='ocrx_word' id='word_1_279' title='bbox 317 2745 403 2807; x_wconf 84' lang='lat' dir='ltr'>cf.</span> <span class='ocrx_word' id='word_1_280' title='bbox 439 2764 486 2804; x_wconf 92' lang='lat' dir='ltr'>s.</span> <span class='ocrx_word' id='word_1_281' title='bbox 517 2745 833 2803; x_wconf 81' lang='lat' dir='ltr'>Thomas</span> <span class='ocrx_word' id='word_1_282' title='bbox 870 2755 905 2807; x_wconf 89' lang='lat'><strong>3</strong></span> <span class='ocrx_word' id='word_1_283' title='bbox 939 2764 995 2820; x_wconf 92' lang='lat' dir='ltr'>q.</span> <span class='ocrx_word' id='word_1_284' title='bbox 1031 2754 1110 2808; x_wconf 84' lang='lat'>79</span> <span class='ocrx_word' id='word_1_285' title='bbox 1146 2744 1250 2814; x_wconf 87' lang='lat' dir='ltr'>ab;</span> <span class='ocrx_word' id='word_1_286' title='bbox 1283 2745 1346 2802; x_wconf 87' lang='lat' dir='ltr'>P.</span> <span class='ocrx_word' id='word_1_287' title='bbox 1378 2744 1795 2803; x_wconf 88' lang='lat' dir='ltr'>Damianus</span> <span class='ocrx_word' id='word_1_288' title='bbox 1828 2763 1918 2820; x_wconf 85' lang='lat' dir='ltr'>ep.</span> <span class='ocrx_word' id='word_1_289' title='bbox 1959 2754 2025 2806; x_wconf 93' lang='grc'>11</span> <span class='ocrx_word' id='word_1_290' title='bbox 2069 2748 2131 2802; x_wconf 89' lang='lat' dir='ltr'>et</span> <span class='ocrx_word' id='word_1_291' title='bbox 2161 2763 2325 2820; x_wconf 90' lang='lat' dir='ltr'>opus.</span> <span class='ocrx_word' id='word_1_292' title='bbox 2361 2755 2509 2806; x_wconf 82' lang='lat'>470.</span> <span class='ocrx_word' id='word_1_293' title='bbox 2534 2754 2588 2806; x_wconf 88' lang='lat'>2.</span> <span class='ocrx_word' id='word_1_294' title='bbox 2637 2744 2718 2808; x_wconf 81' lang='lat' dir='ltr'>ef.</span> <span class='ocrx_word' id='word_1_295' title='bbox 2751 2745 2927 2803; x_wconf 90' lang='lat' dir='ltr'>Sua-</span> 
     </span>
     <span class='ocr_line' id='line_1_27' title="bbox 320 2832 2926 2910; baseline 0 -19"><span class='ocrx_word' id='word_1_296' title='bbox 320 2853 442 2892; x_wconf 86' lang='lat' dir='ltr'>rez</span> <span class='ocrx_word' id='word_1_297' title='bbox 485 2833 542 2895; x_wconf 90' lang='lat' dir='ltr'>d.</span> <span class='ocrx_word' id='word_1_298' title='bbox 589 2844 667 2897; x_wconf 88' lang='grc'>63</span> <span class='ocrx_word' id='word_1_299' title='bbox 702 2853 747 2896; x_wconf 93' lang='lat' dir='ltr'>s.</span> <span class='ocrx_word' id='word_1_300' title='bbox 781 2846 850 2903; x_wconf 83' lang='lat'>9;</span> <span class='ocrx_word' id='word_1_301' title='bbox 901 2843 981 2895; x_wconf 86' lang='lat'>64</span> <span class='ocrx_word' id='word_1_302' title='bbox 1017 2852 1061 2896; x_wconf 91' lang='lat' dir='ltr'>s.</span> <span class='ocrx_word' id='word_1_303' title='bbox 1104 2845 1155 2895; x_wconf 92' lang='lat' dir='ltr'>l.</span> <span class='ocrx_word' id='word_1_304' title='bbox 1216 2833 1518 2910; x_wconf 88' lang='lat' dir='ltr'>Applicari</span> <span class='ocrx_word' id='word_1_305' title='bbox 1565 2833 1702 2891; x_wconf 91' lang='lat' dir='ltr'>hinc</span> <span class='ocrx_word' id='word_1_306' title='bbox 1732 2832 2121 2891; x_wconf 85' lang='lat' dir='ltr'>eucharistiae</span> <span class='ocrx_word' id='word_1_307' title='bbox 2152 2837 2410 2908; x_wconf 86' lang='lat' dir='ltr'>possunt</span> <span class='ocrx_word' id='word_1_308' title='bbox 2439 2834 2620 2892; x_wconf 76' lang='lat' dir='ltr'>verba</span> <span class='ocrx_word' id='word_1_309' title='bbox 2650 2835 2726 2892; x_wconf 89' lang='lat' dir='ltr'>Is.</span> <span class='ocrx_word' id='word_1_310' title='bbox 2762 2844 2817 2904; x_wconf 88' lang='lat'>4,</span> <span class='ocrx_word' id='word_1_311' title='bbox 2855 2845 2926 2896; x_wconf 87' lang='lat'>6:</span> 
     </span>
     <span class='ocr_line' id='line_1_28' title="bbox 323 2923 2928 2997; baseline 0 -16"><span class='ocrx_word' id='word_1_312' title='bbox 323 2923 401 2981; x_wconf 76' lang='lat' dir='ltr'>Et</span> <span class='ocrx_word' id='word_1_313' title='bbox 432 2924 862 2982; x_wconf 75' lang='lat' dir='ltr'>tabernaculum</span> <span class='ocrx_word' id='word_1_314' title='bbox 892 2925 1002 2980; x_wconf 76' lang='lat' dir='ltr'>erit</span> <span class='ocrx_word' id='word_1_315' title='bbox 1032 2925 1094 2980; x_wconf 81' lang='lat' dir='ltr'>in</span> <span class='ocrx_word' id='word_1_316' title='bbox 1126 2923 1522 2981; x_wconf 82' lang='lat' dir='ltr'>umbraculum</span> <span class='ocrx_word' id='word_1_317' title='bbox 1553 2923 1669 2980; x_wconf 78' lang='lat' dir='ltr'>diei</span> <span class='ocrx_word' id='word_1_318' title='bbox 1698 2923 1772 2981; x_wconf 84' lang='lat' dir='ltr'>ab</span> <span class='ocrx_word' id='word_1_319' title='bbox 1803 2929 1980 2997; x_wconf 76' lang='lat' dir='ltr'>aestu,</span> <span class='ocrx_word' id='word_1_320' title='bbox 2029 2929 2080 2979; x_wconf 82' lang='lat' dir='ltr'>et</span> <span class='ocrx_word' id='word_1_321' title='bbox 2121 2924 2186 2980; x_wconf 83' lang='lat' dir='ltr'>in</span> <span class='ocrx_word' id='word_1_322' title='bbox 2217 2925 2579 2982; x_wconf 76' lang='lat' dir='ltr'>securitatem</span> <span class='ocrx_word' id='word_1_323' title='bbox 2611 2931 2661 2980; x_wconf 78' lang='lat' dir='ltr'>et</span> <span class='ocrx_word' id='word_1_324' title='bbox 2693 2923 2928 2981; x_wconf 83' lang='lat' dir='ltr'>abscon-</span> 
     </span>
     <span class='ocr_line' id='line_1_29' title="bbox 318 3012 1253 3084; baseline -0.002 -13"><span class='ocrx_word' id='word_1_325' title='bbox 318 3015 534 3071; x_wconf 73' lang='lat' dir='ltr'>sionem</span> <span class='ocrx_word' id='word_1_326' title='bbox 566 3031 604 3071; x_wconf 85' lang='lat' dir='ltr'>a</span> <span class='ocrx_word' id='word_1_327' title='bbox 634 3013 862 3070; x_wconf 80' lang='lat' dir='ltr'>turbine</span> <span class='ocrx_word' id='word_1_328' title='bbox 891 3019 942 3069; x_wconf 84' lang='lat' dir='ltr'>et</span> <span class='ocrx_word' id='word_1_329' title='bbox 972 3032 1009 3070; x_wconf 85' lang='lat' dir='ltr'>a</span> <span class='ocrx_word' id='word_1_330' title='bbox 1032 3012 1253 3084; x_wconf 82' lang='lat' dir='ltr'>pluvia.</span> 
     </span>
    </p>
   </div>
   <div class='ocr_carea' id='block_1_4' title="bbox 320 3148 2939 4616">
    <p class='ocr_par' dir='ltr' id='par_1_4' title="bbox 320 3148 2939 4616">
     <span class='ocr_line' id='line_1_30' title="bbox 499 3148 2931 3230; baseline -0.002 -15"><span class='ocrx_word' id='word_1_331' title='bbox 499 3151 563 3220; x_wconf 74' lang='lat'>2.</span> <span class='ocrx_word' id='word_1_332' title='bbox 595 3149 835 3215; x_wconf 90' lang='lat' dir='ltr'>Verum</span> <span class='ocrx_word' id='word_1_333' title='bbox 868 3168 1000 3212; x_wconf 90' lang='lat' dir='ltr'>non</span> <span class='ocrx_word' id='word_1_334' title='bbox 1031 3148 1237 3212; x_wconf 89' lang='lat' dir='ltr'>solum</span> <span class='ocrx_word' id='word_1_335' title='bbox 1270 3148 1693 3212; x_wconf 84' lang='lat' dir='ltr'>eucharistiae</span> <span class='ocrx_word' id='word_1_336' title='bbox 1728 3154 1832 3213; x_wconf 90' lang='lat' dir='ltr'>est</span> <span class='ocrx_word' id='word_1_337' title='bbox 1863 3165 2250 3212; x_wconf 85' lang='lat' dir='ltr'>conservare</span> <span class='ocrx_word' id='word_1_338' title='bbox 2282 3148 2481 3213; x_wconf 86' lang='lat' dir='ltr'>vitam</span> <span class='ocrx_word' id='word_1_339' title='bbox 2516 3149 2931 3230; x_wconf 88' lang='lat' dir='ltr'>spiritualem,</span> 
     </span>
     <span class='ocr_line' id='line_1_31' title="bbox 320 3254 2931 3337; baseline -0.001 -16"><span class='ocrx_word' id='word_1_340' title='bbox 320 3257 437 3321; x_wconf 91' lang='lat' dir='ltr'>sed</span> <span class='ocrx_word' id='word_1_341' title='bbox 470 3263 533 3321; x_wconf 94' lang='lat' dir='ltr'>et</span> <span class='ocrx_word' id='word_1_342' title='bbox 564 3257 735 3320; x_wconf 89' lang='lat' dir='ltr'>illam</span> <span class='ocrx_word' id='word_1_343' title='bbox 785 3274 1271 3337; x_wconf 87' lang='lat' dir='ltr'>promovere</span> <span class='ocrx_word' id='word_1_344' title='bbox 1320 3255 1582 3336; x_wconf 91' lang='lat' dir='ltr'>speciali</span> <span class='ocrx_word' id='word_1_345' title='bbox 1615 3255 1849 3319; x_wconf 90' lang='lat' dir='ltr'>unione</span> <span class='ocrx_word' id='word_1_346' title='bbox 1884 3273 2032 3319; x_wconf 90' lang='lat' dir='ltr'>cum</span> <span class='ocrx_word' id='word_1_347' title='bbox 2065 3254 2319 3318; x_wconf 88' lang='lat' dir='ltr'>Christo</span> <span class='ocrx_word' id='word_1_348' title='bbox 2353 3255 2706 3336; x_wconf 88' lang='lat' dir='ltr'>gratiarum</span> <span class='ocrx_word' id='word_1_349' title='bbox 2740 3255 2931 3330; x_wconf 85' lang='lat' dir='ltr'>sonte,</span> 
     </span>
     <span class='ocr_line' id='line_1_32' title="bbox 320 3361 2933 3444; baseline -0 -18"><span class='ocrx_word' id='word_1_350' title='bbox 320 3363 531 3444; x_wconf 88' lang='lat' dir='ltr'>capite</span> <span class='ocrx_word' id='word_1_351' title='bbox 562 3370 627 3428; x_wconf 94' lang='lat' dir='ltr'>et</span> <span class='ocrx_word' id='word_1_352' title='bbox 658 3364 801 3440; x_wconf 90' lang='lat' dir='ltr'>vite,</span> <span class='ocrx_word' id='word_1_353' title='bbox 833 3363 937 3426; x_wconf 88' lang='lat' dir='ltr'>cui</span> <span class='ocrx_word' id='word_1_354' title='bbox 967 3381 1082 3443; x_wconf 91' lang='lat' dir='ltr'>per</span> <span class='ocrx_word' id='word_1_355' title='bbox 1112 3362 1563 3426; x_wconf 89' lang='lat' dir='ltr'>eucharistiam</span> <span class='ocrx_word' id='word_1_356' title='bbox 1613 3380 1867 3442; x_wconf 89' lang='lat' dir='ltr'>semper</span> <span class='ocrx_word' id='word_1_357' title='bbox 1916 3362 2120 3441; x_wconf 90' lang='lat' dir='ltr'>magis</span> <span class='ocrx_word' id='word_1_358' title='bbox 2151 3362 2507 3438; x_wconf 87' lang='lat' dir='ltr'>inserimur,</span> <span class='ocrx_word' id='word_1_359' title='bbox 2540 3370 2612 3427; x_wconf 93' lang='lat' dir='ltr'>ut</span> <span class='ocrx_word' id='word_1_360' title='bbox 2642 3361 2790 3428; x_wconf 90' lang='lat' dir='ltr'>inde</span> <span class='ocrx_word' id='word_1_361' title='bbox 2821 3380 2933 3426; x_wconf 91' lang='lat' dir='ltr'>co-</span> 
     </span>
     <span class='ocr_line' id='line_1_33' title="bbox 321 3468 2933 3551; baseline 0 -19"><span class='ocrx_word' id='word_1_362' title='bbox 321 3470 567 3551; x_wconf 87' lang='lat' dir='ltr'>piosius</span> <span class='ocrx_word' id='word_1_363' title='bbox 591 3470 826 3550; x_wconf 91' lang='lat' dir='ltr'>jugiter</span> <span class='ocrx_word' id='word_1_364' title='bbox 856 3470 1075 3550; x_wconf 89' lang='lat' dir='ltr'>gratiis</span> <span class='ocrx_word' id='word_1_365' title='bbox 1106 3469 1441 3548; x_wconf 83' lang='lat' dir='ltr'>irrigemur</span> <span class='ocrx_word' id='word_1_366' title='bbox 1469 3469 1822 3533; x_wconf 90' lang='lat' dir='ltr'>secundum</span> <span class='ocrx_word' id='word_1_367' title='bbox 1855 3468 1992 3532; x_wconf 86' lang='lat' dir='ltr'>illa:</span> <span class='ocrx_word' id='word_1_368' title='bbox 2033 3468 2156 3545; x_wconf 79' lang='lat' dir='ltr'>Qui</span> <span class='ocrx_word' id='word_1_369' title='bbox 2185 3471 2526 3533; x_wconf 84' lang='lat' dir='ltr'>manducat</span> <span class='ocrx_word' id='word_1_370' title='bbox 2555 3490 2757 3533; x_wconf 86' lang='lat' dir='ltr'>meam</span> <span class='ocrx_word' id='word_1_371' title='bbox 2791 3492 2933 3533; x_wconf 82' lang='lat' dir='ltr'>car-</span> 
     </span>
     <span class='ocr_line' id='line_1_34' title="bbox 322 3575 2935 3658; baseline -0 -20"><span class='ocrx_word' id='word_1_372' title='bbox 322 3596 462 3638; x_wconf 86' lang='lat' dir='ltr'>nem</span> <span class='ocrx_word' id='word_1_373' title='bbox 493 3582 549 3638; x_wconf 79' lang='lat' dir='ltr'>et</span> <span class='ocrx_word' id='word_1_374' title='bbox 580 3576 727 3639; x_wconf 77' lang='lat' dir='ltr'>bibit</span> <span class='ocrx_word' id='word_1_375' title='bbox 758 3596 959 3640; x_wconf 84' lang='lat' dir='ltr'>meum</span> <span class='ocrx_word' id='word_1_376' title='bbox 992 3578 1379 3658; x_wconf 77' lang='lat' dir='ltr'>sanquinem,</span> <span class='ocrx_word' id='word_1_377' title='bbox 1411 3577 1481 3636; x_wconf 83' lang='lat' dir='ltr'>in</span> <span class='ocrx_word' id='word_1_378' title='bbox 1513 3597 1607 3639; x_wconf 89' lang='lat' dir='ltr'>me</span> <span class='ocrx_word' id='word_1_379' title='bbox 1635 3584 1845 3638; x_wconf 83' lang='lat' dir='ltr'>manet</span> <span class='ocrx_word' id='word_1_380' title='bbox 1875 3581 1931 3637; x_wconf 83' lang='lat' dir='ltr'>et</span> <span class='ocrx_word' id='word_1_381' title='bbox 1961 3595 2068 3657; x_wconf 75' lang='lat' dir='ltr'>eqo</span> <span class='ocrx_word' id='word_1_382' title='bbox 2099 3576 2168 3637; x_wconf 81' lang='lat' dir='ltr'>in</span> <span class='ocrx_word' id='word_1_383' title='bbox 2188 3575 2295 3639; x_wconf 85' lang='lat' dir='ltr'>illo</span> <span class='ocrx_word' id='word_1_384' title='bbox 2313 3576 2407 3641; x_wconf 86' lang='lat' dir='ltr'>JO.</span> <span class='ocrx_word' id='word_1_385' title='bbox 2429 3583 2488 3652; x_wconf 82' lang='lat'>6,</span> <span class='ocrx_word' id='word_1_386' title='bbox 2511 3581 2616 3643; x_wconf 81' lang='lat'>57.</span> <span class='ocrx_word' id='word_1_387' title='bbox 2648 3575 2726 3640; x_wconf 90' lang='lat' dir='ltr'>Vi</span> <span class='ocrx_word' id='word_1_388' title='bbox 2746 3575 2935 3656; x_wconf 87' lang='lat' dir='ltr'>hujus</span> 
     </span>
     <span class='ocr_line' id='line_1_35' title="bbox 323 3680 2934 3764; baseline -0 -18"><span class='ocrx_word' id='word_1_389' title='bbox 323 3682 615 3746; x_wconf 86' lang='lat' dir='ltr'>arctioris</span> <span class='ocrx_word' id='word_1_390' title='bbox 648 3682 900 3746; x_wconf 90' lang='lat' dir='ltr'>unionis</span> <span class='ocrx_word' id='word_1_391' title='bbox 932 3700 1185 3762; x_wconf 88' lang='lat' dir='ltr'>semper</span> <span class='ocrx_word' id='word_1_392' title='bbox 1216 3681 1418 3761; x_wconf 90' lang='lat' dir='ltr'>magis</span> <span class='ocrx_word' id='word_1_393' title='bbox 1450 3680 1861 3762; x_wconf 87' lang='lat' dir='ltr'>perficiuntur</span> <span class='ocrx_word' id='word_1_394' title='bbox 1909 3680 2300 3745; x_wconf 87' lang='lat' dir='ltr'>lineamenta</span> <span class='ocrx_word' id='word_1_395' title='bbox 2342 3680 2452 3744; x_wconf 90' lang='lat' dir='ltr'>illa</span> <span class='ocrx_word' id='word_1_396' title='bbox 2484 3680 2732 3758; x_wconf 90' lang='lat' dir='ltr'>Christi,</span> <span class='ocrx_word' id='word_1_397' title='bbox 2767 3701 2934 3764; x_wconf 85' lang='lat' dir='ltr'>quae</span> 
     </span>
     <span class='ocr_line' id='line_1_36' title="bbox 322 3786 2934 3874; baseline -0 -22"><span class='ocrx_word' id='word_1_398' title='bbox 322 3790 384 3852; x_wconf 85' lang='lat' dir='ltr'>vi</span> <span class='ocrx_word' id='word_1_399' title='bbox 415 3789 914 3870; x_wconf 85' lang='lat' dir='ltr'>regenerationis</span> <span class='ocrx_word' id='word_1_400' title='bbox 964 3788 1403 3851; x_wconf 87' lang='lat' dir='ltr'>contraximus</span> <span class='ocrx_word' id='word_1_401' title='bbox 1455 3786 1554 3873; x_wconf 90' lang='lat' dir='ltr'>(cf.</span> <span class='ocrx_word' id='word_1_402' title='bbox 1587 3807 1645 3850; x_wconf 91' lang='lat' dir='ltr'>n.</span> <span class='ocrx_word' id='word_1_403' title='bbox 1686 3790 1855 3874; x_wconf 81' lang='lat'>186),</span> <span class='ocrx_word' id='word_1_404' title='bbox 1907 3788 2259 3853; x_wconf 89' lang='lat' dir='ltr'>secundum</span> <span class='ocrx_word' id='word_1_405' title='bbox 2309 3788 2645 3869; x_wconf 87' lang='lat' dir='ltr'>praeclara</span> <span class='ocrx_word' id='word_1_406' title='bbox 2675 3788 2934 3868; x_wconf 90' lang='lat' dir='ltr'>Augu-</span> 
     </span>
     <span class='ocr_line' id='line_1_37' title="bbox 323 3894 2936 3974; baseline 0 -16"><span class='ocrx_word' id='word_1_407' title='bbox 323 3896 527 3960; x_wconf 90' lang='lat' dir='ltr'>stini</span> <span class='ocrx_word' id='word_1_408' title='bbox 556 3895 757 3961; x_wconf 90' lang='lat' dir='ltr'>verba</span> <span class='ocrx_word' id='word_1_409' title='bbox 775 3894 1059 3959; x_wconf 79' lang='lat' dir='ltr'>ConfeSS.</span> <span class='ocrx_word' id='word_1_410' title='bbox 1078 3895 1206 3969; x_wconf 82' lang='lat' dir='ltr'>VII,</span> <span class='ocrx_word' id='word_1_411' title='bbox 1234 3902 1344 3964; x_wconf 85' lang='lat'>10:</span> <span class='ocrx_word' id='word_1_412' title='bbox 1385 3894 1615 3969; x_wconf 88' lang='lat' dir='ltr'>,Cibus</span> <span class='ocrx_word' id='word_1_413' title='bbox 1648 3914 1792 3958; x_wconf 89' lang='lat' dir='ltr'>sum</span> <span class='ocrx_word' id='word_1_414' title='bbox 1824 3895 2175 3974; x_wconf 84' lang='lat' dir='ltr'>grandium,</span> <span class='ocrx_word' id='word_1_415' title='bbox 2196 3913 2414 3960; x_wconf 87' lang='lat' dir='ltr'>cresce</span> <span class='ocrx_word' id='word_1_416' title='bbox 2435 3902 2500 3958; x_wconf 94' lang='lat' dir='ltr'>et</span> <span class='ocrx_word' id='word_1_417' title='bbox 2515 3895 2936 3959; x_wconf 89' lang='lat' dir='ltr'>manducabis</span> 
     </span>
     <span class='ocr_line' id='line_1_38' title="bbox 323 4001 2937 4078; baseline -0.001 -11"><span class='ocrx_word' id='word_1_418' title='bbox 323 4021 460 4067; x_wconf 88' lang='lat' dir='ltr'>me:</span> <span class='ocrx_word' id='word_1_419' title='bbox 490 4020 612 4066; x_wconf 90' lang='lat' dir='ltr'>nec</span> <span class='ocrx_word' id='word_1_420' title='bbox 645 4009 714 4065; x_wconf 88' lang='lat' dir='ltr'>tu</span> <span class='ocrx_word' id='word_1_421' title='bbox 747 4019 850 4065; x_wconf 92' lang='lat' dir='ltr'>me</span> <span class='ocrx_word' id='word_1_422' title='bbox 882 4003 947 4065; x_wconf 91' lang='lat' dir='ltr'>in</span> <span class='ocrx_word' id='word_1_423' title='bbox 981 4008 1044 4065; x_wconf 91' lang='lat' dir='ltr'>te</span> <span class='ocrx_word' id='word_1_424' title='bbox 1077 4001 1376 4078; x_wconf 86' lang='lat' dir='ltr'>mutabis,</span> <span class='ocrx_word' id='word_1_425' title='bbox 1410 4003 1575 4065; x_wconf 89' lang='lat' dir='ltr'>sicut</span> <span class='ocrx_word' id='word_1_426' title='bbox 1606 4001 1788 4065; x_wconf 92' lang='lat' dir='ltr'>cibos</span> <span class='ocrx_word' id='word_1_427' title='bbox 1819 4001 2029 4065; x_wconf 88' lang='lat' dir='ltr'>carnis</span> <span class='ocrx_word' id='word_1_428' title='bbox 2064 4009 2233 4078; x_wconf 89' lang='lat' dir='ltr'>tuae,</span> <span class='ocrx_word' id='word_1_429' title='bbox 2266 4003 2380 4067; x_wconf 87' lang='lat' dir='ltr'>sed</span> <span class='ocrx_word' id='word_1_430' title='bbox 2411 4009 2480 4065; x_wconf 94' lang='lat' dir='ltr'>tu</span> <span class='ocrx_word' id='word_1_431' title='bbox 2500 4001 2850 4065; x_wconf 86' lang='lat' dir='ltr'>mutaberis</span> <span class='ocrx_word' id='word_1_432' title='bbox 2873 4003 2937 4065; x_wconf 90' lang='lat' dir='ltr'>in</span> 
     </span>
     <span class='ocr_line' id='line_1_39' title="bbox 324 4107 2939 4189; baseline -0 -17"><span class='ocrx_word' id='word_1_433' title='bbox 324 4121 491 4184; x_wconf 76' lang='lat' dir='ltr'>me3‘</span> <span class='ocrx_word' id='word_1_434' title='bbox 532 4114 596 4172; x_wconf 90' lang='lat' dir='ltr'>et</span> <span class='ocrx_word' id='word_1_435' title='bbox 625 4128 674 4173; x_wconf 81' lang='lat' dir='ltr'>s,</span> <span class='ocrx_word' id='word_1_436' title='bbox 706 4107 1006 4174; x_wconf 90' lang='lat' dir='ltr'>Leonis</span> <span class='ocrx_word' id='word_1_437' title='bbox 1050 4127 1241 4173; x_wconf 89' lang='lat' dir='ltr'>serm.</span> <span class='ocrx_word' id='word_1_438' title='bbox 1271 4113 1350 4176; x_wconf 78' lang='grc'>12</span> <span class='ocrx_word' id='word_1_439' title='bbox 1383 4108 1462 4170; x_wconf 91' lang='lat' dir='ltr'>de</span> <span class='ocrx_word' id='word_1_440' title='bbox 1496 4125 1662 4188; x_wconf 68' lang='lat' dir='ltr'>pass».</span> <span class='ocrx_word' id='word_1_441' title='bbox 1685 4107 1939 4171; x_wconf 89' lang='lat' dir='ltr'>Domini</span> <span class='ocrx_word' id='word_1_442' title='bbox 1969 4127 2020 4172; x_wconf 91' lang='lat' dir='ltr'>c.</span> <span class='ocrx_word' id='word_1_443' title='bbox 2059 4114 2094 4175; x_wconf 81' lang='lat'>7</span> <span class='ocrx_word' id='word_1_444' title='bbox 2114 4130 2129 4172; x_wconf 74' lang='grc' dir='ltr'><strong><em>ι</em></strong></span> <span class='ocrx_word' id='word_1_445' title='bbox 2185 4107 2366 4182; x_wconf 73' lang='lat' dir='ltr'>„Non</span> <span class='ocrx_word' id='word_1_446' title='bbox 2398 4109 2568 4173; x_wconf 91' lang='lat' dir='ltr'>enim</span> <span class='ocrx_word' id='word_1_447' title='bbox 2601 4107 2772 4171; x_wconf 89' lang='lat' dir='ltr'>aliud</span> <span class='ocrx_word' id='word_1_448' title='bbox 2809 4109 2939 4189; x_wconf 88' lang='lat' dir='ltr'>agit</span> 
     </span>
     <span class='ocr_line' id='line_1_40' title="bbox 323 4214 2938 4298; baseline 0 -20"><span class='ocrx_word' id='word_1_449' title='bbox 323 4214 728 4296; x_wconf 89' lang='lat' dir='ltr'>participatio</span> <span class='ocrx_word' id='word_1_450' title='bbox 763 4216 1052 4295; x_wconf 88' lang='lat' dir='ltr'>corporis</span> <span class='ocrx_word' id='word_1_451' title='bbox 1099 4223 1162 4279; x_wconf 91' lang='lat' dir='ltr'>et</span> <span class='ocrx_word' id='word_1_452' title='bbox 1206 4215 1532 4294; x_wconf 89' lang='lat' dir='ltr'>sanguinis</span> <span class='ocrx_word' id='word_1_453' title='bbox 1565 4214 1819 4290; x_wconf 89' lang='lat' dir='ltr'>Christi,</span> <span class='ocrx_word' id='word_1_454' title='bbox 1854 4234 2047 4296; x_wconf 89' lang='lat' dir='ltr'>quam</span> <span class='ocrx_word' id='word_1_455' title='bbox 2080 4222 2151 4278; x_wconf 90' lang='lat' dir='ltr'>ut</span> <span class='ocrx_word' id='word_1_456' title='bbox 2183 4217 2247 4279; x_wconf 90' lang='lat' dir='ltr'>in</span> <span class='ocrx_word' id='word_1_457' title='bbox 2279 4214 2360 4292; x_wconf 91' lang='lat' dir='ltr'>id,</span> <span class='ocrx_word' id='word_1_458' title='bbox 2403 4216 2572 4298; x_wconf 90' lang='lat' dir='ltr'>quod</span> <span class='ocrx_word' id='word_1_459' title='bbox 2607 4216 2938 4290; x_wconf 77' lang='lat' dir='ltr'>sumimuS,</span> 
     </span>
     <span class='ocr_line' id='line_1_41' title="bbox 326 4320 2937 4405; baseline 0 -21"><span class='ocrx_word' id='word_1_460' title='bbox 326 4326 783 4385; x_wconf 75' lang='lat' dir='ltr'>transeamus.‘</span> <span class='ocrx_word' id='word_1_461' title='bbox 849 4320 923 4385; x_wconf 88' lang='lat' dir='ltr'>Et</span> <span class='ocrx_word' id='word_1_462' title='bbox 954 4339 1112 4387; x_wconf 90' lang='lat' dir='ltr'>sane</span> <span class='ocrx_word' id='word_1_463' title='bbox 1143 4322 1195 4385; x_wconf 91' lang='lat' dir='ltr'>si</span> <span class='ocrx_word' id='word_1_464' title='bbox 1228 4321 1357 4385; x_wconf 92' lang='lat' dir='ltr'>duo</span> <span class='ocrx_word' id='word_1_465' title='bbox 1390 4322 1556 4385; x_wconf 91' lang='lat' dir='ltr'>inter</span> <span class='ocrx_word' id='word_1_466' title='bbox 1586 4341 1655 4387; x_wconf 89' lang='lat' dir='ltr'>se</span> <span class='ocrx_word' id='word_1_467' title='bbox 1686 4322 2008 4399; x_wconf 86' lang='lat' dir='ltr'>uniuntur,</span> <span class='ocrx_word' id='word_1_468' title='bbox 2042 4322 2105 4385; x_wconf 90' lang='lat' dir='ltr'>id</span> <span class='ocrx_word' id='word_1_469' title='bbox 2136 4323 2307 4405; x_wconf 91' lang='lat' dir='ltr'>quod</span> <span class='ocrx_word' id='word_1_470' title='bbox 2338 4324 2662 4404; x_wconf 89' lang='lat' dir='ltr'>potentius</span> <span class='ocrx_word' id='word_1_471' title='bbox 2696 4330 2809 4400; x_wconf 89' lang='lat' dir='ltr'>est,</span> <span class='ocrx_word' id='word_1_472' title='bbox 2843 4323 2937 4385; x_wconf 86' lang='lat' dir='ltr'>al·</span> 
     </span>
     <span class='ocr_line' id='line_1_42' title="bbox 326 4426 2938 4512; baseline 0.001 -22"><span class='ocrx_word' id='word_1_473' title='bbox 326 4432 533 4490; x_wconf 91' lang='lat' dir='ltr'>terum</span> <span class='ocrx_word' id='word_1_474' title='bbox 594 4426 718 4489; x_wconf 90' lang='lat' dir='ltr'>sibi</span> <span class='ocrx_word' id='word_1_475' title='bbox 778 4426 1033 4508; x_wconf 86' lang='lat' dir='ltr'>subjicit</span> <span class='ocrx_word' id='word_1_476' title='bbox 1103 4435 1294 4509; x_wconf 89' lang='lat' dir='ltr'>atque</span> <span class='ocrx_word' id='word_1_477' title='bbox 1357 4427 1684 4492; x_wconf 86' lang='lat' dir='ltr'>assimilat.</span> <span class='ocrx_word' id='word_1_478' title='bbox 1780 4426 1959 4491; x_wconf 93' lang='lat' dir='ltr'>Unde</span> <span class='ocrx_word' id='word_1_479' title='bbox 2022 4427 2335 4510; x_wconf 88' lang='lat' dir='ltr'>frequenti</span> <span class='ocrx_word' id='word_1_480' title='bbox 2390 4429 2708 4512; x_wconf 89' lang='lat' dir='ltr'>dignaque</span> <span class='ocrx_word' id='word_1_481' title='bbox 2757 4448 2938 4494; x_wconf 89' lang='lat' dir='ltr'>com-</span> 
     </span>
     <span class='ocr_line' id='line_1_43' title="bbox 325 4532 2939 4616; baseline 0.002 -21"><span class='ocrx_word' id='word_1_482' title='bbox 325 4533 631 4598; x_wconf 90' lang='lat' dir='ltr'>munione</span> <span class='ocrx_word' id='word_1_483' title='bbox 661 4532 816 4596; x_wconf 90' lang='lat' dir='ltr'>illud</span> <span class='ocrx_word' id='word_1_484' title='bbox 848 4534 1105 4615; x_wconf 89' lang='lat' dir='ltr'>assequi</span> <span class='ocrx_word' id='word_1_485' title='bbox 1134 4533 1367 4611; x_wconf 86' lang='lat' dir='ltr'>licebit,</span> <span class='ocrx_word' id='word_1_486' title='bbox 1402 4540 1472 4598; x_wconf 90' lang='lat' dir='ltr'>ut</span> <span class='ocrx_word' id='word_1_487' title='bbox 1502 4552 1649 4598; x_wconf 88' lang='lat' dir='ltr'>curn</span> <span class='ocrx_word' id='word_1_488' title='bbox 1680 4533 1974 4616; x_wconf 89' lang='lat' dir='ltr'>apostolo</span> <span class='ocrx_word' id='word_1_489' title='bbox 1997 4536 2208 4600; x_wconf 90' lang='lat' dir='ltr'>dicere</span> <span class='ocrx_word' id='word_1_490' title='bbox 2240 4536 2592 4616; x_wconf 86' lang='lat' dir='ltr'>possimus:</span> <span class='ocrx_word' id='word_1_491' title='bbox 2639 4537 2788 4602; x_wconf 75' lang='lat' dir='ltr'>Vivo</span> <span class='ocrx_word' id='word_1_492' title='bbox 2820 4559 2939 4601; x_wconf 77' lang='lat' dir='ltr'>au-</span> 
     </span>
    </p>
   </div>
   <div class='ocr_carea' id='block_1_5' title="bbox 323 4640 2939 4813">
    <p class='ocr_par' dir='ltr' id='par_1_5' title="bbox 323 4640 2939 4813">
     <span class='ocr_line' id='line_1_44' title="bbox 323 4640 2939 4728; baseline 0 -23"><span class='ocrx_word' id='word_1_493' title='bbox 323 4649 465 4722; x_wconf 82' lang='lat' dir='ltr'>tem,</span> <span class='ocrx_word' id='word_1_494' title='bbox 480 4640 625 4722; x_wconf 84' lang='lat' dir='ltr'>jam</span> <span class='ocrx_word' id='word_1_495' title='bbox 657 4660 783 4703; x_wconf 82' lang='lat' dir='ltr'>non</span> <span class='ocrx_word' id='word_1_496' title='bbox 813 4661 937 4725; x_wconf 75' lang='lat' dir='ltr'>e90,</span> <span class='ocrx_word' id='word_1_497' title='bbox 982 4642 1131 4704; x_wconf 77' lang='lat' dir='ltr'>vivit</span> <span class='ocrx_word' id='word_1_498' title='bbox 1176 4661 1314 4704; x_wconf 84' lang='lat' dir='ltr'>vero</span> <span class='ocrx_word' id='word_1_499' title='bbox 1367 4644 1431 4704; x_wconf 80' lang='lat' dir='ltr'>in</span> <span class='ocrx_word' id='word_1_500' title='bbox 1462 4662 1557 4705; x_wconf 85' lang='lat' dir='ltr'>me</span> <span class='ocrx_word' id='word_1_501' title='bbox 1591 4641 1876 4706; x_wconf 74' lang='lat' dir='ltr'>Christus</span> <span class='ocrx_word' id='word_1_502' title='bbox 1922 4641 2083 4728; x_wconf 88' lang='lat' dir='ltr'>(Gal.</span> <span class='ocrx_word' id='word_1_503' title='bbox 2118 4647 2176 4718; x_wconf 78' lang='lat'>2,</span> <span class='ocrx_word' id='word_1_504' title='bbox 2211 4645 2353 4728; x_wconf 77' lang='lat'>20):</span> <span class='ocrx_word' id='word_1_505' title='bbox 2402 4649 2596 4724; x_wconf 82' lang='lat' dir='ltr'>atque</span> <span class='ocrx_word' id='word_1_506' title='bbox 2645 4644 2791 4706; x_wconf 86' lang='lat' dir='ltr'>hinc</span> <span class='ocrx_word' id='word_1_507' title='bbox 2821 4645 2939 4707; x_wconf 88' lang='lat' dir='ltr'>ha·</span> 
     </span>
     <span class='ocr_line' id='line_1_45' title="bbox 540 4752 2586 4813; baseline 0 -13"><span class='ocrx_word' id='word_1_508' title='bbox 540 4754 813 4812; x_wconf 85' lang='lat' dir='ltr'>Hurter,</span> <span class='ocrx_word' id='word_1_509' title='bbox 853 4752 1102 4813; x_wconf 79' lang='lat' dir='ltr'>Compend-</span> <span class='ocrx_word' id='word_1_510' title='bbox 1141 4754 1407 4809; x_wconf 70' lang='lat' dir='ltr'>theolossiae</span> <span class='ocrx_word' id='word_1_511' title='bbox 1444 4754 1528 4800; x_wconf 85' lang='lat'>111.</span> <span class='ocrx_word' id='word_1_512' title='bbox 1573 4757 1651 4801; x_wconf 87' lang='lat'>11.</span> <span class='ocrx_word' id='word_1_513' title='bbox 1691 4755 1764 4800; x_wconf 88' lang='lat' dir='ltr'>ed.</span> <span class='ocrx_word' id='word_1_514' title='bbox 2517 4753 2586 4800; x_wconf 81' lang='lat'>24</span> 
     </span>
    </p>
   </div>
  </div>
 </body>
</html>
