3538 5364
517 272 650 338 236
1047 265 1232 319 Tract.
1263 265 1355 318 IX.
1381 265 1450 318 de
1478 263 1863 319 sacramentis,
1892 263 2092 319 'rhesis
2118 262 2274 318 CCX.
2300 262 2624 318 Existentia.

516 451 757 510 cisionis
787 454 945 521 nota,
979 454 1049 510 ut
1078 469 1319 526 pecora3
1354 450 1458 510 sed
1488 468 1597 510 nos
1628 452 1700 509 ut
1730 449 1841 508 filii
1873 449 2096 527 signati
2129 467 2338 509 sumus
2372 449 2602 526 Spiritu
2634 452 2897 510 sancto·
2958 452 3147 528 Epi-

517 541 852 617 phanius
885 541 1042 599 haer.
1080 550 1203 602 5·n.
1249 550 1343 603 16.

698 681 762 728 e.
798 659 1070 739 Quando
1103 658 1297 740 igitur
1326 665 1543 740 patres
1574 659 1862 740 priorum
1909 658 2101 723 trium
2146 659 2509 745 seculorum
2540 666 2950 743 sacramenta
2977 660 3147 726 haec

518 773 759 832 vocant
788 767 854 830 si
871 765 1072 848 gillu
1093 766 1238 852 m1),
1275 766 1674 847 signaculum
1707 766 1992 830 salutare
2024 772 2162 843 etc,
2212 784 2294 830 ea
2336 766 2707 831 testimonia
2737 765 2996 847 intelligi
3024 766 3147 831 de-

517 874 676 938 bent
705 872 1062 937 secundum
1095 872 1555 937 declarationis
1575 879 1835 955 patrum
1854 872 2099 937 sec.1V.
2118 879 2182 938 et
2202 872 2295 951 V.,
2329 892 2604 955 quorum
2624 873 2920 938 doctrina
2934 873 3146 937 mani-

521 978 681 1046 feste
713 987 812 1046 est
842 980 1245 1045 continuatio
1278 980 1611 1044 doctrinae
1643 980 1880 1045 aetatis
1898 980 2346 1061 praecedentis
2367 980 2629 1064 ejusque
2647 979 2931 1063 legitima
2944 980 3147 1044 inter-

519 1087 829 1168 pretatio:
859 1087 1010 1152 hinc
1042 1094 1107 1153 et
1137 1088 1258 1152 illis
1289 1087 1648 1151 insinuatur
1679 1087 2071 1151 characteris
2100 1087 2456 1169 impressio.

702 1217 849 1282 273.
882 1214 949 1280 4.
983 1212 1441 1295 Expendantur
1471 1219 1528 1282 2.
1563 1211 1703 1276 Cor.
1743 1217 1797 1289 1,
1832 1217 1950 1281 21:
2022 1211 2147 1291 Qui
2192 1218 2400 1276 autem
2442 1212 2772 1295 confirmat
2801 1231 2915 1276 nos
2944 1210 3147 1274 vobis-

518 1338 661 1383 cum
691 1320 762 1382 in
795 1318 1059 1404 Christo,
1092 1328 1147 1384 et
1177 1322 1284 1404 qui
1317 1321 1495 1383 unoeit
1514 1340 1628 1383 nos
1645 1320 1855 1383 Deus:
1887 1320 1995 1405 qui
2025 1326 2082 1383 et
2112 1321 2380 1401 siqnavit
2413 1321 2472 1405 (ὁ
2503 1326 2608 1387 καὶ
2637 1319 3149 1409 σφραγισάμενος)

510 1445 656 1506 =nos,
688 1432 744 1489 et
773 1426 947 1490 dedit
967 1428 1204 1509 piqnus
1224 1426 1504 1512 Spiritus
1539 1428 1603 1489 in
1623 1425 1914 1490 cordibus
1948 1428 2218 1509 nostris;
2247 1426 2401 1509 Eph.
2428 1433 2483 1504 1,
2511 1432 2622 1497 13:
2654 1427 2735 1491 In
2768 1446 2888 1512 quo
2922 1426 3148 1513 (verbo

522 1532 835 1617 veritatis)
886 1539 946 1597 et
994 1534 1306 1597 credentes
1355 1534 1589 1616 siynati
1637 1534 1784 1596 estis
1853 1533 2354 1624 (ἐσφραγίσθητε)
2407 1536 2654 1620 Spiritu
2711 1535 3150 1619 promissionis

525 1649 739 1704 sancto
754 1665 784 1717 ‚·
814 1644 875 1716 4,
909 1644 1028 1709 30:
1091 1639 1298 1704 Nolite
1347 1641 1715 1705 contristare
1765 1637 2077 1724 Spiritum
2124 1649 2414 1705 sanctum
2443 1641 2588 1725 Dei,
2635 1643 2705 1705 in
2748 1662 2867 1727 quo
2910 1642 3151 1726 siqnati

519 1749 676 1811 estis
706 1746 1207 1838 (ἐσφραγίσθητε)
1239 1748 1308 1809 in
1339 1747 1502 1811 diem
1534 1748 1975 1831 redemptionis
1988 1772 2015 1829 ,·
2045 1749 2111 1812 in
2142 1748 2373 1832 quibus
2404 1748 2683 1814 textibus
2711 1754 2970 1831 praeter
2998 1765 3150 1829 gra-

529 1855 685 1918 tiam
735 1860 802 1920 et
849 1855 1057 1919 sancti
1090 1852 1363 1936 Spiritus
1414 1855 2066 1920 communicationem
2120 1856 2314 1942 (quae
2364 1856 2430 1919 in
2473 1855 2694 1937 primis
2737 1854 2998 1920 effectus
3048 1860 3151 1919 est

525 1961 719 2025 trium
752 1959 1007 2025 illorum
1039 1960 1638 2048 sacramentorum),
1659 1960 1957 2025 distincte
1977 1961 2443 2042 obsignationis
2461 1979 2577 2026 seu
2597 1961 2779 2043 sigilli
2798 1960 2870 2027 fit
2887 1961 3148 2025 mentio.

523 2067 741 2148 Quare
771 2068 935 2133 haec
967 2068 1334 2133 testimonia
1378 2086 1633 2150 possu
1653 2075 1738 2132 nt
1784 2068 2016 2132 saltem
2048 2068 2310 2150 intelligi
2342 2068 2423 2133 de
2453 2068 2849 2134 characteris
2882 2067 3150 2149 alicujus

525 2174 963 2257 impressione.
998 2173 1250 2240 Collata
1279 2194 1433 2240 vero
1473 2175 1926 2258 phraseologia
1959 2175 2396 2241 ecclesiastica
2426 2175 2506 2242 de
2537 2176 2753 2240 tribus
2775 2193 3151 2239 sacramen-

529 2283 610 2346 tis
642 2284 979 2364 perspicue
1014 2283 1375 2359 innotescit,
1409 2298 1555 2347 eam
1588 2302 1669 2348 ex
1699 2282 1879 2347 hisce
1911 2281 2095 2346 Pauli
2125 2282 2339 2347 verbis
2369 2283 2948 2363 esse-’desumptam
2979 2286 3047 2346 et
3064 2282 3151 2345 ad

523 2389 664 2471 ejus
697 2389 1001 2472 loquendi
1050 2390 1374 2455 rationem
1422 2407 1812 2471 expressam.
1875 2389 2037 2453 Hinc
2084 2408 2167 2454 ex
2215 2388 2669 2471 phraseologia
2716 2388 3150 2454 ecclesiastica

526 2502 786 2577 praesto
820 2503 918 2562 est
947 2514 1161 2561 canon
1194 2503 1496 2561 externus
1527 2496 2068 2573 hermeneuticuS,
2099 2496 2282 2579 cujus
2316 2516 2439 2579 ope
2472 2502 2981 2562 commemorata
2998 2513 3149 2559 ora-

525 2603 676 2667 cula
706 2603 826 2667 rite
859 2610 1260 2668 enarrentur.
1305 2602 1439 2666 Etsi
1471 2621 1622 2685 ergo
1656 2622 1737 2668 ex
1769 2600 2139 2686 Scripturae
2170 2603 2401 2682 verbiS,
2433 2603 2735 2667 adhibitis
2765 2603 2919 2667 solis
2948 2619 3151 2667 cano-

527 2710 718 2775 nibus
751 2711 1300 2793 interpretationis
1346 2711 1801 2790 grammaticis,
1842 2710 2137 2775 doctrina
2181 2711 2261 2776 de
2308 2712 2700 2776 characteris
2731 2710 3152 2792 impressione

539 2818 763 2899 nequit
794 2818 1017 2893 evinci,
1050 2817 1212 2881 satis
1244 2823 1462 2882 tamen
1495 2816 1915 2898 probabiliter
1932 2817 2263 2899 colligitur,
2284 2836 2429 2882 eam
2448 2818 2809 2882 doctrinam
2839 2817 3154 2881 indivinis

526 2924 725 2988 literis
758 2924 1066 2987 insinuari
1097 2932 1163 2990 et
1194 2923 1533 2998 contineri,
1563 2924 1619 2987 si
1649 2924 2095 3007 interpretatio
2127 2925 2211 2989 ad
2231 2943 2526 2992 normam
2546 2924 2903 2990 intellectus
2922 2924 3154 2989 catho-

525 3031 632 3093 lici
663 3030 990 3111 dirigatur,
1042 3050 1230 3114 quem
1284 3049 1427 3096 esse
1482 3048 1803 3097 canonem
1852 3031 2398 3114 interpretationis
2446 3032 2798 3115 principem
2841 3030 2996 3095 alibi
3037 3030 3154 3094 de-

531 3136 1032 3201 monstravimus
1065 3137 1135 3223 (t.
1167 3137 1207 3201 I.
1240 3157 1304 3201 n.
1341 3140 1528 3225 126);
1563 3156 1771 3222 eoque
1804 3139 2214 3222 magi5,quod
2245 3139 2397 3203 huic
2417 3137 2927 3221 interpretationi
2943 3137 3155 3202 nullus

528 3260 794 3323 prorsus
825 3260 1042 3307 canon
1077 3243 1598 3309 hermeneuticus
1630 3245 1918 3310 internus
1949 3245 2405 3334 adverseturss).

712 3380 859 3435 274.
891 3367 1413 3437 corollarium.
1463 3377 1515 3434 A
1549 3375 1884 3435 charactere
1915 3375 2333 3451 objectiVO,
2367 3376 2476 3451 qui
2506 3375 2738 3435 animae
2768 3374 3150 3450 imprimitur,

528 3463 728 3537 potest
771 3462 1163 3538 metonymice
1210 3468 1643 3523 sacramentum
1692 3464 2062 3524 denominari
2109 3464 2424 3534 character,
2473 3463 2760 3541 sigillum,
2805 3482 2987 3523 sensu
3028 3463 3155 3524 scil.

525 3549 724 3611 activo
768 3553 830 3608 et
873 3552 1208 3611 causali:
1256 3554 1414 3612 sicut
1457 3557 1519 3612 et
1563 3554 1831 3632 sigillum
1865 3552 2297 3629 significatione
2329 3556 2452 3612 tam
2481 3554 2718 3629 pas-xiva
2747 3571 2926 3628 quam
2959 3553 3155 3612 activa

529 3639 795 3697 adhiberi
826 3641 992 3699 solet.
1058 3640 1185 3710 Quo
1231 3661 1411 3701 sensu
1454 3649 1653 3718 patres
1686 3641 2045 3717 quandoque
2076 3642 2460 3717 baptismum,
2493 3645 2557 3701 et
2585 3641 2765 3717 hujus
2807 3641 2988 3699 etiam
3032 3640 3152 3699 for·

525 3748 702 3799 mam,
751 3748 871 3804 qua
914 3729 1240 3802 conficitur,
1287 3730 1684 3790 characterem
1715 3731 2039 3807 appellant.
2107 3730 2391 3800 Quocirca
2420 3730 2575 3789 nihil
2616 3729 2940 3790 conficiunt.
2978 3747 3156 3805 pro·

527 3822 957 3888 testantes,
1008 3819 1151 3878 dum
1198 3820 1474 3895 pluribus
1504 3821 1704 3880 allatis
1736 3820 2175 3897 Augustini
2207 3820 2399 3879 effatis
2433 3819 2720 3888 inserunt,
2767 3837 2813 3877 s.
2858 3818 3159 3877 doctorem

530 3907 729 3981 ipsum
759 3907 1127 3982 baptismum
1173 3908 1268 3967 vel
1313 3909 1493 3984 hujus
1524 3910 1771 3968 formam
1804 3927 2014 3968 vocare
2046 3905 2459 3980 characterem,
2505 3908 2665 3983 quod
2695 3907 2858 3966 ultro
2887 3906 3159 3966 concedi-

531 4013 685 4056 mus.
750 3995 864 4055 Sed
910 3997 1238 4072 quaeritur,
1284 4016 1466 4073 quare
1512 3998 1877 4075 baptismum
1924 3999 2314 4074 appellaverit
2356 3998 2750 4057 characterem
2796 4000 2908 4056 etc.
2970 3996 3163 4071 Atqui

533 4084 913 4159 apellationis
959 4086 1250 4145 rationem
1296 4088 1426 4163 ipse
1472 4089 1665 4163 aperit
1711 4090 1804 4147 tot
1851 4088 1988 4146 aliis
2034 4088 2098 4146 in
2144 4087 2307 4160 locis,
2351 4088 2456 4146 ubi
2501 4087 2819 4146 manifesto
2858 4084 3051 4156 docet,
3099 4085 3164 4144 vi

531 4173 814 4249 baptismi
845 4174 1109 4249 imprimi
1151 4179 1214 4234 et
1256 4175 1562 4236 inhaerere
1595 4177 1824 4235 animae
1854 4177 2143 4253 baptizati
2177 4176 2587 4236 characterem.
2653 4175 2811 4253 Ergo
2855 4178 2919 4233 et
2960 4175 3159 4250 ipsum

752 4417 787 4487 ι)
818 4416 903 4468 Ita
929 4416 1077 4485 Cyp
1094 4415 1260 4470 rian
1277 4435 1315 4471 u
1333 4435 1359 4470 s
1385 4433 1475 4486 ep.
1501 4421 1574 4473 78
1605 4415 1678 4470 ad
1705 4415 2092 4487 JubaJanumz
2120 4419 2155 4472 1.
2188 4427 2211 4474 1
2242 4417 2695 4472 testimoniorum
2716 4434 2763 4472 c.
2782 4421 2848 4477 ὃς
2872 4415 3103 4470 Tertu
3120 4415 3164 4467 l-

525 4495 791 4549 lianus
818 4495 888 4550 de
914 4496 1053 4551 idol.
1081 4499 1350 4554 e.19:de
1385 4498 1540 4567 bapt.
1565 4504 1739 4554 0.13:
1782 4497 1871 4552 Co
1891 4496 2189 4552 ruelius
2228 4513 2316 4569 ep.
2341 4497 2414 4552 ad
2443 4496 2762 4552 Fabianum
2801 4495 2895 4569 (cf.
2921 4494 3072 4549 infra
3096 4493 3162 4547 in

529 4577 729 4631 annot.
754 4574 827 4629 ad
857 4594 911 4627 n.
939 4580 1095 4647 319);
1123 4575 1331 4630 Herm
1352 4592 1428 4629 as
1453 4576 1491 4630 1.
1517 4582 1551 4631 3
1578 4575 1805 4632 similit.
1828 4582 1863 4631 8
1893 4595 1949 4629 n.
1977 4583 2040 4637 63
2067 4576 2290 4630 similit.
2316 4582 2349 4632 9
2376 4594 2432 4629 n.
2460 4583 2511 4634 6.
2537 4579 2587 4633 7.

756 4658 796 4727 ²)
825 4655 1094 4710 Fatemur
1123 4658 1334 4722 tamen,
1363 4673 1477 4710 non
1504 4655 1696 4711 deesse
1736 4656 2079 4726 interpretes
2117 4656 2289 4712 etiam
2328 4655 2657 4722 catholicos,
2696 4656 2800 4726 qui
2839 4656 2981 4710 haec
3006 4655 3164 4710 testi-

535 4734 733 4787 monia
759 4735 927 4789 aliter
954 4751 1127 4804 quam
1157 4735 1228 4790 de
1255 4738 1586 4791 charactere
1614 4736 2083 4806 interpretentur.
2134 4735 2217 4793 Cf.
2245 4736 2288 4789 P
2305 4753 2419 4792 esc
2437 4737 2475 4790 h
2500 4735 2597 4800 Vl,
2628 4743 2744 4793 182.
