3538 5364
521 254 561 318 6
995 244 1179 298 Tract.
1208 244 1356 297 V111.
1382 244 1451 298 de
1479 242 1684 312 gratia..
1711 241 1912 296 Thesis
1939 241 2205 297 CLXXII.
2239 242 2412 297 Notio
2440 242 2660 312 grat-iae

697 427 1248 496 Demonstratio
1267 446 1336 511 p.
1358 426 1416 496 I.
1448 431 1612 488 Bona
1642 429 2048 488 naturalia
2080 429 2199 488 dici
2217 448 2387 506 posse
2406 428 2657 507 gratiam
2693 447 2762 487 ex
2795 429 3142 490 definitione

520 540 700 597 supra
728 541 788 582 n.
823 530 860 582 4
896 521 1191 580 declarata
1220 522 1401 596 patet.
1468 519 1622 577 Sunt
1652 519 1810 577 enim
1844 521 1906 576 et
1934 518 2040 576 illa
2069 537 2210 577 vera
2239 519 2409 585 bona,
2450 518 2640 595 gratis
2681 520 2743 576 et
2782 537 2853 576 ex
2884 520 3141 578 benevo-

520 610 705 669 lentia
736 610 938 669 divina
969 609 1214 669 collata:
1261 607 1613 684 praesertim
1650 607 1700 666 si
1736 606 2185 667 individuorum
2216 608 2369 666 ratio
2403 608 2706 670 habeatur.
2773 608 2936 667 Licet
2980 610 3139 667 enim

520 700 696 774 plura
727 699 927 757 debita
957 698 1073 757 dici
1104 697 1341 773 possint
1372 696 1590 773 speciei
1622 714 1729 755 seu
1759 696 2021 755 humano
2042 697 2246 773 generi
2267 696 2591 756 universim
2625 701 2909 772 spectato,
2944 702 3015 756 ut
3047 716 3142 756 sa-

521 788 699 860 nitas,
746 788 1058 864 ingenium
1087 787 1357 862 aliaeque
1389 786 1620 845 animae
1664 785 2051 861 corporisque
2097 784 2266 845 dotes
2313 794 2440 855 etc„
2488 805 2556 844 ea
2600 787 2798 845 tamen
2849 787 3140 846 rationem

520 878 742 936 habent
771 876 897 935 veri
928 875 1194 935 beneficii
1227 875 1477 934 indebiti
1509 893 1615 951 pro
1660 875 1769 933 hoc
1814 873 2145 944 individuO,
2193 875 2353 951 quod
2399 894 2540 949 prae
2586 875 2717 933 aliis
2768 875 2844 933 iis
2891 877 3143 950 potitur.

521 967 634 1024 Pro
666 965 868 1025 lubitu
898 965 1056 1024 enim
1090 966 1248 1023 Deus
1292 983 1360 1023 ea
1404 964 1637 1023 diversa
1668 981 1945 1022 mensura
1974 962 2337 1022 distribuere
2369 968 2594 1039 potest:
2641 964 2774 1023 ideo
2818 965 2999 1024 etiam
3031 966 3138 1023 Ec-

521 1055 698 1113 clesia
730 1073 836 1130 pro
870 1053 1165 1131 ejusmodi
1196 1053 1368 1112 bonis
1402 1054 1592 1112 Deum
1623 1056 1757 1111 orat
1788 1055 1851 1111 et
1885 1071 1993 1128 pro
2026 1053 2284 1129 acceptis
2316 1054 2538 1129 gratias
2571 1053 2713 1129 agit.
2780 1054 3002 1113 Revera
3032 1074 3137 1113 au-

519 1148 641 1201 tem
673 1143 829 1202 bona
858 1143 1155 1201 naturalia
1186 1142 1438 1219 gratiam
1470 1142 1725 1200 subinde
1758 1141 1916 1199 dici
1948 1160 1982 1199 a
2013 1142 2302 1217 patribus,
2355 1145 2520 1218 patet
2563 1161 2632 1201 ex
2678 1143 2931 1217 epistola
2967 1144 3144 1220 quin·

521 1251 638 1309 que
670 1233 1099 1308 episcoporum,
1146 1231 1306 1290 inter
1351 1249 1499 1307 quos
1546 1233 1608 1289 et
1652 1229 2187 1307 Augustinus,
2234 1231 2306 1289 ad
2354 1231 2768 1290 Innocentium
2801 1234 2865 1302 1.,
2913 1233 2977 1290 in
3023 1252 3144 1307 qua

519 1321 679 1379 inter
708 1321 825 1379 alia
857 1321 1130 1380 scribunt
1158 1339 1216 1380 n.
1255 1329 1321 1383 7:
1369 1319 1539 1389 ,Etsi
1584 1321 1744 1377 enim
1792 1319 2046 1393 quadam
2091 1338 2212 1378 non
2242 1319 2631 1396 improbanda
2660 1321 2888 1380 ratione
2919 1322 3144 1380 dicit-ur

520 1410 712 1487 gratia
744 1409 866 1479 Dei,
899 1428 1019 1485 qua
1050 1409 1231 1468 creati
1263 1428 1487 1479 sumus,
1534 1412 1605 1467 ut
1650 1427 1771 1466 non
1804 1408 1955 1466 nihil
1987 1426 2282 1478 essemus;
2330 1427 2438 1468 nec
2480 1409 2566 1467 ita
2596 1427 2860 1469 essemus
2893 1411 3139 1487 aliquid,

523 1504 593 1557 ut
624 1499 886 1569 cadaver,
920 1499 1077 1573 quod
1110 1517 1229 1556 non
1262 1498 1427 1568 vivit,
1474 1501 1580 1556 aut
1611 1498 1804 1567 arbor,
1854 1516 2006 1573 quae
2038 1516 2160 1556 non
2191 1499 2390 1568 sentit,
2439 1500 2546 1556 aut
2575 1517 2769 1573 pecua,
2818 1500 2976 1575 quod
3023 1518 3145 1559 non

522 1588 826 1664 intelligit,
874 1588 977 1646 sed
1010 1587 1295 1657 homines,
1343 1587 1448 1662 qui
1479 1605 1744 1645 essemus
1779 1589 1841 1644 et
1872 1587 2230 1657 viveremus,
2279 1590 2339 1645 et
2384 1588 2761 1658 sentiremus,
2812 1592 2874 1647 et
2916 1589 3145 1647 intelli-

523 1695 814 1755 geremus,
850 1680 913 1735 et
943 1676 1015 1735 de
1046 1678 1157 1735 hoc
1184 1678 1354 1734 tanto
1383 1675 1663 1735 beneficio
1683 1677 1932 1735 creatori
1953 1680 2159 1735 nostro
2179 1677 2403 1752 gratias
2424 1694 2598 1752 agere
2617 1678 2949 1748 valeamus;
2983 1678 3142 1736 unde

522 1767 732 1824 merito
777 1769 839 1824 et
882 1766 999 1823 ista
1042 1765 1234 1842 gratia
1268 1764 1388 1823 dici
1425 1767 1638 1840 potest,
1684 1764 1830 1841 quia
1861 1784 1979 1824 non
2012 1765 2491 1840 praecedentium
2524 1765 2863 1841 aliquorum
2895 1785 3142 1843 operum

522 1855 768 1925 meritis,
804 1854 905 1912 sed
937 1856 1203 1931 gratuita
1222 1854 1328 1912 Dei
1360 1853 1628 1913 bonitate
1660 1854 1878 1912 donata
1909 1856 2029 1913 est:
2064 1854 2182 1912 alia
2212 1858 2305 1912 est
2334 1858 2535 1913 tamen
2566 1874 2685 1930 qua
2716 1856 3142 1931 praedestinati

525 1962 819 2012 vocamur,
846 1943 1262 2019 justificamur,
1296 1942 1711 2019 glorificamur,
1760 1946 1832 2000 ut
1876 1943 2070 2001 dicere
2115 1944 2442 2018 possimus:
2494 1942 2560 2000 Si
2607 1944 2762 2002 Deus
2799 1964 2915 2020 pro
2961 1946 3141 2021 nobis,

524 2036 651 2111 quis
680 2040 880 2091 contra
914 2032 1063 2090 nos?
1117 2034 1228 2105 Qui
1273 2032 1424 2090 Filio
1468 2050 1573 2090 suo
1610 2034 1859 2107 proprio
1903 2050 2018 2090 non
2057 2034 2334 2106 pepercit,
2379 2034 2480 2092 sed
2513 2049 2634 2105 pro
2678 2034 2841 2092 nobis
2884 2034 3146 2093 omnibus

524 2122 769 2180 tradidit
797 2122 960 2179 illum
992 2117 1181 2201 (Rom.
1217 2130 1273 2191 8,
1310 2117 1483 2202 32).‘
1518 2120 1650 2179 Huc
1680 2124 1913 2197 spectat
1943 2122 2178 2197 integer
2213 2122 2641 2198 Augustini
2674 2140 2868 2182 sermo
2903 2133 3003 2193 26,
3035 2123 3143 2181 ubi

523 2230 609 2270 ex.
643 2230 729 2288 gr.
763 2230 820 2268 n.
857 2220 889 2273 7
927 2210 1165 2268 scribit:
1220 2209 1517 2285 ,Excepta
1546 2228 1688 2286 ergo
1719 2210 1827 2267 illa
1857 2210 2064 2286 gratia,
2099 2229 2218 2286 qua
2250 2209 2486 2269 condita
2516 2215 2609 2269 est
2640 2211 2898 2271 humana
2927 2217 3144 2271 natura

526 2301 690 2377 (haec
721 2299 878 2358 enim
912 2298 1248 2357 christianis
1279 2299 1648 2376 paganisque
1680 2299 2011 2357 communis
2044 2294 2182 2379 est),
2230 2299 2370 2357 haec
2415 2301 2507 2357 est
2552 2300 2737 2376 major
2766 2302 2974 2377 gratia,
3022 2321 3141 2360 non

526 2388 683 2463 quod
717 2407 822 2464 per
855 2387 1110 2447 Verbum
1144 2387 1411 2446 homines
1444 2388 1623 2446 creati
1658 2405 1886 2455 sumus,
1921 2388 2024 2446 sed
2056 2388 2216 2463 quod
2248 2407 2353 2463 per
2370 2387 2631 2446 Verbum
2653 2407 2885 2449 carnem
2919 2391 3141 2449 factum

525 2477 729 2535 fideles
774 2476 913 2535 facti
959 2484 1228 2539 sumne.‘
1289 2477 1416 2536 Hoc
1460 2494 1637 2535 sensu
1682 2477 1863 2534 etiam
1893 2480 2090 2553 patres
2124 2476 2634 2539 immortalitatem
2666 2480 3014 2556 angelorum
3048 2497 3142 2537 so-

526 2567 653 2624 lent
683 2565 935 2624 subinde
968 2565 1222 2643 gratiam
1252 2566 1567 2641 appellare.

705 2673 761 2737 7.
795 2668 1342 2737 Demonstratio
1374 2689 1445 2754 p.
1480 2667 1580 2736 11.
1643 2665 1777 2731 Usu
1809 2666 2115 2749 loquendi
2157 2665 2388 2732 biblico
2423 2675 2486 2733 et
2519 2669 2954 2735 ecclesiastico
2988 2689 3133 2752 gra-

526 2775 652 2840 tiae
684 2776 947 2839 nomine
979 2775 1298 2855 designari
1328 2792 1461 2838 non
1492 2773 1667 2838 bona
1697 2774 2035 2851 naturalia,
2070 2775 2184 2839 sed
2216 2773 2391 2839 bona
2410 2783 2682 2842 naturae
2703 2777 3137 2858 superaddita,

526 2899 694 2963 quae
723 2882 807 2945 ad
839 2882 1038 2946 vitam
1070 2881 1435 2945 conducunt
1466 2888 1818 2957 aeternam,
1852 2887 2031 2962 patet
2068 2885 2125 2951 l.
2158 2901 2238 2947 ex
2268 2881 2489 2947 verbis
2522 2903 2582 2946 n.
2616 2890 2656 2953 6
2689 2883 2931 2960 allatis;

702 2989 768 3057 2.
804 3007 885 3053 ex
934 2987 1365 3070 disputatione
1418 3006 1544 3052 sec.
1577 2987 1651 3051 V.
1703 3006 1851 3052 cum
1895 2989 2263 3070 pelagianis,
2311 2991 2420 3071 qui
2463 2988 2630 3053 ultro
2677 2990 3140 3067 concedebant,

526 3095 699 3158 bona
719 3095 1037 3159 naturalia
1057 3113 1199 3159 esse
1219 3095 1508 3175 gratiam,
1529 3100 1831 3160 ettamen
1847 3093 2052 3158 habiti
2069 3102 2219 3159 sunt
2236 3096 2474 3159 inimici
2494 3096 2755 3176 gratiae,
2777 3104 2847 3160 ut
2866 3097 2975 3179 qui
2994 3114 3136 3161 eam

525 3208 848 3283 negarent.
919 3201 1366 3276 ,Defendendo
1399 3208 1717 3277 naturam,
1764 3202 1968 3284 inquit
2000 3201 2512 3282 Augustinus
2563 3202 2643 3268 de
2675 3203 2883 3282 gratia
2916 3209 2979 3268 et
3006 3209 3137 3266 nat.

527 3327 577 3371 c.
596 3314 699 3384 23,
730 3309 974 3389 gratiae
994 3307 1246 3386 Christi,
1282 3326 1412 3390 qua
1419 3308 1864 3390 justificamur,
1898 3309 2299 3391 apertissime
2333 3309 2710 3373 contradicit
2731 3307 3132 3395 (Pelagius).‘

527 3413 798 3479 Nomine
831 3432 982 3494 ergo
1016 3416 1277 3495 gratiae,
1310 3415 1491 3496 cujus
1510 3414 1866 3480 necessitas
1887 3416 1968 3479 ad
1990 3416 2262 3480 salutem
2283 3434 2364 3479 ex
2382 3414 2782 3497 praescripto
2804 3415 3138 3480 doctrinae

527 3521 884 3586 catholicae
916 3528 1057 3586 erat
1085 3521 1459 3603 profitenda,
1505 3540 1638 3585 non
1686 3521 2201 3602 intelligebantur
2247 3521 2421 3586 bona
2451 3522 2787 3599 naturalia,
2820 3522 2934 3586 sed
2966 3521 3141 3585 bona

526 3634 798 3692 naturae
828 3628 1256 3709 superaddita.
1288 3628 1447 3691 Hinc
1479 3629 1850 3710 episcopi
1902 3628 1985 3693 illi
2017 3629 2053 3692 l.
2088 3648 2139 3693 c.
2172 3630 2463 3710 exigunt:
2534 3628 2726 3703 ,Eam
2760 3628 3143 3694 confiteatur

528 3733 872 3822 (Pelagius)
907 3735 1307 3816 apertissime
1352 3736 1642 3816 gratiam,
1689 3753 1883 3817 quam
1928 3736 2221 3800 doctrina
2251 3735 2600 3799 christiana
2645 3736 3045 3800 demonstrat
3078 3741 3143 3799 et

527 3842 858 3922 praedicat
888 3860 1029 3907 esse
1061 3842 1388 3924 propriam
1418 3843 1931 3920 christianorum,
1964 3862 2129 3926 quae
2162 3862 2293 3907 non
2325 3850 2423 3908 est
2454 3848 2705 3919 natura,
2727 3842 2840 3906 sed
2862 3860 2990 3924 qua
3009 3842 3139 3905 sal-

528 3953 716 4012 vatur
745 3955 1032 4013 natura.¹

707 4053 878 4119 Sane
909 4057 972 4126 3.
1004 4063 1221 4138 patres
1241 4063 1305 4121 et
1324 4054 1690 4139 Scripturas
1723 4058 1804 4121 de
1837 4075 1916 4121 ea
1940 4057 2173 4138 jugiter
2204 4056 2551 4138 loquuntur
2570 4056 2794 4136 gratia,
2816 4073 3011 4138 quam
3025 4074 3142 4136 per

529 4159 850 4227 Christum
902 4164 1264 4245 accipimuS,
1311 4183 1477 4247 quae
1524 4170 1622 4229 est
1670 4163 1911 4228 fructus
1962 4171 2026 4229 et
2077 4180 2322 4228 merces
2372 4163 2697 4243 sanguinis
2746 4162 2962 4244 ipsius,
3015 4180 3146 4245 qua

520 4268 943 4350 justificamur
980 4277 1098 4335 etc.
1144 4271 1340 4353 Atqui
1370 4290 1485 4353 per
1516 4271 1838 4336 Christum
1869 4290 2004 4336 non
2034 4271 2374 4352 recipimus
2417 4270 2590 4333 dona
2643 4269 2978 4346 naturalia,
3029 4270 3143 4333 sed

527 4375 703 4439 dona
735 4383 1005 4442 naturae
1037 4378 1451 4460 superaddita
1469 4397 1584 4460 per
1611 4378 1931 4443 Adamum
1953 4379 2208 4454 amissa,
2241 4378 2471 4461 quibus
2503 4377 2899 4458 disponimur
2931 4377 3014 4440 ad
3044 4379 3138 4440 vi-

528 4490 663 4547 tam
695 4489 1044 4548 aeternam.

528 4671 538 4681 ,
711 4653 739 4682 ,
752 4614 1102 4690 Abjiciatur,
1134 4615 1336 4690 inquit
1367 4618 1415 4674 A
1434 4635 1475 4674 ιι
1489 4636 1530 4692 g
1545 4635 1587 4675 u
1603 4634 1630 4674 s
1647 4615 1765 4674 tin
1781 4636 1825 4674 u
1839 4634 1867 4674 s
1899 4635 1989 4691 ep.
2020 4627 2040 4678 l
2061 4624 2140 4677 94
2164 4634 2220 4677 n.
2245 4624 2301 4684 8,
2336 4635 2370 4673 a
2389 4615 2846 4674 christianorum
2866 4614 3145 4673 cordibus

529 4703 643 4761 ista
674 4703 909 4762 fallacia
929 4699 1446 4786 (pelagianorum).
1493 4706 1646 4762 Nam
1679 4705 1919 4763 omnino
1950 4722 2070 4762 non
2101 4705 2278 4762 istam
2311 4705 2563 4782 gratiam
2597 4703 2965 4763 commendat
2984 4706 3144 4778 Apo-
