3538 5364
551 306 681 372 658
1070 298 1253 351 Tract.
1280 298 1348 351 X.
1375 298 1444 351 de
1472 298 1589 351 Deo
1614 300 2087 351 consummatore.
2116 296 2196 352 De
2225 298 2653 352 resurrectione.

550 490 612 544 et
648 487 884 560 justum
930 502 1078 555 esse,
1124 488 1195 543 ut
1241 501 1471 559 corpus,
1518 482 1678 558 quod
1710 486 1808 541 tot
1837 486 2129 559 tantaque
2161 491 2405 560 propter
2434 485 2625 543 Deum
2657 489 2748 543 est
2777 503 3039 560 passum,
3080 505 3178 543 re·

550 579 776 651 surgat,
810 593 884 633 ne
915 592 1022 633 sno
1054 575 1249 632 careat
1277 573 1557 649 praemio,
1620 573 1801 630 Plura
1832 572 1902 631 cf.
1936 572 2094 648 apud
2126 573 2480 632 Lessium
2511 574 2616 645 111,
2654 583 2709 637 8.

727 676 795 743 4.
845 679 1013 749 Quod
1059 679 1292 738 diversa
1323 678 1542 737 attinet
1573 679 1831 755 corporis
1865 679 2143 750 membra,
2196 698 2450 756 quorum
2500 698 2649 739 usus
2698 681 2886 740 altera
2934 681 2997 739 in
3049 680 3176 737 vita

550 770 823 840 cessabit,
858 769 1073 828 statuit
1105 786 1148 827 s.
1182 769 1504 827 Thomas
1536 768 1730 844 suppl.
1764 787 1818 843 q.
1855 776 1935 831 80
1973 788 2022 827 a.
2065 779 2089 830 1
2129 768 2203 826 ad
2244 781 2268 831 1
2297 789 2310 826 t
2353 770 2657 837 ,Membra
2687 774 2940 846 possunt
2971 769 3174 843 dupli-

550 859 697 917 citer
727 858 1088 917 considerari
1119 857 1183 916 in
1216 858 1646 933 comparatione
1677 856 1750 914 ad
1782 857 2058 927 animam,
2105 857 2201 915 vel
2246 857 2574 916 secundum
2605 858 3014 917 habitudinem
3046 878 3174 916 ma-

548 949 731 1006 teriae
763 948 837 1006 ad
869 947 1139 1022 formam,
1175 947 1270 1004 vel
1301 947 1628 1005 secundum
1659 945 2078 1004 habitudinem
2111 946 2499 1006 instrumenti
2531 947 2605 1005 ad
2638 951 2911 1024 agentem
2944 996 2957 1009 .
2993 996 3007 1009 .
3039 991 3055 1004 .
3110 946 3177 1004 Si

551 1056 689 1113 ergo
735 1036 1000 1095 membra
1044 1035 1412 1111 accipiantur
1442 1035 1771 1093 secundum
1817 1036 2072 1110 primam
2119 1036 2425 1105 rationem,
2476 1035 2610 1094 finis
2660 1055 2863 1095 eorum
2913 1054 3031 1093 non
3084 1040 3182 1093 est

550 1126 829 1201 operatio,
877 1125 982 1183 sed
1026 1124 1217 1200 magis
1265 1124 1591 1200 perfectum
1636 1142 1763 1183 esse
1811 1123 2043 1199 speciei,
2091 1123 2249 1198 quod
2298 1125 2479 1183 etiam
2515 1129 2652 1200 post
2683 1125 3178 1183 resurrectionem

549 1215 908 1290 requiretur.
957 1214 1018 1271 Si
1051 1218 1252 1271 autem
1284 1213 1652 1289 accipiantur
1683 1212 2013 1271 secundum
2036 1213 2349 1272 secundam
2372 1215 2887 1289 comparationem,
2924 1214 3008 1271 sic
3038 1213 3179 1271 finis

550 1323 757 1362 eorum
789 1305 881 1362 est
910 1303 1194 1378 operatio,
1259 1301 1382 1360 Nec
1413 1306 1616 1361 tamen
1649 1302 1943 1376 seqnitur,
1979 1301 2138 1376 quod
2159 1302 2395 1378 quando
2416 1302 2616 1362 deficit
2635 1303 2918 1378 operatiO,
2952 1302 3180 1360 frustra

551 1393 631 1451 sit
662 1394 1163 1451 instrumentum:
1200 1390 1341 1466 quia
1360 1391 1834 1450 instrumentum
1864 1409 1982 1449 non
2016 1392 2208 1449 solum
2243 1393 2428 1449 servit
2458 1392 2531 1450 ad
2564 1391 3002 1468 exsequendam
3034 1410 3180 1467 ope·

548 1482 841 1540 rationem
875 1480 1126 1557 agentis,
1162 1480 1265 1537 sed
1297 1480 1474 1538 etiam
1508 1480 1581 1537 ad
1616 1478 2043 1539 ostendendam
2074 1480 2364 1538 virtutem
2396 1480 2615 1556 ipsius;
2662 1480 2823 1539 unde
2856 1482 3178 1556 oportebit,

550 1576 622 1629 ut
666 1571 858 1629 virtus
905 1569 1306 1645 potentiarum
1351 1568 1586 1627 animae
1633 1568 1697 1627 in
1743 1569 1889 1643 ipsis
1934 1568 2348 1627 instrumentis
2383 1569 2678 1644 corporeis
2711 1569 3178 1635 demonstretur,

552 1659 666 1719 etsi
698 1677 1005 1733 nunquam
1036 1658 1098 1715 in
1131 1661 1329 1716 actum
1349 1657 1651 1734 prodeant,
1686 1661 1759 1717 ut
1790 1676 1858 1716 ex
1891 1657 1999 1716 hoc
2031 1659 2476 1717 commendetur
2498 1659 2603 1716 Dei
2624 1658 2976 1734 sapientia·¹
3011 1658 3180 1715 Unde

548 1748 808 1807 infertur
838 1750 976 1822 post
1003 1747 1495 1805 resurrectionem
1529 1765 1763 1805 manere
1798 1765 1970 1805 sexus
2002 1746 2424 1817 diversitatem,
2470 1767 2608 1805 nam
2641 1749 2781 1806 haec
2827 1750 3058 1822 spectat
3105 1746 3177 1804 ad

549 1836 973 1914 perfectionem
1006 1835 1238 1912 speciei.

729 1939 791 2008 5.
824 1943 990 2004 Sicut
1012 1944 1315 2019 justorum
1350 1960 1598 2017 corpora
1632 1942 1696 1999 in
1729 1942 1944 2000 melius
1975 1942 2477 2012 immutabuntur,
2525 1943 2611 2001 ita
2647 1946 2707 2001 et
2739 1961 2981 2019 corpora
3013 1942 3177 2000 dam-

549 2036 828 2091 natorum
861 2033 923 2090 in
955 2032 1238 2102 deterius,
1278 2032 1473 2106 iisque
1504 2030 1985 2107 proprietatibus
2017 2033 2197 2090 erunt
2228 2032 2512 2106 praedita,
2548 2051 2699 2107 quae
2730 2031 3042 2090 beatorum
3072 2034 3173 2089 do·

549 2123 711 2180 tibus
743 2122 919 2197 plane
952 2125 1096 2180 sunt
1127 2121 1435 2181 contraria.
1498 2120 1579 2178 cf.
1613 2119 1847 2180 Schee
1866 2121 1949 2178 be
1968 2140 2037 2190 n,
2071 2120 2396 2196 Mysterien
2427 2124 2457 2193 ἓ
2495 2131 2594 2184 95.

727 2226 792 2292 6.
837 2227 1220 2296 Quaestiones
1283 2228 1354 2286 de
1399 2227 1836 2286 resurrectione
1880 2227 2128 2285 minoris
2172 2228 2475 2297 momenti,
2527 2228 2621 2286 vel
2673 2228 2938 2287 curiosas
2984 2226 3178 2303 magis

552 2336 729 2392 quam
761 2317 957 2386 utileS,
993 2318 1085 2375 vel
1120 2317 1192 2375 de
1223 2316 1442 2391 quibus
1475 2315 1630 2374 nihil
1664 2334 1739 2373 ne
1769 2315 2162 2391 probabiliter
2182 2316 2420 2390 quidem
2444 2317 2630 2375 statui
2661 2318 2879 2392 potest,
2913 2320 3179 2392 praeter·

550 2406 866 2465 mittimus.
928 2406 1008 2465 ef.
1056 2405 1558 2483 Augustinus
1605 2405 1843 2465 Enchir.
1891 2424 1947 2463 n.
2000 2415 2079 2469 84
2129 2424 2236 2474 ss:
2284 2404 2604 2464 Thomas
2650 2425 2822 2482 supp.
2853 2425 2910 2480 q.
2952 2416 3028 2467 75
3067 2424 3178 2475 ss,;

553 2494 854 2553 Oswald
887 2498 1026 2557 sect.
1064 2505 1097 2557 3
1135 2491 1166 2559 ἓ
1205 2505 1259 2557 6.
1297 2504 1354 2559 8.

735 2628 877 2681 704.
912 2613 1258 2681 Scholion
1290 2613 1433 2681 Ill.
1480 2619 1571 2676 Ad
1605 2619 2013 2695 quaestionem
2047 2622 2203 2677 sitne
2234 2621 2580 2677 resurrectio
2612 2626 2857 2677 naturae
2886 2618 3177 2677 humanae

549 2710 756 2785 debita,
794 2709 1168 2767 communius
1200 2708 1465 2785 theologi
1486 2709 1849 2785 respondent
1880 2709 2281 2785 negative3
2315 2727 2524 2768 verum
2553 2728 2675 2767 non
2705 2709 2923 2767 desunt
2956 2709 3171 2784 quibus

553 2799 850 2857 sententia
869 2797 1139 2873 opposita
1158 2798 1397 2856 videtur
1428 2815 1548 2856 non
1581 2797 2011 2875 improbabilis.
2057 2798 2184 2856 Etsi
2215 2799 2370 2856 enim
2405 2815 2481 2856 sa.
2512 2798 2723 2857 literae
2754 2801 2817 2856 et
2844 2801 3051 2872 patres
3082 2817 3171 2856 re·

551 2887 977 2945 surrectionem
996 2887 1251 2961 probant
1268 2906 1336 2944 ex
1357 2887 1691 2945 rationibus
1712 2886 1944 2945 altioris
1959 2886 2203 2957 ordiniS,
2223 2905 2344 2945 non
2362 2889 2566 2945 tamen
2586 2888 2826 2962 penitus
2847 2887 3174 2944 excludunt

550 2981 920 3052 argumenta,
965 2994 1115 3049 quae
1162 2975 1450 3033 suadendi
1483 2976 1692 3035 saltem
1725 2977 1844 3035 vim
1880 2977 2104 3034 habent
2132 2977 2313 3034 etiam
2344 2994 2450 3050 pro
2484 2979 2646 3034 statu
2677 2980 2926 3033 naturae
2957 2995 3173 3050 purae:

551 3079 620 3124 ut
651 3084 768 3133 eae,
804 3083 955 3139 quae
987 3064 1333 3122 derivantur
1363 3083 1432 3122 ex
1456 3065 1700 3140 justitia
1731 3065 1935 3124 divina
1965 3060 2049 3147 (n.
2075 3064 2267 3141 6980).
2313 3064 2511 3122 Etiam
2543 3064 2819 3132 rationeS,
2855 3082 3000 3138 quas
3035 3083 3171 3138 pro-

553 3155 723 3229 ponit
755 3172 801 3216 s.
833 3153 1150 3211 Thomas
1185 3170 1371 3228 comp.
1392 3153 1566 3214 theol.
1601 3154 1769 3217 verit.
1804 3173 1849 3212 c.
1884 3164 2019 3224 151,
2054 3172 2173 3211 non
2206 3153 2490 3211 videntur
2510 3152 2903 3229 spernendae:
2939 3151 3174 3221 ,Quae-

553 3261 786 3317 cunque
807 3245 950 3299 nata
970 3244 1115 3299 sunt
1134 3242 1294 3300 uniri
1315 3241 1534 3301 secund
1543 3262 1643 3301 um
1659 3246 1939 3301 naturam
1958 3262 2141 3313 suam,
2163 3242 2518 3301 naturaliter
2538 3242 2652 3301 sibi
2670 3242 2834 3300 uniri
2852 3247 3175 3317 appetunt:

552 3331 1024 3405 unumquodque
1054 3330 1212 3389 enim
1246 3331 1477 3407 appetit
1520 3330 1602 3407 id,
1649 3331 1811 3406 quod
1856 3335 1946 3390 est
1975 3331 2086 3390 sibi
2121 3331 2475 3389 conveniens
2508 3332 2833 3390 secundum
2866 3349 3038 3389 suam
3071 3350 3176 3388 na-

551 3425 769 3477 turam.
819 3420 964 3477 Cum
996 3419 1186 3495 igitur
1217 3419 1416 3478 anima
1446 3420 1707 3479 humana
1739 3421 2100 3479 naturaliter
2132 3420 2363 3496 corpori
2394 3420 2641 3479 uniatur
2672 3465 2684 3478 .
2719 3467 2732 3480 .
2767 3468 2781 3482 .
2813 3420 3089 3479 naturale
3121 3420 3177 3478 ei

553 3508 908 3567 desiderium
942 3509 1097 3566 inest
1141 3508 1213 3566 ad
1258 3508 1520 3584 corporis
1551 3510 1848 3567 unionem.
1916 3509 2050 3568 Non
2083 3508 2300 3585 poterit
2329 3509 2521 3586 igitur
2550 3527 2677 3568 esse
2707 3508 2969 3585 perfecta
3002 3510 3175 3585 quie-

552 3598 700 3656 tatio
733 3596 1081 3667 voluntatiS,
1116 3597 1231 3655 nisi
1266 3598 1479 3656 iterato
1511 3598 1710 3655 anima
1740 3598 1971 3673 corpori
2003 3599 2417 3674 conjungatur,
2467 3598 2628 3673 quod
2672 3601 2761 3656 est
2806 3597 3105 3656 hominem
3137 3617 3174 3654 a

553 3689 743 3746 morte
774 3704 1098 3762 resurgere.
1132 3721 1220 3730 ——
1251 3687 1401 3744 Item
1422 3687 1614 3744 finalis
1636 3688 1919 3762 perfectio
1938 3686 2192 3762 requirit
2212 3687 2632 3761 perfectionem
2666 3687 2947 3762 primam:
2984 3687 3178 3762 prima

552 3783 752 3834 autem
784 3774 1067 3850 perfectio
1101 3776 1571 3851 uniuscuiusque
1602 3776 1689 3833 rei
1721 3779 1830 3846 est,
1877 3781 1948 3835 ut
1994 3778 2076 3834 sit
2118 3776 2444 3851 perfectum
2478 3776 2540 3833 in
2573 3794 2682 3833 sua
2711 3780 2944 3844 natura,
2978 3775 3177 3833 finalis

553 3883 690 3922 vero
723 3864 1009 3940 perfectio
1041 3864 1314 3923 consistit
1345 3864 1409 3922 in
1440 3865 1851 3923 consecutione
1883 3864 2082 3923 ultimi
2114 3864 2265 3923 finis.
2295 3865 2390 3923 Ad
2421 3864 2530 3923 hoc
2561 3864 2751 3941 igitur
2782 3864 2940 3939 quod
2973 3865 3179 3922 anima

553 3953 812 4011 hnmana
842 3953 1175 4012 omnimodo
1207 3953 1545 4028 perficiatur
1588 3953 1653 4011 in
1700 3954 1834 4025 fine,
1882 3971 2121 4013 necesse
2166 3956 2274 4025 est,
2323 3953 2482 4029 quod
2528 3954 2611 4011 sit
2652 3952 2911 4028 perfecta
2954 3953 3019 4011 in
3067 3971 3178 4011 sua

552 4047 785 4118 natura,
833 4041 992 4117 quod
1034 4061 1154 4100 non
1186 4045 1383 4117 potest
1412 4060 1538 4100 esse
1570 4042 1688 4100 nisi
1720 4043 1801 4100 sit
1834 4043 2065 4118 corpori
2097 4043 2287 4104 unita.
2349 4042 2584 4101 Natura
2614 4042 2769 4100 enim
2802 4042 3032 4100 animae
3064 4047 3174 4111 est,

554 4137 623 4189 ut
667 4132 746 4188 sit
789 4149 923 4205 pars
968 4131 1225 4189 hominis
1270 4135 1340 4188 ut
1385 4130 1602 4189 forma:
1650 4132 1819 4190 nulla
1848 4135 2050 4190 autem
2081 4150 2219 4206 pars
2252 4131 2509 4208 perfecta
2553 4134 2646 4189 est
2689 4132 2752 4188 in
2799 4148 2907 4189 sua
2936 4136 3172 4201 natura,

553 4221 669 4278 nisi
714 4220 795 4278 sit
839 4220 903 4277 in
948 4238 1056 4278 suo
1101 4224 1246 4283 toto,
1308 4219 1656 4294 Requiritur
1687 4220 1877 4296 igitur
1906 4221 1978 4278 ad
2013 4221 2285 4279 ultimam
2315 4220 2572 4279 hominis
2604 4219 3060 4290 beatitudinem,
3103 4223 3177 4277 ut

553 4309 748 4366 anima
767 4328 1009 4367 rursum
1030 4309 1260 4385 corpori
1280 4308 1542 4370 uniatur.
1561 4342 1650 4352 —
1672 4309 1898 4379 Adhuc,
1933 4309 2093 4385 quod
2126 4313 2221 4368 est
2251 4326 2356 4384 per
2373 4309 2642 4368 accidens
2676 4312 2737 4367 et
2766 4311 2973 4367 contra
2992 4312 3172 4366 natu-

552 4417 678 4455 ram
709 4416 828 4455 non
860 4400 1055 4474 potest
1087 4416 1215 4456 esse
1248 4397 1709 4473 sempiternum:
1758 4416 1995 4457 necesse
2041 4401 2134 4457 est
2178 4403 2377 4457 autem
2423 4398 2550 4468 hoc,
2600 4397 2758 4473 quod
2790 4406 2883 4455 est
2913 4398 3177 4455 animam

555 4505 588 4543 a
619 4504 860 4560 corpore
893 4491 1223 4562 separatam
1257 4505 1402 4557 esse,
1435 4505 1541 4562 per
1573 4487 1841 4545 accidens
1874 4506 2003 4545 esse
2036 4491 2098 4545 et
2129 4489 2336 4546 contra
2365 4490 2657 4556 naturam,
2705 4486 2756 4544 si
2800 4486 2909 4544 hoc
2956 4505 3065 4561 per
3110 4504 3176 4545 se

554 4578 616 4632 et
644 4575 996 4635 naturaliter
1026 4577 1180 4635 inest
1210 4577 1458 4646 animae,
1493 4581 1564 4633 ut
1595 4575 1827 4651 corpori
1859 4576 2121 4634 uniatur.
2181 4576 2314 4635 Non
2346 4576 2535 4652 igitur
2567 4575 2765 4635 anima
2795 4575 2911 4632 erit
2941 4575 3006 4633 in
3037 4594 3175 4651 per·

554 4666 806 4737 petuum
838 4683 872 4720 a
901 4683 1140 4739 corpore
1172 4669 1455 4740 separata.
1520 4665 1664 4724 Cum
1696 4666 1887 4742 igitur
1917 4665 2046 4739 ejus
2078 4664 2414 4724 substantia
2444 4665 2527 4723 sit
2556 4663 3047 4739 incorruptibilia,
3081 4683 3175 4722 re·

553 4752 852 4826 linquitur
882 4753 1039 4827 quod
1072 4754 1149 4810 sit
1194 4754 1407 4811 iterato
1443 4756 1671 4830 corpori
1706 4753 2026 4816 unienda.‘
2093 4754 2176 4816 Cf.
2223 4774 2269 4812 c.
2315 4758 2522 4830 gentes
2555 4754 2651 4822 IV,
2694 4762 2791 4814 79.
2823 4786 2911 4796 —
2943 4752 3175 4822 Quibus
