<?xml version="1.0" encoding="UTF-8"?>
<!DOCTYPE html PUBLIC "-//W3C//DTD XHTML 1.0 Transitional//EN"
    "http://www.w3.org/TR/xhtml1/DTD/xhtml1-transitional.dtd">
<html xmlns="http://www.w3.org/1999/xhtml" xml:lang="en" lang="en">
 <head>
  <title>
</title>
<meta http-equiv="Content-Type" content="text/html;charset=utf-8" />
  <meta name='ocr-system' content='tesseract 3.04.00' />
  <meta name='ocr-capabilities' content='ocr_page ocr_carea ocr_par ocr_line ocrx_word'/>
</head>
<body>
  <div class='ocr_page' id='page_1' title='image "./theologiaedogma00hurtgoog_0177.png"; bbox 0 0 3538 5364; ppageno 0'>
   <div class='ocr_carea' id='block_1_1' title="bbox 983 312 2937 390">
    <p class='ocr_par' dir='ltr' id='par_1_1' title="bbox 983 312 2937 390">
     <span class='ocr_line' id='line_1_1' title="bbox 983 312 2937 390; baseline 0.005 -25"><span class='ocrx_word' id='word_1_1' title='bbox 983 313 1179 366; x_wconf 86' lang='lat' dir='ltr'>Thesis</span> <span class='ocrx_word' id='word_1_2' title='bbox 1207 312 1389 367; x_wconf 86' lang='lat' dir='ltr'><strong>CCIV.</strong></span> <span class='ocrx_word' id='word_1_3' title='bbox 1416 312 1665 383; x_wconf 77' lang='lat' dir='ltr'>Spiritus</span> <span class='ocrx_word' id='word_1_4' title='bbox 1693 332 1733 368; x_wconf 88' lang='lat' dir='ltr'>s.</span> <span class='ocrx_word' id='word_1_5' title='bbox 1764 312 2055 366; x_wconf 79' lang='lat' dir='ltr'>inhabitat</span> <span class='ocrx_word' id='word_1_6' title='bbox 2071 314 2275 383; x_wconf 86' lang='lat' dir='ltr'>justos.</span> <span class='ocrx_word' id='word_1_7' title='bbox 2813 324 2937 390; x_wconf 84' lang='lat'>165</span> 
     </span>
    </p>
   </div>
   <div class='ocr_carea' id='block_1_2' title="bbox 307 491 2942 1431">
    <p class='ocr_par' dir='ltr' id='par_1_2' title="bbox 307 491 2942 1431">
     <span class='ocr_line' id='line_1_2' title="bbox 307 491 2939 577; baseline 0.002 -21"><span class='ocrx_word' id='word_1_8' title='bbox 307 493 517 559; x_wconf 62' lang='lat' dir='ltr'>illius·</span> <span class='ocrx_word' id='word_1_9' title='bbox 575 492 889 556; x_wconf 77' lang='lat' dir='ltr'><strong><em>Venerunt</em></strong></span> <span class='ocrx_word' id='word_1_10' title='bbox 923 499 1128 556; x_wconf 78' lang='lat' dir='ltr'>autem</span> <span class='ocrx_word' id='word_1_11' title='bbox 1160 491 1312 555; x_wconf 68' lang='lat' dir='ltr'>mihi</span> <span class='ocrx_word' id='word_1_12' title='bbox 1341 493 1553 556; x_wconf 79' lang='lat' dir='ltr'>omnia</span> <span class='ocrx_word' id='word_1_13' title='bbox 1598 492 1759 556; x_wconf 84' lang='lat' dir='ltr'>bona</span> <span class='ocrx_word' id='word_1_14' title='bbox 1785 492 2036 577; x_wconf 77' lang='lat' dir='ltr'>pariter</span> <span class='ocrx_word' id='word_1_15' title='bbox 2065 513 2204 556; x_wconf 83' lang='lat' dir='ltr'>cum</span> <span class='ocrx_word' id='word_1_16' title='bbox 2234 492 2347 556; x_wconf 71' lang='lat' dir='ltr'>ina</span> <span class='ocrx_word' id='word_1_17' title='bbox 2380 500 2434 556; x_wconf 80' lang='lat' dir='ltr'>et</span> <span class='ocrx_word' id='word_1_18' title='bbox 2467 496 2939 562; x_wconf 72' lang='lat' dir='ltr'>innumerabilis</span> 
     </span>
     <span class='ocr_line' id='line_1_3' title="bbox 310 599 2936 685; baseline 0.003 -21"><span class='ocrx_word' id='word_1_19' title='bbox 310 603 606 665; x_wconf 73' lang='lat' dir='ltr'>honestas</span> <span class='ocrx_word' id='word_1_20' title='bbox 638 622 764 685; x_wconf 80' lang='lat' dir='ltr'>per</span> <span class='ocrx_word' id='word_1_21' title='bbox 806 621 1035 665; x_wconf 81' lang='lat' dir='ltr'>manus</span> <span class='ocrx_word' id='word_1_22' title='bbox 1078 599 1252 664; x_wconf 76' lang='lat' dir='ltr'>illius</span> <span class='ocrx_word' id='word_1_23' title='bbox 1296 656 1309 669; x_wconf 88' lang='lat'><strong>.</strong></span> <span class='ocrx_word' id='word_1_24' title='bbox 1357 656 1370 668; x_wconf 92' lang='lat'>.</span> <span class='ocrx_word' id='word_1_25' title='bbox 1419 649 1432 663; x_wconf 91' lang='lat'><strong>.</strong></span> <span class='ocrx_word' id='word_1_26' title='bbox 1485 599 1785 683; x_wconf 76' lang='lat' dir='ltr'>Infinitus</span> <span class='ocrx_word' id='word_1_27' title='bbox 1834 602 1998 664; x_wconf 77' lang='lat' dir='ltr'>enim</span> <span class='ocrx_word' id='word_1_28' title='bbox 2049 601 2379 665; x_wconf 72' lang='lat' dir='ltr'><em>thesaurus</em></span> <span class='ocrx_word' id='word_1_29' title='bbox 2428 610 2514 666; x_wconf 83' lang='lat' dir='ltr'>est</span> <span class='ocrx_word' id='word_1_30' title='bbox 2573 603 2936 672; x_wconf 72' lang='lat' dir='ltr'>hominibus.</span> 
     </span>
     <span class='ocr_line' id='line_1_4' title="bbox 326 706 2938 791; baseline 0.001 -18"><span class='ocrx_word' id='word_1_31' title='bbox 326 708 508 773; x_wconf 87' lang='lat' dir='ltr'>Unde</span> <span class='ocrx_word' id='word_1_32' title='bbox 542 706 869 773; x_wconf 86' lang='lat' dir='ltr'>corollarii</span> <span class='ocrx_word' id='word_1_33' title='bbox 898 709 1093 773; x_wconf 92' lang='lat' dir='ltr'>modo</span> <span class='ocrx_word' id='word_1_34' title='bbox 1137 708 1354 791; x_wconf 89' lang='lat' dir='ltr'>liquet,</span> <span class='ocrx_word' id='word_1_35' title='bbox 1401 726 1596 791; x_wconf 90' lang='lat' dir='ltr'>quam</span> <span class='ocrx_word' id='word_1_36' title='bbox 1645 725 1906 772; x_wconf 83' lang='lat' dir='ltr'>enorme</span> <span class='ocrx_word' id='word_1_37' title='bbox 1950 706 2192 772; x_wconf 90' lang='lat' dir='ltr'>malum</span> <span class='ocrx_word' id='word_1_38' title='bbox 2237 709 2318 773; x_wconf 88' lang='lat' dir='ltr'>sit</span> <span class='ocrx_word' id='word_1_39' title='bbox 2361 716 2698 790; x_wconf 87' lang='lat' dir='ltr'>peccatum</span> <span class='ocrx_word' id='word_1_40' title='bbox 2729 729 2938 790; x_wconf 84' lang='lat' dir='ltr'>grave,</span> 
     </span>
     <span class='ocr_line' id='line_1_5' title="bbox 308 814 2938 899; baseline -0.001 -17"><span class='ocrx_word' id='word_1_41' title='bbox 308 836 441 899; x_wconf 83' lang='lat' dir='ltr'>quo</span> <span class='ocrx_word' id='word_1_42' title='bbox 474 822 742 879; x_wconf 87' lang='lat' dir='ltr'>tantum</span> <span class='ocrx_word' id='word_1_43' title='bbox 775 815 890 879; x_wconf 90' lang='lat' dir='ltr'>Dei</span> <span class='ocrx_word' id='word_1_44' title='bbox 921 815 1226 880; x_wconf 89' lang='lat' dir='ltr'>bonitatis</span> <span class='ocrx_word' id='word_1_45' title='bbox 1258 814 1578 897; x_wconf 85' lang='lat' dir='ltr'>opificium</span> <span class='ocrx_word' id='word_1_46' title='bbox 1611 815 1977 890; x_wconf 80' lang='lat' dir='ltr'>destruitur,</span> <span class='ocrx_word' id='word_1_47' title='bbox 2011 821 2226 879; x_wconf 84' lang='lat' dir='ltr'>tantus</span> <span class='ocrx_word' id='word_1_48' title='bbox 2256 816 2565 879; x_wconf 87' lang='lat' dir='ltr'>amittitur</span> <span class='ocrx_word' id='word_1_49' title='bbox 2582 817 2938 881; x_wconf 79' lang='lat' dir='ltr'>thesaurus,</span> 
     </span>
     <span class='ocr_line' id='line_1_6' title="bbox 311 919 2940 1004; baseline 0 -17"><span class='ocrx_word' id='word_1_50' title='bbox 311 924 403 988; x_wconf 82' lang='lat' dir='ltr'>Cf.</span> <span class='ocrx_word' id='word_1_51' title='bbox 439 925 504 987; x_wconf 90' lang='lat' dir='ltr'>in</span> <span class='ocrx_word' id='word_1_52' title='bbox 540 922 767 1004; x_wconf 90' lang='lat' dir='ltr'>primis</span> <span class='ocrx_word' id='word_1_53' title='bbox 800 920 1222 986; x_wconf 90' lang='lat' dir='ltr'>Scheeben</span> <span class='ocrx_word' id='word_1_54' title='bbox 1255 922 1357 985; x_wconf 93' lang='lat' dir='ltr'>die</span> <span class='ocrx_word' id='word_1_55' title='bbox 1389 920 1891 985; x_wconf 88' lang='lat' dir='ltr'>Herrlichkeiten</span> <span class='ocrx_word' id='word_1_56' title='bbox 1925 921 2037 985; x_wconf 90' lang='lat' dir='ltr'>der</span> <span class='ocrx_word' id='word_1_57' title='bbox 2069 920 2241 1002; x_wconf 73' lang='lat' dir='ltr'>gottl.</span> <span class='ocrx_word' id='word_1_58' title='bbox 2275 919 2500 986; x_wconf 86' lang='lat' dir='ltr'>Gnade</span> <span class='ocrx_word' id='word_1_59' title='bbox 2531 922 2597 997; x_wconf 91' lang='lat' dir='ltr'>II,</span> <span class='ocrx_word' id='word_1_60' title='bbox 2633 928 2672 991; x_wconf 89' lang='lat'><strong>3</strong></span> <span class='ocrx_word' id='word_1_61' title='bbox 2705 929 2770 987; x_wconf 89' lang='lat' dir='ltr'>et</span> <span class='ocrx_word' id='word_1_62' title='bbox 2800 929 2843 992; x_wconf 90' lang='lat'>4</span> <span class='ocrx_word' id='word_1_63' title='bbox 2875 930 2940 989; x_wconf 89' lang='lat' dir='ltr'>et</span> 
     </span>
     <span class='ocr_line' id='line_1_7' title="bbox 321 1024 2940 1113; baseline 0.001 -20"><span class='ocrx_word' id='word_1_64' title='bbox 321 1030 670 1113; x_wconf 84' lang='lat' dir='ltr'>Mysterien</span> <span class='ocrx_word' id='word_1_65' title='bbox 723 1030 757 1113; x_wconf 64' lang='grc' dir='ltr'>ξ</span> <span class='ocrx_word' id='word_1_66' title='bbox 806 1032 891 1096; x_wconf 85' lang='grc'>38</span> <span class='ocrx_word' id='word_1_67' title='bbox 928 1024 1018 1091; x_wconf 84' lang='lat' dir='ltr'>ss.</span> <span class='ocrx_word' id='word_1_68' title='bbox 1068 1028 1445 1109; x_wconf 87' lang='lat' dir='ltr'>praesertim</span> <span class='ocrx_word' id='word_1_69' title='bbox 1494 1044 1633 1109; x_wconf 88' lang='lat' dir='ltr'>pag.</span> <span class='ocrx_word' id='word_1_70' title='bbox 1670 1032 1800 1096; x_wconf 79' lang='lat'>234</span> <span class='ocrx_word' id='word_1_71' title='bbox 1831 1047 1912 1091; x_wconf 86' lang='lat' dir='ltr'>ss.</span> <span class='ocrx_word' id='word_1_72' title='bbox 1959 1066 2046 1077; x_wconf 90' lang='lat'>—-</span> <span class='ocrx_word' id='word_1_73' title='bbox 2079 1026 2349 1110; x_wconf 89' lang='lat' dir='ltr'>Propter</span> <span class='ocrx_word' id='word_1_74' title='bbox 2395 1035 2647 1093; x_wconf 89' lang='lat' dir='ltr'>tantam</span> <span class='ocrx_word' id='word_1_75' title='bbox 2696 1031 2940 1111; x_wconf 86' lang='lat' dir='ltr'>gratiae</span> 
     </span>
     <span class='ocr_line' id='line_1_8' title="bbox 316 1133 2942 1219; baseline 0 -19"><span class='ocrx_word' id='word_1_76' title='bbox 316 1136 800 1219; x_wconf 82' lang='lat' dir='ltr'>praestantiam</span> <span class='ocrx_word' id='word_1_77' title='bbox 820 1141 1138 1218; x_wconf 87' lang='lat' dir='ltr'>quaerunt</span> <span class='ocrx_word' id='word_1_78' title='bbox 1156 1134 1453 1214; x_wconf 82' lang='lat' dir='ltr'>theologi,</span> <span class='ocrx_word' id='word_1_79' title='bbox 1473 1134 1878 1216; x_wconf 90' lang='lat' dir='ltr'>possibilisne</span> <span class='ocrx_word' id='word_1_80' title='bbox 1897 1134 1980 1197; x_wconf 90' lang='lat' dir='ltr'>sit</span> <span class='ocrx_word' id='word_1_81' title='bbox 1999 1133 2208 1215; x_wconf 89' lang='lat' dir='ltr'>gratia</span> <span class='ocrx_word' id='word_1_82' title='bbox 2239 1135 2583 1199; x_wconf 84' lang='lat' dir='ltr'>habitualis</span> <span class='ocrx_word' id='word_1_83' title='bbox 2603 1136 2942 1217; x_wconf 82' lang='lat' dir='ltr'>perfectior</span> 
     </span>
     <span class='ocr_line' id='line_1_9' title="bbox 315 1239 2941 1325; baseline 0 -19"><span class='ocrx_word' id='word_1_84' title='bbox 315 1244 526 1324; x_wconf 85' lang='lat' dir='ltr'>gratia</span> <span class='ocrx_word' id='word_1_85' title='bbox 542 1243 905 1324; x_wconf 88' lang='lat' dir='ltr'>praesentis</span> <span class='ocrx_word' id='word_1_86' title='bbox 927 1241 1208 1305; x_wconf 75' lang='lat' dir='ltr'>ordinis?</span> <span class='ocrx_word' id='word_1_87' title='bbox 1242 1240 1495 1321; x_wconf 83' lang='lat' dir='ltr'>Negant</span> <span class='ocrx_word' id='word_1_88' title='bbox 1523 1241 1737 1322; x_wconf 90' lang='lat' dir='ltr'>plures</span> <span class='ocrx_word' id='word_1_89' title='bbox 1769 1259 1917 1305; x_wconf 90' lang='lat' dir='ltr'>cum</span> <span class='ocrx_word' id='word_1_90' title='bbox 1939 1239 2250 1316; x_wconf 78' lang='lat' dir='ltr'>Suare23</span> <span class='ocrx_word' id='word_1_91' title='bbox 2284 1242 2558 1307; x_wconf 85' lang='lat' dir='ltr'>affirmat</span> <span class='ocrx_word' id='word_1_92' title='bbox 2588 1243 2734 1325; x_wconf 87' lang='lat' dir='ltr'>Rip</span> <span class='ocrx_word' id='word_1_93' title='bbox 2753 1244 2941 1308; x_wconf 89' lang='lat' dir='ltr'>alda</span> 
     </span>
     <span class='ocr_line' id='line_1_10' title="bbox 314 1349 1484 1431; baseline -0.003 -18"><span class='ocrx_word' id='word_1_94' title='bbox 314 1351 476 1431; x_wconf 88' lang='lat' dir='ltr'>disp.</span> <span class='ocrx_word' id='word_1_95' title='bbox 508 1349 619 1412; x_wconf 87' lang='lat' dir='ltr'>ult.</span> <span class='ocrx_word' id='word_1_96' title='bbox 653 1370 703 1411; x_wconf 79' lang='lat' dir='ltr'>S.</span> <span class='ocrx_word' id='word_1_97' title='bbox 736 1353 839 1417; x_wconf 85' lang='lat'>39.</span> <span class='ocrx_word' id='word_1_98' title='bbox 1481 1367 1484 1370; x_wconf 76' lang='grc'><strong>’</strong></span> 
     </span>
    </p>
   </div>
   <div class='ocr_carea' id='block_1_3' title="bbox 302 1471 2939 1652">
    <p class='ocr_par' dir='ltr' id='par_1_3' title="bbox 302 1471 2939 1652">
     <span class='ocr_line' id='line_1_11' title="bbox 506 1471 2939 1562; baseline 0.004 -21"><span class='ocrx_word' id='word_1_99' title='bbox 506 1478 649 1542; x_wconf 81' lang='lat'>197.</span> <span class='ocrx_word' id='word_1_100' title='bbox 684 1473 937 1541; x_wconf 67' lang='lat' dir='ltr'>&#39;rhesis</span> <span class='ocrx_word' id='word_1_101' title='bbox 984 1471 1210 1541; x_wconf 75' lang='lat' dir='ltr'>CCIV.</span> <span class='ocrx_word' id='word_1_102' title='bbox 1266 1495 1575 1559; x_wconf 73' lang='lat' dir='ltr'>Spiritus</span> <span class='ocrx_word' id='word_1_103' title='bbox 1614 1498 1903 1548; x_wconf 74' lang='lat' dir='ltr'>sanctus</span> <span class='ocrx_word' id='word_1_104' title='bbox 1939 1508 2201 1560; x_wconf 73' lang='lat' dir='ltr'>omnes,</span> <span class='ocrx_word' id='word_1_105' title='bbox 2240 1497 2364 1562; x_wconf 70' lang='lat' dir='ltr'>qui</span> <span class='ocrx_word' id='word_1_106' title='bbox 2401 1499 2639 1562; x_wconf 68' lang='lat' dir='ltr'>qratia</span> <span class='ocrx_word' id='word_1_107' title='bbox 2678 1499 2939 1552; x_wconf 70' lang='lat' dir='ltr'>sancti-</span> 
     </span>
     <span class='ocr_line' id='line_1_12' title="bbox 302 1585 2890 1652; baseline 0.002 -14"><span class='ocrx_word' id='word_1_108' title='bbox 302 1587 567 1649; x_wconf 76' lang='lat' dir='ltr'>ficante</span> <span class='ocrx_word' id='word_1_109' title='bbox 606 1589 982 1649; x_wconf 75' lang='lat' dir='ltr'>ornantur,</span> <span class='ocrx_word' id='word_1_110' title='bbox 1016 1586 1401 1639; x_wconf 76' lang='lat' dir='ltr'>secundum</span> <span class='ocrx_word' id='word_1_111' title='bbox 1437 1585 1907 1639; x_wconf 72' lang='lat' dir='ltr'>substantiam</span> <span class='ocrx_word' id='word_1_112' title='bbox 1944 1586 2240 1652; x_wconf 69' lang='lat' dir='ltr'>speciali</span> <span class='ocrx_word' id='word_1_113' title='bbox 2276 1588 2483 1641; x_wconf 78' lang='lat' dir='ltr'>modo</span> <span class='ocrx_word' id='word_1_114' title='bbox 2519 1588 2890 1642; x_wconf 72' lang='lat' dir='ltr'>inhabitat.</span> 
     </span>
    </p>
   </div>
   <div class='ocr_carea' id='block_1_4' title="bbox 316 1688 2938 2089">
    <p class='ocr_par' dir='ltr' id='par_1_4' title="bbox 316 1688 2938 2089">
     <span class='ocr_line' id='line_1_13' title="bbox 500 1688 2937 1770; baseline -0.001 -15"><span class='ocrx_word' id='word_1_115' title='bbox 500 1689 1074 1757; x_wconf 82' lang='lat' dir='ltr'>Demonstratio.</span> <span class='ocrx_word' id='word_1_116' title='bbox 1109 1689 1269 1752; x_wconf 91' lang='lat' dir='ltr'>Cum</span> <span class='ocrx_word' id='word_1_117' title='bbox 1302 1689 1507 1768; x_wconf 89' lang='lat' dir='ltr'>gratia</span> <span class='ocrx_word' id='word_1_118' title='bbox 1531 1688 2005 1769; x_wconf 79' lang='lat' dir='ltr'>justificationis</span> <span class='ocrx_word' id='word_1_119' title='bbox 2026 1707 2260 1754; x_wconf 86' lang='lat' dir='ltr'>nexam</span> <span class='ocrx_word' id='word_1_120' title='bbox 2290 1708 2431 1753; x_wconf 88' lang='lat' dir='ltr'>esse</span> <span class='ocrx_word' id='word_1_121' title='bbox 2465 1690 2807 1770; x_wconf 86' lang='lat' dir='ltr'>specialem</span> <span class='ocrx_word' id='word_1_122' title='bbox 2840 1691 2937 1753; x_wconf 89' lang='lat' dir='ltr'>in-</span> 
     </span>
     <span class='ocr_line' id='line_1_14' title="bbox 330 1792 2938 1877; baseline 0 -18"><span class='ocrx_word' id='word_1_123' title='bbox 330 1796 802 1860; x_wconf 86' lang='lat' dir='ltr'>habitationem</span> <span class='ocrx_word' id='word_1_124' title='bbox 835 1792 1105 1877; x_wconf 87' lang='lat' dir='ltr'>Spiritus</span> <span class='ocrx_word' id='word_1_125' title='bbox 1136 1815 1203 1869; x_wconf 90' lang='lat' dir='ltr'>s.,</span> <span class='ocrx_word' id='word_1_126' title='bbox 1248 1795 1585 1859; x_wconf 89' lang='lat' dir='ltr'>innumera</span> <span class='ocrx_word' id='word_1_127' title='bbox 1615 1793 1985 1877; x_wconf 88' lang='lat' dir='ltr'>Scripturae</span> <span class='ocrx_word' id='word_1_128' title='bbox 2043 1802 2108 1860; x_wconf 89' lang='lat' dir='ltr'>et</span> <span class='ocrx_word' id='word_1_129' title='bbox 2151 1802 2407 1877; x_wconf 88' lang='lat' dir='ltr'>patrum</span> <span class='ocrx_word' id='word_1_130' title='bbox 2453 1796 2645 1861; x_wconf 81' lang='lat' dir='ltr'>effata</span> <span class='ocrx_word' id='word_1_131' title='bbox 2688 1796 2938 1873; x_wconf 84' lang='lat' dir='ltr'>docent,</span> 
     </span>
     <span class='ocr_line' id='line_1_15' title="bbox 316 1899 2935 1985; baseline 0 -19"><span class='ocrx_word' id='word_1_132' title='bbox 316 1902 677 1966; x_wconf 87' lang='lat' dir='ltr'>secundum</span> <span class='ocrx_word' id='word_1_133' title='bbox 711 1920 879 1985; x_wconf 84' lang='lat' dir='ltr'>quae</span> <span class='ocrx_word' id='word_1_134' title='bbox 911 1899 1182 1983; x_wconf 86' lang='lat' dir='ltr'>Spiritus</span> <span class='ocrx_word' id='word_1_135' title='bbox 1214 1922 1261 1965; x_wconf 88' lang='lat' dir='ltr'>s.</span> <span class='ocrx_word' id='word_1_136' title='bbox 1294 1920 1427 1966; x_wconf 92' lang='lat' dir='ltr'>non</span> <span class='ocrx_word' id='word_1_137' title='bbox 1459 1908 1710 1965; x_wconf 89' lang='lat' dir='ltr'>tantum</span> <span class='ocrx_word' id='word_1_138' title='bbox 1741 1902 1927 1965; x_wconf 90' lang='lat' dir='ltr'>donis</span> <span class='ocrx_word' id='word_1_139' title='bbox 1959 1903 2107 1977; x_wconf 78' lang='lat' dir='ltr'>suiS,</span> <span class='ocrx_word' id='word_1_140' title='bbox 2153 1902 2267 1967; x_wconf 89' lang='lat' dir='ltr'>sed</span> <span class='ocrx_word' id='word_1_141' title='bbox 2297 1902 2435 1970; x_wconf 77' lang='grc' dir='ltr'>κατ’</span> <span class='ocrx_word' id='word_1_142' title='bbox 2453 1903 2655 1970; x_wconf 73' lang='grc' dir='ltr'>οὐσίαν</span> <span class='ocrx_word' id='word_1_143' title='bbox 2706 1923 2935 1968; x_wconf 91' lang='lat' dir='ltr'>secun·</span> 
     </span>
     <span class='ocr_line' id='line_1_16' title="bbox 323 2007 1853 2089; baseline -0.001 -16"><span class='ocrx_word' id='word_1_144' title='bbox 323 2011 481 2073; x_wconf 83' lang='lat' dir='ltr'>dum</span> <span class='ocrx_word' id='word_1_145' title='bbox 512 2009 947 2074; x_wconf 84' lang='lat' dir='ltr'>substantiam</span> <span class='ocrx_word' id='word_1_146' title='bbox 972 2008 1178 2089; x_wconf 90' lang='lat' dir='ltr'>justos</span> <span class='ocrx_word' id='word_1_147' title='bbox 1210 2008 1543 2072; x_wconf 87' lang='lat' dir='ltr'>inhabitat.</span> <span class='ocrx_word' id='word_1_148' title='bbox 1607 2007 1853 2072; x_wconf 89' lang='lat' dir='ltr'>Docent</span> 
     </span>
    </p>
   </div>
   <div class='ocr_carea' id='block_1_5' title="bbox 320 2132 2941 2859">
    <p class='ocr_par' dir='ltr' id='par_1_5' title="bbox 320 2132 2941 2859">
     <span class='ocr_line' id='line_1_17' title="bbox 505 2132 2936 2215; baseline 0.001 -16"><span class='ocrx_word' id='word_1_149' title='bbox 505 2135 567 2201; x_wconf 91' lang='lat' dir='ltr'>l.</span> <span class='ocrx_word' id='word_1_150' title='bbox 603 2132 978 2215; x_wconf 86' lang='lat' dir='ltr'>Scripturae</span> <span class='ocrx_word' id='word_1_151' title='bbox 1008 2133 1190 2198; x_wconf 88' lang='lat' dir='ltr'>Joan.</span> <span class='ocrx_word' id='word_1_152' title='bbox 1219 2138 1317 2209; x_wconf 84' lang='lat'>14,</span> <span class='ocrx_word' id='word_1_153' title='bbox 1348 2140 1455 2207; x_wconf 70' lang='lat'>16³</span> <span class='ocrx_word' id='word_1_154' title='bbox 1493 2137 1594 2209; x_wconf 85' lang='lat'>15,</span> <span class='ocrx_word' id='word_1_155' title='bbox 1617 2139 1734 2207; x_wconf 74' lang='lat'>263</span> <span class='ocrx_word' id='word_1_156' title='bbox 1767 2134 1950 2198; x_wconf 90' lang='lat' dir='ltr'>Rom.</span> <span class='ocrx_word' id='word_1_157' title='bbox 1985 2139 2044 2209; x_wconf 86' lang='lat'>5,</span> <span class='ocrx_word' id='word_1_158' title='bbox 2078 2140 2152 2209; x_wconf 71' lang='grc' dir='ltr'>ὃς</span> <span class='ocrx_word' id='word_1_159' title='bbox 2188 2141 2244 2210; x_wconf 88' lang='grc'>8,</span> <span class='ocrx_word' id='word_1_160' title='bbox 2280 2141 2319 2202; x_wconf 85' lang='grc'>9</span> <span class='ocrx_word' id='word_1_161' title='bbox 2351 2155 2433 2210; x_wconf 86' lang='lat' dir='ltr'>s.;</span> <span class='ocrx_word' id='word_1_162' title='bbox 2476 2144 2525 2202; x_wconf 90' lang='lat'>1.</span> <span class='ocrx_word' id='word_1_163' title='bbox 2557 2133 2699 2199; x_wconf 93' lang='lat' dir='ltr'>Cor.</span> <span class='ocrx_word' id='word_1_164' title='bbox 2734 2141 2792 2212; x_wconf 88' lang='lat'>3,</span> <span class='ocrx_word' id='word_1_165' title='bbox 2831 2142 2936 2211; x_wconf 78' lang='lat'>163</span> 
     </span>
     <span class='ocr_line' id='line_1_18' title="bbox 321 2238 2941 2325; baseline -0.002 -16"><span class='ocrx_word' id='word_1_166' title='bbox 321 2247 381 2316; x_wconf 77' lang='lat'>6,</span> <span class='ocrx_word' id='word_1_167' title='bbox 422 2246 501 2308; x_wconf 93' lang='lat'>19</span> <span class='ocrx_word' id='word_1_168' title='bbox 535 2248 675 2317; x_wconf 73' lang='lat' dir='ltr'>etc,</span> <span class='ocrx_word' id='word_1_169' title='bbox 708 2260 745 2306; x_wconf 92' lang='lat' dir='ltr'>e</span> <span class='ocrx_word' id='word_1_170' title='bbox 777 2240 1007 2322; x_wconf 90' lang='lat' dir='ltr'>quibus</span> <span class='ocrx_word' id='word_1_171' title='bbox 1054 2240 1433 2304; x_wconf 84' lang='lat' dir='ltr'>testimoniis</span> <span class='ocrx_word' id='word_1_172' title='bbox 1478 2240 1694 2323; x_wconf 87' lang='lat' dir='ltr'>liquet,</span> <span class='ocrx_word' id='word_1_173' title='bbox 1741 2238 2046 2322; x_wconf 90' lang='lat' dir='ltr'>Spiritum</span> <span class='ocrx_word' id='word_1_174' title='bbox 2078 2262 2145 2317; x_wconf 74' lang='lat' dir='ltr'>s,</span> <span class='ocrx_word' id='word_1_175' title='bbox 2197 2242 2303 2325; x_wconf 90' lang='lat' dir='ltr'>qui</span> <span class='ocrx_word' id='word_1_176' title='bbox 2336 2249 2434 2306; x_wconf 87' lang='lat' dir='ltr'>est</span> <span class='ocrx_word' id='word_1_177' title='bbox 2465 2240 2675 2305; x_wconf 90' lang='lat' dir='ltr'>Patris</span> <span class='ocrx_word' id='word_1_178' title='bbox 2708 2250 2772 2307; x_wconf 89' lang='lat' dir='ltr'>et</span> <span class='ocrx_word' id='word_1_179' title='bbox 2804 2242 2941 2305; x_wconf 89' lang='lat' dir='ltr'>Filii</span> 
     </span>
     <span class='ocr_line' id='line_1_19' title="bbox 322 2345 2940 2430; baseline 0.001 -20"><span class='ocrx_word' id='word_1_180' title='bbox 322 2346 615 2429; x_wconf 77' lang='lat' dir='ltr'>SpirituS,</span> <span class='ocrx_word' id='word_1_181' title='bbox 649 2347 759 2430; x_wconf 88' lang='lat' dir='ltr'>qui</span> <span class='ocrx_word' id='word_1_182' title='bbox 792 2365 833 2409; x_wconf 88' lang='lat' dir='ltr'>a</span> <span class='ocrx_word' id='word_1_183' title='bbox 865 2345 1055 2412; x_wconf 89' lang='lat' dir='ltr'>Patre</span> <span class='ocrx_word' id='word_1_184' title='bbox 1087 2347 1392 2428; x_wconf 74' lang='lat' dir='ltr'>procedit,</span> <span class='ocrx_word' id='word_1_185' title='bbox 1437 2348 1626 2429; x_wconf 88' lang='lat' dir='ltr'>justis</span> <span class='ocrx_word' id='word_1_186' title='bbox 1679 2348 1860 2423; x_wconf 89' lang='lat' dir='ltr'>mitti,</span> <span class='ocrx_word' id='word_1_187' title='bbox 1895 2347 2152 2424; x_wconf 81' lang='lat' dir='ltr'>infundi,</span> <span class='ocrx_word' id='word_1_188' title='bbox 2186 2348 2432 2424; x_wconf 88' lang='lat' dir='ltr'>donari,</span> <span class='ocrx_word' id='word_1_189' title='bbox 2481 2367 2611 2412; x_wconf 91' lang='lat' dir='ltr'>non</span> <span class='ocrx_word' id='word_1_190' title='bbox 2644 2367 2830 2413; x_wconf 89' lang='lat' dir='ltr'>secus</span> <span class='ocrx_word' id='word_1_191' title='bbox 2863 2367 2940 2413; x_wconf 87' lang='lat' dir='ltr'>ac</span> 
     </span>
     <span class='ocr_line' id='line_1_20' title="bbox 324 2454 2939 2536; baseline 0.001 -19"><span class='ocrx_word' id='word_1_192' title='bbox 324 2454 518 2517; x_wconf 87' lang='lat' dir='ltr'>Filius</span> <span class='ocrx_word' id='word_1_193' title='bbox 552 2454 740 2518; x_wconf 88' lang='lat' dir='ltr'>nobis</span> <span class='ocrx_word' id='word_1_194' title='bbox 778 2456 1013 2518; x_wconf 90' lang='lat' dir='ltr'>missus</span> <span class='ocrx_word' id='word_1_195' title='bbox 1046 2461 1110 2520; x_wconf 89' lang='lat' dir='ltr'>et</span> <span class='ocrx_word' id='word_1_196' title='bbox 1142 2454 1333 2518; x_wconf 90' lang='lat' dir='ltr'>datus</span> <span class='ocrx_word' id='word_1_197' title='bbox 1368 2455 1510 2529; x_wconf 84' lang='lat' dir='ltr'>suit;</span> <span class='ocrx_word' id='word_1_198' title='bbox 1556 2455 1764 2536; x_wconf 88' lang='lat' dir='ltr'>justos</span> <span class='ocrx_word' id='word_1_199' title='bbox 1816 2473 1962 2520; x_wconf 92' lang='lat' dir='ltr'>eum</span> <span class='ocrx_word' id='word_1_200' title='bbox 2013 2455 2322 2536; x_wconf 89' lang='lat' dir='ltr'>accipere,</span> <span class='ocrx_word' id='word_1_201' title='bbox 2372 2455 2630 2532; x_wconf 88' lang='lat' dir='ltr'>habere,</span> <span class='ocrx_word' id='word_1_202' title='bbox 2662 2463 2939 2536; x_wconf 89' lang='lat' dir='ltr'>portare,</span> 
     </span>
     <span class='ocr_line' id='line_1_21' title="bbox 323 2560 2939 2644; baseline 0 -19"><span class='ocrx_word' id='word_1_203' title='bbox 323 2562 490 2625; x_wconf 86' lang='lat' dir='ltr'>adeo</span> <span class='ocrx_word' id='word_1_204' title='bbox 524 2568 596 2624; x_wconf 86' lang='lat' dir='ltr'>ut</span> <span class='ocrx_word' id='word_1_205' title='bbox 625 2561 756 2624; x_wconf 87' lang='lat' dir='ltr'>sint</span> <span class='ocrx_word' id='word_1_206' title='bbox 790 2561 928 2642; x_wconf 83' lang='lat' dir='ltr'>ejus</span> <span class='ocrx_word' id='word_1_207' title='bbox 961 2561 1281 2642; x_wconf 89' lang='lat' dir='ltr'>templum.</span> <span class='ocrx_word' id='word_1_208' title='bbox 1343 2561 1538 2644; x_wconf 88' lang='lat' dir='ltr'>Atqui</span> <span class='ocrx_word' id='word_1_209' title='bbox 1582 2563 1841 2627; x_wconf 92' lang='lat' dir='ltr'>nomine</span> <span class='ocrx_word' id='word_1_210' title='bbox 1874 2560 2146 2643; x_wconf 86' lang='lat' dir='ltr'>Spiritus</span> <span class='ocrx_word' id='word_1_211' title='bbox 2178 2582 2244 2637; x_wconf 77' lang='grc'>5.,</span> <span class='ocrx_word' id='word_1_212' title='bbox 2279 2563 2385 2644; x_wconf 88' lang='lat' dir='ltr'>qui</span> <span class='ocrx_word' id='word_1_213' title='bbox 2417 2580 2458 2626; x_wconf 87' lang='lat' dir='ltr'>a</span> <span class='ocrx_word' id='word_1_214' title='bbox 2489 2561 2681 2626; x_wconf 89' lang='lat' dir='ltr'>Patre</span> <span class='ocrx_word' id='word_1_215' title='bbox 2712 2580 2939 2642; x_wconf 90' lang='lat' dir='ltr'>proce-</span> 
     </span>
     <span class='ocr_line' id='line_1_22' title="bbox 325 2667 2938 2752; baseline 0 -19"><span class='ocrx_word' id='word_1_216' title='bbox 325 2670 436 2745; x_wconf 88' lang='lat' dir='ltr'>dit,</span> <span class='ocrx_word' id='word_1_217' title='bbox 471 2669 580 2752; x_wconf 89' lang='lat' dir='ltr'>qui</span> <span class='ocrx_word' id='word_1_218' title='bbox 612 2667 822 2732; x_wconf 89' lang='lat' dir='ltr'>Patris</span> <span class='ocrx_word' id='word_1_219' title='bbox 855 2674 920 2733; x_wconf 90' lang='lat' dir='ltr'>et</span> <span class='ocrx_word' id='word_1_220' title='bbox 950 2668 1086 2732; x_wconf 90' lang='lat' dir='ltr'>Filii</span> <span class='ocrx_word' id='word_1_221' title='bbox 1119 2674 1218 2734; x_wconf 91' lang='lat' dir='ltr'>est</span> <span class='ocrx_word' id='word_1_222' title='bbox 1248 2667 1535 2750; x_wconf 78' lang='lat' dir='ltr'>SpirituS,</span> <span class='ocrx_word' id='word_1_223' title='bbox 1569 2670 1751 2751; x_wconf 86' lang='lat' dir='ltr'>cujus</span> <span class='ocrx_word' id='word_1_224' title='bbox 1783 2689 1903 2734; x_wconf 90' lang='lat' dir='ltr'>nos</span> <span class='ocrx_word' id='word_1_225' title='bbox 1933 2691 2154 2734; x_wconf 89' lang='lat' dir='ltr'>sumus</span> <span class='ocrx_word' id='word_1_226' title='bbox 2177 2670 2500 2752; x_wconf 89' lang='lat' dir='ltr'>templum,</span> <span class='ocrx_word' id='word_1_227' title='bbox 2533 2668 2794 2749; x_wconf 84' lang='lat' dir='ltr'>intelligi</span> <span class='ocrx_word' id='word_1_228' title='bbox 2822 2688 2938 2734; x_wconf 90' lang='lat' dir='ltr'>ne-</span> 
     </span>
     <span class='ocr_line' id='line_1_23' title="bbox 320 2775 2574 2859; baseline -0 -19"><span class='ocrx_word' id='word_1_229' title='bbox 320 2779 464 2859; x_wconf 87' lang='lat' dir='ltr'>quit</span> <span class='ocrx_word' id='word_1_230' title='bbox 496 2784 752 2842; x_wconf 87' lang='lat' dir='ltr'>tantum</span> <span class='ocrx_word' id='word_1_231' title='bbox 786 2775 1042 2858; x_wconf 88' lang='lat' dir='ltr'>aliquod</span> <span class='ocrx_word' id='word_1_232' title='bbox 1074 2778 1413 2852; x_wconf 86' lang='lat' dir='ltr'>charisma,</span> <span class='ocrx_word' id='word_1_233' title='bbox 1446 2777 1559 2842; x_wconf 89' lang='lat' dir='ltr'>sed</span> <span class='ocrx_word' id='word_1_234' title='bbox 1592 2778 1854 2858; x_wconf 84' lang='lat' dir='ltr'>intelligi</span> <span class='ocrx_word' id='word_1_235' title='bbox 1885 2778 2076 2843; x_wconf 87' lang='lat' dir='ltr'>debet</span> <span class='ocrx_word' id='word_1_236' title='bbox 2105 2777 2247 2859; x_wconf 89' lang='lat' dir='ltr'>ipsa</span> <span class='ocrx_word' id='word_1_237' title='bbox 2279 2795 2574 2859; x_wconf 90' lang='lat' dir='ltr'>persona.</span> 
     </span>
    </p>
   </div>
   <div class='ocr_carea' id='block_1_6' title="bbox 319 2899 2941 3517">
    <p class='ocr_par' dir='ltr' id='par_1_6' title="bbox 319 2899 2941 3517">
     <span class='ocr_line' id='line_1_24' title="bbox 500 2899 2941 2984; baseline -0 -19"><span class='ocrx_word' id='word_1_238' title='bbox 500 2904 566 2971; x_wconf 74' lang='lat'>2.</span> <span class='ocrx_word' id='word_1_239' title='bbox 599 2899 874 2982; x_wconf 88' lang='lat' dir='ltr'>Spiritus</span> <span class='ocrx_word' id='word_1_240' title='bbox 894 2908 1155 2966; x_wconf 88' lang='lat' dir='ltr'>sanctus</span> <span class='ocrx_word' id='word_1_241' title='bbox 1176 2902 1477 2982; x_wconf 86' lang='lat' dir='ltr'>singulari</span> <span class='ocrx_word' id='word_1_242' title='bbox 1497 2903 1748 2966; x_wconf 84' lang='lat' dir='ltr'>ratione</span> <span class='ocrx_word' id='word_1_243' title='bbox 1782 2907 2054 2966; x_wconf 86' lang='lat' dir='ltr'>vocatur</span> <span class='ocrx_word' id='word_1_244' title='bbox 2086 2903 2343 2978; x_wconf 91' lang='lat' dir='ltr'>donum,</span> <span class='ocrx_word' id='word_1_245' title='bbox 2379 2921 2508 2966; x_wconf 92' lang='lat' dir='ltr'>non</span> <span class='ocrx_word' id='word_1_246' title='bbox 2543 2902 2769 2979; x_wconf 91' lang='lat' dir='ltr'>solum,</span> <span class='ocrx_word' id='word_1_247' title='bbox 2791 2902 2941 2984; x_wconf 88' lang='lat' dir='ltr'>quia</span> 
     </span>
     <span class='ocr_line' id='line_1_25' title="bbox 320 3007 2941 3091; baseline 0 -19"><span class='ocrx_word' id='word_1_248' title='bbox 320 3017 419 3072; x_wconf 87' lang='lat' dir='ltr'>est</span> <span class='ocrx_word' id='word_1_249' title='bbox 451 3009 775 3072; x_wconf 89' lang='lat' dir='ltr'>donorum</span> <span class='ocrx_word' id='word_1_250' title='bbox 807 3009 1388 3091; x_wconf 88' lang='lat' dir='ltr'>supernaturalium</span> <span class='ocrx_word' id='word_1_251' title='bbox 1421 3016 1665 3082; x_wconf 84' lang='lat' dir='ltr'>auctor,</span> <span class='ocrx_word' id='word_1_252' title='bbox 1709 3009 1822 3072; x_wconf 90' lang='lat' dir='ltr'>sed</span> <span class='ocrx_word' id='word_1_253' title='bbox 1858 3008 2009 3090; x_wconf 89' lang='lat' dir='ltr'>quia</span> <span class='ocrx_word' id='word_1_254' title='bbox 2041 3009 2176 3089; x_wconf 91' lang='lat' dir='ltr'>ipse</span> <span class='ocrx_word' id='word_1_255' title='bbox 2207 3007 2502 3072; x_wconf 87' lang='lat' dir='ltr'>donatur.</span> <span class='ocrx_word' id='word_1_256' title='bbox 2544 3008 2671 3082; x_wconf 85' lang='lat' dir='ltr'>,De</span> <span class='ocrx_word' id='word_1_257' title='bbox 2704 3007 2941 3089; x_wconf 88' lang='lat' dir='ltr'>Spiritu</span> 
     </span>
     <span class='ocr_line' id='line_1_26' title="bbox 319 3113 2939 3198; baseline -0.001 -20"><span class='ocrx_word' id='word_1_258' title='bbox 319 3123 570 3189; x_wconf 84' lang='lat' dir='ltr'>sanctO,</span> <span class='ocrx_word' id='word_1_259' title='bbox 606 3115 817 3198; x_wconf 87' lang='lat' dir='ltr'>inquit</span> <span class='ocrx_word' id='word_1_260' title='bbox 847 3136 895 3179; x_wconf 86' lang='lat' dir='ltr'>s.</span> <span class='ocrx_word' id='word_1_261' title='bbox 928 3115 1434 3196; x_wconf 88' lang='lat' dir='ltr'>Augustinus</span> <span class='ocrx_word' id='word_1_262' title='bbox 1467 3116 1547 3178; x_wconf 90' lang='lat' dir='ltr'>de</span> <span class='ocrx_word' id='word_1_263' title='bbox 1579 3114 1703 3178; x_wconf 86' lang='lat' dir='ltr'>fide</span> <span class='ocrx_word' id='word_1_264' title='bbox 1736 3121 1802 3178; x_wconf 90' lang='lat' dir='ltr'>et</span> <span class='ocrx_word' id='word_1_265' title='bbox 1829 3113 2030 3195; x_wconf 79' lang='lat' dir='ltr'>symb.</span> <span class='ocrx_word' id='word_1_266' title='bbox 2052 3131 2104 3177; x_wconf 90' lang='lat' dir='ltr'>c.</span> <span class='ocrx_word' id='word_1_267' title='bbox 2127 3119 2185 3190; x_wconf 87' lang='lat'>9,</span> <span class='ocrx_word' id='word_1_268' title='bbox 2218 3114 2505 3178; x_wconf 90' lang='lat' dir='ltr'>nondum</span> <span class='ocrx_word' id='word_1_269' title='bbox 2525 3121 2658 3178; x_wconf 88' lang='lat' dir='ltr'>tam</span> <span class='ocrx_word' id='word_1_270' title='bbox 2679 3114 2939 3194; x_wconf 90' lang='lat' dir='ltr'>copiose</span> 
     </span>
     <span class='ocr_line' id='line_1_27' title="bbox 320 3219 2937 3304; baseline -0.002 -18"><span class='ocrx_word' id='word_1_271' title='bbox 320 3240 398 3286; x_wconf 91' lang='lat' dir='ltr'>ac</span> <span class='ocrx_word' id='word_1_272' title='bbox 431 3223 772 3304; x_wconf 75' lang='lat' dir='ltr'>diligenter</span> <span class='ocrx_word' id='word_1_273' title='bbox 803 3223 1192 3304; x_wconf 89' lang='lat' dir='ltr'>disputatum</span> <span class='ocrx_word' id='word_1_274' title='bbox 1239 3228 1338 3286; x_wconf 87' lang='lat' dir='ltr'>est</span> <span class='ocrx_word' id='word_1_275' title='bbox 1368 3240 1409 3285; x_wconf 93' lang='lat' dir='ltr'>a</span> <span class='ocrx_word' id='word_1_276' title='bbox 1441 3221 1645 3285; x_wconf 88' lang='lat' dir='ltr'>doctis</span> <span class='ocrx_word' id='word_1_277' title='bbox 1678 3227 1740 3285; x_wconf 90' lang='lat' dir='ltr'>et</span> <span class='ocrx_word' id='word_1_278' title='bbox 1773 3221 2021 3300; x_wconf 89' lang='lat' dir='ltr'>magnis</span> <span class='ocrx_word' id='word_1_279' title='bbox 2068 3221 2427 3284; x_wconf 82' lang='lat' dir='ltr'>divinarum</span> <span class='ocrx_word' id='word_1_280' title='bbox 2461 3219 2937 3303; x_wconf 89' lang='lat' dir='ltr'>Scripturarum</span> 
     </span>
     <span class='ocr_line' id='line_1_28' title="bbox 319 3327 2937 3412; baseline -0.002 -18"><span class='ocrx_word' id='word_1_281' title='bbox 319 3330 789 3394; x_wconf 82' lang='lat' dir='ltr'>tractatoribus</span> <span class='ocrx_word' id='word_1_282' title='bbox 824 3329 1082 3394; x_wconf 89' lang='lat' dir='ltr'>...nisi</span> <span class='ocrx_word' id='word_1_283' title='bbox 1134 3329 1306 3412; x_wconf 89' lang='lat' dir='ltr'>quod</span> <span class='ocrx_word' id='word_1_284' title='bbox 1356 3347 1504 3393; x_wconf 91' lang='lat' dir='ltr'>eum</span> <span class='ocrx_word' id='word_1_285' title='bbox 1553 3328 1798 3391; x_wconf 90' lang='lat' dir='ltr'>donum</span> <span class='ocrx_word' id='word_1_286' title='bbox 1831 3327 1945 3392; x_wconf 90' lang='lat' dir='ltr'>Dei</span> <span class='ocrx_word' id='word_1_287' title='bbox 1991 3347 2133 3392; x_wconf 88' lang='lat' dir='ltr'>esse</span> <span class='ocrx_word' id='word_1_288' title='bbox 2181 3329 2573 3410; x_wconf 89' lang='lat' dir='ltr'>praedicant,</span> <span class='ocrx_word' id='word_1_289' title='bbox 2619 3334 2689 3392; x_wconf 87' lang='lat' dir='ltr'>ut</span> <span class='ocrx_word' id='word_1_290' title='bbox 2733 3328 2937 3392; x_wconf 91' lang='lat' dir='ltr'>Deum</span> 
     </span>
     <span class='ocr_line' id='line_1_29' title="bbox 319 3435 1882 3517; baseline -0.001 -18"><span class='ocrx_word' id='word_1_291' title='bbox 319 3436 666 3501; x_wconf 87' lang='lat' dir='ltr'>credamus</span> <span class='ocrx_word' id='word_1_292' title='bbox 698 3455 832 3499; x_wconf 90' lang='lat' dir='ltr'>non</span> <span class='ocrx_word' id='word_1_293' title='bbox 863 3435 1076 3517; x_wconf 91' lang='lat' dir='ltr'>seipso</span> <span class='ocrx_word' id='word_1_294' title='bbox 1108 3435 1367 3499; x_wconf 83' lang='lat' dir='ltr'>interius</span> <span class='ocrx_word' id='word_1_295' title='bbox 1399 3435 1639 3498; x_wconf 90' lang='lat' dir='ltr'>donum</span> <span class='ocrx_word' id='word_1_296' title='bbox 1672 3435 1882 3498; x_wconf 61' lang='lat' dir='ltr'>dare«</span> 
     </span>
    </p>
   </div>
   <div class='ocr_carea' id='block_1_7' title="bbox 320 3558 2939 3854">
    <p class='ocr_par' dir='ltr' id='par_1_7' title="bbox 320 3558 2939 3854">
     <span class='ocr_line' id='line_1_30' title="bbox 502 3558 2939 3642; baseline -0.003 -13"><span class='ocrx_word' id='word_1_297' title='bbox 502 3563 571 3629; x_wconf 79' lang='lat'>3.</span> <span class='ocrx_word' id='word_1_298' title='bbox 606 3559 953 3625; x_wconf 85' lang='lat' dir='ltr'>Praeterea</span> <span class='ocrx_word' id='word_1_299' title='bbox 981 3567 1197 3641; x_wconf 89' lang='lat' dir='ltr'>patres</span> <span class='ocrx_word' id='word_1_300' title='bbox 1230 3560 1628 3642; x_wconf 86' lang='lat' dir='ltr'>distinguunt</span> <span class='ocrx_word' id='word_1_301' title='bbox 1658 3559 1825 3626; x_wconf 88' lang='lat' dir='ltr'>inter</span> <span class='ocrx_word' id='word_1_302' title='bbox 1845 3558 2116 3642; x_wconf 89' lang='lat' dir='ltr'>Spiritus</span> <span class='ocrx_word' id='word_1_303' title='bbox 2148 3560 2368 3624; x_wconf 80' lang='lat' dir='ltr'>sancti</span> <span class='ocrx_word' id='word_1_304' title='bbox 2387 3580 2472 3623; x_wconf 89' lang='lat' dir='ltr'>su</span> <span class='ocrx_word' id='word_1_305' title='bbox 2487 3558 2527 3622; x_wconf 90' lang='lat' dir='ltr'>b</span> <span class='ocrx_word' id='word_1_306' title='bbox 2546 3566 2725 3622; x_wconf 88' lang='lat' dir='ltr'>stan</span> <span class='ocrx_word' id='word_1_307' title='bbox 2740 3565 2768 3622; x_wconf 97' lang='lat' dir='ltr'>t</span> <span class='ocrx_word' id='word_1_308' title='bbox 2784 3559 2804 3622; x_wconf 89' lang='lat' dir='ltr'>i</span> <span class='ocrx_word' id='word_1_309' title='bbox 2820 3577 2861 3622; x_wconf 92' lang='lat' dir='ltr'>a</span> <span class='ocrx_word' id='word_1_310' title='bbox 2874 3578 2939 3622; x_wconf 90' lang='lat' dir='ltr'>m</span> 
     </span>
     <span class='ocr_line' id='line_1_31' title="bbox 320 3664 2937 3749; baseline -0.002 -17"><span class='ocrx_word' id='word_1_311' title='bbox 320 3674 388 3732; x_wconf 90' lang='lat' dir='ltr'>et</span> <span class='ocrx_word' id='word_1_312' title='bbox 420 3687 461 3730; x_wconf 96' lang='lat' dir='ltr'>o</span> <span class='ocrx_word' id='word_1_313' title='bbox 478 3687 519 3749; x_wconf 93' lang='lat' dir='ltr'>p</span> <span class='ocrx_word' id='word_1_314' title='bbox 538 3686 575 3732; x_wconf 89' lang='lat' dir='ltr'>e</span> <span class='ocrx_word' id='word_1_315' title='bbox 589 3687 622 3730; x_wconf 94' lang='lat' dir='ltr'>r</span> <span class='ocrx_word' id='word_1_316' title='bbox 638 3685 678 3730; x_wconf 91' lang='lat' dir='ltr'>a</span> <span class='ocrx_word' id='word_1_317' title='bbox 698 3668 869 3731; x_wconf 90' lang='lat' dir='ltr'>tion</span> <span class='ocrx_word' id='word_1_318' title='bbox 887 3685 922 3731; x_wconf 89' lang='lat' dir='ltr'>e</span> <span class='ocrx_word' id='word_1_319' title='bbox 938 3686 1018 3743; x_wconf 90' lang='lat' dir='ltr'>m,</span> <span class='ocrx_word' id='word_1_320' title='bbox 1054 3674 1120 3733; x_wconf 90' lang='lat' dir='ltr'>et</span> <span class='ocrx_word' id='word_1_321' title='bbox 1150 3667 1384 3732; x_wconf 87' lang='lat' dir='ltr'>diserte</span> <span class='ocrx_word' id='word_1_322' title='bbox 1406 3673 1687 3742; x_wconf 82' lang='lat' dir='ltr'>tuentur,</span> <span class='ocrx_word' id='word_1_323' title='bbox 1721 3665 2025 3749; x_wconf 87' lang='lat' dir='ltr'>Spiritum</span> <span class='ocrx_word' id='word_1_324' title='bbox 2058 3687 2104 3730; x_wconf 78' lang='lat' dir='ltr'>s,</span> <span class='ocrx_word' id='word_1_325' title='bbox 2139 3685 2269 3731; x_wconf 89' lang='lat' dir='ltr'>non</span> <span class='ocrx_word' id='word_1_326' title='bbox 2302 3673 2553 3730; x_wconf 89' lang='lat' dir='ltr'>tantum</span> <span class='ocrx_word' id='word_1_327' title='bbox 2584 3664 2937 3729; x_wconf 89' lang='lat' dir='ltr'>secundum</span> 
     </span>
     <span class='ocr_line' id='line_1_32' title="bbox 322 3773 2569 3854; baseline -0.001 -17"><span class='ocrx_word' id='word_1_328' title='bbox 322 3774 797 3854; x_wconf 88' lang='lat' dir='ltr'>operationem,</span> <span class='ocrx_word' id='word_1_329' title='bbox 831 3775 944 3838; x_wconf 90' lang='lat' dir='ltr'>sed</span> <span class='ocrx_word' id='word_1_330' title='bbox 975 3775 1328 3840; x_wconf 88' lang='lat' dir='ltr'>secundum</span> <span class='ocrx_word' id='word_1_331' title='bbox 1360 3794 1391 3839; x_wconf 92' lang='lat' dir='ltr'>s</span> <span class='ocrx_word' id='word_1_332' title='bbox 1406 3795 1449 3838; x_wconf 93' lang='lat' dir='ltr'>u</span> <span class='ocrx_word' id='word_1_333' title='bbox 1464 3774 1506 3837; x_wconf 91' lang='lat' dir='ltr'>b</span> <span class='ocrx_word' id='word_1_334' title='bbox 1523 3795 1553 3838; x_wconf 97' lang='lat' dir='ltr'>s</span> <span class='ocrx_word' id='word_1_335' title='bbox 1570 3780 1596 3838; x_wconf 86' lang='lat' dir='ltr'>t</span> <span class='ocrx_word' id='word_1_336' title='bbox 1613 3793 1653 3837; x_wconf 88' lang='lat' dir='ltr'>a</span> <span class='ocrx_word' id='word_1_337' title='bbox 1671 3794 1713 3837; x_wconf 90' lang='lat' dir='ltr'>n</span> <span class='ocrx_word' id='word_1_338' title='bbox 1731 3781 1757 3838; x_wconf 89' lang='lat' dir='ltr'>t</span> <span class='ocrx_word' id='word_1_339' title='bbox 1773 3776 1794 3837; x_wconf 94' lang='lat' dir='ltr'>i</span> <span class='ocrx_word' id='word_1_340' title='bbox 1809 3792 1849 3838; x_wconf 92' lang='lat' dir='ltr'>a</span> <span class='ocrx_word' id='word_1_341' title='bbox 1862 3793 1926 3837; x_wconf 90' lang='lat' dir='ltr'>m</span> <span class='ocrx_word' id='word_1_342' title='bbox 1958 3774 2316 3838; x_wconf 88' lang='lat' dir='ltr'>inhabitare</span> <span class='ocrx_word' id='word_1_343' title='bbox 2343 3773 2569 3854; x_wconf 89' lang='lat' dir='ltr'>justos.</span> 
     </span>
    </p>
   </div>
   <div class='ocr_carea' id='block_1_8' title="bbox 316 3898 2940 4870">
    <p class='ocr_par' dir='ltr' id='par_1_8' title="bbox 316 3898 2940 4870">
     <span class='ocr_line' id='line_1_33' title="bbox 501 3898 2936 3982; baseline 0 -23"><span class='ocrx_word' id='word_1_344' title='bbox 501 3903 597 3960; x_wconf 89' lang='lat' dir='ltr'>Ita</span> <span class='ocrx_word' id='word_1_345' title='bbox 641 3904 926 3980; x_wconf 84' lang='lat' dir='ltr'>antiquus</span> <span class='ocrx_word' id='word_1_346' title='bbox 971 3908 1242 3964; x_wconf 87' lang='lat' dir='ltr'>auctor</span> <span class='ocrx_word' id='word_1_347' title='bbox 1286 3924 1455 3965; x_wconf 84' lang='lat' dir='ltr'>serm.</span> <span class='ocrx_word' id='word_1_348' title='bbox 1513 3914 1630 3969; x_wconf 83' lang='lat'>182</span> <span class='ocrx_word' id='word_1_349' title='bbox 1680 3904 1769 3981; x_wconf 88' lang='lat' dir='ltr'>(in</span> <span class='ocrx_word' id='word_1_350' title='bbox 1813 3905 2061 3981; x_wconf 83' lang='lat' dir='ltr'>append.</span> <span class='ocrx_word' id='word_1_351' title='bbox 2107 3923 2238 3980; x_wconf 88' lang='lat' dir='ltr'>opp.</span> <span class='ocrx_word' id='word_1_352' title='bbox 2288 3921 2332 3961; x_wconf 88' lang='lat' dir='ltr'>s.</span> <span class='ocrx_word' id='word_1_353' title='bbox 2379 3898 2730 3982; x_wconf 82' lang='lat' dir='ltr'>Augustini)</span> <span class='ocrx_word' id='word_1_354' title='bbox 2776 3921 2832 3959; x_wconf 91' lang='lat' dir='ltr'>n.</span> <span class='ocrx_word' id='word_1_355' title='bbox 2875 3911 2936 3962; x_wconf 88' lang='lat'>1:</span> 
     </span>
     <span class='ocr_line' id='line_1_34' title="bbox 322 3989 2938 4076; baseline -0.001 -27"><span class='ocrx_word' id='word_1_356' title='bbox 322 3992 586 4060; x_wconf 79' lang='lat' dir='ltr'>,Adfuit</span> <span class='ocrx_word' id='word_1_357' title='bbox 615 4012 755 4070; x_wconf 85' lang='lat' dir='ltr'>ergo</span> <span class='ocrx_word' id='word_1_358' title='bbox 787 3994 849 4051; x_wconf 91' lang='lat' dir='ltr'>in</span> <span class='ocrx_word' id='word_1_359' title='bbox 883 3993 988 4051; x_wconf 89' lang='lat' dir='ltr'>hac</span> <span class='ocrx_word' id='word_1_360' title='bbox 1020 3995 1114 4052; x_wconf 91' lang='lat' dir='ltr'>die</span> <span class='ocrx_word' id='word_1_361' title='bbox 1146 3990 1576 4076; x_wconf 75' lang='lat' dir='ltr'>(pentecostes)</span> <span class='ocrx_word' id='word_1_362' title='bbox 1611 3992 1887 4052; x_wconf 87' lang='lat' dir='ltr'>fidelibus</span> <span class='ocrx_word' id='word_1_363' title='bbox 1921 3994 2046 4052; x_wconf 88' lang='lat' dir='ltr'>suis</span> <span class='ocrx_word' id='word_1_364' title='bbox 2079 4013 2198 4053; x_wconf 92' lang='lat' dir='ltr'>non</span> <span class='ocrx_word' id='word_1_365' title='bbox 2224 3993 2347 4068; x_wconf 86' lang='lat' dir='ltr'>jam</span> <span class='ocrx_word' id='word_1_366' title='bbox 2379 4012 2485 4067; x_wconf 92' lang='lat' dir='ltr'>per</span> <span class='ocrx_word' id='word_1_367' title='bbox 2516 3992 2768 4069; x_wconf 85' lang='lat' dir='ltr'>gratiam</span> <span class='ocrx_word' id='word_1_368' title='bbox 2798 3989 2938 4048; x_wconf 84' lang='lat' dir='ltr'>visi-</span> 
     </span>
     <span class='ocr_line' id='line_1_35' title="bbox 316 4080 2940 4159; baseline -0.001 -20"><span class='ocrx_word' id='word_1_369' title='bbox 316 4082 572 4141; x_wconf 75' lang='lat' dir='ltr'>tationis</span> <span class='ocrx_word' id='word_1_370' title='bbox 605 4086 667 4139; x_wconf 90' lang='lat' dir='ltr'>et</span> <span class='ocrx_word' id='word_1_371' title='bbox 698 4083 1073 4158; x_wconf 78' lang='lat' dir='ltr'>operationis,</span> <span class='ocrx_word' id='word_1_372' title='bbox 1121 4084 1221 4141; x_wconf 89' lang='lat' dir='ltr'>sed</span> <span class='ocrx_word' id='word_1_373' title='bbox 1267 4102 1372 4159; x_wconf 91' lang='lat' dir='ltr'>per</span> <span class='ocrx_word' id='word_1_374' title='bbox 1415 4083 1606 4159; x_wconf 84' lang='lat' dir='ltr'>ipsam</span> <span class='ocrx_word' id='word_1_375' title='bbox 1637 4083 2030 4158; x_wconf 83' lang='lat' dir='ltr'>praesentiam</span> <span class='ocrx_word' id='word_1_376' title='bbox 2064 4082 2422 4157; x_wconf 84' lang='lat' dir='ltr'>majestatis:</span> <span class='ocrx_word' id='word_1_377' title='bbox 2470 4085 2651 4156; x_wconf 87' lang='lat' dir='ltr'>atque</span> <span class='ocrx_word' id='word_1_378' title='bbox 2697 4080 2758 4138; x_wconf 90' lang='lat' dir='ltr'>in</span> <span class='ocrx_word' id='word_1_379' title='bbox 2803 4098 2940 4138; x_wconf 80' lang='lat' dir='ltr'>vasa</span> 
     </span>
     <span class='ocr_line' id='line_1_36' title="bbox 320 4168 2938 4248; baseline -0.001 -20"><span class='ocrx_word' id='word_1_380' title='bbox 320 4190 443 4229; x_wconf 91' lang='lat' dir='ltr'>non</span> <span class='ocrx_word' id='word_1_381' title='bbox 476 4172 621 4230; x_wconf 90' lang='lat' dir='ltr'>odor</span> <span class='ocrx_word' id='word_1_382' title='bbox 650 4172 916 4243; x_wconf 87' lang='lat' dir='ltr'>balsami,</span> <span class='ocrx_word' id='word_1_383' title='bbox 951 4171 1053 4230; x_wconf 88' lang='lat' dir='ltr'>sed</span> <span class='ocrx_word' id='word_1_384' title='bbox 1087 4172 1211 4248; x_wconf 88' lang='lat' dir='ltr'>ipsa</span> <span class='ocrx_word' id='word_1_385' title='bbox 1242 4173 1581 4231; x_wconf 82' lang='lat' dir='ltr'>substantia</span> <span class='ocrx_word' id='word_1_386' title='bbox 1612 4171 1761 4230; x_wconf 89' lang='lat' dir='ltr'>sacri</span> <span class='ocrx_word' id='word_1_387' title='bbox 1795 4171 2041 4229; x_wconf 79' lang='lat' dir='ltr'>defluxit</span> <span class='ocrx_word' id='word_1_388' title='bbox 2067 4173 2424 4248; x_wconf 78' lang='lat' dir='ltr'>unguenti.‘</span> <span class='ocrx_word' id='word_1_389' title='bbox 2449 4203 2531 4214; x_wconf 95' lang='lat'><em>-</em></span> <span class='ocrx_word' id='word_1_390' title='bbox 2554 4168 2938 4238; x_wconf 84' lang='lat' dir='ltr'>,Considere-</span> 
     </span>
     <span class='ocr_line' id='line_1_37' title="bbox 320 4256 2937 4338; baseline -0.002 -21"><span class='ocrx_word' id='word_1_391' title='bbox 320 4280 480 4332; x_wconf 85' lang='lat' dir='ltr'>mus,</span> <span class='ocrx_word' id='word_1_392' title='bbox 516 4261 718 4335; x_wconf 82' lang='lat' dir='ltr'>inquit</span> <span class='ocrx_word' id='word_1_393' title='bbox 748 4260 1095 4338; x_wconf 83' lang='lat' dir='ltr'>Cyrillus</span> <span class='ocrx_word' id='word_1_394' title='bbox 1129 4262 1272 4320; x_wconf 82' lang='lat' dir='ltr'>alex.</span> <span class='ocrx_word' id='word_1_395' title='bbox 1305 4262 1342 4320; x_wconf 92' lang='lat' dir='ltr'>l.</span> <span class='ocrx_word' id='word_1_396' title='bbox 1381 4272 1412 4324; x_wconf 90' lang='lat'>5</span> <span class='ocrx_word' id='word_1_397' title='bbox 1450 4261 1514 4318; x_wconf 91' lang='lat' dir='ltr'>in</span> <span class='ocrx_word' id='word_1_398' title='bbox 1543 4261 1637 4322; x_wconf 92' lang='lat' dir='ltr'>J0.</span> <span class='ocrx_word' id='word_1_399' title='bbox 1669 4272 1717 4330; x_wconf 91' lang='lat' dir='ltr'>l,</span> <span class='ocrx_word' id='word_1_400' title='bbox 1756 4269 1857 4330; x_wconf 89' lang='lat'>39,</span> <span class='ocrx_word' id='word_1_401' title='bbox 1891 4260 1954 4319; x_wconf 89' lang='lat' dir='ltr'>in</span> <span class='ocrx_word' id='word_1_402' title='bbox 1986 4261 2204 4318; x_wconf 85' lang='lat' dir='ltr'>sanctis</span> <span class='ocrx_word' id='word_1_403' title='bbox 2238 4259 2595 4335; x_wconf 89' lang='lat' dir='ltr'>quibusdam</span> <span class='ocrx_word' id='word_1_404' title='bbox 2632 4256 2937 4333; x_wconf 87' lang='lat' dir='ltr'>prophetis</span> 
     </span>
     <span class='ocr_line' id='line_1_38' title="bbox 320 4346 2936 4426; baseline -0.002 -20"><span class='ocrx_word' id='word_1_405' title='bbox 320 4351 492 4408; x_wconf 76' lang='lat' dir='ltr'>velut</span> <span class='ocrx_word' id='word_1_406' title='bbox 523 4351 766 4408; x_wconf 89' lang='lat' dir='ltr'>uberem</span> <span class='ocrx_word' id='word_1_407' title='bbox 798 4351 1093 4426; x_wconf 82' lang='lat' dir='ltr'>quandam</span> <span class='ocrx_word' id='word_1_408' title='bbox 1124 4350 1580 4409; x_wconf 83' lang='lat' dir='ltr'>illustrationem</span> <span class='ocrx_word' id='word_1_409' title='bbox 1615 4352 1675 4407; x_wconf 88' lang='lat' dir='ltr'>et</span> <span class='ocrx_word' id='word_1_410' title='bbox 1718 4348 2215 4407; x_wconf 81' lang='lat' dir='ltr'>illuminationem</span> <span class='ocrx_word' id='word_1_411' title='bbox 2250 4368 2294 4411; x_wconf 88' lang='lat' dir='ltr'>s.</span> <span class='ocrx_word' id='word_1_412' title='bbox 2329 4348 2586 4423; x_wconf 87' lang='lat' dir='ltr'>Spiritus</span> <span class='ocrx_word' id='word_1_413' title='bbox 2619 4346 2936 4416; x_wconf 82' lang='lat' dir='ltr'>exstitisse,</span> 
     </span>
     <span class='ocr_line' id='line_1_39' title="bbox 321 4435 2940 4516; baseline -0.003 -19"><span class='ocrx_word' id='word_1_414' title='bbox 321 4458 477 4513; x_wconf 85' lang='lat' dir='ltr'>quae</span> <span class='ocrx_word' id='word_1_415' title='bbox 525 4439 600 4497; x_wconf 84' lang='lat' dir='ltr'>ad</span> <span class='ocrx_word' id='word_1_416' title='bbox 646 4437 983 4499; x_wconf 84' lang='lat' dir='ltr'>futurorum</span> <span class='ocrx_word' id='word_1_417' title='bbox 1030 4441 1471 4516; x_wconf 85' lang='lat' dir='ltr'>perceptionem</span> <span class='ocrx_word' id='word_1_418' title='bbox 1501 4438 1738 4497; x_wconf 86' lang='lat' dir='ltr'>erudire</span> <span class='ocrx_word' id='word_1_419' title='bbox 1768 4443 1972 4514; x_wconf 85' lang='lat' dir='ltr'>posset</span> <span class='ocrx_word' id='word_1_420' title='bbox 2002 4440 2489 4512; x_wconf 84' lang='lat' dir='ltr'>occultorumque</span> <span class='ocrx_word' id='word_1_421' title='bbox 2521 4436 2830 4494; x_wconf 82' lang='lat' dir='ltr'>notitiam:</span> <span class='ocrx_word' id='word_1_422' title='bbox 2879 4435 2940 4491; x_wconf 88' lang='lat' dir='ltr'>et</span> 
     </span>
     <span class='ocr_line' id='line_1_40' title="bbox 321 4523 2940 4603; baseline -0.002 -18"><span class='ocrx_word' id='word_1_423' title='bbox 321 4547 463 4586; x_wconf 78' lang='lat' dir='ltr'>vero</span> <span class='ocrx_word' id='word_1_424' title='bbox 496 4529 561 4587; x_wconf 91' lang='lat' dir='ltr'>in</span> <span class='ocrx_word' id='word_1_425' title='bbox 591 4529 681 4597; x_wconf 88' lang='lat' dir='ltr'>iis,</span> <span class='ocrx_word' id='word_1_426' title='bbox 715 4528 818 4603; x_wconf 90' lang='lat' dir='ltr'>qui</span> <span class='ocrx_word' id='word_1_427' title='bbox 848 4528 1100 4587; x_wconf 88' lang='lat' dir='ltr'>credunt</span> <span class='ocrx_word' id='word_1_428' title='bbox 1128 4529 1186 4586; x_wconf 89' lang='lat' dir='ltr'>in</span> <span class='ocrx_word' id='word_1_429' title='bbox 1212 4529 1528 4599; x_wconf 83' lang='lat' dir='ltr'>Christum,</span> <span class='ocrx_word' id='word_1_430' title='bbox 1561 4546 1681 4586; x_wconf 90' lang='lat' dir='ltr'>non</span> <span class='ocrx_word' id='word_1_431' title='bbox 1713 4527 2035 4602; x_wconf 86' lang='lat' dir='ltr'>simplicem</span> <span class='ocrx_word' id='word_1_432' title='bbox 2068 4527 2532 4586; x_wconf 84' lang='lat' dir='ltr'>illustrationem</span> <span class='ocrx_word' id='word_1_433' title='bbox 2566 4545 2600 4582; x_wconf 87' lang='lat' dir='ltr'>a</span> <span class='ocrx_word' id='word_1_434' title='bbox 2631 4543 2676 4583; x_wconf 92' lang='lat' dir='ltr'>s.</span> <span class='ocrx_word' id='word_1_435' title='bbox 2710 4523 2940 4599; x_wconf 88' lang='lat' dir='ltr'>Spiritu</span> 
     </span>
     <span class='ocr_line' id='line_1_41' title="bbox 323 4614 2938 4693; baseline -0.002 -19"><span class='ocrx_word' id='word_1_436' title='bbox 323 4617 669 4686; x_wconf 81' lang='lat' dir='ltr'>derivatam,</span> <span class='ocrx_word' id='word_1_437' title='bbox 704 4616 808 4676; x_wconf 88' lang='lat' dir='ltr'>sed</span> <span class='ocrx_word' id='word_1_438' title='bbox 840 4617 1164 4693; x_wconf 90' lang='lat' dir='ltr'>ipsummet</span> <span class='ocrx_word' id='word_1_439' title='bbox 1183 4617 1474 4693; x_wconf 88' lang='lat' dir='ltr'>Spiritum</span> <span class='ocrx_word' id='word_1_440' title='bbox 1496 4616 1763 4675; x_wconf 86' lang='lat' dir='ltr'>habitare</span> <span class='ocrx_word' id='word_1_441' title='bbox 1793 4620 1854 4675; x_wconf 86' lang='lat' dir='ltr'>et</span> <span class='ocrx_word' id='word_1_442' title='bbox 1872 4616 2238 4675; x_wconf 86' lang='lat' dir='ltr'>domicilium</span> <span class='ocrx_word' id='word_1_443' title='bbox 2257 4617 2541 4675; x_wconf 87' lang='lat' dir='ltr'>collocare</span> <span class='ocrx_word' id='word_1_444' title='bbox 2560 4614 2938 4678; x_wconf 84' lang='lat' dir='ltr'>confitemur;</span> 
     </span>
     <span class='ocr_line' id='line_1_42' title="bbox 323 4704 2937 4781; baseline -0.003 -17"><span class='ocrx_word' id='word_1_445' title='bbox 323 4705 484 4764; x_wconf 89' lang='lat' dir='ltr'>unde</span> <span class='ocrx_word' id='word_1_446' title='bbox 517 4707 731 4763; x_wconf 88' lang='lat' dir='ltr'>merito</span> <span class='ocrx_word' id='word_1_447' title='bbox 762 4709 824 4765; x_wconf 83' lang='lat' dir='ltr'>et</span> <span class='ocrx_word' id='word_1_448' title='bbox 854 4706 1079 4781; x_wconf 84' lang='lat' dir='ltr'>templa</span> <span class='ocrx_word' id='word_1_449' title='bbox 1097 4706 1204 4764; x_wconf 89' lang='lat' dir='ltr'>Dei</span> <span class='ocrx_word' id='word_1_450' title='bbox 1232 4724 1529 4776; x_wconf 82' lang='lat' dir='ltr'>vocamur,</span> <span class='ocrx_word' id='word_1_451' title='bbox 1561 4723 1696 4764; x_wconf 92' lang='lat' dir='ltr'>cum</span> <span class='ocrx_word' id='word_1_452' title='bbox 1727 4706 1935 4764; x_wconf 90' lang='lat' dir='ltr'>nullus</span> <span class='ocrx_word' id='word_1_453' title='bbox 1968 4709 2304 4764; x_wconf 86' lang='lat' dir='ltr'>sanctorum</span> <span class='ocrx_word' id='word_1_454' title='bbox 2336 4705 2756 4780; x_wconf 84' lang='lat' dir='ltr'>prophetarum</span> <span class='ocrx_word' id='word_1_455' title='bbox 2788 4704 2937 4757; x_wconf 89' lang='lat' dir='ltr'>tem-</span> 
     </span>
     <span class='ocr_line' id='line_1_43' title="bbox 322 4794 1468 4870; baseline 0.001 -19"><span class='ocrx_word' id='word_1_456' title='bbox 322 4794 491 4870; x_wconf 89' lang='lat' dir='ltr'>plum</span> <span class='ocrx_word' id='word_1_457' title='bbox 526 4794 634 4854; x_wconf 88' lang='lat' dir='ltr'>Dei</span> <span class='ocrx_word' id='word_1_458' title='bbox 663 4796 1003 4853; x_wconf 88' lang='lat' dir='ltr'>nominatus</span> <span class='ocrx_word' id='word_1_459' title='bbox 1036 4796 1116 4853; x_wconf 89' lang='lat' dir='ltr'>sit</span> <span class='ocrx_word' id='word_1_460' title='bbox 1146 4803 1468 4870; x_wconf 72' lang='lat' dir='ltr'>unquam&lt;</span> 
     </span>
    </p>
   </div>
  </div>
 </body>
</html>
