3538 5364
617 294 755 359 510
898 287 1083 341 Tract.
1109 287 1202 340 IX.
1230 287 1298 340 de
1325 286 1728 356 indulgentiis.
1757 286 2140 358 Indulgentiis
2165 305 2281 341 non
2307 289 2685 341 remittuntur
2712 291 2962 358 peccata.

615 477 1102 552 consequantur
1117 470 1219 555 ¹).⁴¹
1259 508 1346 516 -
1380 469 1537 532 Cum
1571 487 1721 549 ergo
1755 468 2148 549 indulgentia
2166 469 2454 550 plenaria
2473 477 2955 551 praesupponat
2975 472 3248 534 remissa

617 595 766 641 esse
799 577 1069 640 omnia
1100 583 1383 656 peccata,
1424 576 1617 641 etiam
1638 575 1933 650 venialia,
1956 575 2204 641 difficile
2236 582 2453 640 autem
2486 577 2568 639 sit
2597 595 2859 657 prorsus
2892 579 3246 643 immunem

617 704 766 749 esse
799 683 879 747 ab
916 683 1129 746 omni
1160 688 1428 764 peccato
1461 682 1710 758 veniali,
1743 683 1941 764 liquet
1986 700 2116 746 non
2177 682 2524 746 admodum
2570 682 2753 748 facile
2804 702 2964 758 esse,
3011 685 3247 748 lucrari

621 791 1083 871 indulgentiam
1114 809 1264 855 vere
1297 790 1669 871 plenariam.
1735 789 1878 853 Non
1928 797 2147 854 tamen
2193 796 2537 872 propterea
2586 790 2873 865 dicImuS,
2920 809 3089 867 eum,
3139 792 3250 873 qui

624 897 905 978 peccatis
939 899 1255 980 aliquibus
1287 898 1643 963 venialibus
1677 899 2053 975 maculatur,
2091 898 2177 961 nil
2208 898 2472 962 lucrari:
2507 899 2626 962 etsi
2659 899 2829 962 enirn
2848 918 2979 962 non
3013 917 3249 962 omne

616 1004 910 1068 debitum
940 1023 1191 1086 poenae
1221 1004 1592 1086 temporalis
1624 1005 1966 1080 relaxatur,
1987 1004 2151 1068 illius
2170 1005 2531 1069 remittetur
2549 1005 2778 1069 saltem
2810 1023 3032 1086 pars:
3065 1005 3250 1069 ideo-

623 1130 750 1192 que
781 1116 995 1191 potest
1026 1113 1168 1193 quis
1216 1111 1673 1192 indulgentiam
1724 1130 1838 1192 per
1889 1129 1960 1174 se
2011 1111 2367 1192 plenariam
2416 1111 2517 1175 vel
2564 1111 2752 1193 plene
2802 1111 2902 1176 vel
2949 1131 3029 1177 ex
3060 1120 3249 1193 parte

622 1217 873 1281 lucrari.
938 1216 1025 1280 Cf.
1063 1217 1562 1282 Benedictus
1594 1217 1753 1281 XIV.
1789 1218 1868 1283 de
1900 1218 2148 1299 synodo
2182 1218 2382 1282 dioec.
2415 1217 2567 1294 XIII,
2607 1224 2686 1288 18
2721 1238 2779 1282 n.
2818 1225 2851 1287 ’ἲ
2872 1241 2886 1293 ;
2940 1216 3251 1283 Suarez

616 1323 689 1385 ‘in
722 1327 779 1391 3.
814 1343 870 1403 p.
908 1331 946 1386 t.
981 1329 1024 1390 4
1057 1324 1212 1404 disp.
1246 1328 1333 1394 50
1366 1344 1412 1387 5.
1455 1336 1474 1392 1
1505 1347 1520 1399 ;
1555 1324 1857 1388 Katholik
1897 1330 2062 1394 1876
2097 1324 2137 1400 Ι,
2169 1329 2299 1392 449
2333 1345 2414 1387 55.

806 1453 956 1518 531.
990 1450 1414 1533 propositio
1450 1450 1573 1518 VI.
1639 1449 1898 1512 Falsum
1946 1455 2060 1525 est,
2107 1450 2513 1532 indulyentiis
2561 1450 2758 1513 solum·
2789 1450 3079 1515 relaxari
3100 1473 3250 1534 poe-

623 1557 917 1619 nitentias
948 1558 1300 1638 canonicae,
1333 1575 1446 1620 seu
1479 1540 1803 1620 Ecclesiae
1835 1562 2104 1634 tantum,
2153 1564 2470 1639 quatenus
2504 1565 2604 1621 est
2634 1558 2927 1634 societaS,
2961 1557 3250 1622 debitas:

621 1661 971 1727 tenendum
1006 1662 1175 1725 enim
1209 1662 1472 1725 omnino
1522 1671 1635 1739 est,
1683 1666 1762 1725 iis
1806 1666 2035 1727 remitti
2074 1684 2315 1747 poenas
2365 1666 2730 1748 temporales
2762 1667 2829 1727 in
2859 1665 3003 1746 foro
3035 1666 3251 1728 divino

615 1768 880 1832 debitas.
941 1767 1127 1848 Quod
1158 1770 1498 1833 statuimus
1530 1775 1758 1833 contra
1792 1771 2127 1851 theologos
2159 1770 2474 1853 quosdam
2514 1771 2914 1847 vetustioreS,
2947 1791 3116 1853 quos
3148 1791 3253 1836 re-

624 1875 779 1940 fellit
810 1875 1158 1939 Thomas
1191 1876 1392 1957 suppl.
1428 1896 1488 1959 q.
1523 1882 1609 1945 25
1643 1895 1697 1939 a.
1736 1883 1793 1952 1,
1846 1883 2072 1941 contra
2103 1878 2562 1956 Lutherum,
2596 1878 2775 1960 qu’us
2808 1878 3123 1941 damnata
3155 1885 3255 1943 est

623 2001 802 2063 prop.
843 1987 953 2050 19:
1024 1982 1492 2063 ,Indulgentiae
1525 1984 1641 2060 his,
1676 1985 1783 2066 qui
1818 1985 2129 2049 veraciter
2176 2003 2286 2049 eas
2320 1991 2816 2066 consequuntur,
2868 2003 3003 2048 non
3032 1985 3255 2051 valent

621 2089 710 2152 ad
743 2090 1185 2153 remissionem
1218 2108 1469 2170 poenae
1501 2109 1617 2171 pro
1653 2092 1936 2171 peccatis
1971 2091 2329 2155 actualibus
2362 2091 2617 2155 debitae
2638 2092 2811 2172 apud
2844 2091 3133 2155 divinam
3149 2093 3254 2174 ju-

619 2196 868 2261 stitiam
886 2210 938 2259 ε(
969 2215 1047 2260 ex
1068 2215 1196 2278 qua
1216 2197 1530 2262 inferebat
1546 2203 1625 2265 21
1652 2198 1892 2279 pariter
1906 2198 2311 2261 damnatam:
2351 2198 2822 2279 ,Indulgentiae
2840 2200 3254 2263 necessariae

625 2313 778 2367 sunt
808 2302 1017 2367 solum
1048 2304 1317 2385 publicis
1348 2303 1736 2378 criminibuS,
1772 2311 1838 2368 et
1866 2305 2126 2384 proprie
2159 2305 2600 2368 conceduntur
2630 2305 2805 2368 duris
2837 2305 3249 2371 solummodo

625 2419 694 2475 et
724 2410 1271 2492 impatientibu53‘
1315 2418 1379 2475 et
1410 2414 1526 2479 22:
1569 2407 1732 2484 ¹,Sex
1765 2411 2105 2490 generibus
2125 2412 2459 2475 hominum
2498 2411 2928 2492 indulgentiae
2963 2431 3090 2477 nec
3109 2422 3245 2477 sunt

627 2518 1051 2592 necessariae,
1085 2534 1203 2581 nec
1236 2518 1446 2581 utiles:
1479 2516 1775 2581 videlicet
1805 2519 2072 2581 mortuis
2105 2537 2219 2583 seu
2253 2519 2593 2595 morituris,
2640 2517 2922 2595 infirmiS,
2969 2520 3233 2602 legitIme

625 2624 961 2706 impeditis,
995 2624 1110 2700 his,
1144 2625 1254 2706 qui
1285 2643 1415 2688 non
1448 2625 1909 2689 commiserunt
1939 2625 2223 2702 crimina,
2270 2625 2386 2701 his,
2433 2626 2542 2707 qui
2586 2626 2855 2689 crimina
2899 2628 3240 2691 commise-

620 2739 793 2808 runt,
826 2731 939 2795 sed
971 2749 1103 2794 non
1135 2730 1408 2812 publica,
1442 2732 1557 2802 his,
1592 2732 1700 2813 qui
1733 2732 2002 2795 meliora
2033 2739 2435 2813 operantur.<¹
2490 2730 2847 2797 Statuimus
2878 2741 3119 2798 contra
3149 2753 3247 2815 sy-

627 2839 778 2902 nodi
812 2838 1227 2919 pistorien
1247 2838 1362 2901 sis
1394 2857 1573 2919 prop.
1607 2844 1726 2907 40:
1767 2838 2166 2919 ,Propositio
2190 2858 2486 2905 asserens
2520 2840 3001 2920 ,indulgentiam
3021 2859 3249 2906 secun-

620 2946 781 3008 dum
813 2962 999 3008 suam
1031 2944 1392 3025 praecisam
1422 2943 1755 3007 notionem
1789 2943 1959 3007 aliud
1992 2963 2122 3008 non
2154 2964 2313 3022 esse,
2347 2964 2542 3028 quam
2574 2946 3025 3010 remissionem
3054 2947 3250 3029 partis

618 3052 765 3132 ejus
797 3051 1247 3133 poenitentiae,
1282 3067 1447 3131 quae
1497 3070 1611 3131 per
1656 3069 1939 3115 canones
1986 3058 2232 3116 statuta
2280 3059 2419 3118 erat
2438 3047 2777 3135 peccanti:
2823 3054 3010 3135 quasi
3046 3055 3248 3118 indul-

626 3158 842 3237 gentia
874 3163 1129 3237 praeter
1161 3156 1401 3219 nudam
1433 3157 1880 3222 remissionem
1926 3176 2179 3239 poenae
2210 3161 2581 3237 canonicae,
2627 3178 2759 3223 non
2805 3160 3003 3223 etiam
3037 3161 3247 3224 valeat

619 3264 710 3326 ad
742 3263 1185 3327 remissionem
1218 3282 1468 3344 poenae
1501 3264 1873 3345 temporalis
1907 3283 2024 3345 pro
2057 3267 2339 3346 peccatis
2373 3266 2734 3331 actualibus
2784 3266 3046 3332 debitae
3081 3267 3246 3349 apud

625 3369 908 3431 divinam
934 3370 1265 3452 justitiam,
1314 3372 1488 3447 falsa,
1537 3373 1899 3447 temeraria,
1949 3372 2182 3437 Christi
2226 3374 2467 3439 meritis
2515 3375 2842 3455 iujuriosa,
2894 3374 3141 3439 dudum
3185 3376 3245 3437 in

621 3481 744 3539 art.
788 3479 863 3543 19
898 3476 1154 3542 Lutheri
1187 3478 1567 3543 damnatar‘
1628 3498 1820 3561 quem
1871 3497 2160 3545 errorem
2210 3480 2422 3562 plures
2474 3480 2752 3562 amplexi
2784 3487 2934 3544 sunt
2966 3481 3245 3561 theologi

626 3582 828 3647 seculi
859 3584 1234 3663 praesertim
1269 3585 1478 3648 XVIII.

805 3730 952 3794 532.
991 3729 1053 3794 1.
1090 3725 1260 3792 Sane
1292 3727 1696 3808 indulgentiis
1728 3729 1964 3792 remitti
1996 3747 2274 3810 poenam
2320 3729 2742 3811 temporalem
2776 3728 2909 3792 Deo
2942 3729 3243 3805 debitam,

623 3832 907 3913 probant
938 3834 1173 3911 omnia,
1208 3834 1437 3916 quibus
1471 3835 1705 3900 thesim
1737 3836 2231 3916 praecedentem
2266 3836 2865 3901 demonstravimus.
2917 3834 3245 3917 Colligitur

807 3959 870 4028 2.
905 3976 984 4021 ex
1016 3958 1286 4022 utilitate
1320 3957 1855 4038 indulgentiarum
1902 3959 2229 4024 declarata
2263 3978 2303 4022 a
2334 3978 2511 4024 conc.
2546 3960 2725 4024 trid.
2790 3960 2986 4042 Atqui
3015 3961 3245 4024 nullius

629 4064 918 4127 utilitatis
951 4072 1183 4141 essent,
1217 4064 1270 4126 si
1303 4064 1378 4126 iis
1410 4064 1844 4144 poenitentiae
1893 4072 2146 4130 tantum
2196 4067 2549 4132 canonicae
2593 4067 3056 4143 relaxarentur,
3103 4087 3245 4131 cum

631 4171 755 4234 hae
782 4171 919 4252 jam
949 4189 990 4233 a
1022 4189 1134 4234 sex
1167 4170 1396 4234 seculis
1442 4188 1572 4233 non
1620 4172 1898 4251 amplius
1922 4173 2195 4252 vigeant,
2244 4179 2309 4236 et
2354 4191 2589 4253 magna
2633 4191 2781 4255 pars
2828 4172 3048 4255 populi
3081 4175 3245 4237 chri-

851 4438 886 4504 ¹)
915 4434 997 4488 Cf.
1026 4435 1094 4487 N.
1121 4434 1213 4488 Pa
1232 4455 1268 4490 u
1287 4436 1306 4488 l
1325 4454 1359 4489 u
1378 4453 1402 4488 s
1442 4434 1707 4489 Zeitschr.
1739 4435 1831 4487 fiir
1857 4434 2015 4487 kath.
2045 4435 2239 4489 Theol.
2273 4443 2408 4492 1899
2448 4455 2504 4505 p.
2534 4443 2594 4492 51
2627 4455 2713 4500 ss,
2756 4437 2897 4505 quid
2937 4437 2997 4491 id
3041 4440 3246 4507 probat

629 4513 895 4582 pluribus
923 4515 1266 4570 testimoniis
1301 4517 1328 4569 J
1351 4533 1382 4570 o
1400 4533 1486 4569 an
1505 4517 1620 4569 nis
1657 4516 1727 4569 de
1753 4516 1913 4569 Paltz
1942 4520 1988 4585 (†
2021 4520 2191 4586 1511),
2234 4516 2336 4585 qui
2376 4520 2617 4571 exeunte
2645 4534 2749 4572 sec.
2778 4518 2897 4571 XV.
2925 4521 2984 4571 et
3008 4518 3242 4572 ineunte

631 4592 776 4645 XVI.
804 4610 901 4663 per
928 4593 1292 4648 Germaniam
1320 4612 1387 4648 ex
1414 4597 1682 4650 mandato
1727 4595 1904 4665 legati
1945 4595 2245 4665 apostolici
2291 4596 2684 4667 indulgentias
2710 4598 3097 4667 amplissimas
3122 4615 3241 4667 pro-

630 4673 931 4744 mulgavit.
984 4674 1065 4728 Cf.
1093 4675 1265 4728 etiam
1294 4696 1348 4747 p.
1381 4684 1472 4733 181
1508 4695 1606 4737 SS.;
1649 4683 1753 4734 423
1781 4694 1849 4730 ss.
1877 4676 1962 4731 Jo.
1991 4694 2023 4729 a
2052 4676 2448 4744 Torquemada
2475 4694 2613 4732 com.
2642 4677 2701 4730 in
2723 4678 2870 4733 decr.
2899 4678 3055 4732 Grat.
3085 4680 3150 4741 V,
3177 4684 3241 4735 96

629 4752 886 4807 Venetiis
920 4762 1070 4810 1578.
