3538 5364
606 259 693 323 64
969 250 1153 305 Tract.
1180 250 1328 305 VIII.
1356 250 1425 305 de
1451 251 1657 322 gratia.
1682 250 1881 306 Thesis
1910 249 2275 307 CLXXXVII.
2305 250 2536 306 Gratiae
2563 252 2867 323 gratuitas.

604 431 788 496 dictis
819 437 1095 497 naturae
1126 431 1318 496 tribui
1349 432 1586 515 nequit.
1619 431 1834 513 Quare
1865 438 2088 499 censet
2119 453 2166 497 s.
2199 432 2549 497 Thomas
2582 433 2860 515 quodlib.
2885 440 2919 503 1
2946 453 2987 498 a
3009 440 3068 513 7,
3099 435 3223 510 ,ad

605 556 889 604 errorem
920 538 1328 620 pelagianum
1358 540 1700 621 pertinere,
1746 539 1982 617 dicere,
2030 540 2207 623 quod
2255 540 2452 604 homo
2484 541 2690 621 possit
2736 560 2810 606 se
2840 541 2924 604 ad
2954 542 3231 622 gratiam

602 662 992 727 praeparare
1025 645 1269 728 absque
1302 646 1537 710 auxilio
1570 646 1825 712 divinae
1856 648 2136 728 gratiae:
2184 653 2249 712 et
2295 653 2393 713 est
2442 654 2670 712 contra
2701 646 3082 729 Apostolum
3114 649 3226 731 qui

604 751 785 838 (Phil.
824 758 879 830 1,
913 753 979 839 6)
1013 751 1193 816 dicit:
1227 754 1350 832 Qui
1377 756 1573 837 coepit
1603 754 1673 816 in
1703 754 1870 818 vobis
1900 774 2058 838 opus
2089 756 2328 832 bonum,
2360 756 2493 838 ipse
2516 754 2856 838 perficiet.“

792 910 892 964 70.
939 895 1289 966 Scholion
1337 897 1399 963 Ῑ.
1469 901 1767 978 Opinioni,
1815 904 2067 961 naturae
2099 902 2295 961 inesse
2326 920 2498 978 posse
2530 902 2986 977 dispositionem
3019 902 3232 978 positi-

604 1009 735 1048 vam
770 1009 910 1065 prae
941 990 1154 1066 gratia,
1188 1010 1307 1050 non
1338 990 1542 1049 favent
1571 991 1752 1050 verba
1784 991 2094 1066 parabolae
2127 992 2198 1049 de
2229 991 2474 1050 talentis
2493 991 2704 1054 Matth.
2730 1000 2830 1062 25,
2875 1001 2970 1060 15,
3007 991 3231 1065 quibus

603 1078 883 1137 dominus
916 1079 1137 1138 dieitur
1167 1080 1546 1138 distribuisse
1576 1081 1804 1139 talenta
1839 1082 2149 1158 unicuique
2182 1075 2546 1163 (servorum)
2578 1081 2890 1139 secundum
2912 1083 3235 1156 propriam

605 1170 887 1226 virtutem.
955 1169 1114 1227 Haec
1159 1169 1316 1227 enim
1363 1169 1543 1228 verba
1591 1166 1652 1232 1.
1700 1172 1973 1245 spectant
2004 1170 2154 1228 forte
2186 1171 2424 1228 tantum
2471 1169 2544 1227 ad
2589 1169 2900 1245 parabolae
2931 1173 3230 1241 ornatum,

605 1276 727 1316 non
759 1257 832 1315 ad
864 1275 1103 1316 sensum
1136 1258 1472 1328 intentum;
1518 1259 1613 1317 vel
1659 1255 1725 1321 2.
1766 1259 2078 1318 talenta
2108 1257 2372 1335 intelligi
2404 1262 2663 1334 possunt
2691 1258 2882 1336 magis
2915 1258 2988 1317 de
3019 1258 3234 1336 gratiis

605 1346 819 1424 grati
839 1366 866 1405 s
899 1346 1106 1405 datis
1127 1391 1141 1417 ,
1190 1347 1252 1405 in
1283 1366 1536 1423 quarum
1568 1347 1998 1407 distributione
2029 1348 2294 1425 gratuita
2325 1347 2485 1406 Deus
2518 1347 2805 1406 rationem
2840 1349 3020 1406 etiam
3052 1348 3236 1407 habet

606 1434 947 1495 idoneitatis
977 1435 1304 1506 naturalis;
1351 1436 1446 1494 vel
1492 1433 1554 1502 3.
1588 1436 1701 1496 sub
1733 1437 2042 1495 virtute
2073 1456 2194 1495 non
2226 1436 2524 1495 immerito
2555 1436 2816 1513 intelligi
2848 1436 3071 1513 poterit
3101 1437 3225 1495 dis-

605 1524 823 1601 positio
854 1544 924 1583 ex
957 1525 1218 1601 gratia
1247 1524 1527 1600 profecta.
1592 1526 1866 1584 Ceterum
1909 1522 1976 1590 4.
2025 1526 2195 1584 nulla
2225 1529 2317 1584 est
2348 1524 2692 1595 difficultas,
2740 1525 2974 1584 etiamsi
3003 1527 3235 1584 talenta

602 1614 1018 1691 intelligantur
1062 1614 1133 1673 de
1180 1614 1390 1689 gratiis
1434 1615 1741 1691 gratum
1789 1614 2140 1673 facientibus
2184 1617 2246 1674 et
2281 1615 2475 1673 virtus
2510 1614 2825 1691 dispositio
2858 1633 2964 1674 eeu
2995 1614 3230 1674 indoles

603 1702 1022 1761 naturalis.
1090 1703 1380 1762 Incolumi
1426 1704 1586 1762 enim
1632 1703 1856 1781 gratiae
1901 1704 2227 1780 gratuitate
2272 1707 2469 1779 potest
2502 1704 2660 1763 Deus
2690 1704 2982 1763 rationem
3013 1704 3232 1763 habere

602 1791 823 1850 indolis
856 1792 1146 1850 naturalis
1178 1796 1484 1868 tamquam
1529 1793 1902 1864 conditionis,
1950 1793 2046 1852 cui
2091 1791 2245 1852 nulli
2291 1793 2440 1851 insit
2485 1793 2684 1852 meriti
2731 1792 3012 1870 dignitas,
3080 1792 3229 1862 Quis

602 1882 761 1940 enim
794 1880 1045 1952 dubitet,
1080 1881 1268 1940 Deum
1300 1881 1364 1940 in
1395 1881 1756 1959 elargiendis
1789 1882 1968 1941 variis
2000 1883 2213 1959 gratiis
2245 1882 2539 1941 rationem
2571 1882 2785 1941 habere
2817 1882 3092 1959 subjecti,
3126 1881 3230 1940 cui

602 1971 734 2029 illas
764 1970 1002 2045 tribuit,
1035 1989 1181 2028 num
1214 1969 1295 2028 sit
1325 1972 1572 2048 angelus
1602 1972 1698 2031 vel
1729 1972 1920 2042 hom0,
1955 1972 2006 2030 is
2037 1972 2133 2031 vel
2166 1975 2331 2030 stans
2367 1972 2462 2030 vel
2493 1972 2738 2047 lapsus?

789 2102 920 2158 70².
952 2088 1300 2159 Scholion
1333 2092 1435 2158 II.
1502 2096 1704 2155 Patres
1745 2098 1944 2173 yraeci
1989 2098 2374 2155 vindicantur.
2415 2129 2494 2140 —
2528 2096 2660 2155 Non
2694 2097 2914 2155 desunt
2943 2096 3034 2156 vel
3067 2097 3231 2157 inter

600 2184 909 2261 theologos
942 2184 1277 2255 catholicos,
1312 2185 1417 2261 qui
1448 2189 1648 2260 patres
1680 2203 1937 2262 graecoS,
1970 2186 2322 2243 nominatim
2354 2203 2399 2246 s.
2432 2184 2525 2244 Jo.
2560 2185 2756 2262 Chry
2776 2190 3227 2257 sostomum,

602 2277 898 2344 accusent,
947 2273 1105 2349 quod
1154 2274 1374 2349 primas
1404 2277 1603 2350 partes
1649 2274 1712 2333 in
1758 2274 1967 2332 ordine
2001 2274 2247 2333 salutari
2280 2273 2604 2332 detulerint
2633 2277 2897 2344 naturae,
2932 2276 3229 2334 secundas

602 2362 843 2439 gratiae,
891 2381 1068 2439 quam
1114 2367 1426 2439 propterea
1469 2363 1750 2439 congruis
1796 2365 2043 2422 naturae
2080 2362 2309 2421 meritis
2339 2362 2586 2438 rependi
2617 2362 3065 2426 affirmaverint.
3129 2364 3229 2423 Ad

603 2453 708 2510 hos
740 2454 936 2526 patres
968 2451 1042 2509 ab
1074 2452 1289 2510 erroris
1323 2452 1620 2510 calumnia
1648 2451 2056 2522 vindicandos,
2106 2455 2420 2510 notentur:
2472 2448 2531 2514 l.
2565 2451 2911 2529 pelagianos
2944 2453 3101 2511 haud
3132 2472 3230 2512 se-

602 2542 718 2599 mel
738 2540 799 2598 in
821 2541 1063 2599 Oriente
1081 2539 1264 2599 fuisse
1284 2541 1610 2611 damnatoS,
1644 2544 1716 2598 ut
1733 2540 1800 2599 in
1818 2557 1979 2599 conc.
2011 2540 2048 2598 d
2065 2540 2081 2597 i
2101 2559 2135 2599 o
2153 2559 2179 2598 s
2195 2560 2233 2616 p
2251 2540 2358 2598 oli
2377 2543 2503 2599 tan
2520 2559 2554 2599 o
2588 2537 2665 2622 (a.
2691 2552 2761 2603 41
2781 2538 2843 2620 5)
2862 2562 2875 2611 3
2908 2542 2973 2600 in
2993 2542 3227 2618 synodo

602 2629 897 2700 orientali,
943 2630 1093 2689 forte
1125 2648 1280 2689 anno
1316 2640 1437 2693 417
1475 2630 1588 2689 sub
1620 2629 1919 2689 Theodoto
1953 2628 2284 2705 patriarcha
2315 2629 2664 2690 antiocheno
2696 2630 2928 2700 habita;
2977 2631 3051 2690 ab
3084 2634 3130 2690 A
3151 2634 3181 2690 t
3202 2665 3229 2676 -

605 2719 764 2779 tico
796 2719 1130 2796 patriarcha
1161 2719 1268 2778 ΟΡ.
1304 2739 1353 2776 a.
1390 2729 1547 2790 4l7;
1593 2719 1811 2778 iterum
1847 2719 1911 2777 in
1942 2736 2101 2783 conc,
2135 2720 2513 2795 ephesino
2546 2716 2623 2801 (a.
2660 2718 2848 2801 43l);
2896 2721 3038 2780 haec
3082 2740 3227 2780 vero

606 2809 907 2868 damnatio
937 2827 1057 2868 non
1088 2807 1257 2866 facile
1289 2807 1637 2867 conciliatur
1668 2826 1803 2866 cum
1823 2808 2166 2878 assertione,
2200 2812 2398 2884 patres
2418 2827 2658 2886 graecos
2678 2810 2995 2885 plerosque
3015 2828 3224 2869 eorum
3281 2827 3290 2836 ·

605 2898 905 2958 erroribus
939 2899 1076 2973 plus
1108 2897 1383 2954 minusve
1413 2896 1646 2955 favisse.

782 3019 844 3086 2.
876 3023 1081 3080 Patres
1113 3038 1383 3079 accusare
1420 3021 1761 3099 pelagianos
1807 3024 1867 3081 et
1911 3021 2397 3099 semipelagianos
2428 3021 2856 3090 novitati8‚
2910 3024 2973 3080 et
3021 3025 3231 3082 contra

604 3131 704 3171 eos
749 3111 822 3169 ad
867 3113 1066 3187 patres
1098 3109 1277 3168 etiam
1310 3128 1549 3186 graecos
1581 3129 1925 3187 provocare3
1974 3114 2301 3185 utrumque
2333 3113 2530 3169 autem
2565 3111 2662 3169 vix
2694 3111 2973 3187 explicari
3007 3115 3224 3188 potest,

604 3202 658 3259 si
688 3203 885 3276 patres
918 3199 1111 3275 graeci
1143 3199 1349 3257 eodem
1380 3199 1641 3258 fuissent
1670 3199 1874 3259 infecti
1907 3218 2123 3263 errore.
2187 3200 2265 3258 Et
2294 3200 2454 3259 unde
2486 3201 2709 3259 factum
2753 3205 2862 3270 est,
2911 3204 2983 3259 ut
3024 3205 3229 3278 patres

603 3289 997 3348 occidentales
1030 3293 1150 3347 tam
1185 3288 1302 3347 cito
1335 3288 1494 3347 hunc
1522 3308 1780 3348 errorem
1800 3289 2079 3348 detestati
2112 3290 2235 3348 sint
2264 3290 2328 3348 in
2358 3289 2682 3367 pelagianis
2715 3294 2778 3348 et
2809 3290 3227 3369 semipelagia-

604 3379 716 3448 nis,
750 3397 1054 3454 nunquam
1088 3396 1229 3436 vero
1260 3378 1325 3435 in
1356 3377 1631 3453 patribus
1664 3379 1932 3455 graecis?
1994 3378 2090 3437 Ad
2124 3379 2262 3437 haec

780 3497 845 3565 3.
895 3502 1055 3578 apud
1101 3502 1236 3560 illos
1282 3502 1520 3561 eosdem
1567 3506 1765 3578 patres
1802 3503 2148 3562 testimonia
2177 3503 2434 3561 inveniri
2469 3502 2641 3578 plane
2673 3505 2912 3581 egregia
2941 3522 3048 3580 pro
3080 3504 3228 3582 dog-

605 3594 766 3650 mate
810 3591 1114 3660 catholico,
1164 3609 1316 3667 quae
1363 3591 1687 3669 diligenter
1719 3592 1962 3669 collegit
1993 3590 2158 3650 Isaac
2187 3591 2582 3650 Habertus
2630 3591 2693 3650 in
2741 3610 2849 3650 sua
2896 3593 3076 3651 theol.
3121 3613 3228 3669 pp.

601 3698 946 3758 graecorum
978 3679 1293 3739 vindicata.
1359 3680 1454 3739 Ita
1485 3700 1571 3740 ex.
1604 3701 1691 3758 gr.
1726 3681 2227 3757 Chrysostom
2249 3698 2334 3738 us
2373 3679 2445 3738 de
2478 3680 2925 3755 prophetiarum
2958 3681 3225 3740 obscuri-

601 3774 723 3828 tate
754 3770 908 3829 hom.
950 3780 974 3832 1
1017 3788 1074 3827 n.
1113 3779 1179 3832 5:
1236 3770 1486 3846 ,Neque
1518 3770 1591 3828 ad
1623 3774 1781 3829 recte
1812 3770 1968 3828 facta
1999 3769 2222 3828 sufficit
2253 3768 2467 3838 anima,
2501 3769 2618 3826 nisi
2652 3770 2755 3828 illo
2787 3770 3090 3845 potiamur
3120 3790 3226 3829 au-

601 3859 761 3918 xilio.
808 3860 1007 3935 Atque
1040 3861 1110 3916 ut
1142 3858 1511 3936 intelligatis,
1546 3859 1800 3917 animam
1822 3859 1996 3917 nobis
2028 3858 2100 3916 ad
2132 3861 2292 3917 recte
2323 3857 2478 3916 facta
2507 3874 2628 3916 non
2661 3858 2947 3929 sufficere,
2981 3862 3045 3918 et
3076 3860 3221 3935 quid

601 3948 732 4006 dico
764 3947 836 4006 ad
868 3949 1027 4005 recte
1059 3946 1254 4006 facta?
1299 3966 1374 4006 ne
1406 3948 1478 4006 ad
1510 3948 1620 4006 hoc
1651 3947 1909 4024 quidem,
1958 3952 2030 4006 ut
2059 3965 2143 4017 ea,
2178 3965 2328 4023 quae
2361 3947 2660 4017 dicuntur,
2692 3948 2996 4023 percipere
3028 3950 3221 4024 possi-

600 4055 765 4096 mus:
798 4037 1119 4112 Animalis,
1151 4036 1367 4113 inquit,
1400 4037 1564 4095 homo
1595 4055 1709 4095 non
1732 4039 1987 4113 percipit
2019 4056 2104 4113 ea,
2139 4055 2286 4114 quae
2315 4044 2450 4094 sunt
2480 4036 2738 4112 Spiritus
2771 4032 2858 4116 (1.
2879 4038 3004 4096 Cor.
3030 4047 3086 4106 2,
3125 4037 3223 4114 14)

603 4172 614 4183 .
649 4169 663 4184 .
697 4169 710 4182 .
743 4126 1057 4184 animalem
1101 4127 1366 4201 appellat
1413 4145 1565 4197 eum,
1614 4126 1720 4201 qui
1763 4126 2321 4185 ratiocinationibus
2354 4125 2630 4184 humanis
2663 4130 2877 4184 cuncta
2908 4125 3224 4201 permittit,

599 4232 795 4290 neque
831 4214 1091 4290 Spiritus
1124 4215 1388 4275 afflatum
1421 4215 1695 4291 recipit.‘
1761 4215 1933 4273 Hom.
1971 4224 2049 4277 29
2085 4214 2148 4272 in
2181 4214 2419 4273 Matth.:
2469 4213 2583 4283 ,In
2630 4215 2826 4292 gratia
2876 4215 2982 4274 Dei
3027 4217 3228 4274 totum

600 4322 929 4379 possumne,
965 4303 1092 4362 sine
1124 4305 1318 4381 gratia
1349 4308 1550 4363 autem
1581 4304 1747 4374 nihil,
1798 4303 2029 4363 dicente
2061 4303 2379 4380 Apostolo:
2432 4304 2643 4362 Omnia
2669 4322 2904 4379 possum
2935 4306 3003 4364 in
3032 4323 3095 4362 eo
3126 4307 3228 4381 qui

600 4412 686 4450 me
716 4394 1001 4467 confortat
1034 4393 1313 4471 (Philipp.
1351 4404 1408 4464 4,
1454 4397 1628 4468 13);‘
1679 4394 1835 4454 hom.
1879 4403 1915 4454 4
1949 4393 2012 4451 in
2043 4393 2256 4468 Ephes.
2293 4402 2361 4462 23
2413 4392 2478 4450 in
2509 4393 2602 4450 Ps.
2645 4402 2762 4455 126
2798 4410 2857 4455 n.
2897 4405 2918 4455 l
2948 4413 2962 4451 τ
3012 4392 3225 4462 ,Quod

599 4483 647 4540 si
694 4481 787 4540 illi
833 4477 1102 4562 (judaei),
1151 4489 1222 4540 ut
1265 4482 1473 4541 urbem
1520 4487 1580 4541 et
1626 4501 1867 4541 murum
1897 4481 2240 4551 excitarent,
2286 4484 2453 4539 tanto
2485 4499 2635 4557 opus
2668 4481 2967 4541 habebant
3000 4483 3225 4541 auxilio

599 4590 857 4647 superno
892 4568 993 4652 (cf.
1028 4580 1083 4633 2.
1115 4571 1252 4630 Esd.
1280 4582 1333 4641 4,
1377 4582 1450 4634 15
1488 4566 1623 4654 ss.):
1657 4571 1848 4630 multo
1879 4570 2068 4647 magis
2103 4589 2230 4641 nos,
2265 4569 2369 4644 qui
2402 4570 2578 4641 viam,
2612 4589 2763 4646 quae
2795 4570 2964 4630 ducit
2993 4571 3058 4630 in
3091 4590 3221 4630 coe-

600 4661 743 4731 lum,
777 4659 1206 4737 ingredimur.‘
