3538 5364
1009 294 1417 350 lnaufflcientia
1442 297 1682 349 naturae
1709 296 1768 349 et
1793 294 1939 365 legis
1962 295 2037 349 ad
2063 295 2321 349 salutem.
2846 298 2961 368 121

345 480 483 561 ejus
516 476 820 544 notitiam
855 476 1326 559 assequendam
1347 477 1427 541 de
1447 483 1586 541 toto
1600 476 2077 558 justificationis
2096 477 2380 553 exordio,
2400 493 2706 559 processu
2726 483 2791 542 et
2811 478 2970 541 con-

344 588 776 650 summatione
810 582 1297 666 disputabimus,
1349 579 1581 648 Omnia
1612 590 1849 658 autem,
1882 602 2051 667 quae
2083 584 2164 648 ad
2198 602 2342 649 eam
2374 590 2686 666 spectant,
2719 585 2975 666 egregie

345 694 650 776 exposuit
681 692 970 775 synodus
1002 692 1104 756 tr
1089 713 1110 755 1
1125 692 1165 756 d
1182 712 1217 758 e
1234 712 1275 755 n
1294 692 1409 756 tin
1427 711 1467 756 a
1497 711 1651 757 sess.
1686 699 1749 762 6.
1779 691 1869 756 Ea
1893 693 1974 756 ad
1997 693 2119 758 tria
2138 693 2352 777 capita
2371 693 2661 757 revocari
2679 684 2974 778 possunt,

345 799 413 863 in
435 819 711 885 quorum
731 800 942 881 primo
963 818 1365 883 quaeremuS,
1386 801 1712 884 quomodo
1734 802 2123 884 acquiratur,
2144 819 2260 866 seu
2293 800 2373 864 de
2405 800 2477 864 d
2463 821 2481 863 1
2500 820 2588 883 sp
2603 819 2641 864 o
2658 801 2857 865 sitio
2873 820 2968 871 ne

344 906 431 970 ad
462 925 612 971 eam
643 907 993 990 requisita:
1018 909 1082 971 in
1114 908 1398 973 secundo
1430 908 1827 990 inquiremus
1858 908 1924 972 in
1956 908 2093 989 ejus
2125 925 2269 972 esse
2303 906 2568 971 formale
2596 926 2711 973 seu
2747 908 2812 971 in
2832 907 2978 989 ejus.

345 1020 733 1077 naturam
778 1013 1341 1095 et'proprietates3
1389 1012 1453 1077 in
1499 1014 1686 1079 tertio
1719 1014 2159 1095 spectabimus
2209 1031 2354 1077 eam
2387 1014 2739 1078 secundum
2773 1015 2970 1096 ipsius

344 1118 654 1186 virtutem
684 1127 750 1185 et
780 1123 1079 1208 ἐνέργειαν
1111 1139 1228 1186 seu
1260 1140 1451 1204 quem
1484 1121 1769 1186 valorem
1818 1121 2140 1202 imprimat
2186 1120 2434 1185 actibus
2460 1120 2968 1202 justificatorum,

342 1213 518 1315 unde
552 1246 818 1309 agemus
850 1227 931 1293 de
961 1228 1276 1293 merito

1496 1444 1826 1529 capuit

529 1568 636 1658 De
684 1568 1401 1649 dispositionibus
1450 1567 1550 1631 ad
1592 1566 2304 1649 justificationem
2351 1567 2803 1652 requisitis.

533 1696 680 1762 135.
712 1692 944 1756 Paucis
976 1692 1505 1774 complectamur,
1549 1711 1715 1776 quae
1762 1693 2104 1757 concilium
2148 1692 2466 1774 prioribus
2511 1711 2648 1774 cap.
2680 1711 2836 1758 sess.
2868 1660 2974 1756 VI.

344 1800 557 1866 docet„
590 1799 878 1865 Breviter
909 1799 1229 1881 descripta
1261 1819 1313 1863 c.
1354 1804 1386 1866 1
1423 1800 1790 1864 tristissima
1807 1799 2174 1864 conditione
2205 1799 2471 1863 humani
2503 1800 2769 1881 generis
2802 1814 2976 1882 quae

343 1912 703 1972 consecuta·
732 1914 832 1973 est
862 1906 1094 1971 Adami
1123 1907 1765 1989 praevaricationem,
1799 1907 2024 1972 statuit

526 2032 588 2099 I.
628 2032 855 2095 Gentes
886 2030 1032 2095 solis
1062 2032 1297 2095 viribus
1336 2037 1607 2122 naturae
1637 2052 1760 2095 non
1793 2032 2068 2116 potuisse
2098 2054 2173 2094 ex
2203 2037 2288 2094 tot
2320 2032 2507 2095 malis
2537 2030 2810 2094 liberari.
2843 2028 2971 2093 Cu·-

338 2138 444 2220 jus
476 2138 939 2221 propositionis
970 2138 1207 2203 veritas
1240 2138 1580 2201 manifesta
1626 2145 1725 2203 est
1774 2157 1851 2202 ex
1885 2137 2071 2200 dictis
2104 2136 2169 2200 in
2201 2137 2413 2218 priore
2445 2142 2759 2200 tractatus
2789 2140 2972 2217 parte

347 2245 425 2309 de
456 2246 709 2326 gratiae
740 2244 1139 2309 necessitate.
1173 2241 1241 2308 Si
1261 2245 1431 2310 enim
1451 2250 1674 2325 gentes
1695 2250 1936 2308 conatu
1968 2243 2342 2308 naturali
2373 2243 2735 2325 potuissent
2761 2261 2846 2306 ex
2876 2248 2973 2310 tot

347 2351 535 2416 malis
566 2352 844 2429 liberari,
877 2358 1148 2417 conatus
1178 2352 1281 2417 ille
1315 2350 1534 2418 suisset
1556 2352 1821 2417 omnino
1856 2351 2283 2416 salutaris.
2318 2350 2510 2433 Atqui
2546 2349 2819 2414 vidimus
2850 2350 2970 2412 ho-

344 2460 587 2525 minem
620 2460 761 2524 sine
779 2460 985 2540 gratia
1004 2460 1157 2523 nihil
1176 2477 1442 2541 prorsus
1464 2478 1656 2540 agere
1676 2478 1870 2541 posse
1891 2460 2064 2542 quod
2084 2459 2166 2523 ad
2183 2459 2456 2524 salutem
2477 2465 2740 2539 spectet„
2774 2458 2978 2523 Docet

522 2566 632 2634 II.
668 2564 762 2631 Ne
775 2566 1051 2649 judaeos
1079 2567 1326 2650 quidem
1356 2587 1474 2651 per
1505 2568 1709 2651 ipsam
1742 2570 1931 2631 etiam
1964 2565 2214 2631 literam
2245 2568 2395 2649 ἱερὰς
2427 2588 2467 2629 a
2499 2567 2686 2649 lapsu
2717 2585 2972 2647 surqere

340 2675 636 2759 potuisse.
698 2672 793 2737 De
843 2692 972 2757 qua
1010 2674 1459 2756 propositione
1512 2675 1697 2752 scias,
1748 2674 2044 2738 consulto
2092 2673 2433 2738 concilium
2464 2672 2636 2736 illam
2670 2671 2977 2755 loquendi

342 2782 665 2847 rationem
698 2781 983 2862 elegisse,
1015 2787 1179 2845 teste
1210 2780 1738 2846 Pallavicino
1782 2783 1925 2847 hist.
1959 2801 2142 2847 conc.
2171 2789 2243 2846 tr.
2277 2780 2427 2857 VIII,
2468 2785 2568 2857 la,
2598 2797 2678 2844 ne
2709 2779 2972 2849 dirime-2

344 2895 441 2953 ret
469 2889 984 2953 controversiam
1016 2889 1185 2953 inter
1217 2889 1481 2954 scholae
1513 2889 1851 2970 theologos
1884 2891 2214 2970 agitatam,
2251 2908 2406 2953 num
2437 2887 2798 2951 institutum
2829 2904 2999 2952 mo--

343 2996 592 3059 saicum
612 2994 804 3061 fuerit
820 3015 1084 3078 prorsus
1107 2996 1401 3063 inefficax
1434 2998 1517 3061 ad
1553 2999 1848 3063 salutem.
1883 2997 2097 3078 Quare
2132 2998 2195 3062 id
2229 3004 2478 3061 tantum
2498 2995 2729 3060 docere
2762 2994 2973 3060 inten-

345 3101 451 3178 dit,
504 3102 715 3183 legem
760 3105 1115 3169 mosaicam
1168 3121 1317 3169 eum
1365 3106 1664 3170 omnibus
1714 3107 1849 3170 suis
1899 3106 2124 3170 ritibus
2174 3124 2289 3188 per
2336 3123 2425 3179 se,
2472 3103 2724 3167 seclusa
2767 3102 2974 3183 gratia

345 3206 600 3286 Christi,
635 3210 720 3274 ad
750 3211 1024 3276 salutem
1069 3231 1204 3277 non
1234 3213 1579 3277 suffecisse.
1642 3213 1803 3277 Hinc
1835 3213 2033 3277 etiam
2064 3232 2204 3276 can.
2245 3217 2276 3280 l
2309 3216 2623 3276 statutum
2656 3208 2799 3274 suit:
2868 3206 2980 3284 ,Si

347 3317 491 3398 quis
524 3316 776 3392 dixerit,
808 3319 1135 3384 hominem
1166 3319 1299 3384 suis
1332 3320 1653 3402 operibuS,
1702 3339 1871 3403 quae
1917 3320 2019 3385 vel
2067 3339 2184 3402 per
2212 3321 2536 3383 humanae
2568 3323 2839 3381 naturae
2864 3316 2976 3381 vel

344 3442 459 3504 per
507 3423 668 3504 legis
719 3424 1079 3490 doctrinam
1129 3426 1303 3504 fiant,
1353 3427 1598 3510 absque
1649 3427 1866 3492 divina
1914 3445 2032 3509 per
2073 3428 2126 3491 J.
2159 3425 2483 3491 Christum
2530 3425 2736 3504 gratia
2783 3442 2975 3505 posse

339 3529 680 3611 justificari
709 3548 930 3595 coram
964 3531 1117 3609 Dec,
1150 3533 1223 3597 A.
1257 3531 1355 3598 S.

525 3658 699 3728 Quod
745 3662 1033 3736 probatur
1081 3657 1142 3728 l.
1190 3665 1520 3740 generatim
1554 3683 1625 3722 ex
1658 3663 1933 3739 epistolis
1966 3663 2137 3721 Pauli
2181 3662 2253 3720 ad
2301 3679 2592 3731 romanoe,
2637 3661 2868 3735 'galatas
2907 3662 2978 3719 et

345 3748 651 3820 hebraeos,
700 3750 765 3807 in
797 3750 1019 3825 quibus
1054 3752 1192 3811 data
1223 3771 1399 3828 opera
1429 3754 1734 3828 apostolus
1767 3753 2141 3812 oeconomiae
2172 3751 2461 3811 mosaicae
2492 3749 2978 3810 insufficientiam

346 3836 415 3894 ad
449 3857 653 3896 veram
686 3856 882 3898 coram
916 3840 1035 3898 Deo
1060 3842 1362 3918 justitiam
1396 3842 1830 3917 assequendam
1861 3842 2258 3900 demonstrat.
2306 3845 2367 3899 et
2411 3839 2700 3916 quidem
2685 3858 2748 3897 m
2779 3858 2868 3914 ep.
2900 3838 2976 3895 ad

346 3944 704 3985 romanos
736 3931 917 4005 negat
947 3930 1243 3989 hominem
1270 3932 1590 4006 justificari
1624 3931 1753 4007 lege
1786 3931 1997 3990 morali
2031 3949 2134 3989 seu
2168 3929 2480 4006 decalogo;
2523 3929 2584 3986 in
2616 3947 2706 4004 ep.
2738 3928 2811 3986 ad
2842 3946 2972 4004 ga-

345 4014 550 4074 latas
585 4015 871 4075 virtutem
897 4019 1266 4095 justificandi
1300 4025 1568 4080 removet
1602 4040 1637 4078 a
1668 4020 2051 4080 caeremoniis
2084 4019 2399 4097 legalibus,
2432 4022 2493 4076 et
2524 4015 2587 4076 in
2619 4038 2709 4094 ep.
2740 4005 2813 4075 a'd
2846 4016 2974 4075 he

347 4273 600 4338 divinae,
643 4273 851 4329 filiatio
883 4277 1159 4348 adoptiva
1198 4280 1257 4332 et
1295 4277 1583 4335 amicitia:
1622 4279 2051 4348 comparatione
2101 4277 2379 4332 virtutum
2418 4277 2738 4332 infusarum
2766 4277 2976 4329 natura

347 4355 634 4423 quaedam
662 4356 1137 4425 supernaturalia,
1163 4374 1315 4426 quae
1337 4357 1502 4411 radix
1528 4358 1606 4411 ait
1630 4357 1975 4412 universalis
2001 4359 2298 4426 formaque
2334 4356 2650 4416 virtutum;
2690 4369 2981 4426 compara

346 4435 505 4489 tione
530 4439 773 4489 actuum
799 4436 1104 4491 moralium
1132 4437 1388 4508 dignitas
1415 4440 1474 4491 et
1498 4437 1702 4493 valor
1686 4455 1975 4507 ipsorum;
2003 4437 2429 4508 comparatione
2456 4437 2682 4513 gloriae
2701 4451 2892 4494 semen
2919 4438 2980 4488 et

346 4513 437 4584 jue
461 4514 883 4569 hereditarium
904 4515 976 4569 ud
999 4517 1193 4574 illam:
1220 4516 1469 4587 denique
1496 4517 1924 4588 comparatione
1946 4520 2185 4572 naturae
2206 4516 2507 4572 rationalia
2526 4507 2976 4572 antonomastice

348 4594 553 4668 gratia,
572 4593 828 4665 justitia,
856 4593 993 4660 vita,
1020 4596 1394 4667 pulchritudo
1434 4600 1494 4653 et
1530 4597 1846 4652 mundities
1884 4599 1959 4652 ab
1999 4597 2154 4653 omni
2180 4600 2403 4654 macula
2446 4599 2665 4670 peccati
2691 4596 2972 4653 lethalis!

348 4671 433 4731 En
461 4676 700 4809 quam
726 4677 949 4745 gratiae
991 4676 1311 4731 habitualis
1354 4677 1610 4748 dignitas
1654 4679 1714 4732 et
1754 4678 2024 4749 pretium,
2053 4681 2336 4746 quantum
2362 4679 2538 4748 hujus
2563 4667 2976 4753 disputationi·

347 4770 569 4811 momen
716 4761 737 4808 Ι
