3538 5364
1416 292 1604 346 cultus
1630 290 1973 345 defenditur.
2865 302 2989 365 637

381 481 585 556 prouti
616 483 710 538 est
754 499 847 539 res
891 479 1092 554 aliqua
1137 479 1504 548 subsistens;
1555 479 1641 537 ita
1689 479 2061 537 considerata
2109 479 2367 556 imagine
2416 482 2622 541 nullus
2654 481 2708 539 ei
2741 480 2995 539 debetur

383 569 599 639 cultae,
634 571 705 628 ut
735 569 928 644 prima
960 569 1176 627 statuit
1206 568 1424 645 opinio,
1488 568 1692 627 Potest
1722 564 1796 631 b.
1830 568 2025 644 imago
2058 569 2421 628 considerari
2453 569 2901 630 formaliter
2932 571 2996 628 in

382 661 534 727 actu,
568 661 639 716 ut
668 659 856 734 ajunt,
888 658 1139 735 signato,
1173 660 1246 716 ut
1263 661 1357 716 est
1374 676 1469 716 res
1491 675 1654 716 sacra
1685 657 1880 716 cultui
1911 656 2113 716 divino
2145 658 2449 734 deputata,
2511 662 2604 719 Ita
2623 659 2993 719 considerata

381 748 655 825 imagine,
708 749 909 807 cultus
943 748 997 806 ei
1030 747 1299 820 debetur,
1354 747 1456 805 sed
1504 747 1698 805 minor
1741 766 1919 821 quam
1953 750 2289 823 prototypo,
2337 750 2441 824 qui
2475 750 2777 827 analogice
2811 750 2870 806 et
2902 766 2992 806 re·

382 837 621 896 duct-ive
667 836 741 894 ad
786 855 913 895 eam
958 836 1221 912 pertinet
1269 836 1468 895 cultus
1518 835 1789 911 speciem,
1840 854 1944 893 seu
1976 854 2045 895 ex
2077 855 2145 894 ea
2187 836 2498 907 redundat,
2551 858 2702 915 quae
2749 838 2998 896 debetur

382 926 731 1001 exemplari;
766 944 835 984 eo
865 926 995 1001 ipso
1028 926 1183 984 enim
1217 925 1377 1001 quod
1408 924 1767 1001 exemplaria
1800 925 1907 983 tali
1940 925 2360 1001 prosequimur
2392 928 2580 1000 cultu,
2616 927 2854 987 honoris
2876 945 2995 984 non

382 1016 535 1074 nihil
566 1015 860 1074 redundat
890 1014 954 1073 iu
985 1033 1193 1074 eorum
1224 1015 1529 1091 imagines,
1565 1013 1692 1083 Qua
1723 1015 1787 1072 in
1819 1034 1882 1073 re
1913 1014 2318 1074 consentimus
2342 1017 2553 1076 tertiae
2574 1015 2862 1093 opinioni,
2899 1016 2996 1073 cui

381 1106 584 1163 favent
615 1108 675 1163 et
707 1103 999 1163 Ecclesiae
1032 1104 1425 1172 definitiones,
1468 1122 1619 1178 quae
1653 1121 1784 1162 cum
1821 1107 2092 1162 statuant
2124 1104 2415 1182 imagines
2449 1125 2579 1165 esse
2612 1105 2995 1173 venerandas,

383 1213 452 1253 eo
485 1194 616 1268 ipso
650 1193 932 1263 innuunt,
973 1211 1072 1252 eas
1105 1193 1168 1251 in
1200 1212 1261 1252 se
1292 1193 1515 1252 honore
1547 1210 1675 1251 esse
1711 1193 1939 1268 dignas,
1988 1192 2112 1251 scil.
2145 1197 2443 1269 quatenus
2476 1198 2620 1255 sunt
2652 1211 2995 1272 repraesen-

382 1283 636 1342 tationes
668 1282 1017 1359 exemplaris
1050 1282 1113 1340 in
1146 1300 1208 1341 se
1241 1281 1472 1341 colendi
1524 1284 1894 1341 consecretae
1927 1281 2122 1340 cultui
2155 1284 2376 1348 divino,
2440 1285 2761 1361 Nunquam
2794 1287 2996 1342 tamen

384 1372 694 1431 dicendum
730 1376 822 1430 est
852 1372 1112 1447 aliquam
1145 1371 1463 1448 imaginem
1497 1389 1626 1429 esse
1661 1370 1787 1430 sive
1818 1371 2122 1430 colendam
2169 1374 2339 1432 cultu
2387 1375 2679 1445 absolute,
2735 1375 2861 1433 sive
2893 1372 2996 1429 ad·

384 1462 657 1521 orandam
695 1462 864 1519 cultu
912 1460 1136 1530 latriae,
1188 1460 1308 1519 imo
1339 1460 1449 1519 hoc
1480 1478 1724 1536 prorsus
1756 1464 1849 1519 est
1879 1461 2235 1537 negandum,
2286 1466 2358 1521 ut
2388 1466 2557 1539 patet
2585 1467 2715 1522 tum
2750 1482 2815 1522 ex
2849 1462 2994 1521 actis

384 1550 616 1610 concilii
663 1550 1004 1619 nicaeni,
1053 1552 1184 1607 tum
1217 1550 1358 1624 quia
1388 1549 1439 1608 is
1471 1549 1755 1626 loquendi
1791 1551 1999 1609 modus
2033 1550 2281 1610 offendit
2312 1572 2486 1611 aures
2521 1554 2893 1621 christianae,
2927 1554 2997 1609 ut

384 1659 451 1698 ex
484 1639 903 1699 controversiis
937 1657 1048 1697 sec.
1082 1638 1242 1698 VIII.
1275 1639 1545 1697 excitatis
1591 1638 1652 1695 in
1686 1638 2003 1698 Occidente
2052 1641 2356 1700 occasione
2407 1641 2630 1701 decreti
2678 1642 2804 1700 nic
2825 1641 3001 1700 aeni

383 1730 535 1788 male
585 1728 878 1787 intellecti
926 1730 1109 1804 patet.
1156 1728 1526 1787 considerari
1557 1727 1815 1803 denique
1847 1731 2045 1803 potest
2076 1743 2140 1793 c.
2174 1730 2367 1807 imago
2401 1730 2728 1791 formaliter
2760 1730 2823 1789 in
2857 1733 2995 1789 actu

383 1817 638 1877 exercito
672 1836 778 1877 seu
810 1816 1403 1893 reduplicative
1436 1821 1506 1876 ut
1538 1817 1754 1875 sistens
1789 1836 1984 1876 coram
2014 1819 2187 1877 nobis
2220 1819 2421 1894 ipsum
2452 1820 2767 1897 exemplar,
2816 1822 2998 1895 atque

384 1907 471 1965 ita
499 1906 616 1965 diei
648 1908 867 1982 potest,
920 1906 1174 1964 eundem
1222 1906 1347 1964 illis
1394 1906 1582 1965 tribui
1631 1906 1879 1979 cultum,
1930 1907 2036 1981 qui
2069 1908 2386 1985 exemplari
2420 1909 2701 1981 defertur,
2754 1909 2854 1968 sed
2888 1908 3000 1966 im-

385 1996 624 2072 proprie
655 1998 716 2054 et
745 2015 852 2071 per
884 1995 1182 2053 accidens:
1232 1997 1378 2054 tunc
1408 1997 1570 2054 enim
1601 1996 1804 2054 cultus
1834 2015 1941 2072 per
1973 1996 2290 2073 imaginem
2324 1998 2545 2056 transit
2578 1999 2650 2056 ad
2683 1999 2996 2074 exemplar,

386 2103 493 2143 seu
525 2085 721 2143 cultus
753 2086 1031 2143 externus
1064 2082 1261 2142 tendit
1291 2084 1631 2143 immediate
1682 2085 1745 2142 in
1796 2085 2136 2162 imaginem,
2191 2087 2466 2145 internus
2513 2106 2653 2147 vero
2686 2105 3000 2164 expressus

382 2177 625 2233 externo
659 2173 829 2250 signo
861 2174 924 2231 in
955 2175 1349 2249 prototypon3
1383 2174 1489 2250 qui
1518 2173 1756 2232 videtur
1787 2192 1992 2233 sensus
2026 2175 2319 2250 opinionis
2354 2177 2663 2239 secundae.

568 2298 711 2362 738.
744 2293 1288 2363 Demonstratio
1319 2314 1390 2380 p.
1431 2295 1488 2361 Ι.
1555 2293 1860 2376 Princeps
1921 2295 2061 2381 (sed
2124 2295 2465 2381 misellum)
2529 2302 3000 2377 argumentum,

387 2418 515 2482 quo
549 2418 674 2464 sec.
697 2399 846 2464 V111.
881 2401 1008 2463 ico
1030 2401 1428 2478 nemachi,
1463 2407 1526 2465 et
1557 2401 1787 2471 horum
1808 2401 2174 2484 pedissequi
2206 2410 2662 2468 novatores
2695 2401 3001 2468 sec.XV1.

387 2507 700 2571 adversus
732 2526 814 2570 ss.
847 2507 1198 2587 imaginum
1240 2527 1426 2571 usum
1460 2508 1828 2590 cultumque
1859 2509 1957 2571 usi
1990 2514 2156 2584 sunt,
2189 2510 2426 2590 petitur
2457 2528 2535 2574 ex
2567 2510 2675 2574 Ex.
2709 2516 2811 2586 20,
2844 2515 2886 2577 4
2921 2530 3001 2572 s:

389 2613 532 2676 Non
563 2612 760 2694 facies
792 2613 903 2676 tibi
932 2615 1230 2701 sculptile,
1263 2634 1455 2699 neque
1502 2634 1742 2678 omnem
1778 2616 2275 2697 similitudinem,
2306 2637 2465 2701 quae
2496 2623 2584 2680 est
2614 2618 2681 2679 in
2711 2615 2870 2680 coelo
2901 2616 3001 2679 de-

385 2741 594 2803 super,
627 2728 680 2785 et
713 2741 872 2805 quae
901 2722 972 2782 in
1003 2728 1176 2784 terra
1207 2722 1518 2801 deorsum,
1550 2742 1658 2786 nec
1688 2743 1924 2807 eorum,
1974 2744 2133 2807 quae
2163 2735 2310 2789 sunt
2357 2726 2425 2787 in
2457 2729 2637 2809 aquis
2667 2725 2780 2788 sub
2812 2730 3001 2787 terra.

390 2827 532 2891 Non
586 2828 883 2892 adorabis
930 2849 1023 2904 ea,
1075 2847 1267 2912 neque
1314 2827 1499 2892 coles:
1550 2851 1653 2914 eqo
1701 2849 1839 2892 sum
1886 2829 2199 2894 Dominus
2240 2830 2413 2894 Deus
2456 2837 2602 2895 tuus
2646 2832 2835 2913 fortis
2883 2837 3002 2894 etc.

386 2934 626 2998 Verum
662 2933 726 3001 1.
762 2934 868 2998 vel
899 2934 1062 2998 haec
1082 2934 1281 2998 verba
1305 2954 1346 2998 u
1367 2935 1498 2998 niv
1516 2954 1551 3000 e
1567 2955 1644 2998 rs
1662 2936 1820 2999 alis
1840 2957 1870 3000 s
1888 2937 1909 2999 i
1926 2956 2040 3002 me
2073 2937 2474 3019 accipiuntur
2501 2937 2602 3001 vel
2622 2956 2770 3001 cum
2790 2936 3006 3001 debita

383 3041 967 3105 restrictione:
1017 3040 1294 3122 primum
1344 3042 1700 3107 adversarii
1751 3044 1920 3108 tueri
1971 3062 2103 3108 non
2134 3051 2424 3125 possunt,
2475 3045 2758 3127 alioquin
2791 3051 2856 3110 et
2886 3045 3006 3125 ipsi

387 3148 670 3229 quotidie
701 3153 1047 3229 peccarent
1079 3149 1398 3229 pingendo
1432 3149 1534 3213 vel
1566 3149 1915 3231 sculpendo
1949 3152 2275 3232 imagines
2338 3151 2555 3231 Quare
2606 3170 2685 3216 ea
2717 3152 2795 3215 de
2827 3158 3005 3214 certa

389 3261 639 3318 tantum
669 3255 1022 3335 imaginum
1071 3254 1288 3336 specie
1340 3261 1405 3320 et
1453 3274 1575 3320 usu
1606 3256 1846 3321 debent
1893 3257 2188 3340 intelligi:
2240 3259 2756 3324 adversariorum
2786 3264 3005 3323 autem

382 3362 506 3425 erit
567 3361 1012 3426 demonstrare
1074 3361 1179 3424 illo
1226 3369 1576 3443 praecepto
1628 3364 2087 3444 comprehendi
2138 3372 2202 3429 et
2250 3366 2578 3447 prohiberi
2628 3372 3005 3429 sanctorum

382 3468 713 3549 imagineS,
748 3468 921 3550 quod
953 3486 1283 3550 nunquam
1316 3468 1634 3534 evincent.
1699 3467 1871 3534 Sane
1902 3473 1967 3541 2.
2001 3472 2217 3535 omnia
2249 3472 2524 3537 suadent
2559 3472 2853 3536 damnari
2884 3473 2920 3536 l.
2954 3490 3004 3534 e.

381 3595 574 3638 usum
626 3574 994 3656 cultumque
1055 3574 1494 3638 idolorum:
1560 3574 1791 3639 suadet
1842 3595 1907 3644 a.
1962 3584 2430 3654 contextus,
2480 3596 2634 3641 nam
2698 3584 2892 3642 antea
2943 3584 3033 3641 et.

384 3687 613 3762 postea
644 3699 857 3745 sermo
891 3688 990 3745 est
1021 3680 1101 3744 de
1134 3679 1322 3743 idolis
1360 3681 1704 3763 omniaque
1737 3681 1821 3745 ad
1853 3701 2050 3746 unum
2084 3689 2381 3765 spectant
2411 3690 2843 3765 praeceptum,
2877 3702 3004 3765 quo

386 3787 511 3850 tria
543 3787 623 3851 de
655 3786 841 3852 idolis
873 3786 1309 3868 prohibentur,
1360 3805 1441 3852 ne
1493 3786 1874 3864 habeantur,
1926 3807 2008 3852 ne
2042 3788 2215 3865 fiant,
2260 3808 2343 3854 ne
2393 3789 2722 3867 colantur3
2775 3791 2847 3857 b.
2881 3789 3005 3853 loci

381 3894 784 3974 paralleli
815 3894 1084 3968 Lev.26,
1115 3901 1181 3968 13
1215 3893 1398 3957 Deut.
1436 3899 1494 3970 6,
1535 3899 1613 3962 13
1645 3894 1762 3958 col.
1797 3894 1897 3958 Ps.
1931 3900 2036 3972 96,
2074 3902 2107 3963 7
2145 3902 2209 3960 et
2241 3897 2452 3960 versio
2486 3914 2805 3977 graeca,
2840 3915 3006 3978 quae

381 3999 585 4064 habet
617 4002 899 4075 εἴδωλον;
934 4020 997 4068 c.
1035 4000 1164 4081 adj
1185 4010 1432 4067 uncta
1464 4002 1802 4065 historica:
1836 4002 2007 4067 dicta
2040 4003 2211 4066 enim
2242 4003 2406 4067 haec
2428 4010 2577 4067 sunt
2608 4010 2756 4085 post
2786 4023 3005 4085 egres-

382 4125 530 4169 sum
581 4126 658 4172 ex
683 4106 1002 4189 Aegypte,
1050 4106 1161 4170 ubi
1205 4109 1426 4190 Judaei
1476 4109 1649 4172 idola
1698 4109 1909 4173 omnis
1959 4110 2209 4190 generis
2255 4110 2575 4185 viderant3
2627 4129 2826 4193 quare
2859 4130 3005 4175 cum

386 4212 643 4296 Moyses
677 4220 848 4278 totus
881 4214 945 4277 in
977 4232 1055 4279 eo
1088 4216 1188 4292 sit,
1220 4223 1293 4279 ut
1324 4217 1512 4280 unius
1545 4215 1657 4279 Dei
1703 4215 1945 4280 cultum
1989 4217 2281 4294 inculcet,
2327 4217 2765 4282 necessarium
2817 4218 3006 4300 plane

384 4327 543 4397 erat,
578 4327 647 4384 ut
679 4321 1029 4387 deterreret
1060 4340 1100 4386 a
1132 4324 1578 4389 construendis
1610 4323 1810 4389 idolis,
1875 4323 1962 4389 Cf.
1997 4325 2048 4388 D
2067 4343 2187 4389 am
2206 4344 2576 4403 ascenuS,
2610 4329 2717 4409 qui
2749 4329 3005 4409 saepius

387 4426 556 4489 hanc
586 4426 1184 4508 interpretationem
1216 4449 1293 4495 ex
1326 4437 1632 4495 contextu
1665 4431 2021 4507 confirmat,
2069 4439 2139 4496 ut
2170 4451 2259 4496 or.
2298 4439 2330 4501 1
2366 4434 2446 4498 de
2479 4434 2663 4516 imag.
2696 4455 2756 4498 n.
2789 4434 2863 4510 ὃς
2917 4453 3004 4498 or.

389 4534 431 4598 2
462 4552 522 4596 n.
559 4537 594 4600 7
632 4540 695 4598 et
728 4540 845 4608 203
880 4553 970 4599 or.
1003 4541 1043 4604 3
1078 4555 1135 4599 n.
1170 4541 1212 4602 4
1246 4543 1363 4601 etc.
1428 4535 1554 4603 Sed
1586 4555 1898 4603 concesso
1952 4539 2146 4603 etiam
2193 4539 2261 4606 3.
2309 4539 2634 4620 prohiberi
2673 4541 3006 4622 judaeis

383 4657 646 4703 omnem
679 4640 1025 4721 imaginum
1070 4662 1258 4707 usum
1305 4643 1692 4726 cultumque,
1738 4644 2146 4726 probandum
2193 4654 2385 4724 esset,
2435 4654 2850 4729 praeceptum
2882 4648 3007 4711 hoc

383 4764 530 4810 esse
564 4746 945 4825 absolutum,
997 4748 1289 4830 obligans
1341 4751 1570 4833 quovis
1624 4758 1911 4833 tempore
1962 4753 2157 4817 etiam
2204 4753 2607 4818 christianos.
2671 4752 3006 4834 Quaedam
