3538 5364
515 293 644 360 232
930 285 1117 341 Tract.
1144 286 1238 339 IX.
1264 285 1333 339 de
1360 284 1748 341 sacramentis.
1777 282 1975 339 Thesis
2003 283 2156 342 CCX.
2184 282 2319 338 Tria
2344 287 2695 337 sacramenta

513 468 822 533 docuerat
852 467 1266 548 Eugenius
1297 465 1397 529 IV.
1429 466 1496 530 in
1527 466 1813 530 instruct„
1845 484 1963 546 pro
1995 465 2291 530 armenis.
2325 463 2597 529 Nomine
2616 472 2834 529 autem
2864 464 3133 528 charac-

513 575 664 638 teris
696 573 1100 654 intelligimus
1130 573 1382 654 signum
1414 572 1675 655 aliquod
1706 591 1822 638 seu
1853 572 2126 653 sigillum
2158 572 2414 637 animae
2446 572 2845 653 impressum.
2897 569 3133 635 Distin-

514 681 621 762 gui
651 687 870 745 autem
919 679 1113 745 debet
1161 680 1395 761 duplex
1445 680 1759 762 quaesti0,
1813 676 1943 743 alia
1990 679 2071 743 de
2104 677 2272 742 sacto
2305 697 2422 743 seu
2454 678 2534 743 de
2566 678 2959 744 characteris
3007 696 3135 742 ex-

511 788 946 852 sistentia:
977 786 1107 850 alia
1138 786 1219 852 de
1252 786 1392 868 ejus
1424 786 1807 851 essentia
1839 793 2033 868 atque
2062 791 2314 851 natura.
2349 785 2541 850 Modo
2575 784 2655 848 de
2686 785 2885 868 priori
2913 802 3135 849 sumus

512 895 782 972 solliciti,
816 894 1022 959 acturi
1054 894 1134 958 de
1167 894 1372 958 altera
1402 899 1649 976 postea.

691 1019 1260 1088 Demonstratio.
1299 1019 1362 1088 1.
1397 1017 1692 1097 Quatuor
1711 1017 1942 1084 saltem
1962 1019 2196 1085 seculis
2215 1018 2748 1100 praecedentibus
2766 1023 3139 1100 protestan-

513 1126 671 1189 tium
701 1125 1100 1190 innovationi
1132 1124 1435 1190 doctores
1467 1125 1730 1189 omnino
1753 1144 1980 1191 omnes
2000 1126 2236 1206 dogma
2254 1126 2380 1189 hoc
2398 1124 2851 1208 proponebant
2870 1123 2936 1188 in
2954 1140 3138 1187 com-

514 1233 845 1297 mentariis
878 1233 981 1297 vel
1011 1231 1095 1295 ad
1126 1231 1226 1296 IV.
1260 1237 1422 1296 sent.
1457 1231 1515 1295 d.
1549 1237 1592 1299 4
1624 1238 1690 1297 et
1720 1238 1760 1301 6
1796 1233 1895 1296 vel
1928 1232 2012 1296 ad
2045 1236 2103 1301 3.
2136 1252 2198 1315 p.
2231 1250 2526 1297 summae
2557 1251 2606 1295 s,
2639 1231 2926 1296 Thomae
2958 1249 3017 1314 q.
3051 1234 3139 1301 63

515 1345 588 1403 ut
618 1340 1138 1415 ecclesiasticum,
1172 1339 1410 1422 ubique
1442 1345 1790 1420 receptum.
1854 1339 2159 1418 Quamvis
2205 1340 2378 1405 enim
2427 1338 2772 1422 disputatio
2805 1339 2871 1401 in
2900 1336 3140 1401 scholis

516 1446 789 1511 ferveret
820 1446 900 1510 de
931 1446 1323 1511 characteris
1356 1451 1594 1510 natura
1625 1445 1727 1510 vel
1760 1446 1957 1511 etiam
1989 1447 2069 1511 de
2089 1447 2304 1523 mode,
2326 1465 2454 1529 quo
2477 1446 2613 1528 ejus
2633 1445 2968 1526 impressio
2988 1462 3141 1527 pro-

514 1552 717 1629 betur,
751 1571 829 1618 eo
861 1552 1221 1619 evidentior
1254 1559 1397 1617 erat
1436 1571 1798 1617 consensus
1830 1553 1909 1617 de
1942 1552 2107 1617 illius
2140 1553 2532 1619 exsistentia.
2597 1551 2795 1635 Atqui
2826 1551 3147 1634 ejusmodi

515 1658 856 1724 consensio
919 1670 1226 1727 constans
1277 1667 1343 1724 et
1393 1658 1774 1725 universalis
1825 1678 2080 1741 semper
2127 1659 2354 1724 habita
2403 1666 2502 1724 est
2550 1660 2841 1725 theore
2861 1659 3025 1724 tice
3077 1665 3145 1724 et

513 1766 887 1848 practice
936 1773 1003 1831 ut
1047 1774 1207 1831 nota
1252 1767 1611 1850 praecipua
1641 1773 1706 1832 et
1735 1766 2060 1831 tutissima
2092 1766 2583 1848 apostolicitatis
2631 1766 2964 1831 doctrinae
2997 1765 3067 1851 (t.
3101 1766 3142 1828 Ι.

515 1893 574 1936 n.
614 1876 782 1961 134).
816 1874 1124 1938 Doctrina
1154 1893 1308 1956 ergo
1341 1874 1420 1939 de
1456 1874 1852 1941 characteris
1899 1874 2274 1940 exsistentia
2305 1882 2404 1940 est
2437 1875 2831 1957 apostolicae
2863 1874 3142 1955 originis.

695 2005 985 2065 Nonnulli
1015 2005 1296 2083 theologi,
1343 2023 1479 2063 cum
1512 2004 1714 2064 minus
1747 2008 1950 2064 essent
1996 2005 2211 2064 versati
2260 2006 2324 2064 in
2368 2005 2725 2065 christianae
2756 2005 3142 2080 antiquitatis

515 2096 940 2167 monumentiS,
972 2093 1134 2171 quod
1166 2100 1312 2153 tunc
1342 2113 1464 2153 non
1498 2094 1735 2166 mirum,
1771 2113 1905 2153 cum
1938 2093 2010 2154 de
2041 2094 2376 2155 charactere
2409 2095 2741 2170 disputant,
2787 2114 2858 2154 ea
2900 2093 3141 2163 habent,

515 2203 667 2259 quae
697 2185 897 2243 minus
931 2188 1077 2242 sunt
1106 2182 1425 2260 probanda.
1491 2182 1585 2241 Ita
1627 2183 1840 2242 scribit
1884 2187 2162 2244 Scotus
2207 2184 2271 2244 in
2320 2194 2355 2246 4
2391 2184 2528 2244 dist.
2560 2193 2600 2248 4
2633 2204 2689 2261 q.
2725 2194 2795 2245 9:
2847 2184 3144 2259 ,Propter

516 2274 703 2333 solam
744 2274 1158 2333 auctoritatem
1193 2271 1500 2342 Ecclesiae,
1550 2285 1843 2348 quantum
1890 2274 2146 2332 occurrit
2189 2272 2262 2332 ad
2309 2292 2604 2348 praesciae,
2659 2276 2754 2332 est
2801 2271 3145 2348 ponendum

516 2362 911 2422 characterem
954 2361 1276 2439 imprimi.‘
1323 2395 1412 2404 —
1459 2360 1626 2420 Biel
1672 2362 1735 2420 in
1785 2372 1820 2424 4
1869 2366 2020 2421 sent.
2066 2362 2209 2422 dist.
2248 2374 2282 2425 6
2319 2382 2373 2439 q.
2412 2372 2448 2424 2
2481 2365 2590 2422 art.
2628 2372 2664 2427 3
2698 2362 2753 2421 d.
2797 2374 2862 2425 1:
2910 2361 3142 2439 ,Magis

514 2470 834 2511 consonare
866 2451 1355 2510 determinationi
1387 2450 1702 2519 Ecclesiae,
1749 2470 1902 2526 quae
1949 2470 2069 2510 non
2100 2455 2301 2528 potest
2332 2470 2546 2520 errare,
2593 2470 2814 2528 ponere
2844 2451 3145 2510 characte-

514 2550 690 2600 rem.‘
726 2576 814 2585 —
848 2542 894 2600 D
915 2539 1260 2599 urendus
1293 2540 1357 2597 in
1391 2549 1426 2600 4
1462 2538 1595 2601 dist.
1619 2548 1656 2600 4
1691 2558 1746 2615 q.
1792 2551 1813 2602 l
1840 2560 1854 2598 ε
1893 2540 2152 2608 ‚Omnes
2185 2539 2453 2599 moderni
2485 2540 2845 2617 profitentur
2876 2540 3143 2616 imprimi

516 2631 912 2692 characterem
943 2629 1009 2689 in
1040 2629 1345 2705 aliquibus
1367 2628 1767 2699 sacramentis,
1802 2631 1864 2688 et
1893 2648 2003 2689 nos
2038 2630 2352 2706 loquentes
2384 2633 2457 2689 ut
2487 2629 2691 2707 plures
2712 2629 2977 2690 dicamus
3005 2647 3146 2689 cum

520 2722 622 2791 eis,
656 2722 1049 2781 characterem
1082 2737 1201 2778 non
1233 2718 1388 2777 nihil
1419 2725 1604 2777 esse.‘
1642 2753 1728 2761 —
1762 2719 1845 2778 De
1891 2719 2242 2778 Bubione
2288 2720 2535 2778 statuit:
2586 2720 2800 2790 ‚Quod
2844 2721 3148 2779 character

521 2812 770 2886 ponitur
799 2810 995 2869 inesse
1028 2807 1100 2867 de
1132 2806 1284 2866 facto
1315 2806 1389 2865 ab
1420 2806 1701 2871 Ecclesia.
1746 2807 1903 2866 Haec
1934 2809 2230 2868 conclusio
2261 2812 2355 2868 est
2387 2809 2647 2886 vulgata,
2680 2810 2823 2868 licet
2850 2808 3146 2878 videatur,

519 2918 638 2959 non
669 2901 928 2959 multum
950 2900 1140 2957 certa:
1174 2913 1312 2954 cum
1342 2914 1451 2954 nec
1470 2895 1544 2954 ad
1565 2897 1672 2955 hoc
1690 2914 1818 2956 esse
1836 2916 2112 2974 expressa
2129 2898 2475 2958 terminatio
2496 2899 2791 2958 Ecclesiae
2810 2897 3142 2957 videatur.‘

521 3025 606 3033 --
638 2990 716 3048 Et
746 2990 1167 3063 cajetanus
1200 2985 1262 3043 in
1298 2995 1332 3047 3
1368 3004 1423 3060 p.
1447 3004 1502 3059 q.
1526 2995 1606 3048 63
1630 3005 1680 3044 a.
1712 2997 1774 3048 l:
1811 2988 2113 3054 ‚Adverte
2143 2987 2238 3045 hic
2269 2987 2420 3046 duo:
2454 2988 2731 3064 primum,
2766 2986 2928 3063 quod
2948 3004 3144 3046 sacra-

520 3082 723 3138 menta
765 3076 1105 3153 imprimere
1149 3075 1542 3133 characterem
1588 3093 1659 3133 ex
1701 3092 1745 3138 s.
1780 3075 2084 3151 Scriptura
2114 3095 2237 3135 non
2269 3076 2540 3146 habetur,
2588 3076 2691 3135 sed
2736 3077 2812 3134 ab
2843 3075 3144 3135 Ecclesiae

522 3167 875 3225 auctoritate
918 3168 982 3223 et
1025 3182 1144 3222 non
1190 3163 1449 3222 multum
1481 3165 1787 3240 antiqua}
1857 3163 2017 3232 Quae
2048 3171 2348 3240 expuncta
2378 3164 2544 3224 fuere
2574 3184 2644 3224 ex
2676 3164 2989 3224 editione
2962 3183 3149 3241 jussu

522 3256 614 3313 Pii
649 3255 712 3314 V.
756 3254 1056 3312 adornata.
1123 3250 1234 3310 Sed
1279 3252 1578 3312 immerito
1622 3253 1696 3311 ad
1742 3255 1849 3312 hos
1892 3254 2200 3332 theologos
2240 3257 2564 3330 provocant
2592 3257 2995 3330 protestantes
3038 3271 3149 3330 pro

521 3362 628 3403 suo
659 3361 875 3412 errore,
922 3360 1057 3400 cum
1090 3341 1153 3399 hi
1182 3359 1387 3400 omnes
1420 3343 1773 3401 characteris
1812 3343 2369 3402 exsistentiam
2402 3343 2577 3419 plane
2609 3342 2990 3402 admiserint.
3037 3342 3149 3401 mi-

522 3432 776 3491 randum
805 3432 1008 3507 potius
1053 3434 1164 3500 est,
1212 3430 1374 3506 quod
1418 3431 1683 3509 theologi
1728 3432 1996 3507 alioquin
2039 3435 2163 3491 tam
2195 3450 2437 3508 sagaces
2469 3432 2535 3490 in
2566 3430 2800 3491 defectu
2831 3451 3150 3510 argumen-

521 3524 721 3580 torum
751 3520 897 3579 adeo
928 3519 1147 3578 dociles
1178 3520 1254 3578 ab
1286 3538 1385 3579 ore
1418 3521 1810 3597 pependerint
1830 3520 2136 3585 Ecclesiae.
2185 3521 2351 3580 Hanc
2370 3521 2736 3580 docilitatem
2759 3521 2875 3580 sibi
2907 3521 3151 3581 imitan-

524 3611 658 3669 dam
688 3611 1024 3687 proponant
1053 3608 1395 3671 adversarii.
1460 3609 1895 3687 Theologorum
1941 3628 2081 3669 vero
2125 3610 2309 3670 dubia
2340 3629 2461 3670 non
2492 3614 2618 3669 tam
2649 3611 2984 3687 respiciunt
3011 3611 3150 3670 cha-

521 3699 766 3759 rac-teris
797 3718 878 3758 ex
898 3697 1384 3768 sistentiam,
1419 3717 1596 3773 quam
1620 3699 1821 3774 potius
1852 3719 1938 3768 ea,
1974 3719 2124 3774 quae
2155 3701 2220 3758 in
2256 3700 2476 3759 scholis
2509 3699 2582 3759 de
2613 3700 2745 3777 ejus
2778 3702 3061 3760 natura
3090 3704 3155 3759 et

519 3788 761 3848 dotibus
793 3788 1199 3864 disputantur.
1267 3786 1420 3845 Hinc
1467 3786 1676 3846 scribit
1720 3789 2103 3847 Albertus
2150 3790 2227 3851 M.
2272 3789 2337 3847 in
2377 3799 2414 3851 4
2448 3789 2503 3852 d.
2542 3800 2576 3852 6
2611 3810 2662 3848 a.
2705 3801 2769 3852 l:
2819 3790 2932 3858 ,In
2978 3788 3153 3848 dictis

522 3888 862 3938 sanctorum
908 3879 1016 3936 aut
1059 3874 1242 3934 etiam
1274 3875 1614 3951 Scripturas
1647 3877 1718 3935 de
1757 3877 2093 3937 charactere
2123 3897 2332 3953 parum
2363 3878 2625 3937 inveniri
2672 3879 2736 3937 in
2783 3896 2984 3950 sensu,
3031 3896 3153 3954 quo

522 3968 794 4044 magistri
825 3966 1206 4042 disputant.‘
1274 3964 1510 4024 Similia
1539 3969 1710 4024 notat
1740 3967 1929 4025 Biel.

701 4088 769 4153 2.
804 4085 1059 4149 Revera
1077 4084 1439 4150 doctrinam
1457 4084 1628 4148 hanc
1649 4103 1727 4149 ex
1761 4103 1803 4149 a
1816 4105 1857 4167 p
1875 4103 1914 4149 o
1935 4091 2064 4150 sto
2082 4085 2103 4148 l
2118 4086 2137 4149 i
2152 4104 2188 4149 c
2205 4104 2245 4149 a
2275 4086 2633 4151 derivatam
2651 4104 2796 4152 esse
2813 4086 3152 4169 praedica-

524 4193 700 4257 tione
732 4190 1142 4256 manifestum
1173 4191 1299 4267 fiet,
1351 4191 1407 4255 si
1455 4209 1612 4273 prae
1661 4192 1863 4256 oculis
1894 4192 2159 4270 habeaS,
2211 4211 2292 4258 ex
2323 4192 2597 4259 historia
2628 4193 3003 4275 dogmatum
3032 4210 3151 4274 pa-

523 4308 820 4384 trumque
842 4299 1225 4365 testimoniis
1245 4306 1564 4375 constare,
1585 4299 1733 4364 inde
1751 4318 1793 4364 a
1807 4301 2204 4382 temporibus
2226 4300 2596 4382 apostolicis
2628 4318 2884 4381 semper
2913 4305 2979 4364 et
3007 4297 3151 4363 ubi-

524 4425 648 4490 que
681 4406 998 4472 creditum
1030 4425 1190 4483 esse,
1224 4407 1349 4471 tria
1377 4407 1541 4473 haec
1595 4414 2012 4472 sacramenta
2062 4409 2260 4472 semel
2314 4409 2553 4473 collata
2602 4409 2694 4472 ita
2742 4407 3029 4482 haerere,
3079 4414 3155 4470 ut

524 4513 753 4579 eadem
786 4513 1021 4578 iterare
1054 4532 1383 4596 nunquam
1415 4513 1623 4578 liceat.

703 4661 857 4721 Hinc
898 4660 1399 4739 Augustinus
1445 4680 1534 4737 ep.
1572 4671 1651 4725 23
1686 4681 1743 4721 n.
1782 4671 1850 4724 2:
1901 4661 2324 4737 ‚Rebaptizare
2368 4661 2742 4731 catholicum,
2787 4659 3153 4720 immanissi-

527 4770 691 4811 mum
721 4752 914 4811 scelus
947 4757 1114 4820 est3‘
1150 4750 1222 4809 de
1254 4751 1431 4810 unico
1464 4750 1624 4828 bapt.
1658 4769 1706 4809 c.
1748 4760 1824 4814 13
1859 4770 1918 4812 n.
1945 4760 2058 4813 22:
2094 4750 2518 4826 ,Rebaptizare
2547 4749 2900 4810 catholicos.
2920 4794 2934 4808 .
2956 4794 2969 4808 .
2998 4767 3156 4809 sem-
