3538 5364
546 256 681 320 330
860 246 1045 300 Tract.
1072 247 1167 299 IX.
1196 245 1265 299 de
1292 245 1654 300 eucharistia.
1680 245 1958 315 Reliquae
1988 246 2351 314 quaestiones
2378 246 2448 299 de
2475 244 2836 302 eucharistia.

545 453 669 511 qua
698 433 818 492 tale
849 435 942 491 est
987 432 1385 507 compositum
1415 432 1748 509 physicum,
1795 433 1895 490 sed
1941 432 2332 506 compositum
2364 430 2590 490 ordinis
2620 431 3047 504 intentionalis,
3095 433 3170 492 ad

546 523 710 599 quod
755 522 898 581 satis
943 524 1033 580 est
1076 524 1148 579 ut
1192 522 1598 597 permanentia
1639 522 1862 580 formae
1910 521 1990 579 sit
2040 522 2114 579 ab
2166 521 2477 580 intellectu
2523 521 2926 596 perceptibilis
2958 525 3172 599 utpote

548 611 798 671 fundata
830 629 1010 686 super
1038 610 1345 681 actionem,
1379 630 1530 686 quae
1561 611 1880 686 praecessit
1910 609 2149 668 realiter
2162 610 2225 688 1).

725 731 791 800 4.
823 735 1151 794 Materia
1181 738 1404 794 remota
1435 736 1823 794 eucharistiae
1855 738 1945 793 est
1975 755 2013 810 p
2032 734 2201 793 anis
2234 735 2507 794 triticeus
2541 738 2601 794 et
2632 736 2893 794 vinum
2924 736 2996 794 de
3026 737 3171 805 vite,

545 826 664 895 cui,
699 826 750 884 si
780 843 901 883 non
932 843 1002 882 ex
1032 825 1412 883 institutione
1444 825 1677 894 Christi,
1713 824 1926 883 saltem
1957 842 2026 881 ex
2057 825 2353 883 Ecclesiae
2383 828 2697 901 praecepto
2729 824 3057 883 admixtum
3091 825 3176 884 sit

549 914 1016 974 modicissimum
1074 913 1220 988 quid
1266 915 1337 973 de
1384 933 1536 989 aqua
1582 910 1681 992 (cf.
1712 914 1920 990 Lugo
1952 912 2009 975 d.
2044 923 2079 975 4
2116 932 2161 976 s,
2199 912 2279 990 2).
2343 914 2544 973 Licere
2574 914 2668 972 uti
2699 933 2851 989 pane
2883 934 3173 991 azymO,

550 1003 876 1062 tenendum
909 1006 1002 1060 est
1033 1005 1236 1061 contra
1266 1022 1502 1079 graecos
1535 1003 1956 1073 schismaticos,
1991 1006 2052 1061 et
2082 1003 2388 1079 colligitur
2419 1022 2486 1061 ex
2508 1002 2727 1061 Christi
2747 1003 3031 1080 exemplo,
3065 1003 3176 1080 qui

551 1093 718 1169 prius
750 1091 1040 1151 celebrata
1071 1111 1231 1151 more
1255 1093 1613 1167 judaeorum
1646 1110 1823 1151 coena
1854 1092 2136 1167 paschali,
2183 1092 2247 1149 in
2297 1111 2414 1166 qua
2459 1110 2579 1151 non
2623 1092 2843 1150 licebat
2891 1093 3177 1151 adhibere

548 1201 767 1258 panem
798 1181 1238 1251 fermentatum,
1273 1184 1428 1239 certe
1460 1201 1611 1257 pane
1642 1199 1848 1257 azymo
1878 1199 2028 1239 usus
2061 1182 2169 1239 est.
2236 1181 2554 1257 Colligitur
2600 1181 2744 1239 item
2789 1200 2860 1239 ex
2905 1182 3177 1257 ejusdem

552 1290 671 1330 usu
705 1272 833 1346 jam
879 1288 989 1328 sec.
1032 1270 1130 1328 XI.
1176 1271 1240 1327 in
1285 1270 1548 1329 Ecclesia
1578 1270 1927 1329 occidentali
1959 1269 2380 1329 universaliter
2409 1271 2669 1346 vigente,
2721 1270 2829 1347 qui
2874 1288 3008 1329 cum
3054 1289 3178 1329 non

551 1361 829 1419 videatur
858 1357 1152 1436 gradatim
1171 1359 1472 1429 inductus,
1507 1377 1639 1417 cum
1675 1360 1854 1434 hujus
1874 1358 2239 1417 inductionis
2258 1379 2363 1434 per
2385 1359 2700 1418 concilium
2731 1360 2830 1418 vel
2861 1379 3178 1419 romanum

550 1448 893 1524 pontificem
924 1448 1159 1506 nullum
1192 1448 1481 1507 habeatur
1501 1448 1840 1524 vestigium,
1875 1467 1944 1505 ex
1975 1448 2299 1507 traditione
2332 1449 2657 1523 apostolica
2687 1448 2941 1507 derivari
2973 1450 3022 1507 si
3053 1467 3177 1508 non

550 1542 799 1607 certum,
834 1538 1043 1595 saltem
1076 1537 1391 1595 admodum
1424 1540 1515 1596 est
1545 1533 1932 1618 probabile2).
1965 1536 2237 1595 Ceterum
2269 1537 2447 1596 etiam
2480 1537 2542 1595 in
2574 1537 2831 1608 Oriente,
2866 1538 3079 1597 saltem
3113 1538 3179 1596 in

556 1626 878 1703 provinciis
913 1626 1247 1685 Osrhoenae
1278 1629 1339 1684 et
1370 1626 1813 1702 Euphratesiae,
1857 1644 1964 1687 sec.
2000 1624 2067 1687 V.
2100 1626 2366 1703 viguisse
2398 1627 2627 1702 praxim
2658 1628 3039 1686 consecrandi
3071 1647 3179 1704 pa-

555 1736 689 1775 nem
722 1734 1009 1791 azymum,
1044 1714 1380 1792 colligimus
1413 1734 1480 1773 ex
1511 1735 1600 1790 ep.
1630 1715 1893 1773 Rabulae
1923 1714 2194 1773 edesseni
2214 1716 2286 1773 ad
2308 1715 2701 1774 Gemellinum
2722 1735 2813 1791 ep.
2837 1711 3177 1799 Perrhaess),

555 1807 618 1864 in
652 1824 769 1879 qua
799 1804 1219 1863 monachorum
1241 1804 1612 1879 quorundam
1635 1805 1893 1863 abusum
1915 1804 2311 1880 reprehendit,
2348 1804 2452 1880 qui
2485 1823 2547 1863 se
2578 1804 2856 1863 victitare
2867 1806 3180 1880 jactabant

553 1895 680 1953 sola
710 1892 1083 1963 eucharistia,
1117 1896 1296 1968 atque
1319 1894 1519 1961 ,hunc
1548 1893 1610 1952 in
1642 1892 1817 1951 finem
1840 1893 2130 1968 parabant
2149 1891 2401 1951 hostiam
2433 1911 2568 1951 cum
2600 1893 2891 1953 fermento
2924 1896 3177 1971 copi080‚

555 2002 829 2060 magnam
861 1986 924 2040 et
953 1982 1102 2040 bene
1133 1986 1442 2051 excoctam,
1489 1985 1561 2040 ut
1605 1983 1752 2059 ipsis
1787 1986 1942 2042 esset
1974 1982 2036 2040 in
2069 1982 2438 2053 alimentum,
2485 2001 2605 2041 non
2637 1983 2711 2040 ad
2742 1987 3180 2043 sacramentum

554 2072 817 2147 corporis
849 2070 1087 2141 Christi,
1121 2071 1279 2147 quod
1312 2090 1562 2147 azymo
1595 2074 2090 2148 repraesentatur.
2109 2080 2137 2110 ‘

739 2192 804 2258 5.
839 2195 966 2254 Etsi
998 2197 1594 2254 consecratione
1639 2195 1898 2254 efficitur
1931 2197 2036 2254 hoc
2068 2198 2521 2264 sacramentum,
2568 2215 2635 2254 ea
2680 2200 2881 2254 tamen
2926 2216 3045 2256 non
3090 2201 3182 2256 est

555 2285 945 2345 eucharistiae
977 2287 1425 2354 sacramentum,
1473 2289 1545 2344 ut
1587 2288 1753 2360 patet
1798 2285 1894 2343 vel
1926 2304 1996 2341 ex
2028 2285 2198 2343 modo
2230 2285 2540 2359 loquendi:
2592 2285 2809 2344 dicitur
2838 2286 2997 2344 enim
3030 2286 3180 2346 illud

560 2394 795 2433 manere
829 2377 1067 2449 peracta
1098 2373 1549 2442 consecratione,
1599 2393 1633 2430 a
1664 2373 1943 2432 fidelibus
1976 2373 2177 2448 accipi,
2225 2373 2472 2445 adorari,
2521 2373 2822 2432 Christum
2852 2375 2916 2432 in
2950 2393 3018 2433 eo
3051 2394 3182 2435 esse

555 2468 687 2535 etc„
721 2483 873 2540 quae
905 2463 978 2521 de
1010 2463 1444 2522 consecratione
1477 2463 1592 2521 dici
1625 2465 1950 2536 nequeunt.

736 2587 804 2650 6.
853 2589 1147 2665 Sumpti
1169 2609 1201 2647 o
1248 2592 1341 2648 est
1386 2589 1735 2647 sacramenti
1768 2588 2088 2664 applicatio
2122 2607 2228 2646 seu
2259 2588 2520 2647 conditio
2554 2588 2683 2647 sine
2715 2608 2833 2663 qua
2862 2588 3017 2647 illud
3047 2608 3184 2666 gra-

555 2679 705 2737 tiam
737 2697 856 2737 non
889 2678 1135 2739 confert.
1185 2677 1352 2747 Quod
1385 2677 1656 2754 analogia
1686 2677 1956 2736 illustrat
1987 2677 2191 2754 Lugo
2223 2677 2378 2753 disp.
2407 2690 2429 2740 1
2461 2699 2518 2740 n.
2545 2688 2700 2741 112:
2736 2678 3186 2747 ,Eucharistiae

559 2770 992 2827 sacramentum
1012 2769 1362 2826 institutum
1394 2771 1488 2826 est
1518 2786 1623 2843 per
1656 2767 1893 2825 modum
1930 2766 2046 2825 cibi
2078 2767 2407 2826 nutrientis
2429 2768 2827 2844 spiritualiter
2859 2816 2872 2829 .
2907 2817 2919 2830 .
2953 2814 2966 2826 .
3002 2787 3186 2843 quare

556 2856 715 2916 sicut
744 2857 911 2915 cibus
941 2857 1232 2915 naturalis
1279 2857 1350 2914 de
1394 2875 1456 2914 se
1499 2856 1679 2914 habet
1709 2857 2095 2931 adaequatam
2131 2857 2420 2914 virtutem
2452 2857 2524 2914 ad
2554 2858 2965 2928 nutriendum,
3013 2877 3185 2916 man-

561 2946 798 3004 ducatio
830 2963 970 3004 vero
1002 2964 1121 3003 non
1154 2946 1365 3014 nutrit,
1401 2945 1504 3003 sed
1536 2949 1629 3003 est
1660 2945 1923 3003 conditio
1957 2945 2260 3022 applicans
2293 2946 2581 3004 virtutem
2613 2946 2728 3003 cibi
2758 2944 2831 3004 ad
2865 2965 3046 3022 opus:
3099 2947 3188 3005 sic

556 3035 741 3093 etiam
774 3034 1034 3109 sumptio
1066 3034 1181 3092 cibi
1214 3034 1548 3109 spiritualis
1580 3052 1699 3092 non
1731 3038 1825 3092 est
1854 3034 2065 3105 virtus,
2108 3053 2217 3093 nec
2246 3053 2383 3112 pars
2415 3034 2679 3105 virtutiS,
2726 3035 2829 3093 sed
2862 3035 3187 3111 applicatio

562 3123 811 3181 virtutis
845 3123 983 3192 cibi,
1018 3125 1089 3181 ut
1120 3126 1397 3198 operetur
1428 3123 1608 3181 vitam
1645 3123 1709 3181 in
1740 3124 1994 3182 anima«
3114 3148 3118 3152 ·

743 3243 805 3310 ’7.
841 3247 1064 3304 Ambae
1096 3246 1321 3324 species
1356 3267 1584 3307 unum
1618 3248 1995 3307 constituunt
2026 3251 2458 3307 sacramentum
2507 3252 2571 3306 in
2616 3249 2845 3306 ratione
2887 3247 3185 3325 significa-

558 3335 763 3405 tionis,
812 3353 929 3410 qua
975 3335 1100 3397 scil.
1147 3336 1485 3414 significant
1529 3337 1867 3395 convivium
1919 3341 1980 3396 et
2029 3337 2406 3396 refectionem
2455 3337 2864 3412 spiritualem:
2930 3341 3187 3413 utraque

560 3428 760 3482 tamen
792 3424 1012 3499 species
1044 3425 1160 3483 dici
1193 3430 1392 3501 potest
1422 3427 1870 3495 sacramentum,
1906 3427 2023 3485 imo
2057 3426 2361 3502 integrum
2394 3429 2830 3484 sacramentum
2861 3427 2923 3484 in
2956 3427 3188 3486 ratione

559 3512 698 3586 cibi,
751 3514 1018 3573 alimenti
1053 3515 1323 3574 coelestis
1359 3535 1464 3574 seu
1496 3534 1726 3588 causae,
1773 3515 1912 3573 hinc
1959 3515 2318 3573 eucharistia
2361 3515 2899 3574 materialiter
2945 3516 3189 3592 quidem

560 3605 654 3660 est
685 3602 922 3679 duplex,
958 3603 1028 3661 fo
1047 3605 1408 3663 rmaliter
1438 3609 1638 3663 tamen
1666 3619 1861 3662 'unum
1894 3607 2346 3663 sacramentum.

740 3723 806 3789 8.
841 3727 1051 3787 Plures
1070 3729 1395 3804 particulae
1415 3731 1784 3788 consecratae
1803 3729 2020 3787 melius
2040 3728 2323 3787 dicuntur
2342 3747 2532 3786 unum
2552 3732 3011 3799 sacramentum,
3048 3730 3190 3805 quia

560 3816 966 3875 denominatio
1010 3817 1080 3874 fit
1124 3838 1157 3875 a
1203 3818 1435 3894 potiori,
1480 3818 1638 3892 quod
1671 3822 1763 3876 est
1794 3836 1979 3876 unum
2015 3818 2138 3875 scil.
2171 3836 2384 3892 corpus
2418 3817 2636 3875 Christi
2671 3819 2785 3876 sub
2816 3818 2938 3877 illis
2971 3819 3187 3877 latens.

788 4071 822 4140 ¹)
852 4066 934 4121 Cf.
962 4066 1031 4120 de
1059 4067 1166 4120 hac
1184 4067 1518 4135 quaestione
1545 4067 1923 4122 Sickenber
1934 4085 2052 4137 ger
2077 4066 2138 4120 in
2160 4067 2354 4121 Theol.
2383 4065 2712 4138 praktische
2740 4066 3194 4135 Monatsschrift,

565 4146 777 4200 Passau
809 4152 948 4203 1894
972 4149 1013 4198 t.
1041 4155 1075 4202 4
1100 4147 1235 4200 fasc.
1269 4155 1349 4202 11.
1381 4154 1459 4201 12.

781 4225 1291 4298 ξ)()1“.Ρ61·1·0116
1319 4246 1373 4296 p.
1403 4233 1433 4279 ‘2
1461 4243 1506 4282 c.
1535 4234 1598 4286 32
1639 4227 1707 4280 de
1735 4226 2159 4297 Augustinis
2186 4245 2242 4296 p.
2271 4234 2303 4282 2
2329 4244 2379 4279 a.
2407 4234 2438 4281 2
2466 4226 2549 4280 th.
2577 4234 2626 4282 8.
2680 4226 2760 4280 De
2788 4227 3191 4284 convenientia

563 4305 835 4360 materiae
863 4306 1005 4359 bene
1033 4305 1263 4360 disserit
1290 4305 1615 4376 Algerus
1643 4307 1710 4369 II,
1741 4316 1804 4366 53
1833 4305 1876 4359 Ο
1897 4305 2128 4360 swald
2157 4327 2212 4377 p.
2240 4316 2274 4363 4
2300 4325 2342 4360 s.
2372 4315 2402 4362 2
2424 4325 2469 4361 c.
2499 4314 2548 4362 2.

784 4390 827 4457 ⁸)
856 4386 1027 4456 Apud
1056 4385 1100 4438 Β
1116 4387 1137 4439 1
1156 4403 1184 4440 6
1201 4387 1241 4439 k
1258 4387 1325 4441 el
1350 4387 1737 4456 ausgewahlte
1764 4386 2051 4440 Schriften
2074 4387 2173 4440 der
2195 4387 2489 4454 syrischen
2509 4386 2945 4444 Kirchenvater.
2969 4387 3192 4441 David

563 4462 819 4535 archiep.
848 4481 1011 4532 syrus
1036 4463 1099 4517 in
1125 4465 1319 4518 Revue
1347 4465 1416 4518 de
1442 4464 1675 4535 l'Eglise
1701 4481 1949 4535 grecque
1971 4466 2106 4519 unie
2131 4471 2269 4522 1888
2288 4485 2344 4535 p.
2371 4471 2468 4522 188
2491 4468 2684 4519 censet
2701 4468 2892 4520 tamen
2908 4467 3016 4520 hoc
3037 4467 3194 4521 testi·

568 4543 824 4598 monium
852 4560 969 4598 non
996 4559 1116 4599 esse
1142 4545 1216 4598 ad
1243 4562 1379 4610 rem,
1407 4545 1563 4613 quod
1589 4547 1790 4614 carpat
1813 4562 1927 4599 non
1949 4562 2115 4598 usum
2137 4544 2424 4610 fermenti,
2448 4545 2545 4599 sed
2572 4562 2602 4598 6
2619 4561 2650 4599 0
2669 4565 2706 4615 p
2723 4544 2744 4598 i
2762 4562 2793 4598 0
2812 4545 2874 4600 si
2901 4546 3195 4601 fermenti:

568 4623 822 4694 viguisse
849 4622 1001 4676 enim
1032 4623 1167 4678 olim
1196 4623 1256 4676 in
1284 4623 1521 4678 ecclesia
1549 4640 1676 4692 syra
1705 4641 1871 4678 usum
1899 4623 2164 4677 fermenti
2192 4625 2253 4677 in
2280 4623 2646 4678 eucharistia.
