3538 5364
1337 289 1502 344 Ratio
1528 290 1702 344 huius
1731 288 1973 343 numeri.
2828 299 2960 364 '263

340 499 408 537 ex
440 478 941 554 septemplici
973 477 1208 536 defectu
1241 497 1344 553 per
1374 481 1678 552 peccatum
1712 479 1774 536 in
1805 496 1994 554 genus
2030 478 2354 536 humanum
2388 476 2651 545 inducto.
2702 478 2799 535 cui
2832 496 2954 536 me-

340 568 562 626 dentur
595 570 973 636 sacramenta,
1019 586 1197 642 quam
1243 567 1533 625 rationem
1579 567 1794 643 probat
1835 572 1897 625 et
1942 586 1987 625 s.
2027 567 2273 625 Thomas
2309 574 2365 628 3.
2397 585 2455 641 p.
2487 586 2542 640 q.
2579 576 2658 628 65
2694 585 2744 626 a.
2788 578 2835 628 1.
2869 600 2953 610 —

339 657 719 716 Albertus
751 656 828 718 M.
860 656 921 714 in
955 666 1011 721 4.
1045 655 1099 713 d.
1136 665 1170 718 ⁰2
1206 676 1254 716 a.
1298 668 1316 718 1
1377 656 1482 714 illa
1526 656 1777 732 opponit
1821 662 2114 731 septem
2161 655 2327 715 vitiis
2373 655 2746 730 capitalibus,
2779 689 2865 698 -
2900 660 2953 717 S.

340 746 659 805 Thomas
706 746 744 805 l.
778 764 824 803 c.
856 763 1168 804 numerum
1200 745 1360 803 hunc
1390 746 1686 820 praeclare
1720 746 1983 804 illustrat
2013 765 2081 804 ex
2113 742 2462 821 indigentiis
2494 744 2651 802 vitae
2684 762 2955 819 corpora-

339 836 424 903 lis,
473 854 731 911 quacum
763 835 1093 911 analogiam
1127 834 1426 908 quandam
1459 835 1635 893 babet
1666 836 1789 892 vita
1821 835 2172 911 spiritualia.
2236 834 2319 892 Ex
2366 833 2589 908 quibus
2635 836 2802 907 patet
2848 833 2955 891 hoc

339 924 477 983 fidei
523 924 846 982 catholicae
890 924 1104 1000 dogma
1134 923 1367 983 Christo
1411 942 1540 982 esse
1585 924 2020 1000 dignissimum,
2072 924 2337 982 ostendit
2385 922 2545 980 enim
2595 922 2795 998 ipsum
2847 941 2957 982 sua

339 1013 530 1090 gratia
563 1031 799 1072 omnem
842 1016 1063 1072 statum
1109 1017 1170 1071 et
1212 1013 1609 1072 conditionem
1659 1014 1947 1072 humanae
1993 1014 2151 1072 vitae
2197 1029 2517 1087 reparasse,
2566 1011 2956 1070 sanctificasse

338 1106 518 1178 atque
551 1102 625 1160 ad
657 1103 930 1161 altiorem
962 1101 1222 1161 evexisse
1253 1102 1549 1161 ordinem:
1600 1103 1712 1171 ,In
1750 1102 1876 1161 vita
1905 1106 2102 1162 autem
2135 1101 2444 1178 corporali,
2492 1100 2707 1176 inquit,
2756 1100 2957 1177 dupli·

339 1192 485 1250 citer
517 1191 733 1268 aliquis
762 1190 1097 1266 perficitur:
1131 1209 1251 1249 uno
1283 1192 1456 1250 modo
1488 1195 1781 1267 quantum
1813 1192 1887 1250 ad
1920 1210 2228 1267 personam
2261 1189 2589 1267 propriam:
2632 1190 2749 1248 alio
2782 1189 2955 1248 modo

338 1298 443 1357 per
473 1284 813 1356 respectum
845 1280 916 1338 ad
948 1283 1136 1339 totam
1169 1281 1651 1339 communitatem
1685 1281 2009 1349 societatiS,
2055 1281 2121 1339 in
2164 1299 2281 1357 qua
2325 1279 2477 1337 vivit
2509 1322 2521 1336 .
2557 1324 2568 1336 .
2604 1323 2617 1336 .
2664 1279 2955 1355 Respectu

338 1377 537 1428 autem
571 1369 889 1445 suiipsius
921 1370 1093 1428 homo
1124 1369 1430 1445 perficitur
1474 1370 1540 1428 in
1583 1371 1708 1428 vita
1750 1370 2040 1447 corporali
2074 1370 2419 1444 dupliciter:
2467 1386 2587 1426 uno
2631 1368 2804 1426 modo
2849 1386 2957 1444 per

339 1478 418 1528 se,
452 1459 812 1533 acquirendo
845 1458 971 1523 scil,
1002 1459 1263 1535 aliquam
1295 1459 1451 1518 vitae
1483 1458 1923 1535 perfectionem,
1968 1460 2086 1519 alio
2133 1460 2306 1518 modo
2350 1476 2455 1532 per
2496 1457 2781 1525 accidenS‚
2831 1457 2956 1516 scil.

337 1548 695 1607 removendo
726 1547 1148 1624 impedimenta
1179 1548 1353 1616 vitae,
1399 1553 1545 1624 puta
1576 1548 1980 1625 aegritudines
2027 1550 2120 1608 vel
2162 1547 2388 1624 aliquid
2423 1546 2783 1623 hujusmodi.
2846 1547 2957 1605 Per

340 1656 399 1696 se
431 1641 636 1695 autem
667 1636 973 1713 perficitur
1004 1638 1321 1713 corporalis
1353 1638 1478 1697 vita
1507 1637 1860 1713 tripliciter:
1895 1639 2084 1714 primo
2106 1638 2344 1714 quidem
2368 1656 2474 1713 per
2496 1635 2952 1713 generationem,

337 1745 440 1802 per
468 1745 651 1801 quam
687 1725 857 1785 homo
889 1725 1101 1802 incipit
1129 1744 1255 1785 esse
1287 1728 1349 1785 et
1379 1727 1609 1796 vivere:
1656 1730 1718 1785 et
1749 1727 1875 1786 loco
1908 1729 2087 1805 hujus
2118 1729 2181 1785 in
2216 1725 2512 1802 spirituali
2543 1725 2671 1784 vita
2702 1728 2795 1782 est
2825 1725 2953 1782 ba·

340 1816 712 1890 ptismus,
746 1816 851 1891 qui
882 1819 975 1874 est
1004 1815 1331 1891 spiritualis
1362 1816 1732 1892 regeneratio
1765 1862 1780 1875 .
1815 1860 1827 1873 .
1862 1861 1874 1875 .
1922 1817 2187 1876 Secundo
2234 1835 2338 1891 pei·
2382 1818 2788 1892 augmentum,
2837 1833 2954 1888 qno

339 1905 554 1980 aliquis
587 1905 939 1979 perducitur
968 1904 1040 1962 ad
1071 1905 1393 1979 perfectam
1416 1905 1813 1980 quantitatem
1847 1909 1907 1964 et
1938 1907 2244 1977 virtutem,
2277 1908 2338 1963 et
2370 1906 2495 1964 loco
2526 1904 2707 1979 hujus
2740 1902 2802 1960 in
2834 1901 2953 1978 spi-

339 1994 540 2052 rituali
576 1994 701 2052 vita
730 1997 824 2052 est
854 1993 1392 2062 confirmatiO,
1439 1994 1500 2053 in
1546 2014 1666 2070 qua
1696 1996 1874 2053 datur
1906 1996 2166 2072 Spiritus
2200 2014 2243 2057 s,
2280 1994 2353 2053 ad
2386 1994 2570 2052 robur
2602 2038 2614 2050 .
2648 2037 2661 2050 .
2696 2037 2709 2050 .
2754 1991 2955 2049 Tertio

338 2101 441 2158 per
469 2082 884 2154 nutritionem,
931 2102 1052 2158 qua
1095 2087 1479 2142 conservatur
1510 2086 1574 2142 in
1612 2084 1850 2143 homine
1880 2084 2005 2144 vita
2035 2088 2095 2143 et
2127 2085 2338 2154 virtus,
2386 2086 2447 2141 et
2492 2083 2618 2141 loco
2665 2081 2845 2157 hujus
2890 2080 2954 2138 in

341 2172 461 2229 vita
490 2171 791 2247 spirituali
823 2176 916 2230 est
944 2172 1308 2231 eucharis
1327 2173 1437 2231 tia
1469 2218 1482 2231 .
1515 2217 1530 2232 .
1564 2218 1576 2231 .
1611 2173 1725 2231 Sed
1757 2174 1900 2248 quia
1933 2174 2104 2232 homo
2124 2173 2380 2232 incurrit
2399 2172 2701 2229 interdum
2732 2173 2794 2229 et
2825 2188 2954 2228 cor-

340 2261 596 2336 poralem
614 2260 1021 2320 infirmitatem
1053 2264 1114 2320 et
1145 2261 1535 2337 spiritualem,
1567 2262 1693 2326 scil.
1727 2266 2048 2338 peccatum,
2082 2262 2213 2321 ideo
2246 2260 2574 2320 necessaria
2604 2262 2696 2318 est
2725 2258 2954 2318 homini

341 2351 565 2408 curatio
598 2350 673 2408 ab
705 2349 1082 2421 infirmitate:
1115 2369 1266 2427 quae
1296 2350 1540 2426 quidem
1572 2357 1665 2411 est
1695 2352 1942 2427 duplex:
1976 2371 2096 2410 una
2127 2355 2220 2411 est
2249 2351 2491 2428 quidem
2526 2348 2774 2419 sanati0,
2805 2366 2957 2423 quae

341 2440 649 2497 sanitatem
671 2439 960 2507 restituit,
993 2443 1055 2498 et
1085 2440 1213 2499 loco
1245 2440 1426 2515 hujus
1459 2440 1521 2499 in
1555 2441 1856 2515 spirituali
1888 2441 2014 2500 vita
2044 2443 2136 2500 est
2165 2438 2668 2516 poenitentia
2702 2483 2713 2495 .
2749 2483 2761 2495 .
2797 2482 2809 2495 .
2841 2437 2958 2495 alia

341 2533 431 2586 est
473 2532 674 2586 autem
707 2528 1015 2588 restitutio
1047 2529 1411 2588 valetudinis
1445 2530 1736 2605 pristinae
1767 2549 1877 2605 per
1908 2530 2356 2589 convenientem
2387 2528 2639 2585 diaetam
2687 2532 2749 2584 et
2793 2544 2955 2584 exer·

341 2617 546 2676 citium
597 2621 659 2675 et
708 2618 833 2676 loco
882 2618 1115 2694 hujus
1165 2620 1259 2677 est
1307 2621 1651 2678 extrema
1705 2620 2009 2691 uncti0,
2063 2638 2213 2696 quae
2263 2620 2529 2676 removet
2581 2619 2955 2692 peccatorum

341 2707 640 2783 reliquias,
672 2711 736 2766 et
767 2708 1062 2766 hominem
1093 2715 1369 2783 paratum
1400 2709 1600 2767 reddit
1630 2709 1704 2768 ad
1738 2711 1976 2770 finalem
2007 2711 2258 2786 gloriam
2275 2704 2322 2788 ¹)
2360 2757 2374 2771 .
2407 2756 2419 2769 .
2453 2756 2466 2770 .
2508 2706 2822 2765 Perficitur
2852 2724 2956 2763 au·

342 2805 459 2855 tem
491 2797 666 2855 homo
697 2796 761 2855 in
793 2797 1000 2855 ordine
1031 2796 1104 2855 ad
1135 2798 1620 2857 communitatem
1652 2799 2005 2874 dupliciter:
2039 2819 2158 2858 uno
2189 2799 2361 2857 modo
2393 2815 2499 2872 per
2531 2797 2640 2854 hoc
2673 2793 2831 2870 quod
2862 2812 2955 2852 ac·

342 2886 482 2961 cipit
514 2889 871 2962 potestatem
903 2886 1148 2963 regendi
1196 2886 1650 2946 multitudinem
1696 2891 1760 2947 et
1804 2889 2113 2948 exercendi
2161 2891 2331 2947 actus
2377 2885 2666 2961 publicos,
2716 2887 2779 2942 et
2827 2883 2956 2941 loco

342 2974 518 3050 hujus
550 2979 645 3034 est
676 3021 690 3036 .
724 3021 739 3036 .
771 3024 785 3037 .
818 2979 1246 3034 sacramentum
1280 2975 1587 3034 ordinis
1622 3026 1634 3039 .
1671 3024 1684 3039 .
1717 3026 1731 3040 .
1764 2978 2036 3038 Secundo
2059 2980 2350 3053 quantum
2381 2975 2453 3034 ad
2472 2974 2802 3034 naturalem
2825 2991 2956 3047 pro-

341 3063 731 3138 pagationem,
764 3064 924 3139 quod
955 3064 1025 3122 fit
1055 3083 1160 3140 per
1191 3066 1489 3124 matrim
1510 3067 1635 3124 oni
1654 3086 1769 3125 um
1800 3071 1921 3126 tam
1953 3068 2019 3125 in
2049 3066 2338 3142 corporali
2357 3084 2535 3142 quam
2564 3065 2628 3122 in
2660 3062 2957 3138 spirituali

342 3151 521 3210 vita.‘
592 3153 674 3212 cf.
706 3153 886 3212 etiam
919 3153 1179 3230 ejusdem
1213 3172 1407 3229 expos.
1441 3155 1504 3213 in
1537 3155 1723 3232 symb.
1757 3176 1849 3232 ap.
1881 3176 1939 3220 n.
1975 3165 2090 3227 35:
2125 3154 2427 3216 Oswald
2459 3159 2502 3213 t.
2546 3165 2566 3216 l
2610 3150 2641 3218 ἓ
2682 3161 2777 3216 12.

520 3286 662 3339 300.
699 3272 1075 3341 Scholion.
1122 3278 1573 3352 Exceptionibus
1603 3283 1830 3354 satisfit.
1861 3314 1949 3324 —
1977 3282 2257 3340 Fatemur
2287 3275 2521 3360 plurass)
2555 3278 2818 3356 dogmati
2851 3296 2957 3352 op-

341 3365 498 3439 poni.
561 3366 639 3424 Ut
666 3366 1017 3442 praecipuae
1050 3367 1260 3426 saltem
1293 3368 1603 3427 solvantur
1633 3370 2033 3440 difficultate8‚
2067 3372 2215 3430 scias

519 3450 578 3518 l.
613 3455 815 3514 Patres
848 3456 1048 3514 minus
1080 3456 1268 3515 fuisse
1301 3458 1711 3533 systematicos
1740 3459 2034 3536 theologis
2056 3460 2303 3526 scholae,
2339 3478 2531 3533 neque
2562 3459 2706 3517 adeo
2740 3475 2957 3533 pronos

342 3541 415 3598 ad
456 3548 820 3603 sacramenta
847 3542 1407 3626 connumeranda—2),
1454 3549 1803 3623 praesertim
1851 3567 1987 3607 cum
2033 3568 2099 3607 ea
2145 3549 2207 3606 in
2253 3547 2791 3607 administrationis
2834 3547 2956 3605 ritu

339 3630 665 3705 plurimum
698 3632 1051 3709 discrepent.
1117 3635 1335 3693 Mirum
1365 3654 1505 3713 ergo
1538 3655 1665 3695 esse
1697 3656 1816 3696 non
1849 3638 2041 3707 debet,
2084 3638 2137 3696 si
2169 3640 2367 3713 patres
2396 3656 2703 3713 nunquam
2738 3635 2958 3694 diserte

339 3720 612 3791 dixerint,
654 3726 954 3797 septem
984 3741 1114 3782 esse
1147 3730 1527 3794 sacramenta,
1572 3745 1761 3802 eoque
1793 3727 2011 3796 minus,
2046 3727 2205 3803 quod
2238 3745 2431 3800 neque
2463 3726 2646 3784 alium
2679 3725 2958 3783 determi-

340 3813 543 3868 natum
574 3828 890 3870 numerum
923 3813 1230 3889 assignent
1259 3813 1352 3871 vel
1383 3815 1641 3875 tradant.
1692 3816 2081 3875 Concedimus
2114 3835 2273 3892 ergo,
2308 3833 2410 3874 eos
2442 3833 2557 3874 non
2594 3814 2811 3872 dixisse
2845 3813 2957 3872 sub

338 3897 523 3958 forma
552 3900 918 3960 collectionis
950 3905 1176 3977 septem
1209 3919 1338 3961 esse
1369 3910 1746 3975 sacramenta,
1796 3906 1896 3963 sed
1946 3905 2480 3964 distributive
2526 3910 2587 3962 et
2632 3922 2695 3961 re
2729 3906 2955 3978 septem

341 3994 702 4048 sacramenta
731 3993 1076 4050 tenuerunt.

558 4209 593 4273 ¹)
612 4205 1009 4275 opportunius
1027 4207 1170 4261 forte
1191 4210 1492 4277 urgeretur
1508 4209 1918 4276 congruentiae
1930 4209 2095 4271 ratio,
2114 4225 2286 4276 quam
2300 4207 2449 4260 infra
2463 4209 2727 4262 dabimus
2742 4227 2776 4260 ιι
2811 4216 2954 4263 53:³⁴.

552 4288 592 4354 ²)
622 4283 869 4354 Collegit
892 4286 1033 4339 haec
1060 4291 1262 4356 Geor-g.
1291 4288 1432 4341 Lud.
1461 4289 1556 4341 Ha
1581 4289 1616 4341 h
1635 4308 1668 4341 ιι
1697 4288 1757 4342 in
1786 4289 2226 4344 commentario:
2268 4288 2571 4341 Doctrinae
2591 4306 2858 4342 romanie
2887 4289 2955 4341 de

339 4380 572 4417 numero
600 4369 934 4418 sacrament.
961 4367 1283 4434 septenario
1310 4369 1566 4422 rationes
1591 4369 1915 4432 historicae,
1944 4369 2349 4422 Wratislaviae
2384 4377 2535 4433 1859,
2562 4369 2657 4423 cui
2685 4370 2957 4438 opposuit

339 4443 381 4494 B
397 4443 416 4494 i
433 4447 496 4495 tt
513 4462 548 4496 n
566 4461 596 4498 e
613 4463 641 4497 r
665 4462 753 4514 ep.
783 4444 1037 4500 criticam
1066 4447 1136 4500 de
1157 4465 1395 4502 numero
1423 4449 1747 4516 septenario
1776 4452 2278 4511 sacramentorum,
2306 4448 2382 4503 ib.
2414 4456 2565 4506 1859.

550 4529 592 4592 ³)
620 4524 686 4578 In
710 4523 918 4577 statuis
944 4525 1029 4578 So
1048 4544 1082 4577 ιι
1101 4544 1138 4578 n
1156 4526 1263 4579 ati
1294 4537 1420 4584 (sec.
1451 4527 1575 4596 Vll)
1603 4527 1856 4598 archiep.
1898 4528 2169 4582 remensis
2206 4527 2352 4596 Mig
2370 4547 2406 4580 ιι
2424 4544 2453 4581 e
2482 4536 2567 4593 80,
2608 4537 2711 4584 443
2739 4537 2952 4598 septem

337 4605 820 4656 sacramentorum
843 4620 1105 4674 expressa
1133 4606 1382 4659 occurrit
1407 4607 1652 4665 mentio:
1683 4608 1779 4661 sed
1810 4608 2105 4662 fatendum
2134 4611 2233 4672 est,
2262 4611 2606 4661 statutorum
2634 4607 2956 4676 genuinita·

337 4685 448 4734 tem
475 4700 592 4737 non
618 4683 757 4737 satis
784 4700 901 4738 esse
928 4688 1156 4739 certam.
1184 4686 1379 4749 Primi,
1410 4687 1508 4755 qui
1539 4691 1690 4742 certo
1732 4689 1926 4741 omnia
1967 4691 2182 4756 septem
2224 4691 2569 4742 sacramenta
2602 4692 2953 4748 enumerant,

337 4767 471 4817 sunt
495 4782 537 4816 s.
564 4764 609 4818 Ο
627 4766 739 4818 tto
770 4765 1193 4832 bambergensis
1221 4773 1267 4824 Η·
1300 4771 1454 4836 1139)
1496 4766 1558 4820 in
1599 4768 1894 4821 doctrinae
1940 4767 2227 4837 capitibus
2255 4768 2579 4838 pomeranis
2607 4767 2835 4821 traditis
2864 4769 2953 4828 (cf.
