3538 5364
874 261 1079 315 'rhesis
1101 260 1231 315 CCI.
1255 260 1288 313 J
1293 260 1646 315 notificamur
1668 258 1858 331 gratia
1885 260 2050 314 nobis
2075 261 2427 317 inhaerente.
2655 264 2676 295 ⁶
2835 272 2960 335 141

336 452 398 506 et
425 447 594 506 ultra
638 448 749 506 hac
793 448 868 506 de
914 467 977 506 re
1023 450 1167 507 sunt
1208 448 1571 524 quinque.
1626 447 1892 506 Prima
1940 448 2174 518 statuit,
2223 465 2463 507 causam
2496 448 2798 508 formalem
2831 466 2966 508 esse

338 538 530 612 ipsam
561 536 758 595 fidem.
822 536 1175 595 Secunda
1216 536 1500 595 celebrior
1542 535 1731 607 docet,
1778 556 1908 595 eam
1953 555 2082 595 esse
2115 536 2515 596 obedientiam
2562 542 2624 596 et
2659 538 2965 614 justitiam

340 625 563 685 Christi
594 626 770 684 nobis
802 626 1176 702 imputatam,
1210 625 1268 683 vi
1300 625 1471 701 cujus
1503 625 1921 700 imputationis
1943 626 2328 702 justificatus,
2368 628 2482 685 etsi
2514 627 2578 684 in
2610 645 2673 685 se
2705 646 2838 686 vere
2870 629 2961 686 in·

332 717 559 791 justae,
592 715 796 788 iustus
828 720 1029 773 tamen
1063 716 1312 774 hahetur
1351 734 1385 772 a
1418 714 1554 784 De0,
1592 714 1840 790 justitia
1871 714 2089 774 Christi
2135 716 2304 774 velut
2348 719 2542 774 tectus
2589 722 2650 774 et
2695 717 2963 776 indutus.

340 804 609 863 Tertia
640 805 940 881 opinatur,
970 804 1274 862 formalem
1286 803 1560 878 justitiae
1579 822 1814 862 causam
1835 823 1959 863 esse
1972 804 2274 880 justitiam
2299 804 2418 873 Dei,
2455 824 2573 880 qua
2602 805 2732 879 ipse
2756 806 2968 881 justus

340 896 448 951 est.
509 892 804 961 Quarta
848 897 1052 952 censet
1094 894 1158 952 iu
1203 893 1331 952 sola
1360 893 1711 951 remissione
1743 898 2118 968 peccatorum
2154 913 2281 952 eam
2315 894 2636 971 consistere
2669 889 2750 974 (n.
2793 893 2967 978 163).

343 980 635 1050 Quinta
677 982 981 1057 duplicem
1026 982 1293 1040 admittit
1324 999 1561 1040 causam
1593 980 1897 1040 formalem
1922 984 2215 1061 justitiae,
2263 983 2487 1042 scilicet
2525 984 2826 1058 justitiam
2858 1002 2962 1043 no-

341 1076 531 1129 stram
561 1070 737 1129 nobis
768 1071 1188 1139 inhaerentem,
1235 1074 1296 1129 et
1329 1069 1629 1146 justitiam
1665 1071 1883 1129 Christi
1934 1071 2106 1130 nobis
2141 1072 2494 1146 imputatam
2526 1076 2755 1144 (contra
2785 1093 2966 1149 quam

342 1160 684 1235 opinionem
716 1160 788 1218 cf.
820 1160 1094 1219 Lainez
1125 1179 1218 1235 op.
1254 1160 1327 1229 11,
1374 1167 1563 1222 153-
1590 1169 1710 1223 193
1745 1160 1835 1224 ed.
1872 1161 2135 1220 Grisar
2167 1161 2498 1237 Oeniponte
2540 1166 2747 1235 1886).
2806 1161 2968 1230 Quos

341 1268 549 1307 omnes
579 1267 811 1308 errores
843 1247 1085 1307 damnat
1114 1248 1427 1307 concilium
1459 1249 1595 1313 trid,
1628 1267 1768 1311 sess,
1803 1260 1837 1311 6
1874 1268 1994 1326 cap.
2021 1260 2075 1318 7,
2108 1249 2171 1307 in
2202 1268 2321 1326 quo
2347 1250 2792 1326 justificationis
2823 1270 2964 1310 cau-

342 1356 439 1396 sas
468 1356 787 1396 recensens
820 1338 1063 1396 statuit:
1116 1338 1405 1407 ,Demum
1438 1338 1615 1395 unica
1645 1339 1907 1397 formalis
1938 1357 2117 1397 causa
2147 1344 2240 1397 est
2261 1340 2506 1417 justitia
2541 1340 2661 1409 Dei,
2696 1359 2816 1399 non
2848 1359 2967 1415 qua

342 1427 472 1503 ipse
497 1427 707 1502 justus
739 1429 845 1495 est,
881 1427 982 1485 sed
1012 1446 1131 1502 qua
1161 1446 1268 1484 nos
1278 1428 1479 1502 justos
1501 1422 1668 1485 facit:
1703 1446 1821 1502 qua
1840 1427 2119 1487 videlicet
2149 1428 2222 1485 ab
2255 1444 2324 1485 eo
2357 1429 2577 1496 donati,
2613 1448 2972 1489 renovamur

344 1516 572 1592 spiritu
604 1517 823 1573 mentis
855 1520 1111 1586 nostrae,
1159 1519 1219 1573 et
1250 1534 1369 1573 non
1402 1515 1573 1573 modo
1604 1520 1968 1592 reputamur,
2017 1517 2118 1576 sed
2153 1536 2289 1576 vere
2313 1517 2466 1593 justi
2501 1518 2876 1578 nominamur
2905 1521 2970 1576 et

344 1622 577 1673 sumuS,
602 1606 905 1681 justitiam
936 1605 997 1663 in
1031 1604 1201 1663 nobis
1233 1605 1587 1680 recipientes
1623 1606 2040 1681 unusquisque
2074 1624 2239 1664 suam
2262 1606 2587 1664 secundum
2608 1626 2966 1676 mensuram,

343 1713 529 1769 quam
562 1694 826 1768 Spiritus
860 1712 906 1751 s.
939 1695 1197 1769 partitur
1226 1693 1481 1770 singulis
1513 1698 1694 1768 prout
1727 1695 1860 1752 vult
1891 1697 1952 1752 et
1984 1695 2310 1753 secundum
2345 1696 2640 1770 propriam
2673 1698 2970 1772 cujusque

343 1783 800 1859 dispositionem
833 1786 894 1841 et
922 1784 1450 1859 cooperationem.‘
1518 1783 1586 1841 In
1630 1783 1787 1841 thesi
1834 1801 2064 1843 secun
2084 1783 2244 1842 dam
2291 1785 2354 1843 in
2387 1785 2597 1860 primis
2628 1786 2963 1860 opinionem

342 1872 761 1931 refutabimus,
825 1871 905 1929 Ut
932 1891 1073 1930 vero
1106 1872 1298 1930 omnis
1330 1871 1584 1930 tollatur
1612 1872 2038 1947 aequivocatio,
2086 1873 2123 1930 d
2144 1873 2372 1949 uplex
2406 1874 2819 1952 distinguatur
2851 1876 2961 1933 im-

342 1961 585 2037 putatio
607 1961 883 2035 justitiae
904 1961 1151 2019 Christi:
1184 1959 1539 2021 formalis
1572 1962 1778 2032 altera,
1811 1980 1988 2037 quam
2009 1965 2259 2019 tuentur
2279 1968 2695 2037 protestantes,
2728 1968 2789 2021 et
2816 1964 2968 2023 haue

342 2050 687 2126 rejicimus;
734 2050 918 2108 altera
949 2049 1207 2108 efficiens
1241 2069 1346 2109 seu
1378 2040 1806 2108 meritoria.
1872 2051 1998 2109 Dici
2029 2051 2188 2108 enim
2221 2070 2356 2109 vere
2388 2055 2602 2127 potest,
2650 2052 2819 2111 nobis
2853 2054 2964 2110 im-

343 2139 551 2215 putari
583 2136 721 2219 (seu
752 2139 966 2196 melius
998 2138 1283 2214 applicari
1329 2141 1390 2197 et
1432 2139 1877 2214 communicari)
1912 2140 2121 2198 merita
2152 2139 2388 2211 Christi,
2434 2141 2562 2216 ejus
2608 2143 2967 2217 passionem,

344 2228 750 2286 obedientiam
782 2232 912 2297 etc„
946 2245 1014 2285 eo
1045 2228 1202 2303 quod
1240 2228 1398 2287 Deus
1429 2228 1641 2286 merita
1672 2227 1891 2286 Christi
1925 2229 2098 2287 nobis
2131 2229 2404 2304 applicat,
2453 2230 2516 2287 in
2548 2249 2655 2289 nos
2688 2232 2966 2290 transfert

347 2320 412 2375 et
442 2320 691 2393 propter
719 2317 849 2393 ipsa
879 2315 1051 2375 nobis
1084 2317 1339 2394 largitur
1360 2317 1666 2392 justitiam
1690 2318 2112 2389 inhaerentem,
2145 2336 2264 2393 qua
2296 2337 2430 2376 vere
2453 2320 2609 2394 justi
2641 2320 2970 2383 reddimur.

349 2404 543 2474 Quam
574 2405 1020 2465 distinctionem
1050 2406 1249 2483 ipsum
1281 2405 1598 2464 concilium
1619 2406 1820 2465 innuit
1838 2409 2107 2465 statuens
2128 2426 2254 2465 can.
2289 2419 2389 2469 10:
2428 2407 2530 2475 ,Si
2563 2408 2696 2483 quis
2728 2409 2965 2479 dixerit,

345 2495 626 2554 homines
656 2496 784 2554 sine
816 2495 1033 2554 Christi
1056 2495 1318 2571 justitia,
1354 2514 1462 2571 per
1491 2514 1669 2570 quam
1701 2496 1872 2554 nobis
1903 2497 2141 2565 meruit,
2179 2496 2516 2571 justificari,
2564 2502 2671 2555 aut
2701 2516 2808 2573 per
2838 2517 2967 2557 eam

345 2584 541 2659 ipsam
575 2585 904 2642 formaliter
927 2584 1127 2659 justos
1159 2603 1303 2653 esse,
1338 2587 1405 2648 A.
1440 2584 1537 2643 S.“
1603 2585 1682 2642 cf.
1716 2603 1839 2661 cap.
1876 2592 1931 2647 3.
1971 2596 2027 2648 7.

536 2729 681 2793 165.
713 2725 1281 2794 DemonstratiO.
1349 2723 1409 2795 1.
1463 2724 1883 2806 ,Recipimus,
1916 2725 2118 2808 inquit
2151 2726 2662 2805 Augustinus
2694 2725 2774 2789 de
2809 2721 2968 2790 Gen.

345 2832 430 2895 ad
463 2831 555 2895 lit
586 2828 688 2904 Vl,
723 2837 827 2908 24,
853 2831 1181 2913 justitiam,
1216 2849 1296 2895 ex
1329 2849 1457 2913 qua
1507 2850 1621 2911 per
1669 2838 2007 2912 peccatum
2058 2833 2275 2914 lapsus
2322 2837 2420 2897 est
2450 2832 2702 2895 homo,⁴¹
2772 2831 2968 2914 Atqui

340 2945 620 3020 peccato
653 2936 884 3001 Adami
915 2957 1047 3001 non
1079 2937 1406 3001 amisimus
1432 2936 1745 3019 justitiam
1793 2938 2193 3019 imputatam,
2241 2939 2355 3003 sed
2398 2939 2652 3004 animae
2683 2957 2835 3003 vere
2867 2940 2968 3002 in-

342 3045 762 3119 haerentem3
797 3043 992 3109 talem
1024 3063 1175 3124 ergo
1207 3044 1548 3125 recipimus
1578 3044 1644 3107 in
1670 3045 2143 3126 justificatione.
2197 3029 2378 3110 Unde
2413 3046 2737 3127 explicans
2767 3046 2967 3110 verba

343 3172 393 3216 s,
416 3150 605 3215 Pauli
636 3151 718 3214 ad
739 3150 921 3214 Rom.
955 3155 1014 3227 3,
1048 3156 1170 3219 21:
1202 3150 1466 3214 ,lustitia
1505 3151 1622 3214 Dei
1653 3151 2062 3234 manifestata
2097 3163 2203 3232 est,
2240 3153 2461 3216 scribit
2494 3153 2574 3217 dc
2606 3153 2751 3233 spir.
2786 3158 2849 3218 et
2878 3152 2968 3216 lit.

344 3277 397 3321 c.
432 3262 510 3326 9:
552 3257 735 3332 ,Non
766 3258 922 3321 dixit
946 3257 1194 3339 justitia
1223 3257 1500 3321 hominis
1532 3259 1632 3323 vel
1657 3259 1907 3340 justitia
1938 3260 2237 3348 propriae
2257 3260 2622 3346 voluntatis,
2652 3259 2765 3322 sed
2781 3260 2969 3341 justi-

342 3368 440 3430 tia
472 3365 621 3430 Deir
653 3383 785 3428 non
817 3382 946 3446 qua
978 3364 1146 3428 Deus
1171 3365 1382 3446 justus
1414 3371 1530 3441 est,
1563 3366 1677 3429 sed
1712 3384 1841 3448 qua
1872 3366 2080 3430 induit
2110 3366 2455 3441 hominem,
2489 3385 2635 3429 cum
2662 3366 2972 3448 justificat

342 3473 676 3555 impium.‘
712 3470 792 3535 Et
822 3471 1146 3553 explicans
1176 3490 1234 3535 V.
1267 3491 1429 3554 seq.:
1476 3473 1739 3536 ,Iustitia
1773 3481 1981 3537 autem
2017 3473 2137 3536 Dei
2162 3495 2281 3558 per
2305 3473 2494 3556 fidem
2529 3473 2780 3556 Christi,
2812 3471 2966 3536 sub-

338 3580 513 3663 jicit:
547 3576 770 3653 ,Sicut
802 3583 1018 3642 autem
1050 3578 1175 3642 ista
1204 3577 1362 3643 fides
1395 3577 1628 3643 Christi
1659 3580 1832 3644 dicta
1863 3587 1978 3656 est,
2011 3598 2143 3643 non
2175 3598 2303 3662 qua
2333 3577 2859 3670 creditChristuS,
2876 3579 2971 3642 sic

346 3693 412 3752 et
442 3686 554 3751 illa
570 3679 831 3768 'justitia
862 3682 993 3760 Dei,
1025 3704 1158 3749 non
1189 3705 1317 3768 qua
1341 3686 1551 3767 justus
1584 3692 1682 3750 est
1702 3685 1888 3750 DeuS.
1924 3679 2278 3767 Utrumque
2311 3687 2482 3750 enim
2515 3681 2806 3749 nostrum
2838 3692 2972 3750 est:

344 3793 462 3860 sed
493 3793 643 3858 ideo
678 3792 790 3858 Dei
822 3798 886 3857 et
918 3790 1149 3856 Christi
1181 3791 1425 3868 dicitur,
1458 3793 1629 3875 quod
1663 3793 1799 3874 ejus
1832 3792 2017 3857 nobis
2048 3793 2343 3874 largitate
2375 3792 2706 3856 donatur.‹
2950 3777 2956 3788 ’

528 3919 598 3987 2.
634 3916 901 3982 Accedit
929 3916 1222 3980 doctrina
1250 3916 1540 3997 ejusdem
1573 3916 1849 3997 apostoli
1884 3917 2064 3979 Rom.
2089 3921 2147 3990 5,
2174 3921 2256 3984 15
2277 3935 2378 3992 ss.,
2401 3914 2967 3996 secundum·quem

346 4045 411 4093 a.
453 4023 981 4107 justificatio
1015 4028 1079 4088 et
1110 4023 1510 4103 regeneratio
1543 4041 1658 4105 per
1690 4022 2010 4086 Christum
2046 4024 2389 4105 opponitur
2438 4022 2970 4114 generationi

348 4152 431 4197 ex
463 4131 738 4209 AdamO,
772 4136 1103 4212 tamquam
1137 4130 1453 4193 medIcina
1497 4130 1745 4206 morb0,
1793 4131 2117 4211 reparatio
2169 4130 2443 4205 damno;
2492 4129 2581 4191 ita
2628 4129 2969 4222 inconst}

350 4239 594 4302 tuimur
622 4255 743 4319 per
775 4234 1096 4301 Christum
1121 4235 1294 4318 justi,
1327 4235 1514 4300 sicuti
1543 4256 1659 4318 per
1689 4236 2011 4301 Adamum
2042 4243 2451 4318 peccatores3
2505 4236 2636 4299 imo
2669 4254 2729 4304 c.
2762 4235 2974 4302 abun·

352 4345 611 4408 dantior
640 4343 758 4408 suit
788 4343 992 4424 gratia
1036 4349 1102 4407 et
1144 4343 1409 4408 donatio
1454 4362 1570 4408 seu
1616 4344 1939 4425 reparatio
1987 4361 2099 4423 per
2130 4341 2452 4407 Christum
2498 4360 2691 4424 quam
2738 4340 2972 4404 Adami

350 4450 541 4514 ruina
573 4469 628 4513 v.
668 4454 767 4518 15.
828 4450 1023 4532 Atqui
1053 4451 1465 4530 generatione
1514 4468 1591 4514 ex
1624 4449 1876 4513 Adamo
1927 4448 2200 4511 inlicitur
2248 4454 2481 4511 natura
2528 4454 2797 4529 peccato
2851 4446 2971 4528 ipsi

354 4556 752 4632 inhaerente,
783 4574 993 4639 neque
1024 4556 1473 4620 constituimur
1516 4556 1656 4620 sola
1687 4556 2109 4637 imputatione
2159 4560 2534 4636 peccateres
2568 4553 2970 4639 (praesertim

356 4664 709 4728 secundum
742 4663 1027 4728 theorias
1058 4663 1598 4750 protestantium).
1663 4662 1826 4743 Ergo
1858 4662 2343 4743 regeneratione
2376 4675 2492 4725 seu
2518 4647 2974 4756 justificatione
