3538 5364
591 288 720 350 458
1384 277 1568 330 Tract.
1597 277 1691 330 [X.
1721 277 1790 330 de
1819 276 2195 347 poenitentia.
2227 277 2421 330 Timor

591 465 816 535 ralia,
865 484 984 540 quo
1017 467 1229 521 natura
1260 463 1408 522 duce
1440 465 1596 522 mala
1625 467 1875 523 naturae
1909 462 2386 531 reformidamus:
2436 463 2591 521 alius
2640 484 2693 520 m
2714 464 2919 522 unda
2939 483 3083 523 nus
3119 484 3221 523 seu

592 555 905 620 humanus,
954 572 1070 626 quo
1104 553 1240 628 quis
1273 554 1356 610 ita
1388 554 1541 611 mala
1585 557 1646 612 et
1691 554 1905 611 damna
1935 552 2008 611 ab
2043 552 2381 611 hominibus
2412 552 2718 611 inferenda
2749 554 2983 620 metuit,
3036 559 3109 612 ut
3150 555 3218 612 ad

591 663 659 701 ea
692 644 932 700 vitanda
964 644 1150 700 Deum
1183 642 1477 700 offendere
1508 661 1629 700 non
1662 642 1950 719 refugiat3
1998 642 2152 700 alius
2183 641 2539 713 servilis,
2576 660 2710 699 cum
2743 642 2882 717 quis
2914 644 3217 720 gehennae

589 750 1031 807 poenarumque
1064 751 1098 789 a
1127 731 1247 789 Deo
1279 731 1735 808 infligendamm
1769 734 1934 789 metu
1966 731 2226 789 divinam
2259 731 2607 806 exsequitur
2638 731 2828 807 legem
2861 731 3054 807 deque
3088 752 3218 806 pec·

590 822 736 880 catis
757 821 934 879 dolet.
982 821 1149 889 Quod
1183 821 1232 878 si
1265 821 1316 878 is
1349 839 1468 879 non
1490 821 1683 879 solum
1703 839 1962 890 manum,
1997 819 2101 877 sed
2133 824 2194 877 et
2223 820 2594 878 voluntatem
2629 820 2866 878 cohibet
2898 842 2932 879 a
2962 827 3215 897 peccam,

592 910 1078 985 simpliciter
1110 910 1347 967 servilis
1382 909 1633 968 dicitur:
1681 910 1730 968 si
1780 928 1918 967 vero
1964 928 2205 967 manum
2239 912 2477 968 tantum
2510 909 2747 967 cohibet
2781 914 2943 968 metu
2977 929 3213 986 poenae,

591 1000 738 1074 quin
770 1000 1054 1074 reprimat
1098 998 1379 1075 peccandi
1425 998 1807 1069 desiderium,
1856 998 2078 1056 dicitur
2122 998 2546 1057 serviliter
2592 997 2839 1057 servilia.
2907 1000 3082 1058 Alius
3129 1005 3219 1058 est

591 1088 883 1146 filialis
916 1106 1022 1145 seu
1054 1090 1268 1157 castuS,
1304 1088 1407 1162 qui
1428 1088 1617 1145 Deum
1649 1091 1719 1145 ut
1749 1091 1980 1163 patrem
2001 1086 2480 1146 amantissimum
2514 1091 2851 1146 reveretur:
2888 1089 3041 1147 alius
3074 1087 3215 1147 dici-

589 1181 692 1236 tur
723 1177 909 1235 initi
930 1175 1081 1235 alis
1113 1195 1220 1234 seu
1253 1176 1488 1247 mixtuS,
1525 1195 1659 1235 cum
1692 1176 1830 1252 quis
1863 1177 2100 1250 culpam
2134 1176 2309 1234 timet
2341 1181 2401 1234 et
2433 1180 2677 1252 propter
2708 1178 2987 1235 offensam
3024 1178 3129 1236 Dei
3160 1183 3219 1236 et

589 1270 832 1342 propter
870 1285 1092 1342 poenae
1138 1269 1382 1327 metum.
1447 1265 1861 1324 Controversia
1908 1265 2076 1324 nulla
2126 1269 2215 1323 est
2264 1265 2336 1323 de
2388 1265 2602 1324 timore
2652 1265 2821 1323 filiali
2871 1269 2931 1325 et
2980 1267 3214 1336 initiali,

589 1374 765 1430 quem
801 1373 1003 1413 omnes
1037 1355 1261 1413 bonum
1291 1373 1421 1413 esse
1452 1355 1814 1425 concedunt:
1864 1373 2057 1430 neque
2104 1354 2176 1412 de
2220 1355 2432 1413 timore
2479 1354 2779 1413 mundano
2825 1361 2886 1413 et
2924 1356 3216 1414 serviliter

592 1445 810 1514 servili,
844 1445 949 1520 qui
982 1446 1140 1502 certo
1171 1445 1366 1502 malus
1400 1448 1504 1512 est,
1541 1444 1645 1501 sed
1677 1444 1748 1501 de
1781 1443 1992 1502 timore
2015 1443 2367 1518 simpliciter
2388 1444 2611 1504 servili.
2653 1442 2846 1512 Quare
2867 1445 3213 1520 praecipites

589 1538 748 1602 sunt,
782 1534 887 1609 qui
920 1553 990 1592 ex
1023 1551 1106 1603 60,
1151 1533 1309 1608 quod
1342 1536 1539 1609 patres
1569 1534 1831 1609 aliquem
1864 1551 2085 1608 poenae
2117 1532 2387 1591 timorem
2421 1533 2721 1602 damnant,
2772 1552 2805 1591 0
2825 1552 3065 1591 mnem
3096 1553 3213 1592 esse

590 1625 808 1681 malum
843 1622 1127 1684 inferunt.

767 1744 829 1809 2.
864 1748 1071 1822 Inepte
1103 1747 1380 1805 nonnulli
1412 1747 1684 1804 timorem
1721 1765 1940 1822 poenae
1974 1746 2436 1816 calumniantur,
2488 1747 2646 1822 quod
2694 1764 2927 1823 semper
2972 1747 3211 1822 adjunc-

588 1840 711 1895 tam
745 1836 958 1894 habeat
1006 1837 1373 1894 voluntatem
1418 1837 1713 1910 quandam
1760 1835 2466 1911 interpretativum
2513 1836 2811 1910 peccandi,
2863 1836 2982 1893 nisi
3032 1855 3212 1912 poena

589 1925 942 1985 immineret.
1011 1926 1141 1984 Non
1174 1926 1331 1984 enim
1366 1925 1589 1994 vident,
1639 1926 1772 2000 pari
1806 1925 2032 1983 ratione
2065 1943 2269 1983 omnes
2303 1925 2423 1982 fere
2454 1930 2623 1983 actus
2671 1925 2766 1983 vel
2808 1926 3212 1984 sanctissimos

590 2015 773 2073 simili
805 2014 1135 2073 calumniae
1169 2033 1297 2072 esse
1330 2014 1644 2072 obnoxios:
1698 2034 1836 2072 nam
1886 2032 2073 2088 aeque
2120 2013 2470 2072 calumniari
2516 2033 2822 2090 possemus
2868 2014 3063 2083 illum,
3114 2015 3211 2090 qui

589 2122 724 2161 cum
756 2104 1065 2179 psalmista
1097 2104 1189 2161 Ps.
1231 2113 1369 2173 118,
1413 2113 1528 2165 112
1567 2103 1742 2161 dicit:
1793 2103 2075 2161 Inclinavi
2118 2121 2216 2160 cor
2255 2122 2440 2160 meum
2485 2104 2565 2161 ad
2610 2105 2909 2178 faciendas
2940 2105 3209 2177 iustifica-

590 2195 768 2250 tiones
799 2201 930 2250 tuas
959 2195 1022 2250 in
1054 2200 1346 2250 aeternum
1367 2200 1617 2266 propter
1647 2192 2097 2251 retributionem.
2163 2193 2369 2266 Neque
2402 2191 2628 2260 vident,
2667 2193 2826 2269 quod
2860 2193 2909 2251 si
2943 2194 3087 2251 haec
3118 2212 3213 2252 vo·

588 2283 790 2339 luntas
824 2282 1101 2356 peccandi
1134 2284 1291 2340 esset
1321 2282 1647 2339 deliberata
1679 2282 1931 2356 ideoque
1962 2299 2168 2338 verum
2217 2286 2539 2355 peccatum,
2586 2281 2660 2340 ab
2706 2283 2832 2356 ipso
2882 2282 3112 2340 sincero
3155 2287 3212 2340 et

589 2371 851 2448 genuino
884 2370 1099 2428 inferni
1131 2371 1342 2430 timore
1389 2371 1818 2440 excluderetur,
1870 2389 2002 2427 cum
2051 2373 2296 2444 propter
2342 2370 2504 2428 illam
2552 2372 2884 2429 incurritur
2928 2371 3209 2438 inferum,

590 2479 767 2536 quem
801 2460 894 2518 hic
928 2460 1104 2518 timor
1134 2460 1375 2537 refugit.
1423 2460 1514 2517 Ad
1548 2480 1670 2518 rem
1704 2460 2306 2535 chrysostomus
2339 2460 2495 2519 hom.
2522 2470 2598 2522 15
2635 2460 2705 2518 de
2738 2461 2974 2530 statuis„
3009 2461 3069 2519 in
3102 2479 3213 2536 qua

588 2550 887 2624 praeclare
920 2549 989 2606 de
1022 2549 1287 2608 utilitate
1319 2549 1554 2607 timoris
1587 2568 1914 2624 poenarum
1947 2549 2221 2607 disserit:
2262 2548 2494 2617 ¹,Sicuti
2532 2549 2593 2607 in
2626 2549 2816 2619 dom0‚
2849 2550 3053 2624 iuquit
3082 2569 3136 2607 n.
3164 2561 3210 2617 1,

589 2643 786 2698 stante
818 2638 1008 2697 milite
1041 2657 1270 2714 semper
1300 2642 1526 2697 armato
1559 2657 1676 2696 non
1710 2638 1882 2712 latr0,
1931 2657 2051 2697 non
2083 2637 2197 2708 fur,
2244 2654 2364 2696 11011
2397 2637 2552 2697 alius
2588 2638 2721 2714 quis
2753 2638 2897 2696 talia
2928 2639 3087 2697 mala
3117 2657 3212 2714 pa·

586 2729 874 2786 trantium
927 2747 1206 2803 apparere
1248 2728 1496 2803 propius
1543 2727 1821 2789 audebit:
1888 2727 1969 2785 sic
2020 2731 2080 2785 et
2132 2730 2296 2786 metu
2341 2728 2567 2785 animos
2614 2730 2851 2786 nostros
2897 2733 3212 2803 occupante

586 2817 973 2875 illiberalium
1005 2818 1173 2875 nulla
1205 2817 1726 2892 perturbationum
1762 2816 1926 2874 facile
1973 2835 2081 2875 nos
2129 2817 2419 2891 subrepit,
2470 2816 2571 2874 sed
2619 2835 2823 2875 omnes
2868 2817 3116 2894 fugiunt
3156 2820 3212 2875 et

588 2907 899 2981 pelluntur
929 2906 1160 2963 timoris
1195 2905 1440 2980 imperio
1472 2904 1740 2979 undique
1773 2905 2019 2967 exacti.‘
2054 2939 2140 2947 -—
2174 2906 2248 2963 Et
2295 2923 2339 2963 S.
2387 2905 2703 2963 Thomas
2747 2906 2811 2963 in
2858 2907 2947 2965 ΡΒ.
3006 2916 3100 2975 18,
3148 2916 3209 2969 8:

590 2995 864 3063 ¹,Dicitur
908 3002 1230 3052 convertens
1276 2994 1392 3071 (lex
1439 2997 1787 3052 convertens
1820 2989 2074 3075 animas)
2110 3013 2226 3053 non
2258 2997 2495 3052 tantum
2531 2995 2851 3053 exteriores
2882 2998 3069 3065 601116,
3114 2994 3209 3054 sed

588 3089 650 3143 et
680 3084 922 3144 animas.
991 3083 1103 3140 Sed
1136 3084 1227 3141 lex
1260 3086 1434 3141 vetus
1466 3084 1574 3142 hoc
1605 3083 1861 3141 faciebat
1892 3084 2253 3158 imperfecte,
2291 3084 2381 3141 lex
2415 3102 2568 3141 nova
2599 3085 2887 3159 perfecte:
2936 3085 3081 3160 quia
3122 3085 3207 3142 lex

588 3176 757 3231 vetus
789 3172 1103 3230 cohibebat
1134 3191 1239 3246 per
1270 3191 1484 3247 poenas
1516 3173 1887 3247 temporaleS,
1922 3172 2024 3231 sed
2058 3172 2150 3230 lex
2184 3191 2338 3231 nova
2373 3172 2610 3231 cohibet
2639 3192 2745 3249 per
2776 3192 2997 3250 poenas
3030 3176 3209 3232 aeter·

587 3280 712 3331 naS,
748 3279 899 3336 quae
935 3264 1206 3319 coercent
1237 3270 1393 3323 cor.‘

767 3381 832 3446 3.
868 3384 1110 3442 Frustra
1141 3402 1247 3442 nos
1281 3387 1511 3443 terrent
1541 3385 1767 3443 inimici
1800 3384 2032 3443 timoris
2066 3384 2312 3455 servilis,
2357 3403 2491 3443 cum
2528 3385 2755 3455 dicunt,
2802 3405 2938 3444 eum
2972 3386 3116 3445 oriri
3147 3403 3208 3443 ex

589 3492 784 3532 amore
816 3472 1164 3549 propri0‚
1199 3492 1267 3531 ex
1302 3474 1462 3532 sonte
1495 3475 1719 3532 scilicet
1751 3473 1982 3533 vitioso,
2049 3475 2231 3531 Amor
2262 3475 2420 3532 enim
2453 3474 2755 3549 proprius,
2806 3474 2856 3532 si
2905 3474 3067 3533 inter
3112 3475 3209 3532 de-

587 3562 746 3620 bitos
781 3581 842 3620 se
875 3562 1138 3620 continet
1168 3562 1405 3632 limites,
1440 3583 1558 3622 non
1593 3564 1787 3622 solum
1819 3581 1938 3621 non
1969 3566 2064 3620 est
2096 3562 2305 3631 11161116,
2341 3564 2442 3621 sed
2477 3563 2704 3627 bonus:
2737 3563 3007 3638 alioquin
3028 3583 3211 3639 neque

588 3655 815 3709 creator
845 3651 1019 3709 illum
1052 3652 1281 3710 naturis
1313 3653 1676 3723 inseruisset,
1711 3671 1906 3727 neque
1929 3653 2199 3710 Salvator
2230 3670 2470 3710 normae
2503 3652 2700 3710 instar
2731 3657 3110 3729 proponeret,
3143 3652 3210 3710 ad

589 3759 763 3815 quem
797 3740 1126 3816 exigendus
1160 3741 1242 3798 sit
1272 3761 1436 3800 amor
1455 3742 1705 3817 proximi
1728 3741 2216 3816 supernaturalis.
2252 3741 2458 3816 Neque
2480 3742 2883 3801 inordinatum
2916 3745 3012 3800 est
3042 3761 3212 3818 prop·

588 3832 682 3887 ter
712 3847 959 3903 poenam
990 3829 1178 3887 vitare
1211 3830 1462 3905 culpam,
1511 3849 1646 3888 cum
1681 3831 1814 3889 ideo
1847 3831 2005 3888 Deus
2037 3831 2300 3888 intentet
2331 3849 2598 3906 poenam,
2646 3837 2719 3889 ut
2765 3831 2993 3889 vitetur
3026 3831 3212 3906 culpa.

588 3918 699 3987 Qui
747 3938 887 3995 ergo
934 3938 1002 3976 ex
1052 3918 1163 3976 hoc
1208 3919 1429 3977 motivo
1472 3920 1705 3994 eulpam
1739 3923 1924 3989 cavet,
1978 3920 2107 3996 agit
2138 3920 2465 3978 secundum
2498 3920 2605 3978 Dei
2636 3921 3028 3991 voluntatem,
3080 3921 3214 3978 hinc

588 4014 743 4066 certe
789 4027 908 4066 non
955 4007 1318 4075 inordinate:
1365 4027 1556 4083 neque
1603 4009 1933 4067 necessario
1977 4010 2471 4084 comparationem
2505 4009 2774 4089 instituit
2804 4010 2963 4067 inter
2994 4010 3212 4068 malum

591 4115 811 4171 poenae
856 4100 917 4155 et
960 4097 1182 4155 malum
1232 4097 1436 4173 culpae
1485 4097 1761 4172 illudque
1812 4098 1949 4156 huic
1995 4098 2341 4173 praeponit:
2389 4117 2581 4173 neque
2614 4099 2831 4156 timens
2871 4098 3109 4172 culpam
3143 4099 3212 4155 ob

587 4205 806 4261 poenae
839 4186 1111 4244 timorem
1146 4187 1400 4261 positive
1433 4186 1699 4244 excludit
1730 4187 1995 4244 nobilius
2040 4189 2351 4255 motivum,
2401 4187 2503 4245 sed
2554 4186 2881 4262 praecisive
2914 4205 2975 4245 se
3008 4187 3211 4246 habet:

589 4276 784 4332 solent
814 4277 970 4332 enim
995 4275 1262 4333 homines
1294 4275 1369 4333 ab
1402 4275 1688 4349 ejusmodi
1714 4275 2127 4349 praescindere
2147 4276 2705 4351 comparationibuS‚
2740 4295 2891 4351 quae
2921 4293 3042 4334 non
3074 4280 3214 4335 sunt

587 4366 948 4438 praeceptae,
995 4362 1212 4421 nedum
1261 4364 1673 4422 consulendae.
1736 4364 1814 4426 Cf.
1866 4365 2184 4423 Thomas
2221 4374 2276 4427 2.
2313 4374 2346 4426 2
2382 4384 2437 4440 q.
2478 4375 2597 4428 125
2633 4385 2683 4425 a.
2725 4376 2788 4434 13
2835 4383 2891 4440 q.
2931 4376 2962 4426 7
2999 4385 3050 4423 a.
3093 4378 3114 4427 l
3156 4370 3214 4423 et

590 4452 785 4527 suppl.
819 4470 875 4525 q.
911 4461 944 4513 3
981 4472 1030 4510 a.
1073 4464 1094 4513 l
1138 4452 1212 4509 ad
1247 4464 1303 4521 4,
1356 4453 1461 4511 ubi
1508 4456 1824 4529 postquam
1873 4453 2184 4511 subtiliter
2230 4454 2563 4529 inquisivit,
2614 4473 2758 4512 num
2806 4454 2982 4529 culpa
3027 4454 3211 4531 magis

587 4560 765 4615 quam
799 4557 989 4615 poena
1021 4540 1357 4615 poenitenti
1390 4543 1523 4600 odio
1558 4543 1640 4599 sit
1671 4542 1957 4611 habenda,
1993 4542 2457 4617 prudentissime
2479 4547 2709 4601 monet:
2746 4544 3106 4611 ,Sciendum
3127 4546 3213 4602 est

587 4630 783 4699 etiam,
834 4630 990 4704 quod
1038 4630 1308 4705 quamvis
1340 4631 1478 4689 talis
1512 4631 1722 4689 debeat
1753 4649 1879 4689 esse
1919 4630 2156 4689 contriti
2211 4630 2539 4706 dispositi0,
2591 4651 2711 4691 non
2761 4635 2963 4690 tamen
3012 4634 3085 4691 de
3134 4633 3211 4689 eis

589 4718 912 4777 tentandus
964 4721 1085 4788 est;
1139 4718 1282 4793 quia
1312 4719 1486 4778 homo
1528 4722 1773 4779 affectus
1822 4739 1960 4778 suos
2008 4739 2122 4778 non
2175 4719 2247 4777 de
2296 4720 2450 4779 facili
2497 4740 2841 4780 mensurare
2877 4724 3105 4795 potest:
3156 4724 3212 4778 et
