3538 5364
908 269 991 322 De
1016 266 1344 322 discrimine
1372 269 1522 324 inter
1549 267 1797 337 gratiam
1823 267 2032 321 Adami
2059 272 2118 322 et
2143 270 2411 322 nostram.
2834 277 2958 342 119

327 455 853 515 concionatoribus
883 456 1060 532 plane
1091 454 1414 523 catholicis,
1447 454 1751 513 thomistis
1772 454 1970 522 etiam,
2004 453 2274 529 quotidie
2295 453 2783 528 frequentantur:
2820 455 2956 516 hae-

326 546 545 604 reticas
579 563 710 603 esse
741 550 983 603 tantum
1016 564 1191 604 sensu
1221 544 1697 620 semipelagiano‚
1746 544 1799 602 si
1846 543 2070 602 scilicet
2115 543 2463 602 excludatur
2494 544 2689 618 gratia
2719 563 2958 619 praeve·

326 634 504 693 niens
540 643 602 692 et
633 652 1011 709 praeparans,
1059 652 1244 709 eaque
1275 633 1541 710 gratuita
1571 642 1632 691 et
1664 632 2155 708 supernaturalis,
2202 633 2374 707 cujus
2407 633 2818 692 necessitatem
2851 652 2958 693 nos

325 724 543 782 multis
574 723 992 798 probavimus3
1029 741 1145 782 non
1177 741 1314 783 vero
1345 741 1473 781 esse
1506 722 1846 793 haereticae,
1893 722 1943 780 ei
1987 722 2130 780 haec
2164 722 2259 779 vel
2291 720 2513 779 similia
2541 721 2616 780 de
2649 723 2958 781 voluntate

328 812 526 890 gratia
550 814 679 888 jem
708 816 1032 888 praeventa
1063 812 1450 871 affirmentur.

513 938 635 995 Alii
668 938 840 1013 quasi
870 937 1172 1013 perterriti
1204 936 1527 1012 excipiunt,
1575 936 1849 1014 gratiam,
1899 955 2051 1011 quae
2094 953 2216 994 non
2250 935 2331 994 sit
2363 953 2432 993 ex
2461 953 2520 993 se
2551 936 2652 993 sed
2685 954 2958 1014 coopera-

328 1026 494 1085 tione
541 1032 746 1085 nostra
789 1027 1008 1093 efficax,
1055 1045 1184 1086 esse
1230 1026 1709 1088 versatilem.
1773 1025 1887 1084 Sed
1933 1044 2073 1102 pace
2119 1024 2328 1083 horum
2363 1024 2627 1083 virorum
2658 1029 2955 1097 notamus,

326 1122 479 1174 tunc
510 1116 716 1174 eodem
743 1117 882 1191 jure
913 1116 1029 1173 dici
1059 1134 1232 1191 posse
1262 1120 1325 1175 et
1354 1115 1732 1193 evangelium
1763 1115 2059 1182 versatile,
2095 1114 2237 1188 quia
2266 1117 2421 1173 teste
2455 1113 2636 1172 Paulo
2675 1116 2874 1177 2.Cor.
2901 1126 2957 1185 2,

334 1217 415 1268 16
451 1224 703 1281 prorsus
735 1205 893 1264 idem
924 1205 1313 1282 Evangelium
1345 1205 1481 1263 aliis
1513 1213 1606 1263 est
1635 1206 1779 1263 odor
1810 1206 2012 1263 mortis
2042 1207 2104 1263 in
2135 1211 2390 1280 mortem,
2427 1203 2563 1261 aliis
2593 1212 2784 1262 autem
2815 1205 2960 1263 odor

328 1296 478 1353 vitae
509 1296 575 1352 in
604 1297 780 1352 vitam
797 1315 825 1366 ,·
873 1295 1169 1353 versatilis
1200 1293 1575 1361 eucharistia,
1610 1294 1753 1369 quia
1781 1294 1885 1352 alii
1917 1294 2054 1352 inde
2088 1293 2427 1369 percipiunt
2460 1291 2661 1364 vitam,
2707 1293 2810 1352 alii
2843 1294 2957 1352 sibi

326 1385 695 1441 manducant
732 1384 1029 1459 judicium
1071 1395 1121 1447 1.
1153 1383 1279 1442 Cor.
1320 1395 1415 1453 ll,
1454 1394 1534 1446 29
1568 1393 1696 1452 etc„
1744 1383 1904 1458 quod
1950 1402 2123 1441 nemo
2155 1382 2388 1445 dixerit.
2456 1380 2765 1442 Versatilis
2797 1384 2958 1441 enim

328 1478 478 1531 tunc
506 1477 751 1530 tantum
784 1474 987 1547 posset
1015 1472 1132 1531 dici
1164 1472 1374 1550 gratia.
1419 1472 1468 1530 si
1498 1491 1568 1531 ex
1599 1491 1844 1547 aequo
1875 1471 1949 1531 ad
1980 1473 2204 1531 bonum
2238 1483 2298 1530 et
2329 1471 2403 1529 ad
2437 1472 2660 1530 malum
2683 1473 2952 1548 juvaret3

328 1580 467 1620 cum
499 1580 640 1620 vero
679 1562 872 1620 solum
906 1561 980 1619 ad
1011 1563 1231 1622 bonum
1265 1561 1491 1621 alliciat
1520 1568 1582 1619 et
1605 1562 1795 1636 juvet,
1830 1580 1863 1619 a
1893 1561 2044 1620 malo
2065 1563 2375 1630 deterreat,
2408 1566 2469 1619 et
2499 1569 2706 1620 contra
2737 1562 2956 1620 malum

330 1649 756 1709 subministret
788 1651 1094 1720 virtutem,
1116 1671 1252 1710 vere
1283 1651 1497 1710 inscite
1517 1651 1815 1709 versatilis
1836 1650 2185 1727 concipitur.
2237 1649 2553 1726 Speremus
2584 1652 2785 1710 autem
2816 1650 2956 1720 fore,

327 1743 401 1798 ut
431 1740 672 1798 misella
701 1740 845 1798 haec
875 1741 1147 1814 exceptio
1179 1740 1418 1799 demum
1449 1740 1797 1800 eliminetur
1828 1758 1859 1798 e
1894 1739 2068 1797 libris
2099 1739 2473 1816 theologicis.

514 1882 663 1947 133.
697 1878 1044 1947 Scholion
1078 1877 1159 1947 V.
1226 1877 1564 1960 Reliquum
1611 1885 1726 1955 est,
1777 1884 1847 1941 ut
1889 1895 2100 1959 pauca
2147 1877 2435 1941 dicamus
2482 1879 2558 1941 de
2600 1877 2961 1941 discrimine

322 1986 580 2067 qratiae
614 1986 681 2049 in
706 1987 941 2068 primes
973 1986 1243 2050 actualis
1273 1986 1525 2050 Adamo
1571 1993 1719 2050 ante
1763 1986 2018 2072 lapsum
2065 1992 2130 2048 et
2160 1983 2512 2049 hominibus
2531 1990 2677 2071 post
2709 1983 2959 2067 lapsum

328 2094 735 2156 necessariae.
788 2091 1162 2156 Tenendum
1195 2099 1293 2157 est
1328 2091 1387 2162 l.
1420 2092 1751 2174 multiplex
1787 2110 1930 2157 esse
1963 2091 2340 2155 discrimen:
2372 2111 2435 2161 a.
2468 2092 2576 2156 illa
2607 2090 2723 2155 suit
2753 2092 2961 2170 gratia

329 2195 460 2272 Dei,
507 2205 738 2261 nostra
788 2206 889 2264 est
934 2200 1139 2280 gratia
1185 2200 1416 2264 Christi
1468 2200 1553 2286 (n.
1591 2199 1691 2287 e);
1742 2201 1813 2268 b.
1859 2199 1967 2262 illa
2012 2198 2125 2262 suit
2176 2203 2426 2262 tantum
2478 2199 2759 2274 elevanS,
2810 2216 2958 2262 cum

329 2302 619 2367 Adamus
641 2312 893 2370 careret
912 2307 1463 2388 concupiscentia3
1500 2313 1722 2370 nostra
1742 2312 1842 2370 est
1861 2304 2053 2369 simul
2086 2323 2149 2367 m
2171 2304 2259 2368 ed
2279 2305 2294 2367 i
2311 2322 2347 2367 c
2363 2305 2382 2367 i
2398 2325 2440 2368 n
2457 2306 2531 2370 al
2549 2307 2566 2370 i
2583 2327 2613 2369 s
2636 2306 2735 2391 (cf.
2754 2327 2812 2370 n.
2832 2306 2961 2392 23),

328 2430 595 2488 sananS,
626 2431 918 2494 pugnam
954 2433 1014 2484 e.
1046 2414 1154 2477 illa
1185 2415 1265 2500 (si
1297 2413 1377 2479 de
1410 2413 1723 2478 habituali
1756 2420 1855 2479 est
1875 2412 2114 2498 sermo)
2149 2412 2331 2493 quasi
2352 2413 2786 2476 connaturalis
2809 2431 2960 2494 pro-

326 2528 570 2599 pagata
602 2519 826 2584 suisset
857 2522 1000 2602 ipsa
1031 2522 1446 2603 generatione
1479 2520 1787 2586 naturali:
1821 2519 2014 2584 modo
2051 2537 2204 2584 vero
2240 2518 2582 2583 habitualis
2619 2537 2660 2582 a
2698 2519 2962 2600 singulis

327 2633 424 2691 est
456 2627 858 2710 acquirenda
889 2628 989 2695 vel
1022 2629 1271 2695 actibus
1303 2629 1578 2712 propriis
1612 2628 1712 2693 vel
1743 2628 2204 2703 sacramentis;
2249 2627 2320 2695 d.
2356 2626 2561 2708 gratia
2593 2626 2862 2691 actualis
2892 2627 2960 2691 in

327 2732 585 2798 Adamo
617 2736 859 2800 mansit
890 2735 1200 2813 inefficax,
1252 2744 1478 2801 nostra
1510 2737 1576 2799 in
1608 2735 1826 2800 multis
1860 2743 1959 2799 est
1992 2733 2232 2799 efficax.
2304 2734 2680 2800 Nullatenus
2713 2751 2866 2798 vero
2900 2753 2962 2803 e.

325 2839 674 2906 discrimen
707 2860 855 2905 cum
902 2841 1408 2907 calvinianis
1458 2847 1522 2907 et
1560 2842 2092 2924 jansenianis
2141 2843 2343 2925 repeti
2377 2841 2570 2907 debet
2601 2860 2680 2906 ex
2726 2839 2960 2904 modo

325 2948 581 3028 agendi,
616 2949 791 3030 quod
823 2949 1063 3014 scilicet
1096 2950 1302 3030 gratia
1336 2956 1488 3014 ante
1520 2949 1774 3031 lapsum
1806 2949 1888 3013 ad
1920 2969 2119 3016 unum
2140 2968 2268 3014 non
2291 2949 2766 3024 determinaret,
2789 2964 2960 3012 nunc

324 3073 481 3119 vero
517 3054 926 3121 determinet.

507 3182 577 3248 2.
614 3184 784 3253 Quod
818 3185 1169 3244 nominatim
1199 3186 1420 3245 attinet
1449 3186 1779 3246 doctrinam
1813 3188 2281 3264 Augustini,
2331 3187 2762 3264 distinguentis
2804 3187 2963 3246 inter

327 3273 702 3349 adjutorium
734 3276 859 3349 eine
889 3293 997 3351 quo
1028 3294 1163 3349 non,
1196 3276 1357 3351 quod
1389 3276 1600 3334 habuit
1629 3276 1927 3335 Adamus:
1959 3281 2021 3335 et
2052 3277 2414 3352 adiutorium
2448 3295 2577 3353 quc,
2610 3275 2769 3351 quod
2801 3293 2961 3335 nunc

328 3363 369 3420 ii
399 3361 649 3433 habent,
684 3363 789 3437 qui
822 3369 959 3422 actu
990 3368 1398 3440 perseverant:
1445 3364 1658 3423 salsum
1699 3369 1806 3436 est,
1854 3365 2015 3441 quod
2047 3365 2305 3425 inculcat
2336 3366 2374 3424 J
2391 3385 2478 3424 an
2497 3365 2768 3425 senius
2789 3410 2802 3432 ,
2851 3365 2960 3423 hoc

328 3450 653 3510 discrimen
675 3470 804 3510 esse
830 3453 1109 3522 ,clavem,
1143 3453 1309 3512 filum
1343 3453 1404 3511 in
1439 3453 1798 3529 labyrintho,
1831 3455 2286 3513 fundamentum
2319 3463 2382 3513 et
2401 3453 2596 3513 basim
2617 3454 2957 3513 doctrinae‘

328 3557 373 3598 s.
420 3539 684 3600 doctoris
729 3541 804 3601 de
848 3542 1056 3618 gratia.
1117 3542 1267 3600 Nam
1313 3543 1441 3618 ipse
1478 3543 1647 3601 illius
1678 3546 1816 3618 post
1848 3544 2069 3602 multos
2101 3544 2336 3602 demum
2368 3563 2553 3603 annos
2599 3544 2673 3603 ab
2720 3543 2961 3602 exordio

327 3630 871 3689 controversiarum
904 3650 1037 3689 cum
1074 3631 1327 3708 Pelagio,
1377 3642 1515 3706 post
1561 3632 1905 3708 pelagianos
1931 3633 2055 3708 jam
2090 3632 2349 3691 devictos
2397 3650 2464 3691 ac
2509 3633 2689 3691 semel
2721 3635 2959 3691 tantum

329 3719 454 3777 scil.
486 3718 567 3776 de
599 3736 749 3781 corr,
780 3724 840 3777 et·
872 3739 958 3796 gr.
991 3739 1040 3778 c.
1082 3732 1101 3784 1
1128 3731 1149 3782 l
1191 3720 1551 3780 mentionem
1587 3719 1743 3780 tacit.
1808 3720 1953 3791 Quis
1986 3724 2184 3780 autem
2217 3721 2515 3797 putaverit
2566 3739 2610 3780 s.
2661 3720 2956 3779 doctorem

326 3808 575 3877 clavem,
615 3807 807 3866 basim
838 3816 949 3867 etc.
983 3809 1173 3868 totius
1207 3809 1511 3868 doctrinae
1542 3809 1614 3867 de
1646 3810 1841 3886 gratia
1872 3811 2102 3869 tamdiu
2135 3811 2437 3887 ignorasse
2469 3810 2562 3869 vel
2595 3809 2834 3868 silentio
2866 3810 2958 3868 in-

330 3896 613 3963 volvisse,
648 3896 812 3956 illius
846 3898 1027 3956 semel
1058 3900 1294 3958 tantum
1327 3897 1690 3969 meminisse,
1724 3917 1858 3958 cum
1891 3901 2070 3957 toties
2106 3899 2353 3976 integris
2386 3899 2668 3973 operibus
2700 3898 2955 3974 dataque

329 4004 507 4061 opera
539 3986 948 4066 quaestionem
980 3987 1052 4045 de
1082 3987 1274 4064 gratia
1304 3987 1495 4064 agitet
1526 3993 1706 4062 atque
1739 3988 1802 4047 in
1834 4007 2006 4047 omne
2039 3993 2232 4048 verset
2263 3989 2464 4046 latus?

510 4104 577 4174 3.
609 4109 818 4169 Plures
849 4114 994 4170 sunt
1025 4112 1206 4187 hujus
1237 4112 1352 4170 loci
1384 4113 1481 4171 sat
1511 4112 1747 4171 obscuri
1781 4113 2188 4188 theologorum
2222 4112 2634 4187 expositiones,
2703 4112 2781 4171 Cf,
2816 4111 2956 4171 diss.

331 4197 403 4256 de
434 4198 549 4256 hoc
582 4198 880 4273 adjutorio
912 4201 973 4258 in
1005 4201 1154 4264 thes.
1185 4201 1364 4259 theol.
1396 4201 1485 4259 ed.
1520 4200 1878 4260 Zaccaria
1908 4202 1975 4272 V,
2002 4212 2124 4264 636
2149 4220 2259 4272 ss,;
2293 4201 2619 4275 Ripalda
2651 4201 2804 4277 disp.
2832 4212 2945 4264 111

332 4291 470 4346 sect.
510 4299 564 4350 7.
639 4288 1026 4348 Praeserenda
1055 4289 1295 4349 videtur
1326 4291 1623 4350 sententia
1653 4309 1878 4360 eorum,
1929 4291 2253 4350 secundum
2301 4309 2450 4366 quos
2494 4305 2560 4353 a.
2593 4292 2958 4365 adjmorium

333 4395 439 4452 quo
483 4376 551 4434 in
596 4396 815 4454 genere
859 4396 977 4436 non
1023 4383 1117 4437 est
1153 4379 1562 4438 exclusive
1594 4381 1901 4455 proprium
1935 4386 2126 4439 status
2160 4379 2330 4455 lapsi,
2364 4399 2559 4455 neque
2590 4378 2957 4454 adjutorium

332 4466 453 4524 sine
498 4485 611 4542 quo
656 4485 772 4525 non
819 4468 1124 4543 proprium
1171 4467 1358 4527 solius
1398 4471 1593 4527 status
1628 4470 1975 4545 angelorum
2010 4473 2072 4527 et
2101 4468 2312 4527 Adami
2345 4477 2483 4528 ante
2516 4469 2767 4545 lapsum.
2835 4467 2958 4526 Hoc

334 4555 490 4613 enim
525 4555 802 4632 agnoscit
822 4558 1202 4633 Augustinus
1234 4557 1412 4615 etiam
1446 4576 1552 4634 pro
1584 4561 1748 4616 statu
1782 4558 1949 4633 lapso
1980 4565 2041 4616 et
2073 4558 2226 4616 illud
2257 4577 2363 4634 pro
2396 4561 2562 4616 statu
2592 4557 2956 4634 angelorum.

336 4638 402 4708 l).
434 4644 695 4703 Nomine
725 4645 1009 4719 adjutorii
1039 4665 1150 4722 quo
1180 4665 1299 4705 non
1334 4647 1696 4722 intelligitur
1728 4648 1766 4705 l.
1808 4666 1854 4708 c.
1903 4667 2023 4706 una
2052 4647 2263 4722 gratia,
2312 4647 2414 4706 sed
2462 4647 2789 4724 gratiarum
2835 4650 2956 4702 tam

335 4731 708 4792 internarum
741 4752 921 4808 quam
951 4742 1329 4794 externarum
1363 4736 1612 4794 series
1647 4755 1752 4795 seu
1785 4737 2245 4796 oeconomia.
2305 4750 2367 4799 e.
2401 4737 2565 4794 Inter
2593 4733 2956 4811 adjutorium
