3538 5364
1394 258 1700 314 Libertatis
1726 259 1904 314 notio.
2861 266 2943 332 81

324 437 489 502 fieri:
521 438 666 520 quis
694 439 833 508 hoc,
858 440 1182 505 nesciam«
1252 441 1446 523 Atqui
1479 440 1650 505 Deus
1684 442 1886 505 multa
1918 441 2247 522 praecepit
2276 440 2342 504 in
2374 439 2446 504 V.
2480 440 2546 503 T.
2581 439 2767 504 Dedit
2795 458 2947 519 ergo

322 545 678 608 secundum
725 546 1154 626 Augustinum
1204 549 1287 633 (n.
1324 550 1470 633 80⁴)
1518 547 1810 628 gratiam.
1873 546 1960 610 Cf.
1995 547 2257 611 Faure
2307 547 2372 610 in
2404 546 2654 609 Enchir.
2690 565 2747 609 n.
2789 551 2945 623 118:

324 651 725 718 Palmieri
755 655 845 718 th.
881 660 984 723 61.

1244 852 1497 937 Caput
1537 854 1618 922 ΙΙΙ.

352 972 451 1035 De
499 973 795 1037 habitu
843 976 1063 1041 inter
1109 977 1511 1042 auxilium
1558 976 1884 1057 gratiae
1932 981 2010 1040 et
2055 975 2409 1039 liberum
2458 976 2915 1042 arbitrium.

500 1098 607 1165 87.
644 1098 986 1163 Libertatis
1017 1103 1199 1165 notio.
1251 1139 1338 1149 --
1390 1101 1755 1183 Antequam
1807 1101 2252 1182 quaestionem
2303 1098 2618 1165 difficilem
2670 1102 2944 1185 quidem,

322 1203 431 1268 sed
466 1204 919 1285 theologorum
950 1206 1495 1288 disputationibus
1531 1226 1725 1289 saepe
1760 1207 2192 1283 obscuratam,
2226 1208 2306 1272 de
2337 1225 2507 1272 nexu
2539 1209 2815 1288 gratiam
2845 1210 2943 1272 in-

320 1316 417 1374 ter
448 1317 515 1374 et
545 1310 821 1375 liberum
854 1313 1187 1378 arbitrium
1222 1314 1305 1378 ad
1336 1321 1518 1378 actus
1550 1315 1866 1380 salutares
1918 1315 2090 1396 quod
2136 1315 2381 1389 attinet,
2413 1320 2781 1391 tractemuS,
2814 1335 2947 1380 non

319 1418 544 1483 inutile
579 1418 707 1483 erit
736 1420 1050 1502 quasdam
1096 1421 1175 1486 de
1224 1422 1425 1486 libero
1474 1421 1738 1484 arbitrio
1790 1420 2202 1502 praemittere
2250 1421 2564 1497 notiones,
2598 1428 2667 1486 ut
2699 1421 2945 1487 facilius

322 1526 571 1604 gratiae
605 1544 754 1589 cum
786 1527 927 1608 ipso
960 1528 1310 1591 concordia
1342 1527 1742 1608 intelligatur.
1777 1527 2163 1593 Libertas
2195 1536 2294 1592 est
2324 1528 2679 1608 generatim
2710 1530 2945 1595 immu-

320 1632 506 1709 nitaS,
540 1651 677 1696 non
711 1633 967 1715 quidem
998 1651 1039 1696 a
1070 1633 1476 1714 perfectione,
1508 1634 1621 1698 sed
1654 1634 1737 1698 ab
1774 1634 2266 1715 imperfectione.
2301 1632 2370 1697 Si
2401 1653 2480 1699 ea
2511 1636 2844 1715 speciatim
2866 1636 2947 1701 de

318 1740 656 1804 voluntate
704 1740 1074 1817 affirmatur,
1134 1741 1448 1821 significat
1492 1742 1876 1822 negative
1935 1741 2404 1806 immunitatem
2426 1744 2467 1828 ¹)
2516 1749 2650 1807 tam
2701 1761 2741 1806 a
2790 1761 2943 1808 coa-

316 1848 534 1911 ctione
567 1846 658 1931 (vi
680 1847 762 1910 ab
787 1855 968 1912 extra
989 1847 1211 1935 illata),
1245 1867 1440 1929 quam
1462 1866 1497 1911 a
1515 1850 1920 1923 necessitate,
1942 1849 2115 1931 quod
2130 1848 2424 1912 Ecclesia
2448 1849 2755 1914 adversus
2786 1850 2945 1914 hae-

315 1953 559 2019 reticos
593 1954 961 2030 declaravit,
997 1962 1191 2037 atque
1222 1962 1440 2036 patres
1462 1974 1657 2037 saepe
1676 1963 2194 2037 propugnarunt:
2228 1955 2377 2018 hinc
2397 1955 2745 2021 damnatae
2764 1975 2942 2039 prop.

316 2048 425 2124 Ba
432 2061 497 2142 ji
550 2066 671 2131 66:
742 2058 933 2134 ,Sola
983 2062 1291 2127 violentia
1350 2068 1667 2143 repugnat
1728 2062 2011 2127 libertati
2072 2062 2348 2126 hominis
2410 2063 2757 2139 naturali3‘
2829 2069 2945 2132 67:

326 2167 577 2239 ,Homo
610 2176 840 2248 peccat
871 2170 1066 2234 etiam
1099 2169 1553 2235 damnabiliter
1583 2170 1648 2233 in
1681 2189 1781 2245 e0,
1826 2171 1998 2251 quod
2050 2170 2414 2234 necessario
2449 2169 2652 2234 facit<
2723 2170 2945 2235 Posi·-

323 2273 492 2338 tive
544 2275 867 2339 libertatis
900 2278 1154 2341 nomine
1188 2277 1556 2351 intelligitur
1587 2276 2043 2359 praerogativa
2073 2277 2441 2353 voluntatis,
2473 2278 2536 2340 vi
2568 2278 2748 2358 cujus
2780 2278 2972 2344 haec.

320 2389 677 2461 praeeunte
711 2380 947 2447 lumine
968 2383 1326 2449 intellectus
1359 2384 1756 2466 rationisque
1789 2385 2262 2449 consultatione
2293 2385 2518 2464 positis
2541 2384 2837 2448 omnibus
2861 2384 2946 2448 ad

322 2489 647 2567 agendum
679 2491 1001 2575 requisitis
1032 2510 1150 2572 pro
1184 2490 1387 2555 lubitu
1439 2510 1630 2570 agere
1680 2491 1783 2556 vel
1834 2510 1965 2555 non
2015 2509 2207 2570 agere
2257 2497 2488 2572 potest,
2521 2511 2635 2555 seu
2667 2491 2730 2554 vi
2762 2492 2942 2573 cujus

321 2595 553 2675 eligere
586 2598 754 2661 inter
785 2598 913 2662 duo
946 2598 1210 2679 plurave
1241 2606 1474 2678 potest,
1509 2606 1905 2680 quapropter
1939 2598 2136 2662 etiam
2167 2596 2430 2661 libertas
2464 2598 2676 2662 indis
2683 2597 2712 2661 f
2721 2617 2945 2663 eren-

322 2703 490 2768 tiae
522 2703 775 2769 dicitur.
839 2705 1041 2769 Porro
1075 2706 1301 2787 triplex
1334 2706 1738 2786 distinguitur
1783 2705 2239 2770 indifferentia:
2285 2705 2622 2787 objectiva,
2667 2708 2945 2787 passiva,

321 2811 551 2873 activa.
618 2810 906 2886 Prima,
959 2832 1126 2896 quae
1160 2814 1356 2877 etiam
1388 2813 1813 2878 indifferentia
1852 2812 2073 2894 judicii
2118 2812 2371 2897 (melius
2404 2813 2661 2900 objecti)
2696 2814 2941 2890 dicitur,

319 2919 617 2983 consistit
647 2919 712 2981 in
745 2927 895 2983 actu
926 2920 1304 2995 intellectus,
1340 2939 1468 3003 quo
1502 2919 1844 2984 exhibetur
1876 2920 2120 2983 bonum
2152 2927 2223 2983 ut
2254 2937 2385 2982 non
2405 2921 2839 2984 necessarium
2861 2921 2944 2984 ad

318 3024 807 3102 beatitudinem,
854 3027 1026 3108 quod
1079 3046 1230 3106 ergo
1278 3027 1675 3092 voluntatem
1726 3027 2092 3091 necessario
2131 3027 2560 3091 determinare
2591 3028 2827 3109 nequit.
2860 3066 2949 3079 -

320 3132 611 3196 Altera
644 3140 744 3197 est
775 3135 1063 3213 potentia
1093 3134 1422 3215 receptiva
1454 3153 1583 3197 non
1618 3134 2046 3199 determinata
2094 3135 2178 3198 ad
2230 3152 2425 3197 unum
2460 3134 2673 3215 potius
2705 3142 2945 3214 actum,

320 3257 513 3321 quam
548 3240 633 3302 ad
668 3240 883 3303 alium.
915 3280 999 3288 —
1032 3241 1315 3306 Tertia
1348 3250 1446 3306 est
1478 3242 1766 3322 potentia
1799 3260 1930 3304 non
1951 3241 2379 3305 determinata
2399 3241 2484 3308 ad
2505 3259 2702 3304 unum
2725 3249 2943 3308 actum

321 3348 416 3413 vel
450 3347 798 3427 objectum,
833 3348 945 3411 sed
980 3367 1146 3430 quae
1178 3350 1240 3411 vi
1274 3349 1469 3430 pollet
1503 3368 1571 3412 se
1623 3349 1829 3429 ipsam
1877 3347 2346 3412 determinandi
2379 3348 2463 3411 ad
2496 3348 2814 3427 agendum
2846 3348 2946 3413 vel

321 3474 449 3519 non
484 3456 828 3534 agendum,
865 3456 945 3518 ad
978 3456 1104 3519 hoc
1137 3457 1349 3538 potius
1383 3476 1575 3538 quam
1611 3455 1763 3520 illud
1798 3457 2136 3536 agendum,
2172 3474 2370 3537 seque
2404 3455 2764 3537 applicandi
2796 3455 2944 3518 huic

320 3563 531 3643 potius
566 3562 823 3643 objecto
859 3559 1050 3644 quam
1086 3564 1270 3628 alteri
1307 3563 1581 3646 ideoque
1614 3564 1906 3628 consistit
1940 3563 2002 3626 in
2038 3563 2400 3627 dominio
2434 3569 2634 3626 actus.

499 3712 603 3776 88.
642 3705 721 3769 Ut
752 3706 1066 3772 libertatis
1097 3703 1656 3773 notio'illustretur
1688 3708 1912 3772 sedulo
1946 3708 2245 3786 distingui
2279 3706 2473 3772 debet

500 3831 564 3897 1.
600 3832 768 3896 inter
801 3833 936 3913 ejus
970 3834 1424 3898 essentiam
1457 3839 1521 3896 et
1552 3831 2157 3897 sufficientiam
2189 3851 2306 3897 seu
2339 3838 2746 3913 potestatem,
2779 3833 2943 3896 inter

318 3935 534 4001 velle
582 3945 648 4002 et
690 3956 954 4018 posse,
1001 3939 1167 4004 inter
1212 3939 1561 4003 voluntatis
1595 3938 1951 4001 dominium
1984 3938 2297 4019 hujusque
2344 3938 2608 4002 dominii
2640 3938 2940 4020 amplitu-

318 4042 568 4106 dinem:
600 4062 754 4106 nam
792 4045 1123 4110 voluntate
1155 4046 1412 4127 quidem
1443 4045 1758 4120 volumuS,
1791 4045 1904 4108 sed
1938 4063 2068 4109 non
2100 4045 2245 4108 ideo
2267 4063 2608 4124 possumus
2629 4046 2800 4127 quod
2824 4063 2939 4109 vo-

316 4149 546 4213 lumus,
591 4150 790 4224 „Cum
823 4152 952 4216 duo
988 4153 1308 4234 quaedam
1330 4153 1473 4228 sint,
1492 4152 1697 4234 inquit
1727 4152 1779 4215 A
1799 4172 1840 4215 u
1858 4152 2192 4228 gustinu
2213 4171 2244 4213 s
2276 4152 2356 4215 de
2395 4152 2539 4232 spir.
2563 4153 2732 4218 etlit.
2755 4172 2812 4216 n.
2835 4157 2942 4230 53,

542 4403 578 4470 ¹)
606 4399 912 4454 Libertatis
939 4400 1169 4454 nomine
1197 4400 1440 4453 subinde
1466 4399 1817 4470 intelligitur
1838 4400 1958 4454 sola
1979 4399 2315 4452 immunitas
2340 4416 2373 4451 a
2400 4417 2429 4454 c
2447 4417 2478 4452 o
2494 4416 2528 4452 a
2544 4417 2574 4454 c
2590 4400 2648 4453 ti
2665 4415 2697 4452 ο
2715 4418 2752 4451 n
2769 4416 2816 4462 e,
2844 4416 2943 4453 seu

316 4479 471 4547 qnod
500 4479 716 4534 dicitur
742 4480 952 4535 liben
968 4479 1077 4533 tia
1104 4480 1195 4534 vel
1221 4478 1500 4543 lubentia,
1528 4497 1675 4548 quae
1692 4480 1997 4535 consistere
2020 4482 2209 4549 potest
2233 4497 2362 4534 cum
2390 4479 2742 4534 necessitate.
2795 4479 2943 4532 Hinc

315 4561 526 4613 notant
549 4559 824 4631 theologi,
848 4577 1050 4615 nomen
1077 4559 1245 4615 liberi
1270 4577 1341 4613 ar
1359 4562 1394 4614 b
1409 4561 1431 4614 i
1449 4563 1513 4614 tr
1529 4560 1588 4614 ii
1614 4560 1805 4614 minus
1826 4560 2202 4628 aequivocum
2231 4577 2349 4613 esse
2375 4559 2606 4614 nomine
2635 4557 2691 4612 li
2713 4560 2745 4612 b
2761 4575 2790 4611 e
2806 4576 2834 4610 r
2850 4561 2873 4609 t
2888 4574 2942 4610 a·

316 4641 374 4693 ti
394 4657 436 4694 s.
489 4640 574 4693 cf.
602 4639 918 4694 Decham
940 4660 1018 4711 ps
1044 4641 1079 4694 l.
1108 4648 1142 4698 3
1168 4641 1312 4710 disp.
1343 4649 1404 4700 2:
1433 4640 1470 4693 l.
1498 4650 1546 4696 2.
1574 4641 1720 4712 disp.
1747 4646 1779 4693 2
1809 4645 1866 4694 et
1892 4650 1953 4701 4:
1984 4641 2347 4694 Petavius
2374 4640 2444 4693 de
2472 4638 2588 4692 Deo
2622 4638 2725 4701 V,l
2754 4656 2849 4699 ss.;
2872 4639 2941 4691 de

315 4719 548 4790 opificio
575 4736 673 4774 sex
698 4719 923 4774 dierum
950 4720 1045 4784 111,
1073 4728 1137 4782 6:
1170 4727 1262 4778 12:
1288 4720 1488 4774 Habe
1506 4722 1575 4773 rt
1600 4720 1926 4790 theologiae
1954 4739 2047 4788 qq.
2073 4737 2261 4790 graec.
2287 4720 2325 4774 1.
2355 4728 2386 4776 2
2413 4737 2458 4773 c.
2491 4726 2514 4773 1
2545 4727 2572 4785 ᾖ
2599 4725 2633 4773 8
2659 4720 2764 4771 etc.

533 4819 805 4873 Humor,
846 4819 1098 4877 Compond.
1136 4820 1401 4874 theologiae
1442 4820 1526 4877 111,
1570 4821 1648 4866 11.
1688 4820 1761 4865 ed.
2589 4814 2622 4864 6
