3538 5364
1311 279 1589 348 probatur
1613 294 1682 330 ex
1710 274 1925 330 divinis
1955 277 2152 335 literis.
2901 290 3029 353 393

412 483 567 539 quae
597 482 716 522 non
749 463 1006 538 amplius
1040 463 1286 522 haberet
1315 464 1605 523 rationem
1639 464 1902 535 umbrae,
1937 464 2178 542 figurae,
2212 483 2403 541 neque
2436 470 2591 523 esset
2621 467 2890 525 carnalis.
2923 469 3030 525 At-

413 554 520 629 qui
553 553 691 612 haec
724 571 843 611 non
875 552 1023 610 satis
1054 551 1204 612 bene
1236 552 1308 610 de
1339 553 1681 612 adoratione
1711 552 2063 629 simpliciter
2094 554 2251 614 dicta
2283 553 2545 630 intelligi
2575 558 2845 630 possunt,
2881 575 3030 630 quae

412 661 606 719 neque
638 641 844 700 futura
889 643 1032 712 erat,
1080 658 1214 699 cum
1252 641 1377 716 jam
1411 641 1553 700 olim
1584 642 1741 717 apud
1774 642 1998 701 multos
2030 643 2274 720 vigeret,
2322 662 2513 717 neque
2546 644 2672 702 loco
2705 648 2865 703 certo
2896 644 3029 703 alli-

413 736 570 808 gata,
601 750 796 807 neque
827 731 1058 806 typica:
1091 730 1353 806 perbelle
1383 735 1583 789 autem
1615 730 2047 807 intelliguntur
2078 731 2150 791 de
2180 751 2266 802 ea,
2315 751 2494 808 quam
2527 732 2818 807 praedixit
2849 734 3030 792 Mala-

412 820 569 879 chias
600 815 683 901 (n.
720 818 874 900 408)
906 838 1177 894 quaeque
1209 819 1551 878 continetur
1581 819 1882 880 sacrificio.

588 945 736 1009 410.
770 941 1319 1008 Demonstratio
1352 960 1420 1025 p.
1452 940 1595 1007 111.
1659 937 1982 1004 Christum
2034 941 2125 1004 ita
2177 941 2524 1005 instituisse
2556 941 3029 1015 eucharistiam,

410 1054 483 1110 ut
514 1053 685 1112 esset
715 1053 1192 1110 sacramentum
1226 1046 1414 1110 simul
1448 1052 1514 1110 et
1544 1046 1944 1124 sacrificium,
1977 1047 2293 1128 colligitur
2323 1047 2497 1111 haud
2530 1047 2804 1112 obscure

594 1174 653 1238 1.
687 1191 766 1237 ex
799 1191 896 1245 eo,
930 1173 1104 1257 quod
1136 1172 1309 1236 illam
1340 1172 1613 1237 instituit
1650 1179 1799 1253 post
1843 1191 2117 1238 coenam
2165 1173 2538 1257 paschalem
2584 1180 2669 1249 ut,
2721 1173 3030 1256 quemad·

412 1278 673 1345 modum
707 1281 879 1343 canit
911 1281 968 1344 d.
1003 1279 1371 1355 ThomaS,
1411 1298 1687 1354 ,novum
1720 1280 1964 1360 pascha
1998 1298 2213 1344 novae
2253 1279 2407 1361 legis
2445 1281 2648 1362 phase
2684 1287 2870 1346 vetus
2901 1289 3031 1346 ter-

412 1386 625 1460 minet,
660 1393 1046 1453 vetustatem
1081 1388 1349 1462 novitaS,
1383 1385 1679 1450 umbram
1730 1386 1904 1467 fuget
1949 1388 2207 1465 veritas,
2256 1394 2511 1452 noctem
2543 1388 2652 1452 lux
2686 1387 3024 1453 eliminet«

411 1493 607 1577 Atqui
639 1512 841 1574 agnus
872 1493 1192 1575 paschalis
1237 1493 1618 1557 sacrificium
1660 1493 1846 1556 simul
1893 1500 2035 1557 erat
2086 1501 2153 1559 et
2203 1500 2700 1558 sacramentum.
2765 1493 2929 1575 Ergo
2966 1503 3031 1560 et

412 1600 837 1666 eucharistica
870 1618 1095 1676 coena,
1131 1617 1296 1683 quae
1328 1599 1414 1663 illi
1447 1606 1789 1681 tamquam
1822 1601 2150 1683 antitypus
2172 1606 2237 1664 et
2255 1601 2493 1665 veritas
2512 1600 2751 1681 figurae
2772 1618 3031 1666 succes-

412 1708 509 1772 sit.
573 1708 649 1772 Et
680 1726 904 1773 revera
936 1714 1034 1772 tot
1063 1714 1216 1771 sunt
1246 1705 1676 1770 similitudinis
1711 1707 1925 1788 capita
1959 1707 2125 1771 inter
2155 1723 2428 1771 coenam
2462 1707 2608 1788 agni
2628 1706 2948 1789 paschalis
2968 1716 3033 1773 et

412 1832 682 1879 coenam
718 1814 1229 1889 eucharisticam,
1263 1820 1332 1878 ut
1354 1811 1763 1878 manifestum
1797 1814 1986 1895 plane
2011 1814 2111 1889 sit,
2143 1814 2312 1877 hanc
2345 1814 2429 1878 illi
2461 1833 2612 1880 vere
2643 1816 3033 1880 successisse

414 1929 477 1987 et
506 1940 623 2004 pro
658 1920 728 1985 N.
762 1921 827 1985 T.
863 1940 1023 1998 esse,
1055 1921 1228 2004 quod
1259 1921 1366 1985 illa
1399 1940 1518 2001 pro
1554 1928 1771 1986 vetere
1804 1920 2040 1996 fuerat3
2086 1939 2165 1986 eo
2197 1928 2416 1984 tamen
2449 1922 2829 1999 discrimine,
2861 1923 3033 2005 quod

412 2028 517 2092 illa
550 2028 747 2091 semel
778 2035 1030 2093 tantum
1074 2028 1138 2091 in
1191 2046 1362 2091 anno
1409 2027 1875 2093 celebraretur:
1921 2028 2085 2092 haec
2129 2027 2414 2110 quotidie
2458 2029 2661 2110 possit
2703 2029 3033 2095 celebrari.

412 2133 593 2198 Hunc
626 2135 820 2200 etiam
852 2153 1089 2199 nexum
1120 2134 1361 2216 passim
1397 2135 1721 2199 inculcant
1750 2142 1968 2217 patres
1984 2136 2046 2221 ¹).

590 2261 656 2326 2.
693 2257 1019 2339 Colligitur
1065 2276 1143 2322 ex
1195 2257 1352 2339 ipsis
1408 2258 1985 2323 institutionis
2035 2258 2264 2323 verbis.
2328 2259 2615 2326 Christus
2663 2262 2830 2325 enim
2877 2260 3030 2325 illud

412 2366 680 2448 praebet
711 2384 963 2447 corpus,
999 2365 1168 2447 quod
1191 2386 1317 2452 pro
1348 2365 1536 2428 nobis
1570 2364 1762 2430 datur
1793 2365 1939 2428 Luc.
1974 2370 2078 2440 22,
2116 2370 2214 2434 19.
2248 2367 2283 2429 i.
2318 2385 2370 2431 c.
2404 2368 2544 2432 coll.
2576 2368 2672 2432 J0.
2705 2375 2764 2441 6,
2798 2373 2884 2436 52
2905 2389 3031 2452 pro

412 2475 632 2537 mmuli
664 2475 787 2537 vita
805 2499 834 2551 ,·
884 2472 1055 2556 quod
1077 2495 1204 2560 pro
1234 2472 1409 2535 nobis
1435 2473 1771 2555 franqitur
1802 2481 1868 2539 τὸ
1901 2472 2050 2561 ὑπὲρ
2082 2473 2245 2563 ὑμῶν
2277 2477 2683 2562 statmo-‘Q
2731 2476 2841 2539 dat
2873 2475 3031 2538 cali-

412 2599 571 2657 cem,
595 2580 700 2662 qui
722 2601 846 2665 pro
866 2579 1054 2643 nobis
1076 2578 1416 2645 effunditur
1449 2580 1651 2665 (τοῦτο
1684 2590 1748 2646 τὸ
1784 2589 2065 2669 ποτήριον
2101 2587 2164 2647 τὸ
2195 2580 2345 2668 ὑπὲρ
2377 2588 2540 2669 ὑμῶν
2572 2583 3028 2671 ἐκχυινὸμενον)

413 2690 563 2754 Luc,
598 2695 701 2764 22,
736 2695 839 2764 20,
888 2694 952 2753 et
1000 2687 1256 2771 quidem
1290 2690 1356 2750 in
1403 2690 1816 2751 remissionem
1858 2695 2253 2774 peccatorum
2285 2688 2504 2754 Matth.
2539 2696 2640 2766 26,
2675 2697 2777 2759 28.
2838 2689 3032 2772 Atqui

417 2798 579 2862 haec
611 2803 759 2860 sunt
792 2794 993 2862 verba
1024 2795 1439 2871 sacrificialia,
1472 2794 1703 2878 quibus
1748 2795 2063 2859 sacrificia
2092 2795 2167 2860 V.
2200 2795 2267 2859 T.
2314 2802 2378 2860 et
2410 2795 2619 2878 ipsum
2653 2796 3032 2860 sacrificium

418 2903 649 2967 Christi
682 2903 743 2966 in
779 2920 968 2967 cruce
998 2902 1239 2984 passim
1272 2903 1435 2967 solet
1470 2902 1758 2965 describi.
1793 2900 1880 2965 Cf.
1916 2902 2103 2966 Hebr.
2143 2910 2241 2979 10,
2276 2909 2392 2972 20:
2423 2903 2541 2967 Tit.
2564 2911 2622 2980 2,
2651 2910 2762 2978 14;
2806 2911 2854 2970 1.
2876 2902 3032 2966 Tim.

640 3154 674 3221 ¹)
704 3148 786 3205 Cf.
812 3149 858 3202 B
875 3167 904 3203 e
921 3150 1025 3204 lla
1041 3168 1070 3203 r
1085 3149 1232 3203 min
1248 3167 1286 3202 u
1303 3166 1328 3201 s
1353 3149 1392 3202 1.
1422 3159 1452 3204 5
1477 3165 1522 3202 c.
1550 3151 1603 3204 7.
1629 3147 1769 3202 Prae
1795 3148 1999 3203 ceteris
2012 3146 2336 3204 doctissime
2353 3153 2411 3203 et
2425 3150 2808 3205 eruditissime
2830 3168 3035 3205 nexum

419 3232 569 3286 inter
595 3247 830 3286 coenam
852 3230 1175 3300 paschalem
1195 3232 1254 3283 et
1272 3227 1647 3283 eucharistiae
1666 3228 2107 3283 celebrationem
2124 3228 2441 3283 illustravit
2455 3230 2526 3286 cl.
2554 3231 2619 3285 G.
2645 3230 2689 3282 B
2704 3230 2724 3284 i
2742 3247 2771 3284 c
2790 3232 2826 3284 k
2844 3248 2873 3284 e
2891 3230 2947 3284 ll
2975 3229 3036 3284 in
3059 3247 3067 3254 ·

418 3311 565 3365 libro
610 3309 789 3365 Messe
818 3309 935 3364 und
964 3308 1180 3362 Pascha
1208 3307 1489 3379 (Mogunt.
1521 3311 1675 3370 1872)
1722 3311 1782 3361 et
1823 3307 1884 3361 in
1930 3309 2065 3361 fasc.
2111 3308 2294 3363 Ztsch.
2339 3310 2431 3364 fur
2471 3311 2631 3365 kath.
2657 3311 2852 3365 Theol.
2884 3316 3034 3367 1880.

419 3410 474 3461 p.
505 3397 768 3455 90-112,
795 3389 857 3443 ιιι
882 3389 1095 3458 quibus
1120 3388 1415 3460 ingeniose
1443 3387 1710 3452 ostendit,
1751 3388 1926 3442 ritum
1971 3388 2296 3443 celebrandi
2321 3391 2725 3445 eucharistiam
2752 3392 2826 3446 ab
2851 3394 3035 3445 aetate

417 3470 732 3541 apostolica
757 3470 1085 3524 harmonice
1112 3469 1453 3539 respondere
1494 3468 1634 3522 ritui
1660 3468 1987 3522 celebrandi
2012 3468 2187 3523 hallel
2212 3471 2343 3539 post
2367 3472 2579 3541 pascha
2604 3489 2778 3542 penes
2795 3473 3037 3541 judaeos

419 3554 660 3616 servate,
680 3553 739 3605 et
757 3566 974 3604 sacram
994 3549 1293 3620 liturgiam
1315 3566 1432 3603 esse
1455 3549 1622 3618 quasi
1644 3548 2042 3619 paraphrasim
2065 3549 2242 3618 hujus
2261 3550 2454 3605 hallel.
2490 3552 2635 3606 Nam
2669 3552 2831 3606 finito
2849 3552 3038 3607 convi-

417 3632 510 3686 vio
539 3630 798 3702 paschali
824 3630 1177 3700 implebatur
1203 3632 1261 3683 et
1283 3629 1631 3684 miscebatur
1656 3627 1802 3682 calix
1829 3627 2087 3690 ultimus,
2115 3646 2287 3701 super
2311 3647 2481 3698 quem
2509 3632 2820 3685 canebatur
2844 3631 3038 3693 hallel,

419 3712 800 3782 compositum
826 3727 856 3764 e
883 3712 1103 3782 psalmo
1130 3714 1249 3767 Non
1271 3715 1420 3767 nobis
1445 3709 1672 3782 (litania
1698 3727 1829 3764 cum
1858 3709 2151 3782 oratione),
2179 3713 2310 3781 post
2334 3728 2503 3779 quem
2531 3712 2793 3767 Salvator
2819 3712 3041 3782 accepit

417 3808 623 3861 panem
651 3797 709 3846 et
734 3791 969 3846 calicem
997 3791 1276 3864 (oblatio),
1316 3791 1522 3846 deinde
1564 3807 1594 3844 e
1632 3807 1718 3858 ps.
1745 3793 1930 3844 Dsleoeo'
1951 3791 2010 3842 et
2036 3793 2254 3846 credidi
2290 3794 2561 3862 (secreta),
2588 3811 2672 3862 ps.
2713 3799 2811 3848 116
2844 3796 2903 3845 et
2938 3795 3040 3849 117

420 3871 721 3941 (praefatio
747 3874 807 3926 et
831 3871 1110 3942 Sanctus).
1163 3871 1364 3927 Postea
1401 3872 1714 3925 canebatur
1751 3887 1881 3924 cum
1921 3870 2226 3940 doxologia
2265 3871 2426 3926 finali
2451 3889 2535 3942 ps.
2566 3880 2683 3938 125,
2722 3877 2853 3944 post
2876 3873 3039 3941 cujus

420 3969 472 4004 v.
501 3959 567 4007 24
593 3951 758 4006 Jesus
785 3953 1044 4006 Christus
1070 3951 1550 4007 consecrationem
1570 3950 1920 4021 interposuit
1945 3955 2197 4020 (canon):
2224 3954 2568 4021 sequebatur
2587 3952 2891 4023 doxologia
2906 3956 3039 4007 ante

421 4037 623 4102 potum
648 4032 847 4086 calicis
872 4032 1077 4106 (oratio
1105 4036 1238 4088 ante
1264 4031 1765 4103 communionem),
1808 4034 1977 4101 potus
2003 4030 2198 4086 calicis
2243 4032 2631 4104 (communio),
2657 4036 2715 4087 et
2738 4033 3041 4099 doxologia

422 4112 770 4179 subsequens
796 4111 1311 4183 (postcommunio).

640 4197 681 4262 ²)
710 4191 925 4246 Verum
942 4192 1176 4261 quidem
1194 4196 1281 4247 est
1293 4196 1548 4265 ιλώμενον
1563 4192 1625 4246 ιιι
1645 4192 1873 4260 aliquot
1892 4191 2053 4246 codd.
2075 4192 2317 4247 vetustis
2333 4209 2447 4249 non
2469 4193 2600 4263 legi,
2622 4193 2683 4248 in
2703 4194 2831 4248 aliis
2851 4196 3040 4248 tamen

422 4272 576 4326 haud
606 4272 821 4343 paucis,
849 4272 910 4326 in
939 4273 1296 4327 versionibus
1320 4272 1578 4341 antiquis
1606 4274 1674 4324 ut
1696 4271 1857 4335 itala,
1887 4276 2130 4341 utraque
2159 4273 2377 4342 syriaca
2404 4276 2462 4326 et
2485 4275 2694 4343 gotica‚
2722 4275 2784 4330 in
2811 4276 3038 4345 patrum

422 4351 887 4422 gravissimorum
914 4370 1247 4422 graecorum
1276 4353 1544 4424 operibus
1572 4351 1826 4423 reperiri,
1855 4356 1912 4405 et
1938 4353 1999 4407 in
2026 4354 2266 4406 formam
2308 4354 2752 4409 consecrationis
2778 4353 3041 4424 liturgia·

422 4449 546 4487 rum
572 4449 716 4503 pene
744 4434 1000 4488 omnium
1028 4433 1394 4489 orientalium
1423 4434 1597 4487 fuisse
1626 4436 1915 4503 receptum
1938 4455 1949 4486 ε
1982 4450 2156 4501 quare
2184 4449 2299 4486 non
2327 4439 2444 4486 tam
2472 4434 2638 4489 facile
2659 4434 3040 4507 pronunciare

421 4512 572 4577 licet,
599 4512 745 4567 illud
774 4532 889 4568 non
917 4531 1034 4568 esse
1061 4514 1397 4584 genuinum.
1425 4515 1585 4579 Quod
1613 4514 1838 4568 etiamsi
1865 4514 2140 4568 defuisset
2158 4515 2219 4569 in
2240 4518 2401 4570 textu
2420 4516 2706 4587 originali,
2723 4535 2852 4570 cum
2870 4516 3042 4570 verba

420 4599 478 4648 τὸ
503 4595 618 4665 ὑπὲρ
640 4596 777 4666 ὑμῶν
797 4595 915 4648 sint
939 4595 1233 4648 evidenter
1259 4595 1529 4665 elliptica,
1558 4593 1759 4648 merito
1779 4593 2084 4664 suppletur
2107 4595 2198 4648 vel
2221 4597 2466 4668 διδόμενον
2491 4612 2558 4650 ex
2579 4597 2714 4651 Luc.
2734 4601 2820 4654 22.
2843 4604 2923 4658 19.
2950 4595 3043 4650 vel

419 4676 673 4746 ιλώμσνον
693 4691 761 4728 ex
790 4674 1160 4744 praecedente
1190 4676 1360 4728 verbo
1380 4676 1602 4730 ἔιλαοεν.
1630 4676 1712 4728 Cf.
1742 4677 1782 4727 C
1800 4691 1877 4727 or
1895 4691 1930 4725 n
1949 4673 2068 4742 ely
2095 4691 2236 4731 com.
2267 4675 2326 4729 in
2360 4686 2405 4731 l.
2431 4693 2520 4746 ep.
2549 4677 2622 4730 ad
2659 4679 2782 4732 Cor.
2821 4676 2881 4729 in
2906 4675 3040 4732 h.l.:

423 4754 505 4807 Sa
524 4770 635 4807 sse
664 4753 733 4807 de
762 4771 901 4807 sacr.
930 4753 1077 4807 Eccl.
1109 4759 1176 4808 tr.
1204 4755 1272 4808 de
1301 4755 1463 4808 euch.
1492 4754 1573 4807 th.
1603 4763 1649 4810 2.
