3538 5364
733 265 984 333 potestas
1011 262 1341 317 remittendi
1368 266 1597 333 peccata
1624 263 1901 318 distincta.
1926 281 1959 317 a
1990 280 2223 319 munere
2251 264 2601 334 baptizandi.
2837 274 2966 337 419

532 446 597 514 2.
631 445 722 507 Ea
758 444 1125 508 testimonia
1156 452 1480 526 nequeunt
1513 444 1591 509 de
1625 445 1853 509 eadem
1887 445 2147 525 intelligi
2179 453 2513 527 potestate.
2561 465 2728 529 quae
2761 465 2969 530 neque

350 553 788 633 grammatice,
822 570 1030 634 neque
1062 552 1269 632 logice
1300 559 1449 615 sunt
1479 551 1790 634 parallela
1819 553 1919 617 vel
1952 552 2464 634 aequipollentia.
2527 554 2720 637 Atqui
2769 554 2969 619 verba

356 659 575 724 Matth.
611 665 712 734 28,
754 664 864 727 19:
899 659 1123 722 Docete
1156 679 1361 723 omnes
1385 666 1612 744 yenteS,
1646 659 2035 742 baptizantes
2066 680 2165 722 eos
2197 668 2346 734 et0.;
2395 667 2459 725 et
2489 661 2680 725 Mare.
2717 667 2817 738 16,
2855 666 2966 730 16:

350 766 479 844 Qui
510 768 839 831 crediderit
873 773 927 829 et
959 766 1315 850 baptizatus
1345 766 1560 849 fuerit,
1604 767 1813 831 salvus
1844 767 1979 848 erit,
2031 785 2238 848 neque
2270 766 2472 847 logice
2509 786 2718 849 neque
2754 786 2965 847 gram-

358 874 591 938 matice
623 880 774 938 sunt
811 873 1118 955 parallela
1149 873 1248 937 vel
1282 873 1780 954 aequipollentia
1811 873 2189 938 testimoniis
2221 894 2279 955 p.
2312 875 2721 955 praecedenti
2751 875 2967 956 prola-

359 983 452 1045 tis.
518 980 703 1045 Hisce
736 999 887 1061 ergo
922 980 1049 1044 alia
1079 980 1377 1044 tribuitur
1423 986 1712 1062 potestas
1745 980 2047 1044 distincta
2077 999 2117 1044 a
2148 999 2417 1046 munere
2450 980 2829 1063 baptizandi.
2895 982 2970 1045 Et

357 1107 514 1153 sane
546 1095 833 1170 potestas
867 1088 1232 1168 baptizandi
1276 1094 1570 1152 versatur
1614 1088 1786 1151 circa
1815 1087 2118 1169 baptismi
2164 1086 2594 1165 collationem,
2627 1108 2756 1152 non
2788 1106 2967 1151 com-

352 1196 648 1276 plectitur
679 1200 1068 1275 potestatem
1099 1195 1412 1259 retinendi
1461 1200 1747 1276 peccata,
1796 1214 1925 1259 non
1976 1214 2046 1260 se
2096 1194 2381 1260 extendit
2431 1196 2512 1259 ad
2547 1213 2966 1278 quaecunque

354 1308 642 1382 peccata,
679 1302 793 1366 sed
830 1310 1079 1366 tantum
1112 1302 1194 1365 ad
1228 1321 1322 1378 ea,
1358 1320 1523 1384 quae
1556 1303 1767 1384 ipsum
1800 1301 2195 1382 praecedunt
2211 1326 2236 1381 z,
2258 1301 2393 1384 ipse
2425 1320 2578 1366 vero
2611 1302 2968 1384 baptismus

354 1409 672 1472 rationem
705 1408 903 1473 habet
932 1410 1454 1490 regenerationis
1488 1427 1653 1491 quae
1686 1409 1785 1474 vel
1820 1427 1897 1473 ex
1929 1428 2050 1472 sua
2081 1409 2363 1484 notione,
2397 1409 2596 1473 multo
2630 1410 2831 1490 magis
2864 1429 2966 1474 se·

357 1514 638 1579 cundum
672 1516 1096 1593 traditionem,
1128 1516 1327 1581 semel
1361 1522 1609 1581 tantum
1645 1515 1781 1580 fieri
1812 1523 2056 1597 potest:
2107 1516 2262 1579 dum
2291 1522 2519 1579 contra
2549 1522 2855 1597 potestaS,
2887 1516 2968 1581 de

356 1639 485 1704 qua
519 1623 783 1702 agimus,
820 1623 1010 1686 latius
1044 1630 1216 1702 patet
1265 1623 1349 1707 (n.
1380 1624 1558 1707 444),
1597 1623 1716 1685 sub
1755 1623 2051 1704 symbolo
2105 1629 2626 1703 repraesentatur
2675 1622 2968 1699 clavium,

352 1748 627 1811 quarum
662 1750 813 1793 usus
831 1737 927 1793 est
958 1728 1276 1811 frequenS,
1299 1730 1547 1811 quoties
1568 1728 1698 1793 scil.
1722 1729 1959 1811 aliquid
1982 1735 2080 1793 est
2100 1729 2416 1793 clausum:
2448 1746 2652 1811 eaque
2674 1729 2966 1792 bifariam

359 1842 540 1917 patet
572 1845 634 1901 et
666 1837 1032 1901 immediate
1066 1837 1319 1918 attingit
1347 1842 1630 1918 peccata.
1692 1836 1837 1900 Alia
1869 1855 2019 1916 ergo
2053 1844 2152 1901 est
2181 1843 2483 1918 potestas,

531 1963 596 2029 23.
632 1961 797 2026 Dato
831 1980 959 2025 non
992 1980 1323 2038 concessQ
1356 1963 1518 2025 haec
1565 1963 1935 2026 testimonia
1978 1961 2238 2041 intelligi
2282 1980 2472 2042 posse
2520 1961 2599 2025 de
2649 1966 2968 2042 potestate

353 2069 716 2133 remittendi
748 2068 1095 2133 infidelium
1125 2075 1396 2150 peccata
1427 2066 1550 2155 perJ
1572 2068 1966 2150 baptismum
1983 2070 2062 2153 ¹):
2096 2086 2136 2131 a
2167 2067 2325 2149 pari,
2360 2067 2488 2130 imo
2523 2085 2563 2129 a
2596 2066 2838 2130 fortiori
2869 2064 2967 2127 in-

352 2173 547 2255 telligi
578 2182 881 2256 poterunt
915 2175 996 2239 de
1027 2180 1348 2256 potestate
1380 2175 1743 2240 remittendi
1774 2175 2053 2239 fidelium
2087 2193 2341 2257 quoque
2374 2179 2660 2256 peccata.
2723 2176 2778 2235 A
2810 2173 2966 2254 pari,

348 2283 502 2363 quia
533 2281 760 2346 verba:
793 2283 1210 2367 quodcunque,
1245 2303 1657 2366 quaecunque,
1678 2303 1963 2368 quorum,
1985 2282 2228 2347 infinite
2249 2287 2497 2363 patent;
2531 2298 2739 2361 neque
2772 2279 2966 2342 etiam

352 2408 433 2453 ex
466 2397 779 2455 contextu
815 2390 897 2452 ad
930 2394 1201 2471 peccata
1232 2389 1578 2454 infidelium
1630 2396 1880 2453 tantum
1925 2394 2350 2453 coarctantur.
2415 2388 2470 2451 A
2521 2386 2794 2450 fortiori:
2846 2386 2967 2449 rite

350 2496 523 2559 enim
556 2496 646 2559 ita
679 2504 1164 2577 argumentatur
1210 2495 1617 2560 Pacianus
1663 2516 1757 2577 ep.
1794 2501 1834 2564 3
1867 2496 1949 2559 ad
1983 2494 2228 2578 Sympr.
2263 2515 2320 2558 n.
2363 2501 2475 2562 11:
2545 2492 2767 2572 ‚Quod
2799 2492 2853 2555 si
2884 2492 2967 2554 ad

347 2610 574 2682 gentes
605 2604 773 2667 hanc
820 2604 1111 2668 solvendi
1160 2604 1481 2670 licentiam
1532 2604 1632 2668 vel
1683 2602 1919 2685 ligandi
1970 2609 2299 2684 spectasse
2349 2600 2718 2677 concedam,
2766 2599 2965 2663 multo

352 2712 555 2791 magis
590 2710 671 2774 ad
706 2712 1066 2793 baptizatos
1099 2713 1479 2793 pertinuisse
1513 2713 1911 2776 convincam.
1965 2711 2128 2774 Nam
2160 2711 2214 2773 si
2244 2711 2298 2773 is
2331 2710 2490 2774 solvi
2520 2708 2728 2790 potuit
2757 2707 2858 2771 vel
2888 2706 2963 2769 li-

346 2820 505 2898 gari,
539 2819 646 2900 qui
678 2838 808 2883 non
839 2820 1067 2884 habuit
1097 2819 1450 2883 vinculum:
1501 2826 1742 2902 quanto
1778 2820 1980 2900 magis
2011 2819 2133 2895 ille,
2166 2837 2356 2901 quern
2390 2815 2536 2880 fidei
2560 2815 2707 2896 jura
2740 2819 2964 2876 tenue-

348 2931 552 2987 runt<
624 2923 768 2988 Scil.
799 2927 853 2988 si
884 2926 1166 2992 Ecclesia
1200 2946 1280 2992 ex
1312 2927 1832 2992 adversariorum
1879 2926 2296 2991 concessione
2344 2923 2541 3010 (quod
2573 2923 2735 2986 haec
2767 2919 2966 2985 verba

350 3031 762 3112 intelligenda
794 3034 921 3098 sint
952 3033 1031 3098 de
1064 3034 1349 3098 nondum
1378 3033 1742 3120 baptizatis)
1778 3041 1990 3116 potest
2021 3033 2270 3097 solvere
2302 3041 2367 3097 et
2397 3031 2592 3112 ligare
2626 3029 2780 3114 (quo
2812 3046 2963 3109 pro-

348 3139 486 3219 prie
511 3138 967 3219 jurisdictionis
999 3146 1287 3222 potestas
1321 3141 1717 3227 exprimitur)
1771 3159 1901 3217 eOS,
1954 3141 2061 3222 qui
2111 3140 2319 3203 adhuc
2370 3145 2552 3202 extra
2602 3154 2748 3200 eam
2797 3140 2963 3209 sunt,

350 3245 622 3327 ideoque
647 3247 1074 3328 jurisdictioni
1105 3266 1263 3311 suae
1295 3248 1579 3312 nondum
1613 3248 1967 3329 subjectos:
2015 3266 2055 3310 a
2100 3246 2343 3309 fortiori
2391 3243 2628 3326 poterit
2656 3243 2962 3324 judicare,

347 3352 621 3434 ideoque
654 3354 848 3432 ligare
881 3363 945 3417 et
978 3354 1228 3419 solvere
1260 3354 1477 3420 tideles
1509 3355 1646 3436 ejus
1672 3355 2097 3435 jurisdictioni
2128 3354 2317 3435 plane
2349 3352 2680 3416 obnoxios

526 3478 594 3544 4.
631 3476 916 3559 Denique
949 3479 1010 3542 id
1044 3479 1142 3543 vel
1176 3498 1216 3542 a
1246 3480 1444 3562 priori
1477 3479 1799 3544 suadetur.
1858 3478 2016 3542 Cum
2051 3479 2219 3542 enim
2253 3477 2539 3541 Christus
2573 3483 2665 3540 tot
2698 3494 2960 3558 praero-

346 3584 598 3663 gativas
632 3592 695 3648 et
725 3586 1009 3649 remedia
1041 3586 1104 3648 in
1138 3586 1417 3650 fidelium
1450 3586 1787 3650 utilitatem
1821 3585 2141 3649 Ecclesiae
2191 3584 2582 3649 concesserit
2635 3584 2962 3664 ipsiusque

349 3707 544 3753 curae
578 3709 800 3755 eorum
834 3692 1298 3758 concrediderit
1331 3693 1635 3756 salutem:
1685 3693 1790 3755 vix
1840 3691 2139 3755 credibile
2172 3698 2290 3765 est,
2322 3690 2672 3754 Ecclesiam
2706 3689 2960 3752 destitui

344 3803 671 3877 potestate
704 3800 1065 3863 remittendi
1109 3808 1378 3881 peccata
1425 3799 1860 3863 membrorum
1906 3816 2187 3873 suorum,
2237 3816 2402 3880 quae
2453 3797 2878 3876 distinguatur
2923 3815 2963 3859 a

572 4007 606 4072 ¹)
637 4001 918 4055 Nonnulli
949 4006 1152 4073 patrea,
1181 4005 1247 4057 ut
1272 4002 1618 4070 Cyrillus
1657 4005 1797 4057 alex.
1826 4005 1856 4057 l.
1891 4011 1954 4057 12
1999 4003 2058 4054 111
2086 4002 2247 4059 Joan.
2275 4011 2361 4065 20,
2391 4008 2455 4056 22
2484 4020 2557 4058 a:
2610 4003 2654 4053 A
2678 4019 2820 4071 ugu
2841 4019 2864 4052 s
2884 4000 2961 4053 ti·

352 4099 484 4133 nus
511 4081 578 4133 de
610 4083 762 4152 bapt.
790 4083 825 4135 1.
854 4089 887 4138 3
915 4102 968 4135 n.
995 4090 1064 4138 22
1091 4102 1162 4144 a:
1195 4082 1695 4136 Firmiliauus
1720 4100 1808 4154 ep.
1837 4083 1909 4136 ad
1939 4081 2103 4152 Cypr.
2133 4101 2186 4137 n.
2221 4087 2314 4142 162
2341 4082 2721 4152 Rupertus
2748 4079 2876 4134 tuit.
2900 4079 2960 4132 in

346 4161 404 4212 h.
431 4163 486 4222 1.‚
515 4162 683 4214 verba
710 4161 866 4231 apud
893 4162 1173 4216 Joannem
1200 4178 1391 4215 revera
1420 4162 1760 4232 intelligunt
1785 4162 1955 4216 etiam
1983 4162 2051 4215 de
2074 4166 2354 4231 potestate
2374 4161 2702 4216 remittendi
2730 4164 2960 4230 peccata

350 4240 655 4310 baptismo.
728 4241 939 4295 Verum
986 4243 1123 4295 haec
1152 4243 1325 4295 verba
1352 4242 1580 4312 proprie
1608 4241 1677 4294 de
1706 4243 1990 4312 baptismo
2019 4241 2271 4310 intelligi
2317 4243 2626 4310 nequeunt.
2679 4240 2780 4293 His
2807 4240 2959 4293 enim

351 4321 688 4374 conceditur
715 4324 982 4389 potestas,
1012 4339 1158 4390 quae
1186 4323 1495 4376 exercenda
1531 4321 1604 4374 sit
1645 4323 1827 4376 forma
1847 4320 2132 4392 judiciali,
2159 4324 2226 4374 ut
2251 4323 2402 4374 infra
2429 4321 2765 4375 videbimus
2819 4321 2956 4375 Cum

346 4416 483 4469 ergo
513 4400 572 4453 in
603 4403 883 4468 baptismo
911 4418 1096 4470 neque
1123 4402 1351 4472 proprie
1378 4402 1596 4455 dictum
1615 4401 1922 4471 judicium,
1966 4419 2148 4468 neque
2174 4401 2461 4456 retinendi
2490 4417 2587 4455 seu
2616 4401 2839 4472 ligandi
2869 4419 2958 4472 po·

348 4484 521 4535 testas
550 4500 624 4551 ign.
647 4487 769 4552 440)
799 4487 1157 4538 exerceatur:
1183 4485 1383 4538 referri
1408 4501 1473 4538 ea
1501 4485 1709 4539 debent
1733 4485 1803 4536 ad
1828 4486 2170 4552 potestatem
2191 4483 2520 4537 remittendi
2543 4487 2789 4554 peccata,
2812 4499 2959 4551 quae

348 4562 699 4633 baptismum
740 4568 1186 4633 consequuntur,
1227 4569 1458 4635 peccata
1500 4566 1619 4619 scil.
1638 4567 1760 4635 jam
1790 4565 2065 4626 fidelium,
2107 4563 2210 4631 qui
2237 4563 2517 4619 Ecclesiae
2546 4569 2682 4619 sunt
2706 4564 2957 4620 obnoxii.

338 4641 530 4706 Quare
560 4648 746 4712 patres
774 4644 890 4698 illis
918 4661 1083 4699 sensu
1113 4646 1362 4713 quodam
1389 4645 1651 4715 generico
1682 4662 1778 4698 seu
1807 4662 1908 4715 per
1935 4645 2223 4712 quandam
2267 4644 2652 4698 extensionem
2693 4663 2756 4698 ea
2785 4644 2957 4698 verba

336 4724 417 4775 ad
445 4723 794 4793 baptismum
823 4725 1081 4779 retulisse
1108 4726 1374 4779 censendi
1404 4730 1554 4779 sunt.

2570 4816 2659 4868 27·
