3538 5364
587 289 708 355 105
886 280 1072 335 Tract-
1098 280 1248 335 VIII.
1275 279 1345 334 de
1371 279 1576 351 gratia.
1605 279 1806 338 'rhesis
1832 280 2069 335 CXCIII.
2097 280 2297 336 Gratia
2323 300 2440 338 non
2467 299 2536 337 ex
2562 299 2620 337 se
2647 283 2866 339 efficax.

575 471 770 530 bonus
803 472 863 528 et
894 468 1192 539 salutariS‚
1238 466 1381 544 quia
1421 486 1490 526 eo
1520 467 1861 526 obtinemus
1892 468 2145 545 gratiam
2177 487 2247 527 ex
2278 487 2338 527 se
2370 469 2677 529 efficacem.
2740 470 2897 547 Ergo
2942 471 3015 529 ad
3062 490 3198 530 eum

577 561 755 620 etiam
789 558 1122 617 necessaria
1152 556 1269 615 erit
1299 555 1496 633 gratia
1526 575 1598 615 ex
1632 575 1695 615 se
1728 556 1948 627 efficax,
1989 557 2315 633 praemotio
2350 558 2605 633 physica,
2654 577 2808 635 quae
2840 580 2874 617 a
2903 559 3080 618 nobis
3111 566 3200 619 est

577 648 996 722 independens,
1060 646 1122 703 Si
1167 664 1307 704 vero
1355 645 1576 704 iterum
1613 645 1927 722 refugiunt
1959 648 2031 704 ad
2062 646 2318 722 priorem
2351 647 2605 724 gratiam
2638 647 3056 719 sufficientem,
3102 650 3197 708 cui

575 758 694 797 non
725 736 1080 804 resistimuS,
1115 734 1320 793 eadem
1353 733 1575 793 redibit
1604 735 1894 809 quaestio,
1960 735 2073 794 Sed
2105 737 2213 794 hac
2244 736 2627 812 responsione
2661 737 2894 808 omissa,
2931 737 2992 795 in
3024 738 3199 797 aliam

576 827 895 886 incidimus
926 847 979 905 γ.
1013 824 1441 887 difficultatem.
1493 823 1615 882 lsta
1646 824 1839 900 gratia
1870 824 2168 883 sufficiens
2189 844 2386 884 secum
2406 826 2593 884 trahit
2612 826 2865 903 gratiam
2885 826 3196 898 efficacem,

578 917 629 974 si
661 934 780 974 non
811 913 1180 973 resistimus:
1226 913 1276 971 si
1323 931 1461 971 vero
1507 912 1844 971 resistimus
1888 932 2009 972 non
2055 916 2427 973 connectitur
2459 932 2591 973 cum
2623 915 2821 992 gratia
2851 916 3091 987 efficaci,
3139 922 3199 975 et

577 1025 650 1064 en
682 1005 832 1080 proh
865 1003 1063 1061 dolor!
1104 1004 1222 1075 iam
1255 1020 1462 1060 sumus
1497 1001 1851 1061 molinistae.
1913 1003 2214 1062 Habemus
2249 1004 2374 1061 scil.
2408 1004 2680 1080 gratiam,
2728 1024 2880 1080 quae
2909 1025 3019 1081 pro
3053 1006 3197 1065 resi-

577 1094 798 1154 stentia
827 1092 920 1152 vel
954 1110 1074 1150 non
1105 1090 1445 1150 resistentia
1475 1091 1806 1150 voluntatis
1837 1097 2067 1151 creatae
2099 1097 2191 1151 est
2222 1093 2489 1151 inefficax
2523 1093 2615 1152 vel
2646 1093 2867 1162 efficax,
2902 1094 3201 1170 disjuncta

577 1184 702 1243 scil.
735 1203 769 1241 a
799 1181 991 1259 gratia
1021 1181 1160 1239 boni
1206 1180 1419 1256 operiS,
1466 1199 1646 1255 quam
1677 1181 1838 1238 Deus
1873 1181 2065 1239 dando
2098 1183 2352 1257 gratiam
2384 1181 2783 1241 sufficientem
2814 1185 3078 1242 conferre
3110 1185 3198 1242 in·

577 1273 791 1342 tendit,
826 1272 923 1329 vel
953 1289 1087 1329 cum
1118 1268 1309 1346 gratia
1340 1267 1483 1327 boni
1512 1271 1706 1344 operis
1740 1273 2030 1328 conserta.

754 1393 1017 1472 Insuper
1050 1408 1115 1459 c.
1150 1389 1438 1453 admissa
1482 1390 1928 1470 praemotione
1970 1391 2253 1472 physica,
2303 1392 2592 1474 sequitur
2625 1390 2829 1455 Deum
2873 1391 3200 1456 hominem

576 1498 1165 1583 praedeterminare
1196 1494 1743 1573 indeclinabiliter,
1791 1496 2287 1577 irresistibiliter,
2337 1497 2855 1579 insuperabiliter
2885 1498 2970 1562 ad
3002 1517 3202 1581 opera

576 1605 749 1671 mala
781 1612 846 1671 et
877 1604 960 1668 ad
992 1610 1291 1686 peccata3
1325 1602 1501 1667 illam
1535 1604 1705 1667 enim
1727 1604 2069 1671 bafiesiani
2089 1605 2351 1685 exigunt
2384 1605 2469 1669 ad
2502 1623 2728 1670 omnes
2761 1615 3204 1673 creaturarum

577 1714 883 1788 actioneS,
913 1729 1062 1775 curn
1094 1711 1232 1791 eJus
1263 1712 1616 1776 necessitas
1648 1712 1985 1791 pendeata
2008 1711 2120 1775 Dei
2139 1712 2607 1794 praerogativa,
2629 1730 2760 1794 qua
2779 1720 2877 1777 est
2913 1714 3202 1778 omnium

575 1819 817 1903 primus
849 1824 1079 1882 motor.
1127 1817 1321 1901 Atqui
1352 1818 1408 1881 si
1440 1819 1609 1883 Deus
1642 1818 1726 1882 ad
1760 1836 1963 1899 opera
1997 1819 2168 1882 mala
2213 1818 2775 1900 praedeterminat,
2822 1821 3202 1901 praesertim

578 1926 660 1990 ad
695 1932 894 2003 actuS,
928 1944 969 1989 a
1000 1924 1230 2006 quibus
1263 1925 1427 1988 ratio
1461 1926 1708 2006 peccati
1742 1931 1842 1990 est
1872 1926 2338 2008 inseparabiliS,
2370 1931 2441 1989 ut
2472 1933 2621 1989 sunt
2641 1926 2877 2003 odium,
2899 1927 3201 2009 blasphe-

577 2033 708 2096 mia
740 2032 854 2096 Dei
886 2038 1022 2108 etc.,
1056 2051 1189 2096 non
1219 2032 1470 2096 videtur
1501 2032 1671 2098 Deus
1706 2034 1998 2097 excusari
2019 2051 2058 2096 a
2081 2039 2366 2114 peccato,
2389 2032 2491 2097 vel
2513 2032 2567 2095 si
2588 2040 2949 2110 excusatur,
2971 2034 3202 2099 eodem

577 2140 771 2204 modo
803 2146 1025 2221 posset
1056 2140 1349 2204 excusari
1389 2140 1687 2204 voluntas
1734 2141 2036 2205 humana„
2103 2139 2483 2209 Desistimus
2534 2141 2618 2205 ab
2670 2141 3027 2206 evolvendo
3072 2139 3200 2206 hoc

578 2252 975 2327 argumentO,
1026 2265 1108 2311 ne
1157 2247 1461 2311 invidiam
1512 2247 1796 2311 conflare
1845 2247 2183 2311 videamur
2233 2247 2957 2329 praedeterminantium
2989 2255 3198 2331 syste-

576 2354 747 2418 mati.
782 2352 870 2418 Cf.
904 2354 1054 2418 illud
1087 2371 1235 2417 cum
1267 2354 1406 2417 aliis
1440 2353 1690 2434 egregie
1742 2354 2107 2434 expositum
2141 2372 2182 2418 a
2213 2354 2365 2417 Bas
2386 2354 2557 2420 tida
2586 2356 2623 2419 l.
2658 2361 2699 2425 6
2732 2373 2784 2418 c.
2821 2361 2903 2424 17
2922 2379 2937 2431 3
3001 2355 3198 2419 Lim-

576 2461 781 2526 bour
800 2482 837 2541 g
868 2461 1226 2527 Zeitschrist
1258 2467 1376 2525 etc.
1409 2466 1469 2537 4,
1506 2466 1590 2529 34
1625 2481 1741 2537 ss,;
1775 2461 2071 2525 Billiot
2104 2461 2184 2525 de
2218 2460 2351 2525 Deo
2387 2462 2472 2525 th.
2506 2458 2691 2525 XXII.⁸

755 2583 1053 2651 Ceterum
1085 2587 1154 2656 d.
1187 2586 1249 2649 id
1281 2605 1479 2650 unum
1513 2591 1832 2662 notamuS,
1868 2585 2209 2651 discrimen
2242 2587 2409 2651 inter
2441 2606 2572 2664 eOS,
2626 2587 2732 2669 qui
2765 2593 3024 2651 tuentur
3054 2605 3202 2668 gra-

576 2693 733 2756 tiam
766 2712 845 2757 ex
877 2713 947 2758 se
980 2692 1324 2770 efficacem,
1359 2698 1423 2758 et
1453 2711 1584 2770 eOS,
1633 2694 1743 2776 qui
1788 2694 1958 2757 hanc
2005 2695 2252 2774 gratiae
2299 2694 2651 2759 efficaciam
2683 2701 2936 2776 negant,
2988 2696 3201 2778 potius

576 2818 718 2865 esse
766 2800 1326 2865 theoreticum
1371 2818 1566 2881 quam
1612 2801 2100 2881 practicum,
2148 2820 2226 2866 ac
2276 2821 2471 2883 saepe
2502 2803 2855 2868 consistere
2885 2803 2952 2866 in
2983 2802 3198 2867 verbis

576 2913 846 2972 tantum.
911 2902 1150 2970 Omnes
1184 2907 1372 2983 enim,
1406 2907 1514 2989 qui
1547 2907 1863 2973 catholice
1895 2908 2152 2985 docere,
2195 2908 2432 2974 sentire
2465 2914 2532 2973 et
2561 2909 2738 2991 loqui
2769 2910 3010 2986 volunt,
3043 2928 3201 2974 con-

576 3014 830 3090 cedunt,
863 3014 1133 3094 gratiam
1164 3033 1297 3077 non
1328 3014 1641 3096 perimere
1673 3014 1946 3079 liberum
1966 3015 2315 3093 arbitrium,
2337 3016 2485 3080 hinc
2505 3016 2832 3082 hominem
2853 3015 2972 3080 suh
2994 3018 3202 3096 gratia

578 3139 838 3186 manere
870 3118 1172 3194 liberum3
1207 3138 1355 3183 eum
1387 3121 1632 3201 gratiae
1664 3140 1859 3203 posse
1891 3123 2211 3198 resistere,
2260 3123 2459 3206 ipsius
2511 3142 2653 3214 esse
2685 3123 2929 3204 gratiae
2961 3140 3201 3205 coope-

575 3228 735 3303 rari3
780 3226 911 3290 imo
959 3245 1183 3291 omnes
1228 3226 1294 3290 in
1326 3227 1458 3292 suis
1505 3228 1589 3292 ad
1633 3229 1942 3310 populum
1991 3230 2427 3306 concionibus,
2476 3231 2539 3292 in
2580 3230 2757 3294 libris
2790 3229 3104 3307 asceticis,
3136 3231 3202 3294 in

575 3333 778 3416 praxi,
821 3333 1073 3398 etiarnsi
1105 3334 1453 3398 accerrime
1484 3342 1892 3416 propugnent
1924 3337 1986 3399 in
2023 3336 2275 3401 theoria
2305 3337 2820 3418 praemotionem
2850 3337 3201 3419 physicam,

575 3440 925 3522 loquuntur
949 3440 1135 3521 juxta
1164 3440 1552 3505 sententiam
1586 3441 1864 3507 Molinae
1899 3449 1962 3508 et
1993 3443 2210 3520 Lessii,
2233 3452 2529 3508 nostrum
2550 3443 2679 3507 scil.
2703 3462 2845 3508 esse
2866 3445 3073 3525 gratia
3091 3446 3202 3521 uti,

577 3565 618 3610 a
631 3547 819 3610 nobis
834 3547 1112 3628 pendere
1128 3554 1276 3629 post
1294 3549 1567 3629 gratiam
1588 3548 1945 3630 profectum
1965 3551 2030 3615 in
2052 3551 2302 3626 virtute,
2329 3551 2530 3615 Deum
2549 3558 2924 3633 exspectare
2940 3558 3202 3616 nostros

576 3659 867 3731 conatuS,
899 3654 1086 3717 nobis
1117 3655 1537 3734 satagendum
1573 3675 1731 3733 esse,
1766 3663 1837 3721 ut
1868 3677 1982 3739 per
2016 3658 2195 3722 bona
2228 3677 2426 3741 opera
2459 3665 2702 3723 certam
2738 3657 3048 3722 faciamus
3081 3677 3200 3722 no-

576 3768 783 3825 stram
815 3761 1210 3836 electionem,
1260 3780 1380 3825 nos
1429 3781 1470 3825 a
1518 3763 1726 3843 gloria
1777 3764 1965 3828 nobis
2017 3766 2356 3847 proposita
2405 3765 2705 3830 socordia
2755 3771 2979 3829 nostra
3008 3783 3201 3846 posse

578 3867 871 3933 excidere
904 3875 1053 3933 etc:
1087 3886 1253 3950 quae
1284 3870 1756 3951 propositiones
1792 3871 2019 3934 inscite
2065 3872 2169 3935 vel
2220 3872 2304 3935 ob
2357 3872 2568 3936 cordis
2603 3873 2932 3952 angustias
2966 3890 3005 3935 a
3036 3892 3202 3936 non-

576 3975 767 4038 nullis
799 3975 1336 4056 scmipelagianae
1358 3983 1716 4053 censentur,
1739 3995 1893 4041 nam
1913 3978 2032 4043 rite
2054 3979 2418 4043 intellectae
2441 3979 2630 4060 plane
2650 3979 3009 4044 catholicae
3031 3986 3199 4056 sunt,

578 4099 723 4145 cum
754 4083 819 4144 in
852 4082 1138 4145 omnium
1169 4090 1510 4147 versentur
1542 4103 1655 4150 ore
1688 4091 1752 4150 et
1784 4086 1850 4149 in
1881 4086 2067 4166 praxi
2101 4085 2387 4166 quotidie
2420 4086 2831 4152 inculcentur.
2883 4086 3201 4168 Magnum,

577 4189 705 4252 imo
753 4189 1169 4270 praecipuum
1219 4190 1505 4255 veritatis
1552 4195 2030 4273 argumentum!
2096 4191 2593 4258 Praeferendum
2646 4195 2908 4258 omnino
2955 4194 3203 4258 videtur

577 4301 880 4377 systema,
914 4314 1192 4377 quocum
1223 4297 1577 4362 concordat
1607 4299 1839 4378 praxis,
1873 4299 2103 4363 modus
2135 4299 2440 4382 loquendi
2470 4301 2882 4382 quotidianus
2916 4308 2981 4365 et
3011 4299 3199 4365 unice

578 4408 767 4483 aptus
800 4402 881 4464 ad
916 4403 1291 4467 excitandos
1321 4404 1615 4469 homines
1649 4405 1730 4468 ad
1764 4423 1959 4470 omne
1979 4406 2232 4469 virtutis
2252 4406 2556 4482 studium,
2580 4408 2665 4470 illi
2686 4409 2991 4485 theoriae,
3012 4425 3051 4471 a
3073 4427 3202 4490 qua

578 4508 719 4590 plus
752 4510 961 4572 minus
995 4509 1286 4574 dissentit
1316 4511 1531 4591 praxis
1565 4511 1924 4594 modusque
1960 4513 2285 4593 practicus
2306 4511 2683 4578 instituendi
2703 4515 3010 4596 populum
3031 4515 3200 4578 chri-

578 4617 875 4692 stianum,
909 4623 973 4681 et
1004 4617 1357 4682 secundum
1390 4636 1582 4700 quam
1614 4618 1792 4682 nulla
1824 4619 2053 4683 concio
2087 4618 2315 4683 haberi
2344 4626 2560 4701 potest
2592 4627 2746 4703 apta
2777 4628 2841 4687 et
2873 4620 3096 4687 efficax
3118 4622 3200 4685 ad

577 4722 832 4789 desides
864 4724 1240 4788 excitandos
1286 4724 1369 4787 ad
1403 4725 1910 4803 conversionem,
1963 4727 2447 4807 poenitentiam,
2496 4729 3020 4809 cooperationem
3052 4748 3202 4793 cum
