3538 5364
602 310 732 375 564
998 302 1182 355 Tract.
1215 301 1306 354 lX.
1335 301 1403 354 de
1432 299 1816 355 matrimonio.
1848 299 2046 354 Thesis
2073 299 2356 358 CCLXIII.
2383 300 2814 356 Matrimonium

600 485 987 549 nedictus
1018 483 1181 546 XIV.
1216 483 1296 548 de
1328 503 1464 564 syn.
1497 482 1695 547 dioec.
1730 482 1881 558 vlu,
1921 488 2039 559 13„
2071 483 2476 547 communior
2507 501 2587 547 ea
2619 490 2736 558 est,
2784 502 2979 565 quam
3013 489 3235 548 tuetur

601 590 702 656 Su
721 610 927 667 ares,
964 590 1010 653 Β
1027 589 1319 654 ellarm
1338 590 1358 653 i
1375 610 1476 654 nu
1494 610 1525 653 s
1557 590 1637 653 de
1673 590 1947 653 matrim.
1980 590 2022 665 Ι,
2057 596 2097 660 6
2119 596 2257 666 etc,
2280 607 2553 671 corpora
2573 591 3092 655 contrahentium
3113 609 3230 654 seu

598 697 956 763 dominium
1001 698 1068 760 in
1100 698 1327 763 eadem
1359 697 1697 761 materiam
1729 715 1873 761 esse
1905 704 2224 762 remotam
2257 703 2321 761 et
2351 697 2522 761 circa
2554 716 2780 780 quam:
2824 697 3026 762 verba
3071 716 3236 762 vero

598 805 1117 870 contrahentium
1150 806 1465 869 rationem
1484 803 1727 869 habere
1749 803 2060 868 materiae
2080 804 2415 886 proximae
2436 803 2625 868 simul
2647 810 2711 870 et
2733 803 2976 870 formae
2994 828 3010 881 ς
3043 804 3234 881 iuius,

599 919 916 996 quatenus
962 911 1319 991 significant
1363 929 1709 993 corporum
1757 911 2200 976 traditionem:
2263 912 2469 988 huiuS‚
2517 918 2835 994 quatenus
2881 912 3242 976 enunciant

600 1019 1103 1100 acceptationen.

779 1158 923 1211 600.
974 1141 1351 1211 Scholion.
1419 1145 1496 1203 Ut
1544 1148 1742 1204 autem
1792 1149 2087 1222 appareat,
2135 1148 2412 1223 quomodo
2443 1148 2883 1205 matrimonium
2913 1149 2989 1205 sit
3022 1166 3238 1205 sacra·

599 1245 849 1295 mentum
892 1239 954 1294 et
1002 1254 1121 1310 quo
1170 1238 1340 1310 pacto
1370 1234 1659 1293 habeatur
1690 1234 1934 1309 signum
1965 1234 2237 1311 illudque
2269 1236 2472 1296 efficax
2503 1237 2652 1312 ejus,
2700 1236 2858 1312 quod
2906 1235 3234 1312 significat,

597 1330 777 1402 atque
807 1325 1128 1384 fecundum
1158 1323 1414 1400 gratiae:
1465 1326 1606 1382 nota
1648 1323 1713 1381 in
1759 1324 2136 1384 matrimonio
2169 1343 2298 1384 esse
2331 1325 2571 1402 signum
2603 1326 2641 1385 i.
2674 1344 2723 1385 e.
2774 1325 2955 1383 verba
2985 1324 3237 1402 signifi-

598 1414 794 1476 cantia
825 1415 1211 1483 contractum,
1259 1430 1411 1487 quae
1440 1412 1724 1484 efficiunt,
1759 1414 1920 1488 quod
1953 1413 2304 1490 significant,
2353 1415 2480 1473 scil.
2526 1414 3007 1490 conjunctionem
3038 1414 3240 1473 unius

600 1524 734 1564 cum
765 1522 901 1573 una,
937 1520 1182 1577 eamque
1214 1500 1705 1573 indissolubilem,
1753 1520 1905 1577 quae
1937 1520 2058 1561 non
2105 1503 2365 1579 amplius
2413 1506 2507 1563 est
2549 1503 2615 1561 iu
2659 1505 2956 1578 potestate
2988 1506 3234 1562 contra-

598 1593 889 1662 hentium,
923 1609 1194 1668 quaeque
1225 1594 1319 1649 est
1348 1589 1726 1649 adumbratio
1746 1592 2187 1667 conjunctionis
2209 1592 2430 1651 Christi
2461 1612 2596 1652 cum
2628 1592 2904 1655 Ecclesia.
2939 1592 3085 1650 Cum
3119 1611 3235 1650 au-

596 1688 719 1742 tem
765 1683 906 1740 haec
952 1680 1243 1757 condigne
1289 1680 1418 1739 sine
1462 1680 1659 1756 gratia
1689 1680 1896 1738 haberi
1927 1684 2205 1756 nequeat,
2258 1681 2390 1741 ideo
2441 1681 2503 1740 vi
2554 1681 2872 1741 verborum
2920 1680 3240 1740 confertur

598 1771 806 1849 gratia,
853 1788 1006 1846 quae
1051 1768 1314 1845 perficiat
1357 1771 1419 1826 et
1463 1768 1795 1828 sanctificet
1847 1770 1996 1829 hanc
2042 1771 2539 1847 conjunctionem.
2602 1771 2764 1829 Haec
2794 1772 2993 1828 autem
3028 1771 3236 1847 gratia

597 1863 830 1938 praeter
859 1859 1112 1936 gratiam
1145 1858 1609 1917 sanctificantem
1639 1861 1732 1917 est
1762 1859 1958 1934 gratia
1996 1860 2316 1935 adjutor
2338 1859 2396 1918 ii
2439 1860 2514 1919 ad
2562 1878 2625 1918 se
2669 1863 2883 1918 mutuo
2914 1858 3240 1935 perficien-

599 1953 740 2008 dum
775 1948 839 2007 in
872 1947 1078 2007 ordine
1110 1947 1290 2005 etiam
1322 1947 1763 2022 supernaturali
1796 1950 1858 2005 et
1889 1947 2190 2023 spirituali
2221 1952 2283 2007 et
2312 1949 2378 2007 in
2407 1949 2737 2007 utilitatem
2770 1948 2955 2024 prolis
2988 1948 3064 2006 ad
3096 1967 3233 2007 eam

599 2037 920 2098 christiane
940 2036 1393 2109 instituendam,
1428 2039 1489 2094 et
1519 2041 1611 2095 est
1641 2037 1839 2113 gratia
1856 2035 2228 2096 medicinalis
2262 2055 2369 2096 seu
2400 2057 2554 2097 rem
2572 2037 2732 2097 edii
2764 2040 2970 2096 contra
2999 2037 3236 2112 triplex

597 2125 1108 2204 concupiscentiae
1128 2126 1383 2183 malum:
1418 2125 1956 2202 ,Concupiscentia
1974 2125 2152 2196 enim,
2185 2126 2387 2202 inquit
2418 2145 2463 2190 s.
2496 2128 2543 2185 B
2562 2130 3056 2185 onaventura
3085 2126 3153 2184 in
3187 2138 3230 2188 4

598 2218 655 2275 d.
691 2228 769 2280 26
805 2236 861 2292 q.
898 2224 954 2287 2,
999 2213 1249 2272 inclinat
1279 2213 1353 2272 ad
1385 2215 1634 2273 multas:
1680 2214 1826 2289 quia
1865 2214 2209 2273 luxuriosus
2241 2233 2363 2274 nou
2394 2217 2486 2274 est
2514 2234 2635 2274 una
2666 2219 3005 2285 contentus,
3055 2218 3120 2273 et
3165 2216 3234 2273 in

598 2304 974 2365 matrimonio
1007 2303 1187 2362 datur
1216 2303 1413 2380 gratia
1442 2303 1689 2373 homini,
1738 2307 1810 2361 ut
1841 2303 1953 2361 soli
1985 2303 2152 2362 uxori
2183 2305 2332 2363 velit
2362 2304 2666 2381 conjungi,
2713 2307 2776 2363 et
2821 2305 2907 2363 ita
2951 2305 3234 2379 pronitas

598 2396 671 2453 ad
721 2395 943 2453 multas
975 2392 1315 2451 excluditur
1344 2392 1752 2484 gea-„populum
1787 2391 2170 2470 singularem.
2242 2393 2732 2469 Concupiscentia
2762 2394 2944 2451 etiam
2974 2393 3234 2451 inclinat

599 2484 674 2543 ad
704 2482 1177 2552 delectationem,
1224 2500 1345 2540 non
1388 2480 1463 2539 ad
1507 2481 1870 2542 utilitatem:
1918 2481 2059 2557 quia
2094 2482 2439 2541 luxuriosus
2471 2500 2593 2541 non
2627 2482 2865 2558 quaerit
2895 2481 3013 2540 nisi
3047 2482 3224 2540 satis-

598 2573 914 2632 factionem
945 2571 1247 2647 appetitus
1280 2588 1386 2628 seu
1420 2570 1725 2645 appetitus
1756 2570 2047 2629 sensitivi.
2104 2571 2293 2630 Datur
2323 2589 2464 2649 ergo
2496 2571 2691 2649 gratia
2721 2571 2787 2628 in
2817 2570 3225 2639 matrimoni0‚

598 2666 671 2722 ut
699 2680 820 2721 non
850 2663 1165 2740 cognoscat
1195 2678 1439 2720 uxorem
1470 2658 1590 2718 nisi
1623 2662 1867 2736 propter
1896 2660 2140 2735 prolem,
2189 2663 2249 2719 et
2279 2660 2364 2720 ita
2395 2659 2735 2721 excluditur
2767 2659 3086 2719 delectatio
3119 2679 3219 2736 ap·

599 2752 846 2829 petitiva
875 2770 981 2827 per
1011 2751 1283 2826 copulam
1314 2748 1543 2812 utilem.
1604 2748 1757 2807 Item
1804 2749 2286 2826 concupiscentia
2319 2750 2635 2809 fastidium
2663 2752 2911 2827 generat
2942 2752 3082 2825 post
3113 2750 3220 2807 im·

599 2842 949 2918 pletionem:
983 2839 1143 2898 unde
1174 2838 1534 2908 luxuriosus,
1567 2841 1887 2914 postquam
1918 2838 2195 2915 cognovit
2225 2858 2425 2910 unam,
2472 2839 2638 2898 illam
2670 2838 2903 2915 respuit
2949 2843 3011 2897 et
3058 2834 3230 2897 vadit

598 2930 673 2989 ad
704 2931 896 2989 aliam.
956 2929 1026 2987 In
1058 2927 1435 2986 matrimonio
1468 2945 1605 2986 vero
1638 2926 1817 2985 datur
1847 2927 2054 3004 gratia,
2096 2931 2167 2986 ut
2199 2945 2431 3004 semper
2461 2928 2610 2987 velit
2639 2946 2769 2987 esse
2802 2946 2938 2986 cum
2969 2947 3125 2987 una:
3169 2930 3230 2986 et

599 3021 686 3077 ita
715 3018 1055 3077 excluditur
1084 3017 1384 3075 variarum
1417 3016 1894 3093 concupiscentia
1923 3035 2030 3092 per
2062 3017 2338 3092 copulam
2375 3017 2891 3093 inseparabilem.‘

780 3144 926 3208 601.
987 3137 1133 3200 Jam
1175 3134 1555 3215 praecipuas
1602 3135 1994 3199 matrimonii
2045 3134 2472 3216 proprietates
2504 3134 3010 3211 consideremuS,
3060 3153 3234 3216 quae

600 3251 749 3308 sunt
783 3245 994 3308 unitas
1027 3250 1090 3308 et
1119 3242 1702 3307 indisssolubilitaS.

777 3367 1033 3435 Thesls
1078 3364 1463 3436 CCLXIII.
1513 3390 1924 3453 Proprietas
1961 3388 2411 3441 matrimonii
2438 3388 2815 3442 cliv-{stiam
2839 3391 2938 3442 est
2965 3389 3239 3452 vinitas,

600 3492 778 3547 quae
809 3478 1297 3545 polyqamiam
1338 3477 1849 3530 simultaneam
1888 3477 2225 3531 excludit.

779 3583 1350 3651 Demonstratio.
1429 3579 1705 3644 Unitatis
1768 3582 2226 3663 proprietatem
2286 3579 2753 3645 vindicabimus
2815 3580 3236 3645 matrimonio

601 3696 828 3754 contra
860 3690 1071 3771 plures
1103 3689 1464 3752 haereticos
1499 3688 1821 3768 antiquos,
1865 3688 1996 3750 imo
2030 3693 2093 3751 et
2126 3694 2355 3751 contra
2399 3692 2861 3751 novatores
2905 3704 3032 3751 sec.
3067 3686 3232 3750 XVI.

602 3797 683 3863 Ut
716 3815 845 3880 quo
880 3814 996 3878 par
1028 3803 1125 3859 est
1159 3794 1380 3860 ordine
1412 3794 1861 3876 procedamus,
1895 3796 2056 3859 haec
2089 3795 2459 3858 statuimus:

779 3906 839 3974 L
901 3901 982 3965 In
1026 3904 1150 3985 leqe
1196 3900 1543 3985 evan-odico
1577 3901 1951 3986 polyqamia
1983 3901 2423 3989 simultanea1)
2458 3902 2711 3964 omnino
2757 3907 2846 3965 est
2864 3898 3192 3983 prohibita
3203 3926 3232 3979 ,·
3320 3902 3326 3906 ’

601 4018 673 4076 ut
704 4009 921 4075 definit
951 4025 1129 4072 conc.
1163 4007 1577 4072 tridentinum
1609 4025 1762 4070 sess.
1798 4013 1885 4076 24
1917 4025 2056 4070 can.
2091 4013 2164 4076 2:
2224 4005 2331 4081 ,Si
2363 4007 2507 4089 quis
2539 4007 2790 4084 dixerit,
2830 4006 3024 4070 licere
3058 4006 3228 4068 chri·

600 4117 825 4181 stianis
869 4116 1083 4197 plures
1132 4112 1319 4178 simul
1366 4113 1607 4178 habere
1639 4131 1899 4189 uxores,
1947 4121 2012 4177 et
2043 4115 2168 4179 hoc
2201 4114 2379 4179 nulla
2410 4113 2550 4195 lege
2583 4113 2799 4177 divina
2831 4130 2974 4177 esse
3005 4110 3230 4192 prohi-

826 4295 860 4358 1)
892 4290 989 4343 Nil
1017 4290 1271 4344 dicemus
1299 4289 1369 4343 de
1396 4307 1433 4358 p
1452 4307 1483 4343 o
1502 4288 1523 4341 1
1538 4307 1576 4358 y
1592 4306 1625 4341 a
1643 4307 1680 4342 n
1697 4289 1733 4341 d
1750 4306 1778 4340 r
1795 4288 1883 4352 ia,
1912 4305 2027 4356 qua
2049 4307 2165 4343 una
2185 4289 2395 4343 mulier
2411 4287 2678 4360 pluribus
2699 4287 2839 4341 viris
2865 4290 2951 4340 est
2977 4303 3234 4340 commu·

604 4374 723 4426 nis:
750 4374 897 4425 hanc
923 4371 1075 4425 enim
1102 4375 1298 4440 aperte
1324 4370 1614 4425 adversari
1628 4369 1751 4440 juri
1774 4373 2029 4433 naturae,
2052 4370 2265 4424 nedum
2287 4370 2405 4440 legi
2426 4367 2807 4438 evangelicae,
2828 4368 2989 4437 patet
3007 4384 3066 4425 a.
3090 4368 3228 4436 quia

603 4471 669 4508 ea
698 4454 889 4523 potius
914 4451 1157 4521 impedit
1182 4452 1421 4506 humani
1449 4450 1674 4519 generis
1704 4449 2199 4521 propagationem,
2244 4466 2392 4518 quae
2420 4447 2725 4519 primarius
2766 4448 2897 4500 finis
2922 4449 3010 4500 est
3035 4447 3227 4501 matri-

604 4533 816 4592 monii:
843 4550 907 4587 ea
933 4536 994 4589 b.
1021 4532 1304 4586 incertum
1333 4532 1523 4586 reddit
1540 4535 1778 4601 patrem,
1796 4531 1947 4583 unde
1967 4529 2118 4599 perit
2134 4530 2319 4600 pietas
2336 4529 2562 4589 filialis;
2590 4546 2718 4583 cum
2744 4544 2812 4581 ea
2838 4546 2893 4585 c.
2919 4528 3228 4582 consistere

606 4612 809 4681 nequit
834 4612 1084 4665 familiae
1110 4612 1319 4676 unitas,
1349 4612 1664 4675 harmonia,
1692 4627 1833 4679 pax;
1876 4611 2229 4664 subvertitur
2256 4627 2389 4680 ergo
2418 4608 2671 4664 familiae
2701 4609 2931 4670 bonum,
2959 4624 2992 4660 a
3021 4626 3139 4676 quo
3167 4608 3228 4660 in

604 4691 805 4765 primis
831 4692 1044 4762 pendet
1070 4694 1282 4746 bonum
1308 4691 1493 4762 ipsius
1520 4689 1836 4749 societatis;
1878 4689 2146 4757 quocirca
2173 4694 2231 4748 d.
2261 4706 2326 4742 ea
2353 4704 2651 4756 nunquam
2678 4704 2703 4740 s
2721 4690 2791 4740 ta
2810 4686 2954 4742 bili
2982 4689 3108 4759 lege
3137 4688 3224 4740 vel

604 4771 1017 4828 consuetudine
1045 4771 1297 4826 obtinuit
1324 4788 1392 4825 ne
1419 4773 1573 4842 apud
1602 4770 2017 4841 perditissimae
2045 4771 2276 4839 quidem
2305 4773 2520 4841 gentes.
