3538 5364
587 246 675 308 52
1114 234 1300 288 Tract.
1331 235 1477 287 VIII.
1507 234 1578 287 de
1603 232 1807 303 gratia.
1837 232 2037 287 'rhesis
2062 231 2414 287 CLXXXVII
2459 231 2688 286 Gratiae

766 418 833 487 2.
869 415 1189 485 Probatur
1219 433 1302 480 ex
1336 415 1654 495 dogmate,
1688 431 1815 496 quo
1848 431 2122 494 supran.
2144 418 2230 484 30
2260 413 2863 491 demonstravimuS,
2880 414 3206 479 hominem

587 526 835 607 absque
867 523 1072 604 gratia
1101 522 1256 586 nihil
1287 539 1496 602 posse,
1534 519 1705 603 quod
1738 519 1823 584 ad
1853 520 2129 585 salutem
2160 519 2498 584 conducat.
2530 520 2726 603 Atqui
2764 520 3035 651 multum
3054 538 3206 602 pos-

590 638 707 710 set,
740 631 795 695 si
825 629 1066 694 viribus
1099 635 1372 693 naturae
1406 628 1683 708 gratiam
1713 626 2030 707 condigne
2061 633 2352 692 mereret.
2754 649 2757 653 ’

767 756 832 823 3.
868 751 1235 819 Secundum
1278 758 1496 835 patres
1540 753 1633 815 ita
1674 752 1884 832 gratia
1931 752 2265 833 praevenit
2307 751 2727 829 voluntatem,
2779 757 2850 816 ut
2879 757 3031 817 ante
3064 770 3208 816 eam

588 863 764 927 nulla
794 862 922 926 sint
952 861 1126 925 bona
1158 878 1358 943 opera
1388 862 1452 926 et
1485 877 1634 924 cum
1665 877 1745 924 ea
1777 860 2086 942 incipiant
2116 860 2334 924 omnia
2379 860 2624 924 merita.
2687 859 2881 943 Atqui
2910 866 3209 926 neutrum

589 987 815 1034 verum
847 974 1033 1045 esset,
1066 969 1121 1031 si
1150 968 1392 1032 viribus
1424 973 1695 1032 naturae
1728 968 2001 1049 gratiam
2033 967 2349 1048 condigne
2378 985 2627 1033 merere
2658 986 3011 1050 possemus

765 1099 860 1156 Ita
891 1097 1384 1157 coelestinus
1425 1116 1515 1173 ep.
1552 1106 1622 1159 21
1664 1097 1739 1155 ad
1772 1096 1994 1155 Galliae
2025 1097 2201 1173 episc.
2233 1117 2290 1155 n.
2337 1107 2440 1160 14:
2492 1097 2670 1165 ,Non
2700 1097 3062 1166 dubitemne,
3110 1096 3204 1155 in-

589 1189 739 1265 quit,
772 1187 847 1245 ab
878 1185 1070 1262 ipsius
1100 1187 1294 1263 gratia
1326 1185 1575 1246 omnia
1605 1185 1865 1245 hominis
1898 1185 2113 1244 merita
2143 1186 2494 1262 praeveniri,
2526 1205 2634 1262 per
2663 1205 2842 1262 quem
2871 1185 2960 1255 fit,
2994 1189 3067 1245 ut
3097 1186 3209 1245 ali-

589 1276 735 1354 quid
768 1275 913 1335 boni
943 1277 1005 1333 et
1034 1275 1187 1334 velle
1218 1275 1575 1351 incipiamus
1605 1278 1668 1333 et
1698 1274 1946 1334 facere.‘
1982 1308 2068 1318 —-
2101 1276 2321 1352 Augu
2340 1275 2564 1333 stiuu
2583 1294 2610 1334 s
2640 1275 2712 1334 de
2742 1294 2830 1352 gr.
2864 1278 2927 1334 et
2956 1275 3064 1339 lib.
3085 1275 3208 1334 arb.

589 1387 646 1426 n.
685 1374 796 1430 38:
848 1364 1260 1441 ,Eligentium
1292 1363 1601 1423 hominum
1632 1362 1915 1422 meritum
1935 1364 2251 1425 ‚nullum
2287 1366 2459 1435 esset,
2504 1364 2626 1423 nisi
2656 1382 2759 1424 eos
2789 1363 3068 1441 eligentis
3103 1364 3210 1423 Dei

587 1448 784 1535 gratia
814 1454 1261 1535 praeveniret3‘
1294 1456 1356 1512 et
1385 1471 1557 1511 serm.
1588 1462 1706 1515 159
1738 1470 1785 1511 c.
1812 1461 1881 1514 2:
1918 1453 2163 1521 ‚Gratia
2191 1453 2516 1529 praecessit
2546 1453 2830 1518 meritum
2858 1455 3051 1524 tuum,
3086 1472 3206 1512 nou

588 1544 786 1623 gratia
815 1561 884 1602 ex
916 1542 1148 1613 merit0,
1185 1541 1287 1601 sed
1306 1542 1590 1600 meritum
1620 1560 1691 1599 ex
1721 1541 1934 1619 gratia.
1982 1542 2136 1600 Nam
2167 1543 2232 1600 si¹
2249 1542 2441 1619 gratia
2472 1560 2542 1600 ex
2573 1542 2803 1613 merito,
2836 1542 3053 1615 emisti,
3089 1559 3211 1601 non

590 1633 777 1711 gratis
809 1630 1105 1706 accepisti.
1153 1630 1270 1688 Pro
1301 1630 1500 1707 nihile,
1534 1629 1737 1706 iuquit
1768 1625 1889 1711 (Ps.
1926 1640 2026 1702 55,
2062 1629 2146 1709 8),
2179 1633 2366 1690 salvos
2391 1632 2576 1705 facies
2607 1650 2715 1690 eos.
2771 1630 2939 1700 <Quid
2973 1635 3068 1690 est
3095 1650 3207 1707 pro

591 1723 769 1781 nihilo
798 1722 988 1779 salvos
1018 1720 1201 1793 facies
1244 1719 1383 1778 eos?
1448 1718 1615 1778 Nihil
1665 1719 1730 1778 iu
1777 1719 1866 1779 eis
1910 1720 2163 1791 invenis,
2210 1721 2370 1779 unde
2402 1721 2608 1791 salves,
2656 1725 2718 1779 et
2761 1720 2962 1779 tamen
2996 1722 3207 1784 salvas.

590 1810 786 1882 Gratis
816 1808 937 1879 das,
984 1808 1172 1885 gratis
1204 1808 1415 1867 salvas.
1481 1809 1691 1868 Omnia
1720 1808 1937 1867 merita
1965 1808 2285 1886 praecedis,
2331 1813 2404 1869 ut
2445 1809 2601 1869 dona
2630 1813 2739 1868 tua
2768 1813 3211 1885 consequantur

592 1899 807 1959 merita
836 1916 981 1960 mea.
1047 1898 1298 1956 Prorsus
1328 1897 1517 1974 gratis
1548 1896 1670 1968 das,
1703 1898 1889 1974 gratis
1919 1899 2130 1970 salvas,
2178 1899 2284 1975 qui
2314 1898 2468 1958 nihil
2501 1898 2755 1968 iuvenis,
2803 1898 2962 1957 unde
2993 1899 3209 1969 salves,

591 1993 653 2048 et
697 1989 958 2046 multum
1002 1986 1251 2056 inveuiS,
1298 1986 1456 2045 uude
1502 1986 1805 2046 damnes·
1873 1985 1953 2051 Of.
2000 1987 2155 2047 iufra
2197 2006 2254 2051 n.
2293 1998 2365 2051 91
2422 2006 2498 2048 ss.
2544 1990 2607 2046 et
2649 2006 2719 2046 ea
2750 1990 2985 2063 pai-rum
3019 1987 3208 2056 effata,

593 2077 816 2153 quibus
849 2076 1060 2134 dicunt
1087 2074 1417 2133 infidelium
1451 2094 1629 2151 opera
1660 2094 1787 2135 esse
1818 2079 2075 2151 peccata,
2123 2076 2368 2152 sterilia,
2415 2079 2650 2153 praeter
2680 2078 2871 2148 viam;
2918 2076 3211 2153 quidquid

590 2186 714 2227 non
745 2169 838 2226 est
869 2184 939 2224 ex
970 2164 1084 2223 fide
1115 2166 1422 2240 peccatum
1452 2183 1582 2224 esse
1613 2170 1723 2225 etc.
1756 2184 1814 2223 u.
1852 2175 1924 2229 51
1965 2184 2041 2228 ss.

770 2287 838 2352 4.
872 2262 1098 2349 Merito
1131 2289 1494 2366 provocant
1525 2279 1742 2366 patres
1776 2285 1858 2368 ad
1891 2284 2074 2349 Rom.
2099 2290 2200 2360 11,
2223 2289 2295 2353 6:
2330 2286 2402 2350 Si
2430 2292 2639 2348 autem
2664 2291 2904 2369 qratia,
2933 2287 3213 2366 jamnon

591 2414 668 2455 ea:
699 2390 1020 2475 operibus:
1055 2391 1339 2476 alioquin
1368 2393 1589 2475 qratia
1620 2411 1746 2455 non
1777 2398 1865 2455 est
1890 2393 2105 2476 qratia
2120 2415 2148 2472 ,·
2179 2397 2243 2456 et
2274 2397 2334 2468 4,
2367 2396 2443 2459 4:
2477 2392 2564 2475 Ei
2589 2398 2816 2469 autem,
2850 2394 2956 2477 qui
2995 2412 3217 2476 opera-

596 2507 724 2584 tur,
757 2520 986 2564 merces
1018 2519 1142 2564 non
1175 2502 1532 2584 imputatur
1562 2501 1901 2563 secundum
1927 2502 2230 2583 qratiam,
2252 2501 2358 2563 sed
2378 2502 2717 2564 secundum
2738 2499 3024 2562 debitum.
3057 2499 3219 2563 Hinc

596 2611 793 2688 patet,
828 2605 1102 2688 gratiam
1138 2624 1348 2690 neque
1398 2624 1541 2671 esse
1590 2604 1866 2669 fructum
1917 2623 2185 2688 operum
2217 2600 2622 2682 naturalium,
2673 2624 2882 2689 neque
2913 2605 3214 2670 debitam.
3281 2672 3284 2675 Α

598 2713 794 2796 Atqui
827 2719 997 2779 esset
1028 2710 1268 2777 fructus
1301 2731 1567 2794 operum
1616 2713 2003 2777 naturalium
2055 2720 2351 2796 essetque
2398 2713 2630 2790 debita,
2682 2714 2737 2776 si
2783 2731 2928 2778 eam
2972 2712 3215 2776 viribus

596 2820 999 2885 naturalibus
1033 2837 1280 2884 merere
1311 2837 1681 2901 possemus:
1729 2837 1882 2903 nam
1927 2820 2284 2901 praemium
2331 2826 2429 2884 est
2459 2819 2700 2884 fructus
2750 2819 2930 2902 isque
2963 2818 3217 2883 debitus

595 2927 854 2992 meritis..
920 2923 1220 2990 Ceterum
1252 2926 1553 2989 universa
1585 2944 1680 3007 ep.
1715 2925 1898 2990 Pauli
1928 2926 2013 2991 ad
2045 2926 2228 2990 Rom.
2262 2927 2674 3007 gratuitatem
2704 2926 2948 3007 gratiae
2966 2925 3215 3008 probat.

596 3034 744 3098 Ideo
766 3034 937 3098 enim
953 3051 1100 3097 eam
1121 3032 1374 3113 scripsit
1398 3030 1649 3110 PauluS,
1670 3040 1741 3096 ut
1761 3033 2132 3099 ostenderet
2153 3033 2391 3097 nemini
2429 3032 2713 3097 debitam
2748 3051 2889 3098 esse
2923 3033 3215 3109 salutem,

595 3140 888 3206 homines
920 3141 1116 3221 gratis
1141 3138 1498 3220 justificari,
1531 3132 1734 3203 Deum
1766 3159 1883 3221 pro
1913 3140 2117 3205 lubitu
2150 3158 2269 3204 sua
2302 3139 2474 3203 dona
2506 3139 2894 3221 dispensare.

774 3267 836 3334 ὃ.
870 3264 1156 3347 Denique
1187 3264 1353 3327 inter
1382 3263 1613 3329 merita
1645 3269 1710 3328 et
1740 3265 2097 3345 praemium
2130 3264 2324 3331 debet
2353 3283 2495 3329 esse
2528 3264 2847 3347 quaedam
2879 3265 3213 3347 proportio

593 3389 675 3435 ex
708 3370 1041 3435 connexio.
1076 3369 1273 3453 Atqui
1304 3370 1470 3444 inter
1502 3372 1731 3435 merita
1763 3371 2083 3435 naturalia
2114 3378 2178 3439 et
2204 3373 2449 3438 bonum
2468 3371 2973 3454 supernaturale,
2995 3372 3211 3453 cujus-

596 3477 768 3541 modi
803 3484 901 3542 est
932 3478 1153 3558 gratia,
1186 3495 1353 3561 quae
1388 3485 1485 3543 est
1519 3478 1714 3543 etiam
1746 3479 2021 3559 pretium
2071 3480 2397 3560 sanguinis
2429 3478 2680 3555 Christi,
2727 3478 2902 3542 nulla
2933 3484 3031 3543 est
3063 3497 3215 3560 pro-

596 3586 806 3667 portio
841 3590 905 3650 et
937 3584 1269 3648 connexio.
1333 3583 1546 3663 Quare
1577 3584 1841 3667 pulchre
1888 3591 2181 3649 auctor
2227 3584 2306 3649 de
2336 3603 2474 3649 voc.
2507 3591 2673 3667 gent.
2706 3584 2748 3661 I,
2788 3588 2901 3652 17:
2969 3583 3216 3658 ,Viles-

599 3697 791 3767 ceret,
824 3692 1043 3772 inquit,
1093 3691 1448 3773 redemptio
1482 3676 1811 3773 sanguinis
1846 3689 2096 3767 Christi,
2143 3710 2263 3756 nec
2313 3693 2790 3758 misericordiae
2821 3691 2937 3756 Dei
2984 3692 3217 3755 huma-

597 3814 827 3860 norum
844 3814 1111 3879 operum
1128 3799 1581 3879 praerogativa
1595 3798 2059 3874 succumberet,
2076 3797 2132 3861 si
2141 3798 2528 3879 justificatio,
2545 3817 2712 3881 quae
2722 3798 2790 3863 fit
2800 3815 2914 3880 per
2925 3800 3214 3880 gratiam,

597 3904 842 3967 meritis
873 3896 1410 3985 praecedentibus
1447 3903 1806 3982 deberetur,
1852 3911 1925 3968 ut
1966 3922 2097 3968 non
2142 3925 2375 3969 munus
2419 3906 2762 3987 largientiS,
2810 3905 2923 3970 sed
2968 3924 3216 3971 merces

600 4017 775 4074 esset
807 4011 1188 4091 operantis.‘
1259 4008 1347 4075 Cf.
1387 4011 1743 4092 Ripalda
1775 4012 1931 4094 disp.
1968 4017 2049 4081 15
2083 4032 2198 4089 ss,;
2231 4011 2617 4077 Palmieri
2648 4013 2734 4077 th.
2770 4016 2855 4081 30
2886 4031 2969 4075 ss,

773 4140 877 4203 69.
910 4134 1459 4204 Demonstratio
1506 4156 1575 4221 p.
1611 4136 1718 4203 ΙΙ.
1753 4139 1826 4203 et
1858 4156 2053 4222 seqq.
2125 4140 2184 4205 1.
2234 4137 2695 4218 Argumentum
2733 4137 3099 4222 *secundum
3151 4143 3216 4202 et

596 4240 873 4317 tertium,
908 4240 1136 4322 quibus
1186 4242 1683 4323 praecedentem
1732 4243 2313 4307 demonstravimus
2343 4249 2611 4325 partem,
2661 4243 2896 4325 probat
2940 4261 3214 4327 quoque,

598 4365 718 4410 nos
750 4345 989 4410 viribus
1021 4353 1292 4430 naturae
1323 4367 1406 4412 ne
1438 4348 1517 4412 de
1550 4366 1836 4429 congruo
1870 4349 2127 4431 quidem
2160 4351 2431 4429 gratiam
2464 4368 2710 4415 merere
2741 4368 2949 4432 posse.
2989 4349 3212 4426 ‚Nam,

596 4459 668 4516 ut
699 4454 903 4535 inquit
934 4452 1442 4534 Augustinus
1476 4454 1555 4518 de
1587 4472 1760 4537 pecc.
1796 4455 1948 4536 orig.
1981 4471 2032 4517 c.
2067 4459 2170 4531 23,
2203 4473 2336 4518 non
2363 4456 2483 4519 erit
2502 4455 2617 4520 Dei
2644 4456 2849 4536 gratia
2868 4456 2997 4520 ullo
3018 4456 3213 4520 modo

597 4560 822 4638 gratia,
855 4559 974 4623 nisi
1009 4563 1285 4640 gratuita
1315 4562 1503 4627 suerit
1535 4563 1710 4627 omni
1742 4563 1992 4627 modo.‘
2065 4559 2354 4627 Gratiam
2385 4582 2538 4628 vero
2572 4563 2908 4629 excludere
