3538 5364
1431 210 1904 283 paedobaptismi.
2831 219 2871 281 ‘2
2884 219 2966 283 75

340 397 563 459 salutis
595 393 1040 475 possibilitate.
1103 413 1167 462 c.
1203 393 1614 457 Circumcisio
1648 399 1746 458 est
1780 392 1983 473 figura
2013 392 2448 475 baptismatis:
2484 393 2659 475 atqui
2690 391 2965 456 infantes

344 503 551 567 valide
586 501 1239 576 circumcidebantur:
1286 500 1495 564 valide
1541 500 1727 580 igitur
1774 506 1837 564 et
1868 499 2222 581 baptismus
2272 498 2636 562 conferetur
2666 499 2964 580 parvulis.

519 648 587 714 3.
621 645 1028 710 Validissime
1062 643 1477 708 confirmatur
1522 644 1684 707 haec
1731 644 1968 707 veritas
2019 642 2484 707 traditione
2517 649 2581 706 et
2612 642 2967 707 theoretica

339 759 406 818 et
435 753 747 832 practica,
780 769 985 833 eaque
1017 751 1181 816 adeo
1214 749 1565 831 splendida,
1599 756 1669 814 ut
1699 754 2134 831 protestantes
2153 748 2363 813 coacti
2383 746 2615 813 fuerint
2633 748 2964 830 paedoba-

341 861 648 942 ptismum
679 857 975 934 retinere,
1005 859 1154 922 licet
1201 858 1325 921 hac
1378 857 1562 940 praxi
1610 857 1943 939 dupliciter
1990 855 2113 920 sibi
2161 855 2709 921 contradicerent:
2757 857 2963 939 primo

337 967 511 1050 quod
545 967 723 1031 illum
754 966 1130 1030 retinuerint
1161 965 1358 1029 innixi
1390 964 1749 1039 traditione,
1783 982 1978 1046 quam
2024 964 2305 1046 alioquin
2350 969 2803 1040 contemnunt:
2850 964 2963 1029 de-

352 1074 517 1151 inde,
554 1074 728 1156 quod
761 1091 911 1138 eum
943 1079 1210 1137 eatenus
1243 1078 1494 1136 tantum
1535 1072 1752 1137 utilem
1800 1078 1864 1135 et
1908 1072 2344 1136 necessarium
2389 1089 2653 1136 censere
2701 1072 2965 1153 possint,

335 1188 661 1263 quatenus
693 1181 814 1262 ipsi
859 1180 1229 1244 adscribunt
1257 1179 1537 1261 aliquam
1572 1179 1874 1243 virtutem
1908 1198 1985 1243 ex
2017 1197 2211 1274 opere
2244 1185 2530 1260 operatO,
2577 1196 2772 1261 quam
2804 1179 2964 1242 alio-

342 1289 499 1370 quin
532 1289 898 1352 exhorrent„
961 1286 1288 1352 Ecclesiae
1321 1291 1539 1351 autem
1573 1285 1832 1351 traditio
1863 1287 2142 1350 maxime
2174 1287 2383 1351 elucet
2416 1304 2493 1351 ex
2526 1287 2968 1350 controversia

303 1460 307 1463 ,
348 1414 493 1459 cum
524 1394 1039 1478 pelagianis:
1087 1399 1531 1474 argumentum
1567 1393 1736 1456 enim
1772 1391 1900 1457 fere
1933 1392 2345 1474 praecipuum
2392 1393 2798 1476 maximeque
2829 1393 2963 1459 effi-

335 1521 462 1566 cax
493 1502 818 1568 adversus
850 1502 991 1566 illos
1022 1519 1138 1584 pro
1171 1506 1441 1582 peccato
1474 1498 1765 1579 originali
1796 1499 2136 1583 petebatur
2155 1518 2231 1566 ex
2248 1499 2813 1583 paedobaptismo;
2846 1519 2962 1564 ne-

336 1629 459 1692 que
491 1628 780 1691 unquam
813 1608 953 1671 ausi
984 1614 1133 1671 sunt
1163 1606 1479 1687 pelagiani
1511 1606 1591 1671 de
1611 1605 1800 1687 hujus
1825 1606 1958 1670 sive
1979 1606 2198 1669 valore
2221 1606 2355 1670 sive
2376 1606 2646 1670 utilitate
2666 1606 2962 1671 dubitare

339 1718 636 1781 timentes
656 1715 946 1779 fidelium
966 1714 1535 1796 reprehensionem
1554 1720 1961 1795 matrumque
1989 1713 2485 1777 christianarum
2507 1712 2963 1777 contradictio-

339 1842 484 1887 nem
518 1825 588 1909 (t.
621 1822 690 1886 ΙΙ.
722 1842 782 1886 n.
831 1823 1003 1907 371).
1038 1820 1253 1900 Quare
1285 1820 1626 1884 concilium
1657 1820 2236 1885 milevitanum
2270 1826 2337 1884 et
2368 1820 2516 1884 dein
2547 1821 2961 1901 carthagi-

345 1949 604 1995 nense
640 1930 992 1994 anathema
1023 1928 1175 1992 dicit
1206 1946 1345 1992 can.
1381 1932 1421 1993 2
1453 1927 1556 2005 illi,
1598 1929 1995 2010 ,quicunque
2028 1928 2329 2010 parvulos
2350 1933 2641 1993 recentes
2662 1927 2744 1991 ab
2765 1928 2963 1992 uteris

339 2045 622 2101 matrum
655 2035 1076 2118 baptizandos
1108 2041 1354 2115 negat.‘

511 2184 1018 2260 Augustinus
1067 2183 1139 2242 de
1188 2184 1294 2242 hac
1342 2184 1510 2259 praxi
1559 2186 1819 2243 testatur
1864 2202 2036 2242 serm.
2092 2194 2207 2246 176
2255 2201 2314 2240 n.
2364 2193 2432 2246 2:
2485 2183 2650 2251 ,Hoc
2696 2184 2960 2242 Ecclesia

335 2293 569 2348 semper
598 2273 827 2344 habuit,
861 2291 1090 2348 semper
1107 2273 1325 2343 tenuit,
1360 2273 1468 2331 hoc
1496 2291 1531 2330 a
1563 2274 1851 2350 majorum
1871 2273 1986 2331 fide
2009 2272 2299 2349 percepit:
2332 2273 2442 2330 hoc
2460 2291 2652 2347 usque
2684 2273 2748 2330 in
2779 2272 2956 2331 finem

333 2366 784 2439 perseveranter
817 2362 1134 2421 custodit<
1185 2396 1265 2405 —
1315 2361 1429 2421 Sed
1467 2363 1592 2437 jam
1638 2366 1776 2421 ante
1823 2362 2231 2439 Augustinum
2275 2361 2735 2419 Ambrosius
2777 2362 2955 2420 confi-

333 2453 542 2510 denter
571 2451 930 2527 pronunciat
960 2447 1059 2533 (de
1089 2451 1387 2510 Abrabam
1419 2451 1494 2522 11,
1531 2448 1671 2533 81):
1720 2450 1915 2520 ,Quia
1960 2452 2154 2510 omnis
2199 2453 2357 2509 aetas
2401 2454 2641 2526 peccato
2686 2451 2952 2521 obnoxia,

333 2541 463 2599 ideo
496 2542 692 2599 omnis
724 2544 885 2600 aetas
918 2542 1283 2599 sacramento
1302 2539 1573 2599 idonea.‘
1610 2574 1696 2583 —
1728 2542 1887 2599 Ante
1907 2541 2288 2599 Ambrosium
2307 2539 2852 2615 praeclarissimum
2882 2539 2955 2598 de

333 2630 439 2689 hac
485 2630 655 2707 praxi
700 2629 984 2689 habemus
1027 2629 1445 2689 testimonium
1493 2648 1539 2693 s,
1585 2630 1951 2707 Cypriani
1998 2649 2133 2690 cum
2167 2629 2393 2707 synodo
2429 2639 2508 2692 66
2544 2628 2953 2705 episcoporum

335 2720 419 2778 ita
447 2719 523 2778 ad
545 2719 760 2778 Fidum
782 2719 1099 2778 scribentis
1131 2739 1220 2795 ep.
1245 2729 1325 2782 63
1361 2713 1478 2801 (ed.
1499 2738 1556 2777 n.
1585 2731 1659 2783 16
1685 2738 1885 2795 opusc.
1908 2717 2140 2801 XX1)n.
2166 2730 2234 2782 5:
2273 2719 2495 2788 ,Porro
2527 2719 2579 2777 si
2609 2719 2788 2779 etiam
2818 2738 2953 2796 gra-

337 2809 598 2867 vissimis
632 2807 1019 2868 delictoribus
1052 2811 1112 2867 et
1142 2809 1207 2866 in
1241 2809 1428 2867 Deum
1461 2809 1720 2868 multum
1751 2812 1889 2868 ante
1919 2809 2316 2886 peccantibus»,
2367 2826 2503 2867 cum
2535 2811 2735 2884 postea
2765 2808 2953 2867 credi-

333 2897 548 2969 derint,
599 2897 852 2957 remissa
880 2901 1255 2973 peccatorum
1286 2897 1463 2955 datur
1506 2901 1569 2955 et
1612 2918 1646 2956 a
1689 2899 1987 2974 baptismo
2025 2903 2205 2973 atque
2251 2918 2285 2956 a
2328 2898 2519 2974 gratia
2550 2916 2721 2957 nemo
2753 2897 2953 2972 prohi-

335 2987 537 3046 betur:
585 2990 813 3062 quanto
845 2986 1034 3063 magis
1063 2986 1363 3062 prohiberi
1394 3002 1514 3045 non
1545 2987 1723 3046 debet
1753 2988 1967 3058 infans,
2016 2988 2123 3064 qui
2166 3006 2370 3046 recens
2414 2989 2591 3045 natus
2635 2986 2788 3045 nihil
2819 3005 2953 3063 pec-

337 3077 507 3148 cavit,
555 3076 675 3135 nisi
722 3076 881 3152 quod
923 3075 1252 3135 secundum
1283 3075 1470 3133 Adam
1503 3076 1817 3135 carnaliter
1847 3080 2024 3136 natus
2058 3077 2402 3154 contagium
2432 3075 2642 3134 mortis
2674 3075 2955 3152 antiquae

333 3166 524 3241 prima
555 3165 870 3224 nativitate
901 3165 1239 3224 contraxit?
1271 3164 1377 3240 qui
1409 3164 1483 3222 ad
1516 3166 1820 3225 remissam
1854 3169 2229 3241 peccatorum
2262 3165 2658 3240 accipiendam
2689 3166 2798 3224 hoc
2828 3166 2954 3241 ipso

331 3254 565 3313 facilius
599 3254 841 3327 accedit,
875 3254 1035 3330 quod
1067 3253 1158 3312 illi
1188 3253 1585 3314 remittuntur
1615 3272 1735 3314 non
1768 3256 2027 3331 propria,
2075 3255 2176 3314 sed
2209 3255 2403 3314 aliena
2432 3258 2729 3330 peccata.‘
2794 3253 2954 3323 Quae

329 3345 588 3419 epistola
612 3343 832 3420 scripta
861 3344 999 3419 post
1029 3363 1079 3404 a.
1105 3352 1228 3406 252
1253 3344 1471 3402 summi
1491 3344 1778 3403 momenti
1811 3348 1904 3404 est
1934 3362 2000 3403 ac
2030 3344 2151 3402 fere
2182 3348 2312 3402 tota
2342 3344 2415 3401 de
2448 3344 2555 3403 hoc
2585 3346 2951 3420 argumento.

333 3433 731 3509 Proposuerat
762 3432 916 3492 enim
951 3432 1134 3491 Fidus
1168 3432 1591 3506 quaestionem,
1637 3434 1891 3492 liceatne
1936 3432 2224 3492 infantem
2269 3433 2567 3509 baptizare
2603 3433 2764 3491 intra
2795 3436 2952 3491 octa-

329 3541 474 3580 vum
505 3541 540 3579 a
571 3521 889 3581 nativitate
921 3521 1094 3580 diem.
1159 3521 1329 3579 Ratio
1361 3521 1531 3580 dubii
1563 3522 1881 3598 petebatur
1912 3542 1946 3580 a
1976 3524 2109 3600 lege
2142 3522 2626 3592 circumcisionis,
2673 3521 2736 3580 in
2780 3522 2951 3598 cujus

335 3611 525 3670 locum
560 3611 847 3671 successit
877 3610 1244 3687 baptismus3
1277 3629 1415 3668 nam
1445 3611 1737 3670 infantem
1768 3630 1890 3670 non
1920 3611 2137 3670 licebat
2172 3615 2308 3670 ante
2342 3614 2614 3670 octavum
2648 3611 2804 3668 diem
2837 3612 2951 3668 cir-

329 3700 679 3759 cumcidere.
701 3733 787 3745 -—
814 3700 971 3758 Ante
1003 3700 1360 3775 cyprianum
1394 3700 1778 3778 Origenes
1809 3701 1847 3761 l.
1886 3711 1918 3764 5
1955 3702 2019 3759 in
2049 3721 2139 3777 ep.
2172 3700 2244 3759 ad
2277 3719 2420 3759 rom.
2454 3720 2513 3761 n.
2548 3711 2617 3760 9:
2654 3699 2952 3767 ‚Ecclesia

325 3788 404 3847 ab
435 3790 719 3866 apostolis
738 3788 1120 3848 traditionem
1138 3788 1401 3864 suscepit
1419 3790 1601 3848 etiam
1620 3790 1888 3865 parvulis
1906 3790 2273 3866 baptismum
2293 3790 2448 3851 dare.
2483 3788 2760 3846 Sciebant
2792 3789 2948 3846 enim

327 3879 435 3949 illi,
471 3878 695 3954 quibus
714 3879 1130 3955 mysteriorum
1151 3882 1376 3937 secreta
1394 3880 1708 3938 commissa
1738 3881 1884 3938 sunt
1914 3880 2270 3949 divinorum,
2304 3878 2462 3954 quod
2496 3880 2696 3936 essent
2725 3876 2790 3934 in
2822 3893 2949 3934 om·

328 3968 508 4027 nibus
538 3968 835 4045 genuinae
868 3967 1070 4026 sordes
1101 3967 1344 4043 peccati,
1393 3987 1544 4043 quae
1587 3987 1697 4043 per
1741 3987 1955 4045 aquam
1989 3973 2051 4028 et
2083 3968 2372 4044 Spiritum
2405 3966 2569 4025 ablui
2601 3965 2945 4026 deberent.‘

327 4091 414 4100 —
447 4058 604 4116 Ante
638 4057 944 4134 Originem
966 4057 1089 4133 jam
1122 4055 1465 4118 Irenaeus
1487 4057 1583 4132 IV,
1623 4067 1702 4121 22
1737 4077 1796 4117 n.
1832 4069 1901 4120 4:
1939 4058 2195 4128 ,Omnes
2225 4057 2391 4116 venit
2421 4075 2531 4131 per
2562 4054 2949 4131 semetipsum

331 4147 555 4205 salvare
575 4144 925 4227 (Christus):
960 4163 1182 4215 omme,
1215 4147 1481 4221 inquam,
1513 4147 1617 4222 qui
1650 4166 1756 4224 per
1786 4167 1921 4207 eum
1942 4149 2337 4206 renascuntur
2365 4146 2430 4204 in
2449 4146 2654 4215 Deum,
2687 4143 2944 4203 infantes

325 4237 390 4292 et
420 4235 701 4309 parvulos
751 4239 812 4293 et
854 4253 1070 4311 pueros
1116 4237 1177 4293 et
1213 4236 1466 4310 juvenes
1513 4239 1575 4294 et
1620 4237 1944 4298 seniores.‘
1977 4270 2065 4281 —
2096 4235 2288 4304 Quare
2323 4236 2374 4293 si
2406 4235 2470 4293 in
2502 4233 2723 4292 divinis
2752 4233 2946 4292 literis

331 4322 746 4399 dispositiones
777 4324 1064 4399 quaedam
1096 4324 1168 4382 ad
1199 4324 1557 4400 baptismum
1590 4325 1704 4384 rite
1737 4324 2182 4400 suscipiendum
2214 4324 2622 4399 requiruntur,
2672 4325 2945 4399 spectant

325 4430 397 4469 ea
425 4411 601 4471 effata
629 4413 883 4483 adultos,
917 4431 1038 4472 non
1069 4412 1346 4484 infantes,
1387 4413 1607 4488 quibus
1639 4414 1795 4473 sicut
1823 4415 2020 4473 aliena
2048 4414 2326 4473 voluntas
2359 4431 2538 4471 causa
2567 4411 2687 4470 fuit
2717 4412 2943 4482 ruinae,

327 4500 411 4558 ita
453 4501 645 4561 aliena
685 4503 965 4561 voluntas
1010 4502 1153 4560 satis
1202 4505 1294 4560 est
1340 4501 1413 4560 ad
1465 4502 1736 4562 salutem.
1766 4538 1857 4547 —
1887 4503 2041 4562 Hinc
2085 4521 2130 4561 s,
2176 4502 2678 4580 Augustinus
2725 4520 2769 4562 8.
2815 4509 2941 4564 294

323 4607 374 4646 c.
413 4601 438 4652 1
460 4601 521 4652 1:
557 4590 800 4659 ,Credit
827 4591 893 4650 in
923 4592 1128 4661 altero,
1162 4591 1305 4666 quia
1331 4591 1603 4666 peccavit
1631 4593 1695 4651 in
1726 4593 1913 4651 altero
1947 4588 2046 4675 (cf.
2078 4594 2121 4650 t.
2139 4592 2275 4655 nn.
2302 4601 2421 4655 105
2440 4587 2487 4671 ¹)
2508 4599 2566 4661 3‘
2600 4595 2661 4649 et
2692 4609 2738 4649 s.
2769 4591 2940 4648 Ber-

323 4679 615 4739 nardus
649 4697 849 4756 opusc.
893 4691 963 4742 10
1000 4699 1047 4739 c.
1083 4689 1117 4742 2
1153 4700 1210 4738 n.
1246 4689 1315 4741 9:
1367 4681 1544 4749 ,Non
1589 4682 1747 4757 quod
1794 4682 1888 4741 vel
1936 4681 2054 4757 ipsi
2100 4675 2431 4761 (infantes),
2480 4678 2717 4754 quando
2747 4678 2945 4753 bapti-

2524 4780 2611 4833 18·
