3538 5364
1359 299 1794 369 exceptionibus
1822 301 2046 355 satisfit.
2887 312 2966 375 31
2982 311 3012 373 1

573 495 716 548 344.
752 480 833 548 V.
869 486 1077 561 Neque
1096 486 1294 545 obstat
1316 486 1615 546 Christum
1637 487 2055 546 eucharistiam
2075 486 2391 561 reliquisse
2423 486 2488 544 in
2521 487 2617 545 sui
2653 489 3013 547 memoriam.

393 575 541 634 Nam
573 590 637 639 α.
670 575 948 634 memoria
978 593 1100 634 non
1128 575 1453 635 necessario
1484 576 1774 651 supponit
1802 576 2128 636 absentiam
2175 575 2278 645 rei,
2326 577 2499 650 cujus
2547 595 2837 636 memores
2885 596 3014 637 esse

390 664 574 730 decet,
608 681 742 723 cum
776 667 838 721 et
868 664 975 722 Dei
1007 666 1337 739 praesentis
1369 683 1657 724 memores
1687 684 1814 725 esse
1845 668 2147 742 oporteat;
2195 664 2297 723 sed
2343 683 2411 723 ea
2451 666 2772 740 opponitur
2802 666 2965 725 obli
2986 699 3012 711 -

391 753 636 822 vioni,
689 772 840 828 quae
890 754 1085 811 oritur
1132 771 1200 813 ex
1234 772 1321 823 ec,
1369 754 1526 830 quod
1573 773 1667 813 res
1712 756 1944 814 nullam
1989 755 2051 814 in
2096 771 2309 813 sensus
2341 753 2517 812 faciat
2546 754 3011 830 impressionem.

391 842 557 910 Quod
590 860 728 901 vero
760 842 963 918 aliqua
992 861 1086 901 res
1117 844 1348 901 nullam
1378 844 1441 901 in
1493 862 1705 903 sensus
1736 844 1915 903 faciat
1945 845 2414 919 impressionem,
2449 843 2644 902 oritur
2674 862 2795 903 non
2824 845 3014 903 solum

389 950 458 989 ex
489 931 755 1007 ejusdem
785 932 1067 1000 absentia,
1101 932 1201 991 sed
1236 935 1434 1007 potest
1463 932 1644 991 etiam
1677 932 1817 993 inde
1849 934 2011 1004 oriri,
2046 933 2203 1008 quod
2235 931 2351 991 etsi
2372 950 2670 1007 praesens,
2702 952 2809 1009 per
2840 950 2902 992 se
2934 933 3016 992 sit

389 1020 728 1083 invisibilis,
794 1021 937 1079 Cum
984 1040 1123 1097 ergo
1156 1018 1226 1085 b.
1261 1022 1477 1080 Christi
1509 1040 1728 1098 corpus
1761 1024 1827 1081 in
1860 1024 1965 1081 hoc
1998 1025 2364 1083 sacramento
2396 1041 2501 1096 per
2538 1041 2598 1081 se
2630 1021 3015 1081 invisibiliter

392 1109 568 1181 adsit,
601 1109 957 1169 eucharistia
987 1112 1283 1186 quatenus
1313 1111 1553 1170 visibile
1602 1113 2023 1187 complectitur
2067 1112 2447 1180 elementum,
2494 1111 2684 1186 ipsius
2731 1111 3016 1170 memoria

389 1217 514 1257 esse
545 1198 779 1274 dicique
811 1200 1051 1275 poterit.
1099 1200 1368 1259 Ceterum
1404 1214 1469 1263 e.
1505 1201 1866 1260 eucharistia
1888 1201 2128 1277 proprie
2161 1219 2279 1260 non
2312 1203 2406 1259 est
2435 1200 2721 1260 memoria
2750 1200 3014 1276 corporis

390 1288 624 1361 Christi,
673 1288 775 1346 sed
823 1288 1151 1347 secundum
1204 1301 1254 1351 1.
1286 1289 1411 1350 Cor.
1459 1301 1550 1359 11,
1605 1300 1704 1361 26,
1754 1291 2049 1367 passionis
2096 1294 2157 1349 et
2202 1289 2411 1348 mortis
2456 1289 2739 1364 eJusdem,
2786 1308 2904 1365 quo
2952 1290 3014 1348 in

388 1394 526 1435 casu
556 1377 724 1435 nulla
756 1380 849 1436 est
879 1377 1232 1447 difficultas:
1266 1380 1329 1436 et
1360 1374 1431 1441 d.
1467 1380 1647 1438 verba
1689 1390 1736 1441 1.
1761 1382 1884 1438 Cor.
1920 1391 2015 1452 11,
2053 1389 2168 1441 25:
2204 1379 2328 1437 Hoc
2357 1380 2553 1451 facite,
2584 1381 3013 1455 quotiescunque

388 1465 603 1541 bibetis,
642 1468 704 1523 in
738 1486 922 1525 meam
953 1470 1564 1544 commemorationem,
1611 1487 1733 1527 non
1765 1472 1924 1539 sunt,
1973 1471 2045 1527 ut
2090 1468 2410 1527 adversarii
2444 1472 2808 1543 supponunt,
2841 1486 3010 1544 prae·

387 1556 725 1614 cedentium
759 1557 1089 1632 explicatio,
1124 1557 1227 1615 sed
1262 1559 1640 1632 praeceptum
1673 1559 2015 1617 continent:
2056 1557 2215 1632 quod
2248 1560 2319 1616 ut
2349 1556 2572 1615 servari
2605 1557 2810 1631 possit,
2844 1575 3012 1632 prae-

387 1644 658 1704 cedentia
676 1645 845 1720 prius
868 1645 1133 1722 intelligi
1154 1646 1389 1710 debent.
1426 1646 1621 1705 Simili
1640 1648 1870 1707 ratione
1903 1663 1964 1710 e.
1998 1648 2255 1706 solvitur
2283 1645 2602 1705 difficultas
2635 1645 2773 1704 inde
2803 1645 3011 1721 petita,

388 1734 544 1810 quod
575 1738 773 1810 patres
806 1733 1161 1811 quandoque
1192 1739 1407 1795 vocant
1436 1737 1855 1796 eucharistiam
1896 1737 2202 1813 pignus,
2269 1736 2420 1794 Sane
2464 1738 2559 1793 est
2602 1735 2843 1811 pignuS,
2891 1753 3013 1793 non

387 1827 586 1883 tamen
630 1823 895 1900 corporis
942 1823 1180 1891 Christi,
1230 1825 1331 1883 sed
1381 1827 1510 1900 ejus
1559 1826 1793 1895 amoriS,
1841 1825 2245 1901 protectionis,
2298 1825 2537 1883 futurae
2586 1823 2838 1900 gloriae:
2893 1843 3010 1899 quo

389 1930 568 1971 sensu
613 1917 674 1971 et
718 1912 1005 1987 reliquiae
1051 1915 1196 1971 sunt
1239 1913 1459 1990 pignus
1511 1915 1915 1989 protectioniS,
1967 1933 2147 1990 quam
2192 1914 2366 1973 nobis
2398 1912 2757 1989 impendunt
2789 1912 3007 1979 sancti:

390 2020 507 2076 quo
539 2019 719 2060 sensu
751 2001 1002 2077 alicujus
1032 2003 1367 2077 praesentia
1411 2006 1499 2061 est
1546 2003 1717 2062 nobis
1763 2023 1902 2062 suae
1951 2002 2273 2070 fidelitatis,
2321 2003 2548 2061 tutelae
2592 2002 2846 2079 pignus;
2895 2020 3011 2076 quo

391 2107 571 2149 sensu
601 2094 664 2150 et
695 2090 953 2166 Spiritus
985 2110 1027 2153 s,
1060 2095 1155 2149 est
1184 2091 1404 2167 pignus
1434 2096 1706 2150 aeternae
1728 2092 2093 2155 hereditatis,
2141 2092 2334 2161 Quare
2366 2091 2509 2150 haec
2540 2091 2863 2165 appellatio
2895 2110 3014 2149 non

390 2180 677 2256 supponit
706 2180 1033 2239 absentiam
1066 2181 1326 2256 corporis
1346 2181 1598 2239 Christi:
1633 2182 1752 2239 imo
1785 2182 2033 2240 candide
2068 2182 2272 2251 fateor,
2307 2198 2520 2255 panem
2542 2180 2814 2254 quamvis
2833 2178 3010 2239 bene-

388 2269 612 2328 dictum
648 2271 741 2328 sat
771 2272 951 2329 tenue
983 2269 1104 2328 fore
1135 2271 1353 2346 pignus
1385 2269 1653 2329 infinitae
1686 2270 1953 2328 caritatis
1977 2269 2210 2328 Christi.
2258 2269 2336 2327 Cf.
2361 2269 2702 2345 Perpetuite
2734 2268 2808 2327 de
2841 2269 2898 2327 la
2928 2269 3011 2327 foi

386 2359 668 2421 111.1c.
708 2357 1009 2427 15:1111.
1047 2369 1101 2422 6.
1134 2370 1317 2421 c.11.

568 2512 710 2564 345.
747 2495 868 2563 VI.
905 2500 1123 2559 Verum
1155 2500 1396 2575 quidem
1430 2504 1525 2560 est
1568 2502 1838 2560 doctores
1872 2500 2209 2571 catholicos,
2260 2519 2394 2558 cum
2427 2499 2763 2558 accuratius
2796 2499 3012 2558 Christi

386 2593 666 2648 enarrant
697 2590 893 2659 verba,
928 2590 1202 2648 nonnihil
1234 2590 1392 2649 inter
1424 2609 1486 2649 se
1517 2590 1851 2651 dissentire.
1902 2590 2021 2648 Alii
2056 2589 2216 2649 enim
2248 2608 2383 2647 cum
2417 2607 2463 2647 s.
2494 2588 2769 2647 Thoma
2802 2588 2840 2649 l.
2880 2599 2910 2650 5
2947 2588 3012 2647 in

394 2692 446 2742 1.
479 2679 604 2742 Cor.
633 2692 701 2743 11
746 2685 807 2739 et
841 2689 896 2743 3.
928 2699 984 2755 p.
1017 2699 1073 2755 q.
1110 2689 1188 2743 78
1223 2700 1272 2738 a.
1309 2691 1342 2742 5
1381 2684 1637 2751 censent,
1672 2679 2025 2757 pronomine
2055 2681 2157 2739 hoc
2188 2677 2490 2756 designari
2523 2676 2919 2737 substantiam
2950 2677 3010 2736 in

388 2787 601 2845 genere
635 2770 746 2827 sub
780 2769 1087 2845 speciebus
1120 2772 1491 2840 contentam:
1541 2771 1641 2829 alii
1687 2789 1821 2829 cum
1854 2769 2294 2828 Alexandro
2339 2767 2568 2826 halensi
2600 2771 2661 2825 et
2693 2785 2736 2827 s.
2771 2768 3013 2824 Bona-

388 2879 423 2914 v
439 2876 527 2917 en
543 2862 570 2917 t
586 2878 626 2917 u
643 2879 673 2917 r
689 2878 724 2917 a
754 2861 987 2935 putant,
1023 2876 1345 2933 pronomen
1368 2877 1701 2935 supponere
1721 2878 1830 2934 pro
1849 2878 2000 2935 pane
2020 2857 2446 2917 convertendo:
2479 2856 2584 2915 alii
2617 2874 2750 2914 cum
2785 2855 2822 2913 S
2839 2873 2868 2913 c
2885 2875 2918 2915 o
2938 2859 3013 2914 to

389 2948 729 3022 opinantur,
765 2947 917 3006 illud
950 2965 1280 3023 supponere
1311 2966 1419 3022 pro
1451 2967 1693 3025 corpore
1715 2949 1951 3011 Christi.
1999 2948 2158 3017 Quae
2191 2946 2525 3007 sententiae
2559 2948 2770 3003 mutuo
2803 2963 2865 3003 se
2896 2964 3014 3003 non

389 3036 730 3105 excludunt,
766 3036 868 3095 sed
899 3056 1106 3096 verum
1140 3036 1438 3108 exhibent,
1473 3038 1613 3096 licet
1644 3037 2128 3114 inadaequatum,
2165 3055 2405 3095 sensum
2439 3035 2755 3094 verborum
2777 3034 3015 3098 Christi.

389 3125 658 3185 Ceterum
692 3129 764 3185 ut
794 3126 941 3184 alias
974 3126 1568 3186 sacramentariorum
1600 3127 1922 3185 evadamus
1954 3126 2154 3195 tricaS,
2205 3125 2366 3184 haud
2398 3125 2615 3183 inutile
2645 3123 2762 3182 erit
2794 3125 2856 3182 in
2890 3123 3012 3182 sin·

388 3215 665 3292 gulorum
696 3216 1009 3274 verborum
1039 3214 1158 3273 vim
1191 3215 1493 3291 propriam
1525 3219 1706 3292 atque
1739 3214 2237 3292 significationem
2274 3214 2595 3289 inquirere.
2661 3213 3014 3272 Pronomine

388 3305 488 3362 hoc
517 3307 580 3363 et
610 3304 702 3362 hic
731 3303 986 3363 attentio
1018 3303 1304 3380 dirigitur
1348 3305 1412 3362 in
1456 3323 1580 3362 rem
1625 3307 2022 3380 praesentem,
2072 3320 2464 3379 quaecunque
2506 3302 2747 3361 demum
2791 3320 2860 3360 ea
2904 3307 3010 3370 est,

389 3412 540 3469 quae
571 3393 913 3452 exhibetur:
961 3392 1162 3451 addita
1208 3393 1420 3469 copula
1464 3401 1544 3452 est
1590 3411 1757 3451 mens
1792 3393 2181 3467 suspenditur
2212 3397 2273 3451 et
2304 3392 2684 3467 protenditur
2715 3392 2786 3450 asl
2822 3391 3013 3450 ideam

387 3482 730 3557 praedicati,
765 3501 884 3558 quo
915 3481 1198 3551 edicetur,
1233 3482 1378 3557 quid
1412 3482 1492 3541 sit
1523 3482 1624 3540 illa
1655 3500 1748 3540 res
1782 3499 2076 3557 praesens,
2126 3500 2277 3557 quae
2309 3479 2645 3540 exhibetur.
2713 3481 3015 3556 Completa

389 3571 795 3648 propositione
826 3590 933 3647 per
966 3571 1366 3646 praedicatum
1399 3589 1610 3646 corpus
1641 3590 1841 3648 meum⁴
1860 3571 2217 3630 enunciatur
2242 3571 2364 3645 jam
2397 3569 2699 3638 distincte,
2748 3569 2892 3643 quid
2938 3570 3011 3627 il·

388 3660 493 3720 lud
525 3662 621 3730 sit,
656 3661 815 3737 quod
847 3661 959 3719 sub
990 3660 1333 3719 visibilibus
1366 3664 1786 3735 praesentatur
1818 3661 2145 3736 speciebus.
2214 3659 2405 3728 Quare
2437 3659 2592 3716 facta
2622 3658 3012 3717 distinctione

387 3751 546 3809 inter
576 3749 1263 3827 significationem
1296 3753 1358 3807 et
1400 3748 2156 3808 demonstrationem
2192 3767 2296 3807 seu
2330 3748 2487 3806 inter
2520 3747 3009 3824 significationem

387 3839 687 3898 formalem
720 3840 781 3898 et
813 3838 1197 3908 materialem,
1230 3838 1578 3914 pronomine
1609 3839 1710 3898 hoc
1739 3857 1934 3915 neque
1965 3838 2151 3915 paniS,
2200 3856 2392 3913 neque
2425 3836 2642 3894 Christi
2676 3854 2887 3910 corpus
2919 3835 3010 3894 di-

389 3929 605 3987 stincte
625 3928 1011 4005 significatur,
1047 3928 1148 3985 sed
1171 3928 1509 4003 praesentia
1526 3928 1779 4004 alicujus
1799 3929 1883 3987 rei
1914 3928 1975 3985 in
2006 3926 2270 3996 conquO,
2306 3927 2461 3985 sicut
2482 3924 2774 4000 particula
2805 3944 2836 3982 e
2854 3944 2883 3982 c
2899 3943 2928 3982 c
2945 3943 2975 3982 e
2997 3948 3010 3994 3

389 4017 547 4093 quod
593 4021 794 4076 autem
838 4019 1205 4076 monstratur
1250 4017 1638 4076 materialiter
1681 4018 1854 4076 initio
1900 4016 2319 4093 propositionis
2370 4018 2461 4073 est
2508 4013 2680 4090 panis
2732 4014 2794 4070 in
2846 4017 3012 4072 statu

386 4109 767 4175 transeunte;
814 4104 1215 4181 propositione
1248 4107 1540 4182 completa
1571 4110 1662 4165 est
1705 4125 1917 4182 corpus
1949 4105 2162 4165 Christi
2196 4105 2259 4163 in
2291 4107 2457 4163 statu
2490 4105 2891 4179 permanente.
2926 4137 3010 4144 —

388 4194 644 4253 Tandem
679 4195 751 4253 ad
784 4195 902 4253 alia
933 4194 1279 4253 testimonia
1311 4214 1355 4254 s.
1390 4196 1728 4271 Scripturae
1760 4195 2204 4272 respondemus,
2253 4193 2324 4252 iis
2369 4192 2572 4269 negari
2620 4191 3010 4267 praesentiam

388 4283 607 4342 Christi
640 4284 956 4353 visibilem,
990 4284 1341 4353 naturalem,
1377 4285 1572 4360 qualis
1606 4304 1674 4343 ea
1705 4285 1839 4354 fuit,
1874 4303 1993 4360 qua
2023 4282 2278 4342 visibilis
2310 4286 2369 4340 et
2403 4281 2671 4339 mortalis
2705 4282 2843 4339 ante
2876 4298 3010 4355 pas·

389 4373 614 4431 sionem
647 4372 902 4449 degebat
946 4373 1011 4431 in
1055 4375 1240 4431 terra:
1287 4391 1407 4432 non
1453 4392 1590 4432 vero
1638 4373 1899 4449 ejusdem
1935 4371 2315 4440 invisibilem,
2352 4370 2833 4429 sacramentalem
2871 4369 3011 4427 soli-

387 4480 506 4537 que
552 4461 690 4521 fidei
733 4461 1013 4537 perviam.
1081 4461 1161 4520 Cf.
1209 4463 1636 4538 Gregorius
1680 4463 1844 4538 berg.
1878 4461 1950 4519 de
1985 4463 2150 4522 verit.
2185 4478 2344 4535 corp.
2379 4460 2509 4523 Chr.
2542 4478 2588 4522 c,
2626 4468 2659 4520 2
2698 4477 2774 4518 ss.
2807 4476 3011 4533 opusc.

387 4549 643 4609 XXXIX.
709 4550 789 4614 cf.
821 4551 1232 4609 Franzelin
1265 4551 1412 4609 thes.
1450 4561 1520 4622 63
1553 4552 1902 4627 Vasquez
1934 4550 2000 4609 in
2035 4559 2069 4612 3
2105 4569 2160 4625 p,
2193 4549 2338 4624 disp.
2370 4558 2527 4616 201:
2562 4548 2907 4623 Perpetuite
2941 4547 3011 4605 de

388 4640 447 4697 la
476 4638 559 4698 foi
592 4639 667 4710 11,
705 4650 739 4702 2
775 4658 823 4699 c.
860 4650 892 4702 2
929 4658 1003 4699 ss.
1035 4643 1098 4698 et
1129 4639 1232 4710 111,
1270 4651 1303 4701 6
1341 4658 1387 4698 c.
1427 4652 1524 4710 10,
1557 4641 1663 4699 ubi
1696 4640 1855 4698 aliae
1889 4638 2271 4697 difficultates
2306 4639 2639 4696 solvuntur.
