3538 5364
586 289 672 353 58
924 279 1109 334 Tract.
1141 281 1287 333 VIII.
1313 280 1382 333 de
1409 279 1615 349 gratia.
1644 279 1801 333 Num
1826 295 1987 333 amor
2013 278 2118 333 Dei
2144 278 2428 333 naturalis
2453 278 2530 333 sit
2554 277 2858 350 possibilis,

581 466 677 525 est
709 466 1026 537 sterile,
1061 484 1253 537 conc.;
1286 467 1380 525 est
1408 465 1631 524 malum
1664 465 1703 523 i.
1734 484 1786 523 e.
1820 483 2017 524 veram
2041 465 2310 525 continet
2324 466 2616 524 rationem
2648 466 2950 542 peccati
2983 468 3046 524 et
3074 466 3206 524 cula

580 574 705 632 pae,
740 574 912 632 neg0,
948 555 1259 632 supposito
1280 555 1404 615 scil.
1426 554 1585 631 quod
1605 572 1726 614 non
1758 555 1841 613 sit
1872 554 2132 625 aliunde,
2166 573 2236 613 ex
2267 554 2500 630 objecto
2530 554 2625 613 vel
2646 554 2945 629 adjunctis
2964 554 3205 613 malum.

581 644 843 705 Concedo
888 644 1135 720 primam
1182 663 1346 721 prop.
1379 644 1523 707 min.
1556 644 1708 703 Dist.
1739 642 1992 720 primam
2029 643 2322 702 conclus:
2373 644 2537 719 Opus
2582 642 2647 702 in
2692 644 2872 702 finem
2916 659 3205 718 superna·

578 733 830 792 turalem
863 752 971 793 seu
1000 734 1181 792 finem
1212 734 1497 792 ultimum
1518 732 2060 809 supernaturaliter
2077 732 2498 810 attingendum
2518 751 2545 791 s
2563 732 2631 790 ci
2650 752 2681 791 e
2697 736 2826 791 nte
2842 753 2872 792 r
2900 751 3023 791 non
3054 733 3205 790 rela-

577 826 710 882 tum
741 826 834 881 est
864 824 1106 894 malum,
1140 841 1329 893 eonc.;
1374 842 1446 882 ex
1492 822 1976 898 inculpabili
2021 821 2360 898 ignorantia
2390 840 2510 881 nou
2544 822 2803 880 relatum
2835 823 2930 880 est
2956 821 3206 894 malum,

579 912 769 983 subd„
802 912 840 975 i.
872 931 920 971 e.
952 931 1072 971 non
1105 914 1199 971 est
1228 913 1490 971 salutare
1519 911 1776 987 ideoque
1807 914 1900 970 est
1929 911 2210 970 sterile
2240 911 2308 969 in
2337 910 2543 970 ordine
2573 910 2647 969 ad
2673 911 2858 970 vitam
2878 913 3200 982 aeternam,

579 1019 766 1070 conc.;
802 1005 895 1060 est
914 1004 1218 1076 peccatum
1250 1000 1593 1067 formale,
1626 1018 1838 1060 rursus
1871 1000 2029 1070 dist„
2062 999 2112 1059 si
2142 1000 2221 1058 sit
2249 1000 2418 1059 nullo
2438 1000 2613 1058 modo
2632 1000 2695 1058 in
2715 1001 2902 1059 Deum
2921 1001 3198 1069 relatum,

577 1091 681 1149 sed
715 1090 778 1149 in
811 1090 986 1149 finem
1020 1110 1054 1148 a
1088 1092 1205 1149 Deo
1238 1089 1588 1149 distinctum
1624 1107 1815 1160 conc.;
1848 1090 1898 1148 si
1931 1089 2144 1148 saltem
2176 1109 2281 1165 pro
2315 1088 2544 1148 viribus
2575 1092 2639 1148 et
2667 1089 2872 1148 debito
2896 1088 3198 1166 operantis

579 1180 661 1238 sit
692 1180 755 1238 in
787 1180 972 1238 Deum
1002 1180 1261 1237 relatum
1294 1181 1358 1237 et
1386 1197 1455 1236 ex
1486 1179 1720 1254 obJecto
1750 1182 1814 1237 et
1844 1177 2146 1254 adjunctis
2179 1177 2418 1249 bonum,
2451 1197 2623 1255 nego.

761 1315 860 1367 66.
895 1296 1247 1369 Seh0110n
1279 1300 1384 1368 Π.
1426 1303 1763 1375 Quaeritur,
1797 1323 1939 1362 num
1958 1304 2125 1361 homo
2143 1304 2282 1361 solis
2300 1303 2521 1361 viribus
2539 1310 2790 1361 naturae
2799 1303 2985 1379 possit
3004 1291 3203 1360 elicere

578 1411 839 1452 amorem
889 1393 1001 1451 Dei
1050 1393 1173 1451 sive
1223 1393 1733 1469 concupiscentiae
1780 1392 1905 1451 sive
1949 1392 2399 1451 benevolentiae
2445 1400 2628 1469 super
2672 1393 2887 1455 om'nia.
2967 1390 3207 1468 Negant

576 1484 883 1557 tamquam
903 1482 1274 1557 probabilius
1292 1483 1497 1559 plures
1517 1481 1800 1558 theologi,
1833 1482 1929 1540 vel
1962 1480 2346 1539 distinctione
2377 1481 2536 1539 facta
2565 1481 2725 1540 inter
2742 1498 3002 1539 amorem
3034 1479 3204 1538 habi-

577 1571 803 1629 tualem
834 1574 895 1629 et
925 1571 1237 1642 actualem,
1271 1571 1430 1630 hunc
1460 1569 1810 1637 concedunt,
1844 1570 2015 1628 illum
2049 1574 2286 1647 negant.
2334 1570 2457 1628 Alii
2509 1570 2860 1646 simpliciter
2905 1569 3206 1628 affirmant

577 1678 714 1717 cum
746 1659 1062 1730 Molina‚
1096 1661 1267 1736 cujus
1302 1660 1599 1719 sententia
1631 1660 1747 1718 suit
1781 1661 2205 1718 communis
2237 1659 2567 1718 multorum
2587 1660 2997 1735 theologorum
3031 1657 3200 1717 scho-

575 1749 683 1820 lae,
719 1751 789 1807 ut
818 1752 1125 1808 ostensum
1157 1753 1249 1808 est
1279 1750 1344 1808 in
1376 1748 1939 1826 congregationibus
1960 1749 2033 1807 de
2052 1748 2304 1810 auxiliis,
2358 1748 2437 1808 cf.
2459 1749 2568 1806 Ma
2579 1767 2666 1824 ye
2684 1747 2829 1818 rIV,
2861 1758 2925 1831 ¹.¹
2954 1770 2969 1817 3
3003 1747 3070 1818 V,
3104 1758 3202 1810 10.

575 1837 655 1895 Et
684 1857 888 1897 revera
934 1838 985 1895 si
1030 1838 1204 1897 homo
1251 1841 1385 1914 post
1428 1839 1663 1914 lapsum
1698 1839 1887 1896 Deum
1918 1856 2037 1897 non
2069 1836 2328 1913 amplius
2361 1836 2610 1915 diligere
2643 1841 2847 1913 posset
2869 1837 3200 1909 dilectione

577 1944 759 2002 super
791 1927 1005 2004 omnia,
1039 1926 1207 1986 nulla
1239 1928 1551 2004 supposita
1581 1927 1748 2004 gravi
1781 1927 2142 1986 tentatione:
2181 1928 2307 2001 jam
2352 1928 2566 1985 natura
2611 1926 2674 1985 in
2721 1944 2784 1985 se
2814 1926 3030 1985 fuisset
3062 1925 3201 1983 vul·

576 2018 800 2088 nerata,
834 2014 993 2090 quod
1025 2019 1225 2075 tamen
1256 2016 1505 2091 plurimi
1536 2017 1802 2093 theologi
1834 2020 2084 2093 negant;
2134 2016 2254 2074 imo
2298 2016 2361 2073 in
2408 2034 2469 2074 se
2501 2019 2798 2091 corrupta,
2823 2015 2992 2091 'quod
3023 2032 3199 2073 nemo

574 2105 991 2181 theologorum
1011 2106 1294 2167 concedit.
1345 2106 1477 2165 Huc
1507 2107 1660 2164 sorte
1692 2105 1902 2164 referri
1932 2108 2189 2181 possunt
2219 2104 2399 2163 verba
2429 2122 2475 2163 s.
2509 2103 2894 2163 Bernardi
2926 2104 2998 2162 de
3032 2102 3199 2181 dilig.

578 2194 697 2252 Deo
730 2211 775 2256 c.
816 2203 849 2256 2
884 2214 941 2251 n.
979 2205 1046 2258 6:
1088 2194 1557 2262 ,Inexcusabilis
1590 2197 1681 2253 est
1711 2196 1924 2266 omnis,
1972 2196 2154 2254 etiam
2197 2193 2468 2264 infidelia,
2516 2194 2570 2253 si
2613 2212 2734 2252 non
2766 2193 2967 2271 diligit
2997 2192 3198 2251 Domi-

575 2301 721 2340 num
755 2283 942 2341 Deum
975 2301 1151 2342 suum
1190 2304 1261 2343 ex
1305 2287 1434 2343 toto
1481 2284 1672 2353 corde,
1717 2288 1850 2342 tota
1878 2284 2092 2351 anima,
2125 2286 2251 2342 tota
2281 2282 2508 2341 virtute
2541 2302 2664 2341 sua.
2731 2282 2957 2341 Clamat
2985 2300 3200 2358 nempe

576 2370 743 2429 intus
776 2374 832 2429 ei
862 2373 1069 2431 innata
1096 2377 1158 2432 et
1186 2393 1309 2433 non
1340 2374 1615 2450 ignorata
1646 2373 1865 2431 rationi
1890 2373 2148 2449 justitia,
2196 2370 2338 2447 quia
2381 2390 2450 2430 ex
2489 2375 2616 2430 toto
2649 2390 2712 2430 se
2743 2372 2916 2430 illum
2949 2370 3201 2448 diligere

576 2460 806 2531 debeat,
838 2461 938 2519 cui
970 2479 1033 2519 se
1063 2466 1261 2521 totum
1292 2462 1505 2521 debere
1535 2480 1657 2521 non
1684 2462 1980 2539 ignorat.‘
2029 2462 2108 2519 Et
2136 2479 2279 2519 sane
2310 2478 2431 2519 non
2463 2465 2555 2519 est
2586 2460 2988 2537 spernendum
3020 2478 3201 2537 argu·

575 2553 844 2608 mentum
878 2550 1091 2610 Scoti
1122 2551 1185 2609 iu
1223 2562 1277 2614 3.
1309 2551 1365 2610 d.
1403 2561 1479 2613 27
1517 2570 1574 2626 q.
1605 2550 1811 2609 unica:
1848 2550 2070 2618 ,Recta
2099 2551 2254 2608 ratio
2287 2549 2490 2621 dictat,
2526 2550 2720 2609 solum
2754 2568 3056 2608 summum
3089 2549 3199 2607 bo·

575 2657 719 2697 num
752 2639 1057 2699 infinitum
1090 2659 1221 2700 esse
1241 2659 1471 2700 summe
1491 2640 1880 2718 diligendum,
1912 2642 1974 2700 et
2006 2659 2110 2716 per
2141 2656 2509 2716 consequens
2540 2640 2822 2699 voluutas
2854 2639 2965 2699 hoc
2995 2640 3198 2716 potest

575 2746 645 2786 ex
679 2730 846 2805 puris
876 2731 1283 2790 naturalibus:
1329 2730 1482 2788 nihil
1514 2730 1673 2789 enim
1705 2732 1908 2805 potest
1938 2730 2285 2788 intellectus
2317 2734 2476 2788 recte
2509 2728 2750 2803 dictare,
2784 2729 2848 2787 in
2880 2728 3040 2805 quod
3071 2728 3197 2787 dic-

573 2821 770 2876 tatum
815 2838 934 2878 non
980 2820 1167 2894 possit
1213 2820 1492 2877 voluntas
1538 2819 1832 2877 naturalis
1876 2818 2229 2878 naturaliter
2259 2818 2579 2889 tendere3‘
2627 2836 2822 2894 neque
2868 2816 3198 2894 spernenda

575 2907 731 2965 ratio
764 2927 809 2965 s.
842 2908 1225 2966 Antonini
1261 2928 1315 2982 q.
1351 2917 1388 2969 4
1421 2907 1519 2967 tit.
1554 2917 1588 2969 6
1624 2927 1670 2965 o.
1708 2919 1742 2970 3
1780 2905 1813 2975 ἕ
1850 2917 1918 2969 2:
1965 2908 2071 2977 ,Si
2104 2908 2463 2966 naturaliter
2494 2912 2652 2966 amat
2681 2907 2844 2966 filius
2877 2910 3127 2984 patrem,
3161 2926 3197 2964 a

572 3014 692 3069 quo
726 2997 903 3054 habet
934 3000 1161 3071 partem
1194 2997 1486 3075 corporis:
1520 3000 1744 3071 quanto
1777 2996 1968 3073 magis
2001 3016 2195 3056 amare
2225 2996 2402 3055 debet
2424 2998 2630 3067 Deum,
2665 2997 2770 3072 qui
2802 2999 2864 3055 et
2894 3014 3106 3072 corpus
3139 2994 3196 3054 ei

573 3086 636 3141 et
680 3085 936 3142 animam
982 3103 1051 3144 ex
1094 3085 1288 3144 nihilo
1320 3085 1520 3148 fecit.‘
1588 3086 1769 3145 Favet
1802 3086 1940 3144 huic
1970 3085 2290 3145 assertioni
2320 3085 2619 3144 damnatio
2649 3103 2815 3161 prop.
2846 3085 2979 3161 Baji
3016 3093 3098 3148 34
3130 3087 3194 3143 et

576 3181 676 3242 36,
718 3192 898 3248 quam
929 3174 1110 3232 habes
1142 3193 1200 3232 n.
1239 3184 1337 3238 58.
1405 3173 1574 3243 Quod
1621 3176 1674 3233 si
1721 3175 1949 3233 viribus
1983 3179 2233 3233 naturae
2263 3175 2439 3234 homo
2472 3177 2669 3251 potest
2700 3175 2889 3233 Deum
2922 3172 3192 3250 diligere,

570 3379 710 3432 lasst
734 3377 855 3433 sich
882 3378 1033 3432 wohl
1061 3396 1149 3433 am
1176 3377 1511 3433 leichtesten
1538 3379 1795 3434 dadurch
1818 3379 2078 3440 erzielen,
2106 3380 2236 3433 dass
2260 3396 2393 3432 man
2421 3378 2529 3432 mit
2547 3379 2955 3433 Bonaventura
2975 3381 3047 3450 (2.
3066 3377 3198 3432 dist.

571 3464 640 3514 28
665 3475 716 3510 a.
745 3465 776 3513 2
802 3475 856 3526 q.
883 3461 936 3529 3)
962 3457 1056 3512 die
1085 3459 1404 3514 natflrliche
1446 3458 1824 3520 Sittlichkeit,
1865 3460 2168 3513 besonders
2208 3460 2271 3513 in
2311 3460 2422 3513 den
2462 3459 2585 3513 vier
2611 3458 3198 3529 Cardinaltugenden‚

571 3539 737 3591 unter
764 3537 890 3590 dem
919 3536 1405 3608 Gesichtspunkte
1434 3537 1588 3592 eines
1618 3540 1831 3593 bonum
1861 3539 2079 3593 ordin
2096 3540 2323 3604 abile,
2364 3539 2424 3593 in
2452 3541 2620 3593 finem
2650 3540 2770 3595 scil.
2797 3543 3199 3608 supernatura·

570 3617 681 3670 lem
708 3619 865 3681 fasst,
908 3617 1177 3671 wahrend
1223 3617 1316 3671 die
1361 3619 1826 3675 iibernatiirliche
1869 3619 2227 3673 Sittlichkeit
2268 3619 2360 3673 ein
2403 3622 2618 3675 bonum
2659 3619 3093 3673 ordinatum
3135 3618 3197 3672 in

568 3696 737 3749 finem
763 3713 909 3768 resp.
938 3697 1247 3768 disponens
1273 3700 1347 3751 ad
1375 3698 1489 3752 tale
1523 3701 1729 3753 bonum
1760 3701 1859 3752 sei.
1910 3699 2170 3752 Alsdann
2196 3699 2354 3752 kann
2394 3717 2526 3752 man
2569 3698 2820 3752 namlich
2862 3714 3068 3768 sagen:
3112 3698 3199 3753 als

568 3776 663 3832 ein
708 3779 924 3835 solches
972 3781 1184 3833 bonum
1225 3777 1545 3833 ordinabile
1591 3778 1673 3832 sei
1698 3778 1793 3832 die
1838 3779 2160 3834 natm-liobe
2203 3778 2560 3833 Sittlichkeit
2600 3779 2749 3832 auch
2803 3777 3198 3849 gegenwartig

567 3857 748 3911 durch
776 3858 869 3912 die
896 3859 1003 3912 Kra
1015 3859 1064 3912 ft
1087 3859 1187 3912 der
1230 3859 1283 3912 N
1287 3862 1417 3912 atur
1460 3858 1626 3912 nicht
1673 3859 1795 3913 blos
1839 3858 2110 3929 moglich‚
2155 3859 2405 3913 sondern
2449 3859 2597 3913 auch
2644 3858 2928 3921 wirklich,
2970 3859 3088 3911 und
3133 3858 3197 3912 in

566 3936 778 3992 diesem
822 3937 995 3992 Sinne
1042 3939 1313 3991 verwerfe
1358 3938 1451 3991 die
1496 3938 1663 3992 Bulle
1708 3940 2019 3993 Auctorem
2065 3939 2198 3992 fidei
2242 3938 2352 3992 den
2393 3937 2877 4009 jansenistischen
2923 3939 3192 4003 Irrthum,

567 4015 811 4072 welcher
837 4035 941 4071 aus
967 4018 1067 4072 der
1095 4017 1282 4071 Natur
1307 4018 1390 4070 als
1417 4018 1640 4071 solcher
1665 4018 1788 4072 blos
1816 4017 1908 4072 die
1953 4035 2133 4088 prava
2177 4019 2483 4090 cupiditas,
2528 4021 2646 4074 also
2691 4019 2788 4072 ein
2828 4017 3044 4072 malum
3071 4036 3190 4073 non

567 4096 885 4152 ordinabile
912 4099 1303 4169 hervorgehen
1333 4099 1499 4153 lasst:
1541 4097 1845 4152 inwiefern
1878 4098 2090 4168 jedoch
2116 4099 2209 4152 die
2236 4100 2386 4152 Akte
2414 4098 2552 4152 oder
2577 4099 2821 4162 Affekte,
2848 4097 3063 4153 welche
3089 4099 3192 4153 das

566 4177 779 4230 bonum
810 4178 1132 4232 ordinabile
1159 4178 1476 4242 euthalten,
1502 4181 1587 4233 als
1612 4179 1905 4249 uberlegte
1934 4179 2085 4234 Akte
2114 4181 2282 4233 unter
2308 4179 2557 4248 Leitung
2583 4180 2682 4233 des
2708 4178 3044 4245 Gewissens‚
3069 4180 3192 4234 also

565 4256 673 4308 mit
698 4256 1013 4311 Riicksicht
1036 4258 1143 4310 auf
1164 4256 1256 4311 die
1283 4258 1374 4312 lex
1400 4261 1632 4312 aeterna
1673 4258 1793 4312 und
1836 4258 1930 4312 die
1957 4258 2194 4312 Stimme
2223 4258 2420 4312 Gottes
2465 4259 2764 4329 vollzogen
2791 4258 2909 4312 und
2937 4259 3195 4313 dadurch

564 4336 671 4388 auf
692 4336 831 4390 Gott
858 4335 1241 4406 hingeordnet
1265 4337 1492 4391 werden
1519 4370 1586 4379 —
1612 4337 1818 4392 anders
1847 4338 2081 4392 will-den
2108 4338 2190 4392 sie
2209 4340 2274 4409 ja
2300 4339 2448 4393 auch
2474 4338 2644 4393 keine
2665 4338 3049 4394 vollkommen
3072 4339 3195 4392 sitt-

563 4413 756 4469 lichen
783 4415 933 4469 Akte
960 4415 1100 4478 sein,
1142 4416 1306 4470 nicht
1345 4416 1554 4471 einmal
1599 4418 1684 4471 als
1730 4417 1953 4472 sittlich
1997 4419 2254 4473 erlaubte
2282 4419 2431 4472 Akte
2476 4437 2546 4472 zu
2574 4419 2784 4473 Stande
2828 4418 3097 4473 kommen
3124 4452 3193 4460 —

565 4495 796 4549 will-den
826 4495 906 4548 sie
934 4497 1072 4549 stete
1100 4498 1269 4549 unter
1296 4496 1547 4567 Leitung
1571 4497 1669 4551 des
1695 4497 2125 4554 iibernatiirlich
2143 4499 2534 4553 erleuchteten
2556 4499 2875 4554 Gewissens
2897 4499 3014 4552 und
3035 4499 3193 4553 eines

565 4573 1069 4629 fibernatiirlichen
1096 4575 1399 4630 Antriebes
1427 4577 1625 4632 Gottes
1652 4578 1948 4649 vollzogen
1978 4579 2097 4633 und
2125 4579 2404 4632 erhielten
2432 4578 2691 4632 dadurch
2719 4579 2846 4634 eine
2875 4579 3190 4647 wirkliche,

566 4671 730 4707 wenn
756 4655 904 4708 auch
933 4655 1018 4709 oft
1046 4657 1174 4708 sehr
1200 4656 1707 4711 unvollkommene
1736 4658 2024 4712 ordinatio
2071 4658 2129 4712 in
2161 4659 2330 4712 finem
2359 4661 2868 4730 supernaturalem,
2914 4659 3034 4713 a-lso
3062 4660 3188 4714 eine

563 4736 1023 4792 iibernatfirliche
1051 4736 1217 4789 Form
1247 4736 1367 4790 und
1396 4737 1616 4791 Weihe.
