3538 5364
1276 304 1358 357 De
1385 302 1628 359 concilio
1658 302 2027 359 illiberitano.
2827 312 2959 376 439

514 489 583 556 2.
618 493 945 551 Provocant
991 491 1066 550 ad
1110 490 1285 565 epist.
1337 500 1370 552 2
1419 490 1562 549 cleri
1609 490 1906 548 romani
1951 489 2023 548 ad
2066 489 2427 566 cyprianum
2472 493 2534 548 et
2579 489 2650 547 ad
2697 507 2787 565 ep.
2822 490 2959 567 Cy-

338 582 604 659 priani
640 590 717 644 52
752 581 826 639 ad
859 581 1077 639 Anton.
1109 598 1166 641 n.
1203 589 1258 648 6,
1293 580 1356 638 in
1389 579 1610 654 quibus
1642 579 1713 638 fit
1744 578 1968 639 mentio
2014 578 2614 655 temperamenti
2652 579 2864 637 statuti
2898 579 2962 637 in

339 690 513 730 causa
541 671 839 747 lapsorum
891 674 1002 738 ‚ut
1045 686 1154 728 nec
1197 670 1260 727 in
1293 671 1490 727 totum
1525 687 1659 743 spes
1692 668 2249 727 communicationis
2280 670 2344 726 et
2373 668 2535 742 pacis
2568 667 2749 743 lapsis
2781 668 2960 727 dene-

339 764 596 837 garetur,
628 778 702 819 ne
734 760 870 834 plus
901 758 1309 833 desperatione
1340 757 1672 826 deficerent,
1714 761 1779 816 et
1807 776 1894 829 eo,
1929 757 2090 832 quod
2123 757 2237 816 sibi
2270 756 2531 815 Ecclesia
2561 757 2955 827 clauderetur,

340 849 527 908 secuti
558 849 827 907 seculum
858 848 1167 925 gentiliter
1198 847 1495 906 viverent:
1542 865 1652 905 nec
1696 850 1895 905 tamen
1944 864 2155 905 rursus
2188 864 2439 905 censura
2469 846 2809 922 evangelica
2844 847 2960 906 sol-

342 940 594 1007 veretur,
629 941 701 996 ut
730 936 803 995 ad
836 936 1433 996 communicationem
1463 939 1686 995 temere
1718 936 2083 1011 prosilirent,
2119 936 2216 994 sed
2250 934 2587 993 traheretur
2620 935 2726 993 diu
2757 936 2961 1011 poeni-

339 1028 570 1086 tentia‘
606 1029 715 1085 etc.
781 1026 968 1101 Atqui
1015 1026 1123 1085 hoc
1166 1028 1697 1100 temperamentum
1730 1024 1852 1083 fuit
1883 1025 2187 1083 decretum
2219 1024 2482 1083 medium
2514 1024 2673 1082 inter
2702 1024 2957 1083 nimium

339 1116 614 1193 rigorem,
661 1133 778 1190 quo
816 1115 997 1190 lapsis
1030 1114 1228 1175 omnis,
1252 1114 1657 1191 denegabatur
1687 1114 1877 1187 venia,
1925 1116 1987 1172 et
2030 1114 2210 1172 nimis
2243 1113 2476 1173 facilem
2507 1112 2962 1190 indulgentiam.

340 1205 513 1282 Ergo,
562 1205 845 1273 inferunt,
898 1204 1128 1262 exstitit
1171 1204 1470 1278 quondam
1516 1203 1714 1278 praxis
1762 1203 2092 1280 denegandi
2142 1203 2320 1279 lapsis
2365 1220 2584 1277 pacem.
2620 1236 2704 1247 —
2738 1202 2959 1262 Verum

341 1294 465 1369 ipse
497 1294 933 1369 Cyprianus
980 1294 1196 1352 diserte
1242 1292 1304 1350 in
1350 1292 1554 1351 eadem
1599 1311 1689 1368 ep.
1736 1312 1794 1351 n.
1835 1301 1903 1355 21
1951 1311 2028 1354 ss,
2065 1295 2338 1361 testatur,
2391 1291 2685 1367 ejusmodi
2735 1292 2960 1366 praxim

340 1382 592 1459 rigidam
629 1402 935 1458 nunquam
966 1382 1032 1441 in
1062 1381 1344 1441 universa
1374 1381 1632 1440 Ecclesia
1663 1382 1942 1459 viguisse,
1992 1401 2101 1441 nec
2131 1382 2393 1457 potuisse
2424 1380 2643 1457 vigere,
2692 1380 2794 1440 sed
2839 1399 2963 1440 esse

340 1471 712 1547 quorundam
760 1471 1191 1531 obstinatorum
1228 1474 1336 1530 etc.
1386 1465 1470 1553 (n.
1507 1466 1697 1551 451);
1750 1471 1944 1529 clerus
1989 1489 2270 1530 romanus
2315 1469 2646 1545 profitetur,
2700 1488 2762 1528 se
2809 1470 2962 1528 nihil

340 1562 651 1621 innovare:
684 1561 1030 1619 innovasset
1059 1578 1199 1619 vero
1231 1579 1409 1635 quam
1444 1560 1693 1618 maxime
1716 1559 2030 1634 pristinam
2052 1560 2439 1635 disciplinam,
2476 1560 2526 1618 si
2560 1563 2681 1617 tam
2714 1559 2960 1618 horren-

342 1650 454 1709 dus
484 1649 653 1725 prius
682 1649 976 1725 viguisset
1005 1649 1187 1727 rigor.
1255 1648 1447 1718 Quare
1481 1649 1632 1708 illud
1668 1652 2199 1724 temperamentum
2235 1667 2353 1708 non
2385 1650 2479 1706 est
2509 1648 2840 1707 necessario
2872 1667 2964 1706 re-

342 1738 650 1798 ferendum
683 1738 755 1796 ad
789 1740 1085 1814 quandam
1117 1738 1457 1815 rigidiorem
1490 1738 1785 1796 Ecclesiae
1815 1738 2059 1813 praxim,
2112 1758 2262 1814 quae
2308 1737 2476 1814 prius
2524 1737 2814 1813 viguerit:
2861 1737 2963 1796 sed

343 1829 437 1885 vel
471 1827 801 1904 significare
833 1832 1031 1902 potest
1060 1827 1256 1903 quod
1277 1846 1578 1902 cunque
1610 1828 1916 1902 placitum,
1954 1830 2269 1898 statutum,
2317 1844 2436 1902 quo
2482 1827 2816 1897 dirimatur,
2863 1826 2964 1884 de-

344 1916 577 1975 cidatur
605 1917 902 1992 lapsorum
935 1934 1144 1987 causa;
1193 1917 1284 1975 vel
1328 1916 1584 1976 refertur
1614 1916 1687 1975 ad
1719 1915 1869 1974 duas
1903 1920 2192 1975 extremas
2227 1916 2511 1975 factiones
2544 1915 2960 1986 schismaticae,

344 2024 494 2081 quae
525 2009 673 2064 tunc
704 2006 1020 2065 Ecclesiam
1066 2005 1422 2064 turbabant:
1475 2024 1725 2080 quarum
1780 2024 1898 2064 una
1947 2005 2266 2064 crudeliter
2311 2006 2486 2063 nimis
2532 2024 2733 2080 pacem
2780 2004 2964 2081 lapsis

345 2095 616 2172 negabat,
663 2095 850 2153 altera
879 2095 1058 2154 nimis
1091 2097 1311 2153 temere
1359 2098 1420 2153 et
1466 2094 1904 2153 inconsiderate
1936 2094 2138 2169 lapsiS,
2177 2095 2314 2153 licet
2346 2112 2667 2171 congruam
2700 2094 2965 2153 nondum

344 2185 608 2261 egissent
637 2184 1083 2258 poenitentiam,
1118 2203 1319 2260 pacem
1351 2183 1546 2244 dabat.

521 2302 588 2369 3.
638 2308 965 2366 Provocant
1009 2309 1082 2366 ad
1129 2327 1381 2367 canones
1426 2326 1584 2367 conc.
1631 2309 2134 2367 illiberitani
2179 2305 2594 2387 (probabiliter
2625 2328 2670 2370 c.
2703 2330 2754 2372 a.
2790 2306 2963 2389 306),

343 2397 406 2454 in
439 2397 659 2471 quibus
693 2397 910 2472 passim
930 2397 1340 2475 peccatoribus
1360 2397 1632 2475 gravium
1654 2398 1969 2456 criminum
2004 2398 2121 2456 reis
2154 2401 2408 2474 negatur
2441 2399 2532 2457 vel
2565 2398 2626 2456 in
2661 2398 2776 2456 fine
2808 2399 2964 2457 vitae

345 2486 792 2547 communio,
858 2487 1044 2561 Atqui
1079 2486 1311 2546 nomine
1344 2487 1799 2555 communioniS,
1849 2487 2135 2562 inquiunt
2181 2487 2243 2545 hi
2287 2486 2571 2563 theologi,
2619 2487 2966 2563 designatur

343 2575 920 2634 reconciliatio,
968 2575 1119 2654 Ergo
1152 2575 1559 2653 denegabatur
1595 2576 1958 2651 quibusdam
1990 2577 2245 2653 peccatis
2278 2579 2471 2635 omnis
2504 2576 2693 2635 venia.
2746 2576 2963 2634 Verum

343 2664 578 2723 nomine
609 2663 1043 2724 communionis
1074 2665 1336 2743 intelligi
1370 2664 1549 2724 debet
1580 2664 1967 2735 eucharistia3
2020 2664 2243 2725 dicitur
2291 2665 2448 2726 enim
2501 2685 2624 2725 can.
2682 2674 2715 2728 3
2770 2668 2830 2724 et
2883 2675 2961 2728 78

343 2753 760 2824 dominica;
795 2772 918 2816 can.
958 2765 989 2816 7
1002 2764 1035 2815 6
1071 2755 1305 2822 laica;
1341 2754 1625 2813 dicuntur
1656 2755 1900 2830 quidam
1933 2759 2270 2832 peccatores
2302 2756 2375 2814 ab
2408 2774 2474 2814 ea
2506 2755 2719 2814 debere
2753 2774 2815 2814 se
2847 2755 2964 2812 ab·

342 2842 642 2901 stinere
674 2861 800 2901 can.
838 2853 916 2906 50
952 2847 1015 2902 et
1048 2854 1148 2913 61,
1199 2844 1381 2903 arceri
1423 2862 1546 2903 can.
1585 2853 1684 2907 30.
1721 2854 1821 2907 40.
1862 2855 1960 2906 67.
2001 2854 2111 2914 78;
2161 2845 2527 2903 reconciliari
2563 2844 2964 2903 communioni

343 2949 466 2990 can.
505 2942 618 3002 793
666 2951 843 3007 quam
876 2932 1054 2992 etiam
1101 2933 1413 2992 diaconi
1458 2933 1596 2991 dare
1631 2938 1886 3008 possunt
1918 2951 2044 2996 can.
2081 2944 2180 2997 32.
2249 2933 2440 3002 Quare
2473 2933 2712 2993 concedi
2746 2937 2962 3010 potest,

340 3020 465 3079 illis
487 3021 812 3080 canonibus
832 3022 1036 3099 negari
1054 3022 1293 3098 quidem
1323 3022 1683 3098 quibusdam
1715 3023 2127 3099 peccatoribus
2159 3023 2402 3081 viatic
2421 3042 2565 3082 um:
2601 3023 2735 3082 inde
2768 3026 2967 3080 tamen

342 3127 461 3168 non
495 3110 769 3185 sequitur
801 3111 1146 3187 denegatam
1179 3111 1365 3170 fuisse
1398 3111 1576 3169 etiam
1614 3111 2073 3174 absolutionem.
2121 3110 2282 3180 Quae
2314 3113 2509 3188 praxis
2541 3116 2613 3170 ut
2644 3114 2756 3171 rite
2788 3112 2965 3171 intel-

343 3196 567 3276 ligatur
598 3204 658 3257 et
690 3200 893 3275 plures
925 3200 1308 3259 difficultates
1343 3201 1672 3271 solvantur,
1709 3203 1851 3260 haec
1883 3204 2198 3259 notentur:
2249 3217 2309 3266 a.
2356 3202 2833 3260 communionem
2875 3219 2965 3260 ec-

341 3287 728 3346 clesiasticam
775 3288 1053 3364 pluribus
1101 3289 1390 3349 contineri
1433 3289 1626 3357 bonis,
1678 3294 1750 3347 ut
1800 3289 2251 3365 participatione
2300 3291 2671 3366 publicarum
2703 3308 2964 3367 precum,

332 3377 471 3451 jure
502 3377 938 3437 interveniendi
972 3379 1198 3455 synaxi,
1233 3379 1296 3437 in
1328 3397 1396 3437 ea
1426 3378 1681 3437 faciendi
1713 3378 2095 3446 oblationem,
2126 3380 2261 3455 jure
2293 3380 2365 3437 ad
2399 3379 2698 3457 suffragia,
2744 3380 2806 3437 in
2840 3381 2964 3455 pri-

342 3465 454 3523 mis
487 3467 876 3525 eucharistiae
899 3468 1370 3542 participatione.
1419 3467 1605 3542 Atqui
1643 3464 1708 3532 b.
1742 3470 1988 3544 propter
2018 3468 2309 3543 quaedam
2340 3472 2578 3545 peccata
2608 3470 2812 3546 gravia
2844 3488 2967 3527 om-

340 3553 521 3613 nibus
567 3555 727 3613 hisce
771 3555 945 3614 bonis
996 3560 1056 3615 et
1101 3557 1340 3630 juribus
1392 3556 1785 3632 privabantur
1816 3555 2018 3615 fideles
2068 3575 2133 3615 ac
2177 3557 2564 3634 gradatim
2616 3561 2853 3616 tantum
2906 3559 2966 3616 in

340 3661 545 3702 eorum
576 3662 755 3702 usum
787 3645 1287 3705 restituebantur:
1344 3645 1503 3703 unde
1554 3647 1715 3704 ortae
1759 3650 1903 3704 sunt
1949 3645 2144 3703 variae
2189 3641 2397 3726 (penes
2445 3646 2646 3722 plures
2696 3646 2968 3705 ecclesias

340 3732 587 3791 orientis
610 3732 889 3812 quatuor)
910 3734 1344 3810 poenitentium
1367 3734 1652 3793 stationes
1686 3752 1792 3792 seu
1825 3735 2061 3793 ordines
2077 3730 2140 3816 ¹).
2177 3735 2404 3810 Duplex
2426 3738 2625 3794 autem
2660 3750 2724 3799 (3.
2759 3754 2964 3793 recon-

341 3820 569 3880 ciliatio
601 3822 1040 3900 distinguatur:
1094 3823 1282 3882 altera
1331 3823 1621 3899 imperf
1631 3842 1661 3881 e
1682 3829 1753 3881 ct
1772 3844 1805 3881 a
1825 3869 1837 3893 ,
1891 3842 2041 3899 quae
2074 3824 2492 3883 continebatur
2523 3824 2903 3883 absolutione
2935 3844 2969 3882 a

342 3911 717 3985 peccatis,
751 3916 968 3990 negata
985 3913 1178 3971 adhuc
1199 3913 1372 3987 plena
1393 3912 1811 3971 communione
1845 3916 1907 3971 et
1939 3913 2315 3983 eucharistia,
2348 3933 2466 3989 qua
2497 3934 2565 3972 ea
2596 3932 2967 3973 consumma-

340 3998 548 4069 batur3
582 4000 769 4058 altera
812 4001 1193 4077 perfecta,
1242 4021 1360 4076 qua
1406 4001 1660 4060 omnia
1695 4000 1849 4059 bona
1881 4006 1942 4060 et
1969 4003 2107 4077 jura
2139 4003 2574 4062 communionis
2607 4002 2965 4061 ecclesiasti-

340 4105 440 4147 cae
470 4089 958 4161 restituebantur,
992 4110 1143 4166 qnae
1176 4090 1486 4149 dicebatur
1516 4086 1799 4153 κοινωνία
1831 4092 1982 4172 μετὰ
2015 4101 2389 4176 προσφορᾶς,
2437 4093 2683 4164 τέλειον,
2731 4091 2966 4149 absolu-

341 4176 575 4236 tissima
591 4179 1010 4250 reconciliatiO,
1035 4179 1281 4264 μέθεξις
1301 4176 1627 4262 ἁγιασμῶν,
1651 4179 2056 4238 reconciliatio
2077 4180 2300 4250 altaris,
2323 4181 2594 4258 legitima
2609 4180 2964 4251 communio,

340 4267 678 4326 communio
726 4271 788 4326 et
830 4287 940 4346 pax
988 4268 1356 4344 simpliciter,
1408 4287 1559 4344 quae
1605 4269 2108 4344 complectebatur
2150 4269 2589 4346 indulgentiam
2622 4269 2967 4345 plenariam.

563 4450 597 4517 ¹)
627 4446 708 4501 cf.
736 4448 805 4501 de
832 4447 1143 4502 stationum
1171 4449 1413 4520 origine,
1442 4465 1681 4503 numero
1710 4451 1816 4502 etc.
1845 4448 1887 4501 F
1905 4467 1941 4501 ιι
1960 4467 1996 4502 n
2014 4447 2053 4500 k
2079 4448 2521 4519 Kirchengesch.
2541 4448 2826 4503 Abhandl.
2849 4448 2965 4501 und

344 4525 861 4597 Untersuchungen
878 4546 931 4580 n.
950 4531 1018 4591 7.,
1034 4527 1135 4582 ubi
1156 4528 1408 4582 ostendit
1423 4545 1517 4582 eas
1539 4528 1793 4598 coepisse
1815 4526 2051 4581 ineunte
2069 4544 2175 4580 sec.
2194 4537 2243 4582 4.
2259 4526 2320 4580 in
2338 4527 2587 4591 Oriente,
2607 4543 2791 4596 neque
2811 4528 2966 4599 apud

341 4621 536 4661 omnes
582 4607 846 4662 ecclesias
890 4609 1140 4663 Orientis
1186 4609 1457 4679 viguisse,
1503 4608 1599 4663 sed
1641 4607 1978 4677 praesertim
2024 4607 2082 4661 in
2113 4607 2250 4661 Asia
2276 4607 2514 4667 minori;
2562 4607 2622 4661 in
2663 4607 2968 4662 Occidente

341 4685 807 4742 distributionem
833 4689 1254 4759 poenitentium
1282 4689 1345 4742 in
1374 4692 1624 4758 quatuor
1650 4687 1927 4743 stationes
1955 4688 2130 4741 fuisse
2159 4687 2447 4758 ignotam:
2487 4688 2550 4742 in
2576 4688 2808 4743 Oriente
2835 4705 2967 4742 vero

342 4784 458 4821 non
484 4765 586 4820 diu
616 4766 791 4821 fuisse
817 4770 1116 4833 servatam,
1143 4772 1272 4838 post
1298 4767 1555 4821 Nectarii
1588 4768 1802 4822 factum
1831 4769 1922 4838 (cf,
1953 4767 2105 4820 infra
2131 4786 2187 4821 n.
2214 4770 2338 4834 491')
2368 4768 2483 4822 fere
2510 4769 2825 4822 evanuisse.
