<?xml version="1.0" encoding="UTF-8"?>
<!DOCTYPE html PUBLIC "-//W3C//DTD XHTML 1.0 Transitional//EN"
    "http://www.w3.org/TR/xhtml1/DTD/xhtml1-transitional.dtd">
<html xmlns="http://www.w3.org/1999/xhtml" xml:lang="en" lang="en">
 <head>
  <title>
</title>
<meta http-equiv="Content-Type" content="text/html;charset=utf-8" />
  <meta name='ocr-system' content='tesseract 3.04.00' />
  <meta name='ocr-capabilities' content='ocr_page ocr_carea ocr_par ocr_line ocrx_word'/>
</head>
<body>
  <div class='ocr_page' id='page_1' title='image "./theologiaedogma00hurtgoog_0677.png"; bbox 0 0 3538 5364; ppageno 0'>
   <div class='ocr_carea' id='block_1_1' title="bbox 1371 352 3022 425">
    <p class='ocr_par' dir='ltr' id='par_1_1' title="bbox 1371 352 3022 425">
     <span class='ocr_line' id='line_1_1' title="bbox 1371 352 3022 425; baseline -0.016 -17"><span class='ocrx_word' id='word_1_1' title='bbox 1371 352 1800 407; x_wconf 85' lang='lat' dir='ltr'>Consummatio</span> <span class='ocrx_word' id='word_1_2' title='bbox 1828 352 2047 405; x_wconf 87' lang='lat' dir='ltr'>mundi.</span> <span class='ocrx_word' id='word_1_3' title='bbox 2883 360 3022 425; x_wconf 66' lang='lat'>(367-</span> 
     </span>
    </p>
   </div>
   <div class='ocr_carea' id='block_1_2' title="bbox 392 537 3036 4888">
    <p class='ocr_par' dir='ltr' id='par_1_2' title="bbox 392 537 3028 1951">
     <span class='ocr_line' id='line_1_2' title="bbox 393 537 3021 617; baseline -0.002 -18"><span class='ocrx_word' id='word_1_4' title='bbox 393 540 800 617; x_wconf 86' lang='lat' dir='ltr'>intelligenda.</span> <span class='ocrx_word' id='word_1_5' title='bbox 867 540 945 597; x_wconf 89' lang='lat' dir='ltr'>Ut</span> <span class='ocrx_word' id='word_1_6' title='bbox 989 540 1147 598; x_wconf 88' lang='lat' dir='ltr'>enim</span> <span class='ocrx_word' id='word_1_7' title='bbox 1193 539 1387 597; x_wconf 88' lang='lat' dir='ltr'>virtus</span> <span class='ocrx_word' id='word_1_8' title='bbox 1430 542 1491 595; x_wconf 90' lang='lat' dir='ltr'>et</span> <span class='ocrx_word' id='word_1_9' title='bbox 1521 538 1863 615; x_wconf 87' lang='lat' dir='ltr'>benignitas</span> <span class='ocrx_word' id='word_1_10' title='bbox 1895 538 2231 597; x_wconf 80' lang='lat' dir='ltr'><strong>liberatoris</strong></span> <span class='ocrx_word' id='word_1_11' title='bbox 2263 537 2548 608; x_wconf 80' lang='lat' dir='ltr'>liberatiS,</span> <span class='ocrx_word' id='word_1_12' title='bbox 2599 538 2718 596; x_wconf 92' lang='lat' dir='ltr'>imo</span> <span class='ocrx_word' id='word_1_13' title='bbox 2768 541 2830 597; x_wconf 90' lang='lat' dir='ltr'>et</span> <span class='ocrx_word' id='word_1_14' title='bbox 2878 538 3021 596; x_wconf 79' lang='lat' dir='ltr'>aliis</span> 
     </span>
     <span class='ocr_line' id='line_1_3' title="bbox 392 627 3025 705; baseline -0.001 -18"><span class='ocrx_word' id='word_1_15' title='bbox 392 630 468 688; x_wconf 85' lang='lat' dir='ltr'>ad</span> <span class='ocrx_word' id='word_1_16' title='bbox 500 629 734 688; x_wconf 92' lang='lat' dir='ltr'>laudem</span> <span class='ocrx_word' id='word_1_17' title='bbox 771 629 878 686; x_wconf 91' lang='lat' dir='ltr'>Dei</span> <span class='ocrx_word' id='word_1_18' title='bbox 911 628 1359 705; x_wconf 74' lang='lat' dir='ltr'>gratiarumque</span> <span class='ocrx_word' id='word_1_19' title='bbox 1392 627 1686 685; x_wconf 76' lang='lat' dir='ltr'><strong>actionem</strong></span> <span class='ocrx_word' id='word_1_20' title='bbox 1717 631 2019 703; x_wconf 77' lang='lat' dir='ltr'>appareat,</span> <span class='ocrx_word' id='word_1_21' title='bbox 2065 630 2137 685; x_wconf 91' lang='lat' dir='ltr'>ut</span> <span class='ocrx_word' id='word_1_22' title='bbox 2169 629 2416 697; x_wconf 86' lang='lat' dir='ltr'>constet,</span> <span class='ocrx_word' id='word_1_23' title='bbox 2467 631 2700 686; x_wconf 81' lang='lat' dir='ltr'>sanctos</span> <span class='ocrx_word' id='word_1_24' title='bbox 2732 627 2882 686; x_wconf 86' lang='lat' dir='ltr'>vitia</span> <span class='ocrx_word' id='word_1_25' title='bbox 2913 627 3025 685; x_wconf 83' lang='lat' dir='ltr'>de·—</span> 
     </span>
     <span class='ocr_line' id='line_1_4' title="bbox 393 716 3013 794; baseline 0.001 -23"><span class='ocrx_word' id='word_1_26' title='bbox 393 718 668 790; x_wconf 80' lang='lat' dir='ltr'>bellasse,</span> <span class='ocrx_word' id='word_1_27' title='bbox 702 718 1008 777; x_wconf 78' lang='lat' dir='ltr'>illecebras</span> <span class='ocrx_word' id='word_1_28' title='bbox 1039 737 1260 793; x_wconf 35' lang='lat' dir='ltr'>pravae,</span> <span class='ocrx_word' id='word_1_29' title='bbox 1287 716 1734 775; x_wconf 80' lang='lat' dir='ltr'>consuetudinis</span> <span class='ocrx_word' id='word_1_30' title='bbox 1767 716 2079 794; x_wconf 82' lang='lat' dir='ltr'>dirupisse,</span> <span class='ocrx_word' id='word_1_31' title='bbox 2129 716 2270 792; x_wconf 85' lang='lat' dir='ltr'>ipsis</span> <span class='ocrx_word' id='word_1_32' title='bbox 2302 716 2377 774; x_wconf 91' lang='lat' dir='ltr'>ad</span> <span class='ocrx_word' id='word_1_33' title='bbox 2409 716 2780 792; x_wconf 88' lang='lat' dir='ltr'>dignitatem,</span> <span class='ocrx_word' id='word_1_34' title='bbox 2815 716 3013 792; x_wconf 85' lang='lat' dir='ltr'>indig-</span> 
     </span>
     <span class='ocr_line' id='line_1_5' title="bbox 394 805 3020 882; baseline -0.001 -16"><span class='ocrx_word' id='word_1_35' title='bbox 394 809 506 880; x_wconf 85' lang='lat' dir='ltr'>nis,</span> <span class='ocrx_word' id='word_1_36' title='bbox 538 807 818 882; x_wconf 88' lang='lat' dir='ltr'>quoniam</span> <span class='ocrx_word' id='word_1_37' title='bbox 851 806 1129 865; x_wconf 86' lang='lat' dir='ltr'>similiter</span> <span class='ocrx_word' id='word_1_38' title='bbox 1158 825 1279 865; x_wconf 92' lang='lat' dir='ltr'>non</span> <span class='ocrx_word' id='word_1_39' title='bbox 1309 809 1581 881; x_wconf 86' lang='lat' dir='ltr'>egerunt,</span> <span class='ocrx_word' id='word_1_40' title='bbox 1615 805 1689 863; x_wconf 88' lang='lat' dir='ltr'>ad</span> <span class='ocrx_word' id='word_1_41' title='bbox 1721 806 2166 875; x_wconf 79' lang='lat' dir='ltr'>accusationem,</span> <span class='ocrx_word' id='word_1_42' title='bbox 2202 805 2447 864; x_wconf 90' lang='lat' dir='ltr'>minime</span> <span class='ocrx_word' id='word_1_43' title='bbox 2466 805 2705 864; x_wconf 85' lang='lat' dir='ltr'>videtur</span> <span class='ocrx_word' id='word_1_44' title='bbox 2723 806 3020 864; x_wconf 84' lang='lat' dir='ltr'>absonum</span> 
     </span>
     <span class='ocr_line' id='line_1_6' title="bbox 395 894 3016 972; baseline -0.002 -17"><span class='ocrx_word' id='word_1_45' title='bbox 395 898 460 955; x_wconf 91' lang='lat' dir='ltr'>in</span> <span class='ocrx_word' id='word_1_46' title='bbox 482 895 713 971; x_wconf 87' lang='lat' dir='ltr'>judicio</span> <span class='ocrx_word' id='word_1_47' title='bbox 745 915 982 972; x_wconf 90' lang='lat' dir='ltr'>quoque</span> <span class='ocrx_word' id='word_1_48' title='bbox 1014 895 1217 971; x_wconf 87' lang='lat' dir='ltr'>culpas</span> <span class='ocrx_word' id='word_1_49' title='bbox 1238 897 1576 954; x_wconf 88' lang='lat' dir='ltr'>sanctorum</span> <span class='ocrx_word' id='word_1_50' title='bbox 1597 894 2044 970; x_wconf 81' lang='lat' dir='ltr'>intelligendas3</span> <span class='ocrx_word' id='word_1_51' title='bbox 2078 895 2197 952; x_wconf 91' lang='lat' dir='ltr'>imo</span> <span class='ocrx_word' id='word_1_52' title='bbox 2231 913 2339 953; x_wconf 90' lang='lat' dir='ltr'>nec</span> <span class='ocrx_word' id='word_1_53' title='bbox 2368 894 2522 952; x_wconf 89' lang='lat' dir='ltr'>bona</span> <span class='ocrx_word' id='word_1_54' title='bbox 2539 894 2828 954; x_wconf 89' lang='lat' dir='ltr'>malorum</span> <span class='ocrx_word' id='word_1_55' title='bbox 2849 899 3016 971; x_wconf 82' lang='lat' dir='ltr'>gesta</span> 
     </span>
     <span class='ocr_line' id='line_1_7' title="bbox 395 983 3028 1061; baseline -0.001 -18"><span class='ocrx_word' id='word_1_56' title='bbox 395 985 711 1061; x_wconf 86' lang='lat' dir='ltr'>injudicio</span> <span class='ocrx_word' id='word_1_57' title='bbox 742 984 1023 1043; x_wconf 83' lang='lat' dir='ltr'>videntur</span> <span class='ocrx_word' id='word_1_58' title='bbox 1054 984 1315 1053; x_wconf 89' lang='lat' dir='ltr'>celanda,</span> <span class='ocrx_word' id='word_1_59' title='bbox 1363 987 1435 1042; x_wconf 89' lang='lat' dir='ltr'>ut</span> <span class='ocrx_word' id='word_1_60' title='bbox 1479 984 1906 1042; x_wconf 85' lang='lat' dir='ltr'>inexcusabiles</span> <span class='ocrx_word' id='word_1_61' title='bbox 1939 984 2080 1053; x_wconf 89' lang='lat' dir='ltr'>sint,</span> <span class='ocrx_word' id='word_1_62' title='bbox 2128 984 2234 1059; x_wconf 91' lang='lat' dir='ltr'>qui</span> <span class='ocrx_word' id='word_1_63' title='bbox 2278 983 2341 1042; x_wconf 89' lang='lat' dir='ltr'>in</span> <span class='ocrx_word' id='word_1_64' title='bbox 2386 1002 2473 1053; x_wconf 84' lang='lat' dir='ltr'>ec,</span> <span class='ocrx_word' id='word_1_65' title='bbox 2524 983 2682 1058; x_wconf 87' lang='lat' dir='ltr'>quod</span> <span class='ocrx_word' id='word_1_66' title='bbox 2727 984 2878 1042; x_wconf 90' lang='lat' dir='ltr'>bene</span> <span class='ocrx_word' id='word_1_67' title='bbox 2908 1002 3028 1059; x_wconf 75' lang='lat' dir='ltr'>per</span> 
     </span>
     <span class='ocr_line' id='line_1_8' title="bbox 395 1072 3027 1153; baseline -0.002 -20"><span class='ocrx_word' id='word_1_68' title='bbox 395 1075 653 1153; x_wconf 78' lang='lat' dir='ltr'>gratiam</span> <span class='ocrx_word' id='word_1_69' title='bbox 685 1074 791 1132; x_wconf 91' lang='lat' dir='ltr'>Dei</span> <span class='ocrx_word' id='word_1_70' title='bbox 825 1075 1152 1149; x_wconf 75' lang='lat' dir='ltr'>coeperant,</span> <span class='ocrx_word' id='word_1_71' title='bbox 1185 1092 1293 1149; x_wconf 85' lang='lat' dir='ltr'>per</span> <span class='ocrx_word' id='word_1_72' title='bbox 1325 1092 1469 1131; x_wconf 90' lang='lat' dir='ltr'>suae</span> <span class='ocrx_word' id='word_1_73' title='bbox 1500 1073 2087 1148; x_wconf 80' lang='lat' dir='ltr'>imperseverantiam</span> <span class='ocrx_word' id='word_1_74' title='bbox 2120 1074 2329 1149; x_wconf 86' lang='lat' dir='ltr'>culpae</span> <span class='ocrx_word' id='word_1_75' title='bbox 2362 1073 2734 1142; x_wconf 80' lang='lat' dir='ltr'>defecerunt3</span> <span class='ocrx_word' id='word_1_76' title='bbox 2776 1072 2880 1147; x_wconf 90' lang='lat' dir='ltr'>qui</span> <span class='ocrx_word' id='word_1_77' title='bbox 2912 1091 3027 1147; x_wconf 75' lang='lat' dir='ltr'>pei·</span> 
     </span>
     <span class='ocr_line' id='line_1_9' title="bbox 397 1160 3013 1239; baseline -0.001 -18"><span class='ocrx_word' id='word_1_78' title='bbox 397 1165 549 1222; x_wconf 88' lang='lat' dir='ltr'>bona</span> <span class='ocrx_word' id='word_1_79' title='bbox 581 1166 856 1239; x_wconf 83' lang='lat' dir='ltr'>suscepta</span> <span class='ocrx_word' id='word_1_80' title='bbox 886 1181 1004 1221; x_wconf 87' lang='lat' dir='ltr'>non</span> <span class='ocrx_word' id='word_1_81' title='bbox 1036 1170 1437 1238; x_wconf 88' lang='lat' dir='ltr'>pervenerunt</span> <span class='ocrx_word' id='word_1_82' title='bbox 1481 1160 1554 1221; x_wconf 90' lang='lat' dir='ltr'>ad</span> <span class='ocrx_word' id='word_1_83' title='bbox 1602 1162 1909 1232; x_wconf 88' lang='lat' dir='ltr'>ulteriora,</span> <span class='ocrx_word' id='word_1_84' title='bbox 1957 1180 2076 1220; x_wconf 90' lang='lat' dir='ltr'>non</span> <span class='ocrx_word' id='word_1_85' title='bbox 2124 1164 2554 1238; x_wconf 86' lang='lat' dir='ltr'>superaverunt</span> <span class='ocrx_word' id='word_1_86' title='bbox 2584 1162 2793 1220; x_wconf 53' lang='lat' dir='ltr'>mala!</span> <span class='ocrx_word' id='word_1_87' title='bbox 2865 1161 3013 1219; x_wconf 85' lang='lat' dir='ltr'>Ma-</span> 
     </span>
     <span class='ocr_line' id='line_1_10' title="bbox 395 1248 3014 1329; baseline -0.002 -18"><span class='ocrx_word' id='word_1_88' title='bbox 395 1253 649 1329; x_wconf 82' lang='lat' dir='ltr'>gister</span> <span class='ocrx_word' id='word_1_89' title='bbox 699 1270 835 1310; x_wconf 90' lang='lat' dir='ltr'>vero</span> <span class='ocrx_word' id='word_1_90' title='bbox 886 1251 1316 1311; x_wconf 90' lang='lat' dir='ltr'>sententiarum</span> <span class='ocrx_word' id='word_1_91' title='bbox 1363 1253 1404 1311; x_wconf 90' lang='lat' dir='ltr'>l.</span> <span class='ocrx_word' id='word_1_92' title='bbox 1451 1261 1489 1313; x_wconf 88' lang='lat'>4</span> <span class='ocrx_word' id='word_1_93' title='bbox 1537 1250 1592 1312; x_wconf 80' lang='lat' dir='ltr'>d.</span> <span class='ocrx_word' id='word_1_94' title='bbox 1640 1260 1721 1313; x_wconf 86' lang='lat'>43</span> <span class='ocrx_word' id='word_1_95' title='bbox 1778 1248 1882 1318; x_wconf 75' lang='lat'>§4</span> <span class='ocrx_word' id='word_1_96' title='bbox 1930 1254 2132 1310; x_wconf 87' lang='lat' dir='ltr'>censet</span> <span class='ocrx_word' id='word_1_97' title='bbox 2168 1268 2326 1319; x_wconf 83' lang='lat' dir='ltr'>,non</span> <span class='ocrx_word' id='word_1_98' title='bbox 2358 1250 2787 1310; x_wconf 87' lang='lat' dir='ltr'>irrationaliter</span> <span class='ocrx_word' id='word_1_99' title='bbox 2818 1250 3014 1326; x_wconf 84' lang='lat' dir='ltr'>putari</span> 
     </span>
     <span class='ocr_line' id='line_1_11' title="bbox 398 1339 3021 1419; baseline -0.002 -19"><span class='ocrx_word' id='word_1_100' title='bbox 398 1359 585 1419; x_wconf 89' lang='lat' dir='ltr'>posse,</span> <span class='ocrx_word' id='word_1_101' title='bbox 632 1343 868 1417; x_wconf 80' lang='lat' dir='ltr'>peccata</span> <span class='ocrx_word' id='word_1_102' title='bbox 898 1340 994 1399; x_wconf 88' lang='lat' dir='ltr'>hic</span> <span class='ocrx_word' id='word_1_103' title='bbox 1024 1360 1130 1416; x_wconf 88' lang='lat' dir='ltr'>per</span> <span class='ocrx_word' id='word_1_104' title='bbox 1162 1340 1596 1415; x_wconf 88' lang='lat' dir='ltr'>poenitentiam</span> <span class='ocrx_word' id='word_1_105' title='bbox 1627 1343 1787 1398; x_wconf 80' lang='lat' dir='ltr'>tecta</span> <span class='ocrx_word' id='word_1_106' title='bbox 1818 1344 1880 1399; x_wconf 89' lang='lat' dir='ltr'>et</span> <span class='ocrx_word' id='word_1_107' title='bbox 1914 1341 2124 1411; x_wconf 87' lang='lat' dir='ltr'>deleta,</span> <span class='ocrx_word' id='word_1_108' title='bbox 2172 1340 2299 1398; x_wconf 89' lang='lat' dir='ltr'>illic</span> <span class='ocrx_word' id='word_1_109' title='bbox 2331 1341 2508 1399; x_wconf 85' lang='lat' dir='ltr'>etiam</span> <span class='ocrx_word' id='word_1_110' title='bbox 2541 1339 2664 1416; x_wconf 89' lang='lat' dir='ltr'>tegi</span> <span class='ocrx_word' id='word_1_111' title='bbox 2697 1339 2851 1411; x_wconf 90' lang='lat' dir='ltr'>aliis,</span> <span class='ocrx_word' id='word_1_112' title='bbox 2899 1340 3021 1397; x_wconf 85' lang='lat' dir='ltr'>alia</span> 
     </span>
     <span class='ocr_line' id='line_1_12' title="bbox 398 1428 3023 1507; baseline -0.002 -18"><span class='ocrx_word' id='word_1_113' title='bbox 398 1449 530 1489; x_wconf 90' lang='lat' dir='ltr'>vere</span> <span class='ocrx_word' id='word_1_114' title='bbox 575 1430 807 1488; x_wconf 88' lang='lat' dir='ltr'>cunctis</span> <span class='ocrx_word' id='word_1_115' title='bbox 852 1428 1202 1505; x_wconf 65' lang='lat' dir='ltr'>propalari&lt;</span> <span class='ocrx_word' id='word_1_116' title='bbox 1269 1429 1490 1488; x_wconf 86' lang='lat' dir='ltr'>Verum</span> <span class='ocrx_word' id='word_1_117' title='bbox 1537 1428 1851 1504; x_wconf 85' lang='lat' dir='ltr'>displicuit</span> <span class='ocrx_word' id='word_1_118' title='bbox 1898 1429 2191 1507; x_wconf 83' lang='lat' dir='ltr'>theologis</span> <span class='ocrx_word' id='word_1_119' title='bbox 2239 1430 2379 1488; x_wconf 89' lang='lat' dir='ltr'>haec</span> <span class='ocrx_word' id='word_1_120' title='bbox 2423 1428 2638 1505; x_wconf 87' lang='lat' dir='ltr'>opini0,</span> <span class='ocrx_word' id='word_1_121' title='bbox 2689 1428 2810 1486; x_wconf 90' lang='lat' dir='ltr'>imo</span> <span class='ocrx_word' id='word_1_122' title='bbox 2860 1428 3023 1486; x_wconf 87' lang='lat' dir='ltr'>inter</span> 
     </span>
     <span class='ocr_line' id='line_1_13' title="bbox 395 1517 3015 1595; baseline -0.002 -18"><span class='ocrx_word' id='word_1_123' title='bbox 395 1521 525 1595; x_wconf 89' lang='lat' dir='ltr'>ejus</span> <span class='ocrx_word' id='word_1_124' title='bbox 559 1537 866 1578; x_wconf 87' lang='lat' dir='ltr'>errores</span> <span class='ocrx_word' id='word_1_125' title='bbox 900 1518 1017 1577; x_wconf 87' lang='lat' dir='ltr'>fuit</span> <span class='ocrx_word' id='word_1_126' title='bbox 1047 1521 1269 1576; x_wconf 83' lang='lat' dir='ltr'>notata.</span> <span class='ocrx_word' id='word_1_127' title='bbox 1301 1518 1379 1576; x_wconf 88' lang='lat' dir='ltr'>Et</span> <span class='ocrx_word' id='word_1_128' title='bbox 1409 1536 1549 1577; x_wconf 85' lang='lat' dir='ltr'>sane</span> <span class='ocrx_word' id='word_1_129' title='bbox 1582 1518 1745 1576; x_wconf 91' lang='lat' dir='ltr'>varia</span> <span class='ocrx_word' id='word_1_130' title='bbox 1765 1518 1875 1576; x_wconf 91' lang='lat' dir='ltr'>Dei</span> <span class='ocrx_word' id='word_1_131' title='bbox 1894 1518 2201 1588; x_wconf 86' lang='lat' dir='ltr'>attributa,</span> <span class='ocrx_word' id='word_1_132' title='bbox 2235 1521 2307 1577; x_wconf 88' lang='lat' dir='ltr'>ut</span> <span class='ocrx_word' id='word_1_133' title='bbox 2335 1521 2465 1594; x_wconf 87' lang='lat' dir='ltr'>ejus</span> <span class='ocrx_word' id='word_1_134' title='bbox 2491 1517 2749 1594; x_wconf 84' lang='lat' dir='ltr'>justitia,</span> <span class='ocrx_word' id='word_1_135' title='bbox 2782 1517 3015 1576; x_wconf 88' lang='lat' dir='ltr'>miseri-</span> 
     </span>
     <span class='ocr_line' id='line_1_14' title="bbox 396 1606 3023 1684; baseline -0.002 -17"><span class='ocrx_word' id='word_1_136' title='bbox 396 1608 611 1677; x_wconf 88' lang='lat' dir='ltr'>cordia,</span> <span class='ocrx_word' id='word_1_137' title='bbox 656 1608 848 1684; x_wconf 82' lang='lat' dir='ltr'>gratia</span> <span class='ocrx_word' id='word_1_138' title='bbox 892 1612 1003 1672; x_wconf 82' lang='lat' dir='ltr'>etc,</span> <span class='ocrx_word' id='word_1_139' title='bbox 1049 1608 1330 1665; x_wconf 87' lang='lat' dir='ltr'>videntur</span> <span class='ocrx_word' id='word_1_140' title='bbox 1375 1607 1709 1665; x_wconf 91' lang='lat' dir='ltr'>omnium</span> <span class='ocrx_word' id='word_1_141' title='bbox 1741 1607 1980 1684; x_wconf 84' lang='lat' dir='ltr'>exigere</span> <span class='ocrx_word' id='word_1_142' title='bbox 2014 1608 2584 1666; x_wconf 83' lang='lat' dir='ltr'>manifestationem:</span> <span class='ocrx_word' id='word_1_143' title='bbox 2632 1625 2701 1665; x_wconf 90' lang='lat' dir='ltr'>ea</span> <span class='ocrx_word' id='word_1_144' title='bbox 2744 1606 2903 1665; x_wconf 91' lang='lat' dir='ltr'>enim</span> <span class='ocrx_word' id='word_1_145' title='bbox 2949 1625 3023 1663; x_wconf 71' lang='lat' dir='ltr'>ex</span> 
     </span>
     <span class='ocr_line' id='line_1_15' title="bbox 394 1695 3015 1774; baseline -0.002 -18"><span class='ocrx_word' id='word_1_146' title='bbox 394 1697 648 1774; x_wconf 78' lang='lat' dir='ltr'>peccatis</span> <span class='ocrx_word' id='word_1_147' title='bbox 672 1698 975 1772; x_wconf 85' lang='lat' dir='ltr'>justorum</span> <span class='ocrx_word' id='word_1_148' title='bbox 1010 1696 1188 1755; x_wconf 90' lang='lat' dir='ltr'>etiam</span> <span class='ocrx_word' id='word_1_149' title='bbox 1218 1697 1485 1755; x_wconf 87' lang='lat' dir='ltr'>remissis</span> <span class='ocrx_word' id='word_1_150' title='bbox 1506 1696 1757 1754; x_wconf 85' lang='lat' dir='ltr'>maxime</span> <span class='ocrx_word' id='word_1_151' title='bbox 1782 1697 2207 1772; x_wconf 86' lang='lat' dir='ltr'>splendescunt</span> <span class='ocrx_word' id='word_1_152' title='bbox 2238 1698 2347 1755; x_wconf 86' lang='lat' dir='ltr'>etc.</span> <span class='ocrx_word' id='word_1_153' title='bbox 2400 1696 2478 1754; x_wconf 87' lang='lat' dir='ltr'>cf.</span> <span class='ocrx_word' id='word_1_154' title='bbox 2512 1696 2558 1754; x_wconf 89' lang='grc' dir='ltr'>Τ</span> <span class='ocrx_word' id='word_1_155' title='bbox 2577 1696 2830 1753; x_wconf 89' lang='lat' dir='ltr'>homas</span> <span class='ocrx_word' id='word_1_156' title='bbox 2862 1695 2924 1752; x_wconf 90' lang='lat' dir='ltr'>in</span> <span class='ocrx_word' id='word_1_157' title='bbox 2960 1708 3015 1756; x_wconf 82' lang='lat'>4.</span> 
     </span>
     <span class='ocr_line' id='line_1_16' title="bbox 397 1785 3025 1862; baseline -0.002 -17"><span class='ocrx_word' id='word_1_158' title='bbox 397 1788 453 1849; x_wconf 92' lang='lat' dir='ltr'>d.</span> <span class='ocrx_word' id='word_1_159' title='bbox 491 1795 571 1849; x_wconf 83' lang='lat'>43</span> <span class='ocrx_word' id='word_1_160' title='bbox 605 1804 661 1861; x_wconf 88' lang='lat' dir='ltr'>q.</span> <span class='ocrx_word' id='word_1_161' title='bbox 704 1797 723 1847; x_wconf 89' lang='lat'>1</span> <span class='ocrx_word' id='word_1_162' title='bbox 766 1806 813 1849; x_wconf 89' lang='lat' dir='ltr'>a.</span> <span class='ocrx_word' id='word_1_163' title='bbox 852 1796 885 1848; x_wconf 87' lang='lat'>5</span> <span class='ocrx_word' id='word_1_164' title='bbox 922 1787 1032 1860; x_wconf 91' lang='lat' dir='ltr'>qcl.</span> <span class='ocrx_word' id='word_1_165' title='bbox 1069 1796 1102 1848; x_wconf 83' lang='lat'><strong>2</strong></span> <span class='ocrx_word' id='word_1_166' title='bbox 1155 1789 1216 1844; x_wconf 90' lang='lat' dir='ltr'>et</span> <span class='ocrx_word' id='word_1_167' title='bbox 1259 1786 1324 1843; x_wconf 90' lang='lat' dir='ltr'>in</span> <span class='ocrx_word' id='word_1_168' title='bbox 1369 1786 1659 1861; x_wconf 85' lang='lat' dir='ltr'>supplem.</span> <span class='ocrx_word' id='word_1_169' title='bbox 1703 1804 1758 1860; x_wconf 88' lang='lat' dir='ltr'>q.</span> <span class='ocrx_word' id='word_1_170' title='bbox 1798 1795 1876 1849; x_wconf 85' lang='lat'>87</span> <span class='ocrx_word' id='word_1_171' title='bbox 1932 1803 2009 1846; x_wconf 90' lang='lat' dir='ltr'>ss.</span> <span class='ocrx_word' id='word_1_172' title='bbox 2057 1785 2258 1862; x_wconf 91' lang='lat' dir='ltr'>plures</span> <span class='ocrx_word' id='word_1_173' title='bbox 2305 1786 2715 1859; x_wconf 79' lang='lat' dir='ltr'>quaestione33</span> <span class='ocrx_word' id='word_1_174' title='bbox 2770 1785 3025 1842; x_wconf 77' lang='lat' dir='ltr'>Bautz</span> 
     </span>
     <span class='ocr_line' id='line_1_17' title="bbox 397 1873 1917 1951; baseline 0 -18"><span class='ocrx_word' id='word_1_175' title='bbox 397 1874 808 1951; x_wconf 82' lang='lat' dir='ltr'>Weltgericht3</span> <span class='ocrx_word' id='word_1_176' title='bbox 842 1875 1158 1933; x_wconf 84' lang='lat' dir='ltr'>Lessius</span> <span class='ocrx_word' id='word_1_177' title='bbox 1192 1874 1264 1933; x_wconf 88' lang='lat' dir='ltr'>de</span> <span class='ocrx_word' id='word_1_178' title='bbox 1296 1874 1413 1935; x_wconf 90' lang='lat' dir='ltr'>div.</span> <span class='ocrx_word' id='word_1_179' title='bbox 1445 1873 1593 1949; x_wconf 83' lang='lat' dir='ltr'>perf.</span> <span class='ocrx_word' id='word_1_180' title='bbox 1625 1874 1779 1943; x_wconf 87' lang='lat' dir='ltr'>XIII,</span> <span class='ocrx_word' id='word_1_181' title='bbox 1817 1883 1917 1937; x_wconf 83' lang='lat'>22.</span> 
     </span>
    </p>

    <p class='ocr_par' dir='ltr' id='par_1_3' title="bbox 582 1962 2724 2040">
     <span class='ocr_line' id='line_1_18' title="bbox 582 1962 2724 2040; baseline -0.002 -16"><span class='ocrx_word' id='word_1_182' title='bbox 582 1974 723 2026; x_wconf 81' lang='lat'>715.</span> <span class='ocrx_word' id='word_1_183' title='bbox 758 1962 923 2032; x_wconf 83' lang='lat' dir='ltr'>Quod</span> <span class='ocrx_word' id='word_1_184' title='bbox 957 1965 1161 2022; x_wconf 78' lang='lat' dir='ltr'>mundi</span> <span class='ocrx_word' id='word_1_185' title='bbox 1190 1962 1383 2039; x_wconf 86' lang='lat' dir='ltr'>ipsius</span> <span class='ocrx_word' id='word_1_186' title='bbox 1413 1964 1962 2022; x_wconf 73' lang='lat' dir='ltr'>consummationem</span> <span class='ocrx_word' id='word_1_187' title='bbox 1995 1966 2241 2040; x_wconf 76' lang='lat' dir='ltr'>spectat,</span> <span class='ocrx_word' id='word_1_188' title='bbox 2275 1962 2599 2022; x_wconf 88' lang='lat' dir='ltr'>tenendum</span> <span class='ocrx_word' id='word_1_189' title='bbox 2633 1964 2724 2019; x_wconf 86' lang='lat' dir='ltr'>est</span> 
     </span>
    </p>

    <p class='ocr_par' dir='ltr' id='par_1_4' title="bbox 395 2049 3023 2405">
     <span class='ocr_line' id='line_1_19' title="bbox 579 2049 3023 2129; baseline -0.002 -17"><span class='ocrx_word' id='word_1_190' title='bbox 579 2049 639 2115; x_wconf 88' lang='lat' dir='ltr'>l.</span> <span class='ocrx_word' id='word_1_191' title='bbox 670 2056 1040 2128; x_wconf 85' lang='lat' dir='ltr'>praesentem</span> <span class='ocrx_word' id='word_1_192' title='bbox 1071 2053 1253 2129; x_wconf 91' lang='lat' dir='ltr'>hujus</span> <span class='ocrx_word' id='word_1_193' title='bbox 1287 2056 1477 2111; x_wconf 84' lang='lat' dir='ltr'>terrae</span> <span class='ocrx_word' id='word_1_194' title='bbox 1509 2055 1729 2111; x_wconf 87' lang='lat' dir='ltr'>statum</span> <span class='ocrx_word' id='word_1_195' title='bbox 1762 2051 1996 2111; x_wconf 85' lang='lat' dir='ltr'>finem</span> <span class='ocrx_word' id='word_1_196' title='bbox 2029 2071 2159 2111; x_wconf 89' lang='lat' dir='ltr'>esse</span> <span class='ocrx_word' id='word_1_197' title='bbox 2193 2052 2568 2110; x_wconf 87' lang='lat' dir='ltr'>habiturum:</span> <span class='ocrx_word' id='word_1_198' title='bbox 2601 2050 2854 2125; x_wconf 90' lang='lat' dir='ltr'>ideoque</span> <span class='ocrx_word' id='word_1_199' title='bbox 2884 2070 3023 2126; x_wconf 82' lang='lat' dir='ltr'>pas·</span> 
     </span>
     <span class='ocr_line' id='line_1_20' title="bbox 397 2138 3015 2216; baseline -0.002 -17"><span class='ocrx_word' id='word_1_200' title='bbox 397 2142 507 2199; x_wconf 86' lang='lat' dir='ltr'>sim</span> <span class='ocrx_word' id='word_1_201' title='bbox 541 2141 761 2199; x_wconf 85' lang='lat' dir='ltr'>mentio</span> <span class='ocrx_word' id='word_1_202' title='bbox 795 2142 864 2199; x_wconf 79' lang='lat' dir='ltr'>fit</span> <span class='ocrx_word' id='word_1_203' title='bbox 892 2143 1396 2200; x_wconf 71' lang='lat' dir='ltr'>consummationis</span> <span class='ocrx_word' id='word_1_204' title='bbox 1426 2142 1600 2199; x_wconf 85' lang='lat' dir='ltr'>seculi</span> <span class='ocrx_word' id='word_1_205' title='bbox 1615 2164 1639 2216; x_wconf 88' lang='lat'><em>;</em></span> <span class='ocrx_word' id='word_1_206' title='bbox 1669 2160 1790 2199; x_wconf 91' lang='lat' dir='ltr'>non</span> <span class='ocrx_word' id='word_1_207' title='bbox 1822 2147 2021 2200; x_wconf 87' lang='lat' dir='ltr'>tamen</span> <span class='ocrx_word' id='word_1_208' title='bbox 2043 2160 2286 2216; x_wconf 88' lang='lat' dir='ltr'>prorsus</span> <span class='ocrx_word' id='word_1_209' title='bbox 2308 2140 2624 2199; x_wconf 89' lang='lat' dir='ltr'>annihilari</span> <span class='ocrx_word' id='word_1_210' title='bbox 2658 2139 2752 2197; x_wconf 91' lang='lat' dir='ltr'>vel</span> <span class='ocrx_word' id='word_1_211' title='bbox 2786 2138 3015 2197; x_wconf 83' lang='lat' dir='ltr'>destrui</span> 
     </span>
     <span class='ocr_line' id='line_1_21' title="bbox 395 2229 3023 2305; baseline -0.002 -17"><span class='ocrx_word' id='word_1_212' title='bbox 395 2231 756 2289; x_wconf 86' lang='lat' dir='ltr'>mundanam</span> <span class='ocrx_word' id='word_1_213' title='bbox 809 2231 1223 2302; x_wconf 83' lang='lat' dir='ltr'>substantiam,</span> <span class='ocrx_word' id='word_1_214' title='bbox 1277 2230 1378 2288; x_wconf 91' lang='lat' dir='ltr'>sed</span> <span class='ocrx_word' id='word_1_215' title='bbox 1430 2233 1666 2288; x_wconf 87' lang='lat' dir='ltr'>tantum</span> <span class='ocrx_word' id='word_1_216' title='bbox 1717 2234 2084 2305; x_wconf 88' lang='lat' dir='ltr'>praesentem</span> <span class='ocrx_word' id='word_1_217' title='bbox 2137 2229 2422 2299; x_wconf 88' lang='lat' dir='ltr'>ordinem,</span> <span class='ocrx_word' id='word_1_218' title='bbox 2475 2229 2718 2288; x_wconf 90' lang='lat' dir='ltr'>formam</span> <span class='ocrx_word' id='word_1_219' title='bbox 2771 2230 2896 2299; x_wconf 70' lang='lat' dir='ltr'>etc„</span> <span class='ocrx_word' id='word_1_220' title='bbox 2948 2231 3023 2285; x_wconf 86' lang='lat' dir='ltr'>ut</span> 
     </span>
     <span class='ocr_line' id='line_1_22' title="bbox 395 2314 2714 2405; baseline -0.001 -28"><span class='ocrx_word' id='word_1_221' title='bbox 395 2321 658 2377; x_wconf 87' lang='lat' dir='ltr'>testatur</span> <span class='ocrx_word' id='word_1_222' title='bbox 688 2319 912 2378; x_wconf 87' lang='lat' dir='ltr'>Paulus</span> <span class='ocrx_word' id='word_1_223' title='bbox 951 2330 1002 2382; x_wconf 89' lang='lat'>1.</span> <span class='ocrx_word' id='word_1_224' title='bbox 1034 2320 1160 2383; x_wconf 88' lang='lat' dir='ltr'>Cor.</span> <span class='ocrx_word' id='word_1_225' title='bbox 1199 2332 1252 2387; x_wconf 81' lang='lat'>7,</span> <span class='ocrx_word' id='word_1_226' title='bbox 1291 2328 1364 2381; x_wconf 89' lang='grc'>31</span> <span class='ocrx_word' id='word_1_227' title='bbox 1393 2342 1406 2379; x_wconf 86' lang='lat'><strong>:</strong></span> <span class='ocrx_word' id='word_1_228' title='bbox 1442 2318 1727 2377; x_wconf 83' lang='lat' dir='ltr'>Praeterit</span> <span class='ocrx_word' id='word_1_229' title='bbox 1755 2319 1951 2397; x_wconf 74' lang='lat' dir='ltr'>fiqura</span> <span class='ocrx_word' id='word_1_230' title='bbox 1986 2314 2255 2405; x_wconf 77' lang='grc' dir='ltr'>(σχῆμα)</span> <span class='ocrx_word' id='word_1_231' title='bbox 2288 2320 2464 2394; x_wconf 83' lang='lat' dir='ltr'>hujus</span> <span class='ocrx_word' id='word_1_232' title='bbox 2494 2319 2714 2376; x_wconf 81' lang='lat' dir='ltr'>mundi.</span> 
     </span>
    </p>

    <p class='ocr_par' dir='ltr' id='par_1_5' title="bbox 399 2403 3025 2663">
     <span class='ocr_line' id='line_1_23' title="bbox 576 2403 3025 2485; baseline -0.002 -17"><span class='ocrx_word' id='word_1_233' title='bbox 576 2404 640 2472; x_wconf 73' lang='lat'>2.</span> <span class='ocrx_word' id='word_1_234' title='bbox 673 2407 1194 2467; x_wconf 75' lang='lat' dir='ltr'>consummabitur</span> <span class='ocrx_word' id='word_1_235' title='bbox 1226 2408 1404 2483; x_wconf 90' lang='lat' dir='ltr'>igne</span> <span class='ocrx_word' id='word_1_236' title='bbox 1437 2412 1587 2467; x_wconf 83' lang='lat' dir='ltr'>teste</span> <span class='ocrx_word' id='word_1_237' title='bbox 1607 2407 1784 2467; x_wconf 88' lang='lat' dir='ltr'>Petro</span> <span class='ocrx_word' id='word_1_238' title='bbox 1808 2417 1861 2470; x_wconf 84' lang='lat'>2.</span> <span class='ocrx_word' id='word_1_239' title='bbox 1884 2427 1973 2485; x_wconf 87' lang='lat' dir='ltr'>ep.</span> <span class='ocrx_word' id='word_1_240' title='bbox 1998 2417 2054 2477; x_wconf 87' lang='grc'>3,</span> <span class='ocrx_word' id='word_1_241' title='bbox 2092 2420 2127 2471; x_wconf 90' lang='grc'><strong>6</strong></span> <span class='ocrx_word' id='word_1_242' title='bbox 2164 2426 2239 2470; x_wconf 78' lang='lat' dir='ltr'>e.:</span> <span class='ocrx_word' id='word_1_243' title='bbox 2273 2405 2379 2466; x_wconf 85' lang='lat' dir='ltr'>Ille</span> <span class='ocrx_word' id='word_1_244' title='bbox 2410 2415 2546 2465; x_wconf 85' lang='lat' dir='ltr'>tunc</span> <span class='ocrx_word' id='word_1_245' title='bbox 2576 2403 2834 2465; x_wconf 81' lang='lat' dir='ltr'>mundus</span> <span class='ocrx_word' id='word_1_246' title='bbox 2865 2425 3025 2482; x_wconf 77' lang='lat' dir='ltr'>aqua</span> 
     </span>
     <span class='ocr_line' id='line_1_24' title="bbox 400 2496 3023 2574; baseline -0.001 -19"><span class='ocrx_word' id='word_1_247' title='bbox 400 2499 722 2555; x_wconf 56' lang='lat' dir='ltr'>&gt;inundatus</span> <span class='ocrx_word' id='word_1_248' title='bbox 745 2499 958 2572; x_wconf 86' lang='lat' dir='ltr'>periit:</span> <span class='ocrx_word' id='word_1_249' title='bbox 992 2499 1129 2555; x_wconf 84' lang='lat' dir='ltr'>coeli</span> <span class='ocrx_word' id='word_1_250' title='bbox 1159 2505 1367 2574; x_wconf 85' lang='lat' dir='ltr'>autem,</span> <span class='ocrx_word' id='word_1_251' title='bbox 1402 2499 1501 2573; x_wconf 78' lang='lat' dir='ltr'>qui</span> <span class='ocrx_word' id='word_1_252' title='bbox 1530 2515 1683 2554; x_wconf 83' lang='lat' dir='ltr'>nunc</span> <span class='ocrx_word' id='word_1_253' title='bbox 1714 2504 1869 2571; x_wconf 81' lang='lat' dir='ltr'>sunt,</span> <span class='ocrx_word' id='word_1_254' title='bbox 1902 2505 1953 2555; x_wconf 87' lang='lat' dir='ltr'>et</span> <span class='ocrx_word' id='word_1_255' title='bbox 1985 2505 2146 2555; x_wconf 87' lang='lat' dir='ltr'>terra</span> <span class='ocrx_word' id='word_1_256' title='bbox 2178 2498 2366 2556; x_wconf 82' lang='lat' dir='ltr'>eodem</span> <span class='ocrx_word' id='word_1_257' title='bbox 2397 2496 2559 2555; x_wconf 81' lang='lat' dir='ltr'>verbo</span> <span class='ocrx_word' id='word_1_258' title='bbox 2591 2498 2829 2571; x_wconf 81' lang='lat' dir='ltr'>repositi</span> <span class='ocrx_word' id='word_1_259' title='bbox 2859 2504 3023 2569; x_wconf 69' lang='lat' dir='ltr'>sunt,</span> 
     </span>
     <span class='ocr_line' id='line_1_25' title="bbox 399 2587 2474 2663; baseline 0 -20"><span class='ocrx_word' id='word_1_260' title='bbox 399 2589 521 2663; x_wconf 74' lang='lat' dir='ltr'>iqni</span> <span class='ocrx_word' id='word_1_261' title='bbox 553 2588 829 2644; x_wconf 78' lang='lat' dir='ltr'>reservati</span> <span class='ocrx_word' id='word_1_262' title='bbox 858 2589 920 2643; x_wconf 81' lang='lat' dir='ltr'>in</span> <span class='ocrx_word' id='word_1_263' title='bbox 951 2587 1099 2645; x_wconf 83' lang='lat' dir='ltr'>diem</span> <span class='ocrx_word' id='word_1_264' title='bbox 1116 2587 1334 2660; x_wconf 82' lang='lat' dir='ltr'>judicii</span> <span class='ocrx_word' id='word_1_265' title='bbox 1365 2594 1416 2643; x_wconf 87' lang='lat' dir='ltr'>et</span> <span class='ocrx_word' id='word_1_266' title='bbox 1438 2587 1789 2661; x_wconf 83' lang='lat' dir='ltr'>perditionis</span> <span class='ocrx_word' id='word_1_267' title='bbox 1820 2589 2133 2662; x_wconf 82' lang='lat' dir='ltr'>impiorum</span> <span class='ocrx_word' id='word_1_268' title='bbox 2163 2587 2474 2645; x_wconf 75' lang='lat' dir='ltr'>hominum.</span> 
     </span>
    </p>

    <p class='ocr_par' dir='ltr' id='par_1_6' title="bbox 396 2670 3036 4353">
     <span class='ocr_line' id='line_1_26' title="bbox 578 2670 3019 2749; baseline -0.002 -13"><span class='ocrx_word' id='word_1_269' title='bbox 578 2670 644 2738; x_wconf 84' lang='lat'>3.</span> <span class='ocrx_word' id='word_1_270' title='bbox 665 2675 756 2733; x_wconf 87' lang='lat' dir='ltr'>Ita</span> <span class='ocrx_word' id='word_1_271' title='bbox 776 2695 914 2734; x_wconf 88' lang='lat' dir='ltr'>vero</span> <span class='ocrx_word' id='word_1_272' title='bbox 935 2674 1465 2748; x_wconf 87' lang='lat' dir='ltr'>consummabitur,</span> <span class='ocrx_word' id='word_1_273' title='bbox 1484 2677 1554 2733; x_wconf 89' lang='lat' dir='ltr'>ut</span> <span class='ocrx_word' id='word_1_274' title='bbox 1574 2675 1755 2734; x_wconf 90' lang='lat' dir='ltr'>simul</span> <span class='ocrx_word' id='word_1_275' title='bbox 1790 2696 1819 2734; x_wconf 92' lang='lat' dir='ltr'>r</span> <span class='ocrx_word' id='word_1_276' title='bbox 1833 2695 1865 2734; x_wconf 90' lang='lat' dir='ltr'>e</span> <span class='ocrx_word' id='word_1_277' title='bbox 1880 2695 1920 2734; x_wconf 93' lang='lat' dir='ltr'>n</span> <span class='ocrx_word' id='word_1_278' title='bbox 1936 2695 1969 2734; x_wconf 95' lang='lat' dir='ltr'>o</span> <span class='ocrx_word' id='word_1_279' title='bbox 1988 2697 2022 2734; x_wconf 91' lang='lat' dir='ltr'>v</span> <span class='ocrx_word' id='word_1_280' title='bbox 2040 2696 2071 2735; x_wconf 93' lang='lat' dir='ltr'>e</span> <span class='ocrx_word' id='word_1_281' title='bbox 2086 2678 2113 2734; x_wconf 89' lang='lat' dir='ltr'>t</span> <span class='ocrx_word' id='word_1_282' title='bbox 2128 2695 2169 2734; x_wconf 97' lang='grc' dir='ltr'>ιι</span> <span class='ocrx_word' id='word_1_283' title='bbox 2184 2695 2231 2746; x_wconf 84' lang='lat' dir='ltr'>r,</span> <span class='ocrx_word' id='word_1_284' title='bbox 2253 2678 2325 2734; x_wconf 92' lang='lat' dir='ltr'>ut</span> <span class='ocrx_word' id='word_1_285' title='bbox 2345 2675 2516 2734; x_wconf 87' lang='lat' dir='ltr'>docet</span> <span class='ocrx_word' id='word_1_286' title='bbox 2536 2674 2691 2733; x_wconf 88' lang='lat' dir='ltr'>idem</span> <span class='ocrx_word' id='word_1_287' title='bbox 2714 2673 3019 2749; x_wconf 85' lang='lat' dir='ltr'>apostolus</span> 
     </span>
     <span class='ocr_line' id='line_1_27' title="bbox 397 2764 3025 2841; baseline -0.001 -19"><span class='ocrx_word' id='word_1_288' title='bbox 397 2765 478 2824; x_wconf 90' lang='lat' dir='ltr'>ib.</span> <span class='ocrx_word' id='word_1_289' title='bbox 510 2785 565 2828; x_wconf 82' lang='lat' dir='ltr'>v,</span> <span class='ocrx_word' id='word_1_290' title='bbox 607 2775 714 2826; x_wconf 80' lang='lat'>12:</span> <span class='ocrx_word' id='word_1_291' title='bbox 751 2766 1162 2841; x_wconf 82' lang='lat' dir='ltr'>Exspectantes</span> <span class='ocrx_word' id='word_1_292' title='bbox 1192 2772 1242 2822; x_wconf 90' lang='lat' dir='ltr'>et</span> <span class='ocrx_word' id='word_1_293' title='bbox 1269 2772 1647 2840; x_wconf 71' lang='lat' dir='ltr'>properantes</span> <span class='ocrx_word' id='word_1_294' title='bbox 1677 2767 1742 2822; x_wconf 84' lang='lat' dir='ltr'>in</span> <span class='ocrx_word' id='word_1_295' title='bbox 1774 2766 2084 2823; x_wconf 83' lang='lat' dir='ltr'>adventum</span> <span class='ocrx_word' id='word_1_296' title='bbox 2116 2766 2233 2824; x_wconf 81' lang='lat' dir='ltr'>diei</span> <span class='ocrx_word' id='word_1_297' title='bbox 2267 2765 2522 2840; x_wconf 81' lang='lat' dir='ltr'>Domini,</span> <span class='ocrx_word' id='word_1_298' title='bbox 2550 2783 2661 2840; x_wconf 84' lang='lat' dir='ltr'>per</span> <span class='ocrx_word' id='word_1_299' title='bbox 2690 2783 2853 2839; x_wconf 81' lang='lat' dir='ltr'>quem</span> <span class='ocrx_word' id='word_1_300' title='bbox 2885 2764 3025 2821; x_wconf 82' lang='lat' dir='ltr'>coeli</span> 
     </span>
     <span class='ocr_line' id='line_1_28' title="bbox 396 2852 3021 2929; baseline -0.002 -16"><span class='ocrx_word' id='word_1_301' title='bbox 396 2856 665 2913; x_wconf 75' lang='lat' dir='ltr'>ardentes</span> <span class='ocrx_word' id='word_1_302' title='bbox 696 2855 980 2912; x_wconf 79' lang='lat' dir='ltr'>solventur</span> <span class='ocrx_word' id='word_1_303' title='bbox 1009 2861 1059 2912; x_wconf 87' lang='lat' dir='ltr'>et</span> <span class='ocrx_word' id='word_1_304' title='bbox 1092 2855 1361 2912; x_wconf 82' lang='lat' dir='ltr'>elementa</span> <span class='ocrx_word' id='word_1_305' title='bbox 1393 2855 1545 2929; x_wconf 72' lang='lat' dir='ltr'>iynis</span> <span class='ocrx_word' id='word_1_306' title='bbox 1564 2854 1778 2912; x_wconf 83' lang='lat' dir='ltr'>ardore</span> <span class='ocrx_word' id='word_1_307' title='bbox 1796 2855 2097 2912; x_wconf 82' lang='lat' dir='ltr'>tabescent.</span> <span class='ocrx_word' id='word_1_308' title='bbox 2148 2852 2338 2913; x_wconf 71' lang='lat' dir='ltr'>Nouos</span> <span class='ocrx_word' id='word_1_309' title='bbox 2367 2872 2495 2913; x_wconf 84' lang='lat' dir='ltr'>vero</span> <span class='ocrx_word' id='word_1_310' title='bbox 2526 2854 2703 2912; x_wconf 75' lang='lat' dir='ltr'>coelos</span> <span class='ocrx_word' id='word_1_311' title='bbox 2734 2861 2784 2911; x_wconf 89' lang='lat' dir='ltr'>et</span> <span class='ocrx_word' id='word_1_312' title='bbox 2816 2871 3021 2911; x_wconf 82' lang='lat' dir='ltr'>novam</span> 
     </span>
     <span class='ocr_line' id='line_1_29' title="bbox 397 2942 3020 3020; baseline -0.002 -18"><span class='ocrx_word' id='word_1_313' title='bbox 397 2953 617 3002; x_wconf 84' lang='lat' dir='ltr'>terram</span> <span class='ocrx_word' id='word_1_314' title='bbox 647 2945 958 3001; x_wconf 82' lang='lat' dir='ltr'>secundum</span> <span class='ocrx_word' id='word_1_315' title='bbox 980 2946 1277 3016; x_wconf 84' lang='lat' dir='ltr'>promissa</span> <span class='ocrx_word' id='word_1_316' title='bbox 1308 2945 1500 3018; x_wconf 83' lang='lat' dir='ltr'>ipsius</span> <span class='ocrx_word' id='word_1_317' title='bbox 1531 2952 1941 3019; x_wconf 77' lang='lat' dir='ltr'>exspectamus,</span> <span class='ocrx_word' id='word_1_318' title='bbox 1994 2946 2055 3001; x_wconf 83' lang='lat' dir='ltr'>in</span> <span class='ocrx_word' id='word_1_319' title='bbox 2094 2944 2303 3020; x_wconf 82' lang='lat' dir='ltr'>quibus</span> <span class='ocrx_word' id='word_1_320' title='bbox 2329 2944 2561 3019; x_wconf 82' lang='lat' dir='ltr'>justitia</span> <span class='ocrx_word' id='word_1_321' title='bbox 2591 2943 2828 3000; x_wconf 82' lang='lat' dir='ltr'>habitat.</span> <span class='ocrx_word' id='word_1_322' title='bbox 2895 2942 3020 2999; x_wconf 90' lang='lat' dir='ltr'>Cla·</span> 
     </span>
     <span class='ocr_line' id='line_1_30' title="bbox 397 3025 3030 3106; baseline -0.002 -15"><span class='ocrx_word' id='word_1_323' title='bbox 397 3033 526 3092; x_wconf 86' lang='lat' dir='ltr'>rius</span> <span class='ocrx_word' id='word_1_324' title='bbox 560 3050 699 3091; x_wconf 87' lang='lat' dir='ltr'>vero</span> <span class='ocrx_word' id='word_1_325' title='bbox 730 3032 954 3090; x_wconf 87' lang='lat' dir='ltr'>Paulus</span> <span class='ocrx_word' id='word_1_326' title='bbox 987 3033 1147 3090; x_wconf 88' lang='lat' dir='ltr'>Rom.</span> <span class='ocrx_word' id='word_1_327' title='bbox 1185 3042 1239 3101; x_wconf 82' lang='lat'>8,</span> <span class='ocrx_word' id='word_1_328' title='bbox 1285 3043 1357 3094; x_wconf 83' lang='grc'>19</span> <span class='ocrx_word' id='word_1_329' title='bbox 1394 3051 1470 3089; x_wconf 90' lang='lat' dir='ltr'>s.:</span> <span class='ocrx_word' id='word_1_330' title='bbox 1501 3025 1678 3090; x_wconf 71' lang='lat' dir='ltr'>vNam</span> <span class='ocrx_word' id='word_1_331' title='bbox 1725 3035 2067 3106; x_wconf 72' lang='lat' dir='ltr'>exspectatio</span> <span class='ocrx_word' id='word_1_332' title='bbox 2112 3040 2417 3091; x_wconf 81' lang='lat' dir='ltr'>creaturae</span> <span class='ocrx_word' id='word_1_333' title='bbox 2445 3033 2843 3090; x_wconf 84' lang='lat' dir='ltr'>revelationem</span> <span class='ocrx_word' id='word_1_334' title='bbox 2874 3031 3030 3103; x_wconf 71' lang='lat' dir='ltr'>filio-</span> 
     </span>
     <span class='ocr_line' id='line_1_31' title="bbox 399 3116 3021 3201; baseline -0.001 -22"><span class='ocrx_word' id='word_1_335' title='bbox 399 3141 533 3179; x_wconf 81' lang='lat' dir='ltr'>rum</span> <span class='ocrx_word' id='word_1_336' title='bbox 550 3122 664 3179; x_wconf 90' lang='lat' dir='ltr'>Dei</span> <span class='ocrx_word' id='word_1_337' title='bbox 681 3128 981 3196; x_wconf 78' lang='lat' dir='ltr'>exspectat.</span> <span class='ocrx_word' id='word_1_338' title='bbox 1044 3120 1298 3179; x_wconf 84' lang='lat' dir='ltr'>Vanitati</span> <span class='ocrx_word' id='word_1_339' title='bbox 1327 3116 1751 3201; x_wconf 87' lang='lat' dir='ltr'>(corruptioni)</span> <span class='ocrx_word' id='word_1_340' title='bbox 1785 3124 1935 3180; x_wconf 85' lang='lat' dir='ltr'>enim</span> <span class='ocrx_word' id='word_1_341' title='bbox 1968 3129 2241 3180; x_wconf 85' lang='lat' dir='ltr'>creatura</span> <span class='ocrx_word' id='word_1_342' title='bbox 2272 3122 2524 3196; x_wconf 83' lang='lat' dir='ltr'>subjecta</span> <span class='ocrx_word' id='word_1_343' title='bbox 2557 3127 2636 3178; x_wconf 89' lang='lat' dir='ltr'>est</span> <span class='ocrx_word' id='word_1_344' title='bbox 2666 3138 2779 3178; x_wconf 77' lang='lat' dir='ltr'>non</span> <span class='ocrx_word' id='word_1_345' title='bbox 2812 3119 3021 3193; x_wconf 68' lang='lat' dir='ltr'>volem,</span> 
     </span>
     <span class='ocr_line' id='line_1_32' title="bbox 402 3209 3029 3286; baseline -0.002 -18"><span class='ocrx_word' id='word_1_346' title='bbox 402 3211 498 3268; x_wconf 86' lang='lat' dir='ltr'>sed</span> <span class='ocrx_word' id='word_1_347' title='bbox 522 3217 760 3286; x_wconf 85' lang='lat' dir='ltr'>propter</span> <span class='ocrx_word' id='word_1_348' title='bbox 791 3229 935 3285; x_wconf 80' lang='lat' dir='ltr'>eum,</span> <span class='ocrx_word' id='word_1_349' title='bbox 985 3211 1084 3285; x_wconf 78' lang='lat' dir='ltr'>qui</span> <span class='ocrx_word' id='word_1_350' title='bbox 1126 3211 1356 3284; x_wconf 80' lang='lat' dir='ltr'>subjecit</span> <span class='ocrx_word' id='word_1_351' title='bbox 1401 3229 1526 3268; x_wconf 89' lang='lat' dir='ltr'>eam</span> <span class='ocrx_word' id='word_1_352' title='bbox 1561 3212 1622 3267; x_wconf 81' lang='lat' dir='ltr'>in</span> <span class='ocrx_word' id='word_1_353' title='bbox 1654 3229 1766 3284; x_wconf 83' lang='lat' dir='ltr'>spe.</span> <span class='ocrx_word' id='word_1_354' title='bbox 1834 3211 1984 3283; x_wconf 79' lang='lat' dir='ltr'>Quia</span> <span class='ocrx_word' id='word_1_355' title='bbox 2032 3218 2081 3267; x_wconf 89' lang='lat' dir='ltr'>et</span> <span class='ocrx_word' id='word_1_356' title='bbox 2125 3213 2257 3285; x_wconf 84' lang='lat' dir='ltr'>ipsa</span> <span class='ocrx_word' id='word_1_357' title='bbox 2306 3218 2579 3268; x_wconf 83' lang='lat' dir='ltr'>creatura</span> <span class='ocrx_word' id='word_1_358' title='bbox 2611 3209 2951 3266; x_wconf 83' lang='lat' dir='ltr'>liberabitur</span> <span class='ocrx_word' id='word_1_359' title='bbox 2984 3228 3029 3265; x_wconf 79' lang='lat' dir='ltr'>a</span> 
     </span>
     <span class='ocr_line' id='line_1_33' title="bbox 400 3298 3023 3374; baseline -0 -18"><span class='ocrx_word' id='word_1_360' title='bbox 400 3302 664 3357; x_wconf 82' lang='lat' dir='ltr'>servitute</span> <span class='ocrx_word' id='word_1_361' title='bbox 693 3300 1082 3373; x_wconf 74' lang='lat' dir='ltr'>corruptionis</span> <span class='ocrx_word' id='word_1_362' title='bbox 1111 3301 1174 3357; x_wconf 83' lang='lat' dir='ltr'>in</span> <span class='ocrx_word' id='word_1_363' title='bbox 1206 3299 1522 3357; x_wconf 83' lang='lat' dir='ltr'>libertatem</span> <span class='ocrx_word' id='word_1_364' title='bbox 1551 3300 1769 3374; x_wconf 77' lang='lat' dir='ltr'>yloriae</span> <span class='ocrx_word' id='word_1_365' title='bbox 1797 3300 2060 3372; x_wconf 82' lang='lat' dir='ltr'>filiorum</span> <span class='ocrx_word' id='word_1_366' title='bbox 2085 3300 2227 3358; x_wconf 85' lang='lat' dir='ltr'>Dei:</span> <span class='ocrx_word' id='word_1_367' title='bbox 2260 3299 2482 3374; x_wconf 90' lang='lat' dir='ltr'>quibus</span> <span class='ocrx_word' id='word_1_368' title='bbox 2515 3298 2811 3373; x_wconf 90' lang='lat' dir='ltr'>triplicem</span> <span class='ocrx_word' id='word_1_369' title='bbox 2842 3298 3023 3373; x_wconf 83' lang='lat' dir='ltr'>hujus</span> 
     </span>
     <span class='ocr_line' id='line_1_34' title="bbox 400 3386 3031 3464; baseline -0.001 -18"><span class='ocrx_word' id='word_1_370' title='bbox 400 3387 800 3447; x_wconf 83' lang='lat' dir='ltr'>innovationis</span> <span class='ocrx_word' id='word_1_371' title='bbox 831 3386 1029 3445; x_wconf 89' lang='lat' dir='ltr'>reddit</span> <span class='ocrx_word' id='word_1_372' title='bbox 1059 3388 1364 3459; x_wconf 81' lang='lat' dir='ltr'>rationem,</span> <span class='ocrx_word' id='word_1_373' title='bbox 1414 3388 1573 3464; x_wconf 90' lang='lat' dir='ltr'>quod</span> <span class='ocrx_word' id='word_1_374' title='bbox 1622 3388 1748 3449; x_wconf 88' lang='lat' dir='ltr'>scil.</span> <span class='ocrx_word' id='word_1_375' title='bbox 1796 3403 1862 3451; x_wconf 74' lang='lat' dir='ltr'>a.</span> <span class='ocrx_word' id='word_1_376' title='bbox 1914 3407 2191 3464; x_wconf 84' lang='lat' dir='ltr'>praesens</span> <span class='ocrx_word' id='word_1_377' title='bbox 2224 3390 2418 3447; x_wconf 84' lang='lat' dir='ltr'>status</span> <span class='ocrx_word' id='word_1_378' title='bbox 2451 3406 2570 3447; x_wconf 93' lang='lat' dir='ltr'>non</span> <span class='ocrx_word' id='word_1_379' title='bbox 2605 3387 2684 3446; x_wconf 89' lang='lat' dir='ltr'>sit</span> <span class='ocrx_word' id='word_1_380' title='bbox 2714 3386 3031 3463; x_wconf 79' lang='lat' dir='ltr'>originalis</span> 
     </span>
     <span class='ocr_line' id='line_1_35' title="bbox 401 3474 3022 3556; baseline -0.001 -20"><span class='ocrx_word' id='word_1_381' title='bbox 401 3477 659 3536; x_wconf 86' lang='lat' dir='ltr'>conditio</span> <span class='ocrx_word' id='word_1_382' title='bbox 692 3480 1028 3547; x_wconf 80' lang='lat' dir='ltr'>creaturae3</span> <span class='ocrx_word' id='word_1_383' title='bbox 1078 3477 1235 3552; x_wconf 88' lang='lat' dir='ltr'>quod</span> <span class='ocrx_word' id='word_1_384' title='bbox 1284 3474 1356 3540; x_wconf 87' lang='lat' dir='ltr'>b.</span> <span class='ocrx_word' id='word_1_385' title='bbox 1406 3477 1538 3552; x_wconf 91' lang='lat' dir='ltr'>ipsa</span> <span class='ocrx_word' id='word_1_386' title='bbox 1567 3495 1686 3535; x_wconf 92' lang='lat' dir='ltr'>non</span> <span class='ocrx_word' id='word_1_387' title='bbox 1713 3477 1800 3556; x_wconf 16' lang='lat' dir='ltr'>&#39;sit</span> <span class='ocrx_word' id='word_1_388' title='bbox 1832 3495 2007 3536; x_wconf 89' lang='lat' dir='ltr'>causa</span> <span class='ocrx_word' id='word_1_389' title='bbox 2038 3496 2178 3537; x_wconf 88' lang='lat' dir='ltr'>suae</span> <span class='ocrx_word' id='word_1_390' title='bbox 2211 3477 2276 3535; x_wconf 92' lang='lat' dir='ltr'>in</span> <span class='ocrx_word' id='word_1_391' title='bbox 2308 3477 2573 3535; x_wconf 90' lang='lat' dir='ltr'>deterius</span> <span class='ocrx_word' id='word_1_392' title='bbox 2605 3477 3022 3535; x_wconf 89' lang='lat' dir='ltr'>commutatio-</span> 
     </span>
     <span class='ocr_line' id='line_1_36' title="bbox 397 3563 3036 3641; baseline -0.001 -16"><span class='ocrx_word' id='word_1_393' title='bbox 397 3568 525 3637; x_wconf 89' lang='lat' dir='ltr'>nis;</span> <span class='ocrx_word' id='word_1_394' title='bbox 559 3565 719 3641; x_wconf 90' lang='lat' dir='ltr'>quod</span> <span class='ocrx_word' id='word_1_395' title='bbox 752 3580 815 3630; x_wconf 72' lang='lat'>(3.</span> <span class='ocrx_word' id='word_1_396' title='bbox 849 3565 1017 3623; x_wconf 90' lang='lat' dir='ltr'>illam</span> <span class='ocrx_word' id='word_1_397' title='bbox 1048 3569 1377 3641; x_wconf 86' lang='lat' dir='ltr'>exspectet:</span> <span class='ocrx_word' id='word_1_398' title='bbox 1428 3566 1523 3624; x_wconf 90' lang='lat' dir='ltr'>cui</span> <span class='ocrx_word' id='word_1_399' title='bbox 1560 3565 1708 3624; x_wconf 86' lang='lat' dir='ltr'>adde</span> <span class='ocrx_word' id='word_1_400' title='bbox 1740 3563 1808 3631; x_wconf 79' lang='lat' dir='ltr'>d.</span> <span class='ocrx_word' id='word_1_401' title='bbox 1840 3567 1999 3641; x_wconf 92' lang='lat' dir='ltr'>quod</span> <span class='ocrx_word' id='word_1_402' title='bbox 2030 3586 2227 3624; x_wconf 87' lang='lat' dir='ltr'>rerum</span> <span class='ocrx_word' id='word_1_403' title='bbox 2264 3565 2626 3624; x_wconf 85' lang='lat' dir='ltr'>universitas</span> <span class='ocrx_word' id='word_1_404' title='bbox 2658 3569 2751 3623; x_wconf 86' lang='lat' dir='ltr'>est</span> <span class='ocrx_word' id='word_1_405' title='bbox 2780 3568 3036 3641; x_wconf 74' lang='lat' dir='ltr'>propter</span> 
     </span>
     <span class='ocr_line' id='line_1_37' title="bbox 397 3653 3033 3732; baseline -0.001 -19"><span class='ocrx_word' id='word_1_406' title='bbox 397 3655 728 3724; x_wconf 82' lang='lat' dir='ltr'>hominem3</span> <span class='ocrx_word' id='word_1_407' title='bbox 775 3654 1100 3732; x_wconf 87' lang='lat' dir='ltr'>glorificato</span> <span class='ocrx_word' id='word_1_408' title='bbox 1133 3674 1272 3731; x_wconf 92' lang='lat' dir='ltr'>ergo</span> <span class='ocrx_word' id='word_1_409' title='bbox 1304 3656 1434 3730; x_wconf 86' lang='lat' dir='ltr'>ejus</span> <span class='ocrx_word' id='word_1_410' title='bbox 1466 3656 1656 3730; x_wconf 87' lang='lat' dir='ltr'>capite</span> <span class='ocrx_word' id='word_1_411' title='bbox 1689 3659 1749 3714; x_wconf 91' lang='lat' dir='ltr'>et</span> <span class='ocrx_word' id='word_1_412' title='bbox 1781 3675 1937 3731; x_wconf 88' lang='lat' dir='ltr'>rege,</span> <span class='ocrx_word' id='word_1_413' title='bbox 1987 3655 2155 3713; x_wconf 89' lang='lat' dir='ltr'>decet</span> <span class='ocrx_word' id='word_1_414' title='bbox 2200 3658 2268 3713; x_wconf 93' lang='lat' dir='ltr'>ut</span> <span class='ocrx_word' id='word_1_415' title='bbox 2312 3655 2442 3730; x_wconf 90' lang='lat' dir='ltr'>ipsa</span> <span class='ocrx_word' id='word_1_416' title='bbox 2485 3673 2592 3730; x_wconf 91' lang='lat' dir='ltr'>pro</span> <span class='ocrx_word' id='word_1_417' title='bbox 2638 3653 2880 3712; x_wconf 89' lang='lat' dir='ltr'>modulo</span> <span class='ocrx_word' id='word_1_418' title='bbox 2914 3672 3033 3711; x_wconf 83' lang='lat' dir='ltr'>suo</span> 
     </span>
     <span class='ocr_line' id='line_1_38' title="bbox 397 3742 3022 3821; baseline -0.002 -19"><span class='ocrx_word' id='word_1_419' title='bbox 397 3744 699 3820; x_wconf 87' lang='lat' dir='ltr'>particeps</span> <span class='ocrx_word' id='word_1_420' title='bbox 732 3744 1016 3802; x_wconf 89' lang='lat' dir='ltr'>reddatur</span> <span class='ocrx_word' id='word_1_421' title='bbox 1047 3745 1228 3820; x_wconf 90' lang='lat' dir='ltr'>hujus</span> <span class='ocrx_word' id='word_1_422' title='bbox 1259 3743 1722 3821; x_wconf 79' lang='lat' dir='ltr'>glorificationis,</span> <span class='ocrx_word' id='word_1_423' title='bbox 1791 3744 2017 3802; x_wconf 89' lang='lat' dir='ltr'>Deinde</span> <span class='ocrx_word' id='word_1_424' title='bbox 2050 3759 2112 3806; x_wconf 79' lang='lat' dir='ltr'>e.</span> <span class='ocrx_word' id='word_1_425' title='bbox 2146 3743 2504 3802; x_wconf 85' lang='lat' dir='ltr'>universitas</span> <span class='ocrx_word' id='word_1_426' title='bbox 2535 3762 2735 3802; x_wconf 87' lang='lat' dir='ltr'>rerum</span> <span class='ocrx_word' id='word_1_427' title='bbox 2767 3742 3022 3801; x_wconf 83' lang='lat' dir='ltr'>visibilis</span> 
     </span>
     <span class='ocr_line' id='line_1_39' title="bbox 398 3831 3031 3909; baseline -0.002 -17"><span class='ocrx_word' id='word_1_428' title='bbox 398 3851 551 3909; x_wconf 89' lang='lat' dir='ltr'>opus</span> <span class='ocrx_word' id='word_1_429' title='bbox 583 3833 1157 3908; x_wconf 87' lang='lat' dir='ltr'>praestantissimum</span> <span class='ocrx_word' id='word_1_430' title='bbox 1190 3837 1284 3892; x_wconf 90' lang='lat' dir='ltr'>est</span> <span class='ocrx_word' id='word_1_431' title='bbox 1316 3833 1639 3908; x_wconf 88' lang='lat' dir='ltr'>sapientiae</span> <span class='ocrx_word' id='word_1_432' title='bbox 1686 3835 1747 3891; x_wconf 91' lang='lat' dir='ltr'>et</span> <span class='ocrx_word' id='word_1_433' title='bbox 1793 3831 2259 3908; x_wconf 89' lang='lat' dir='ltr'>omnipotentiae</span> <span class='ocrx_word' id='word_1_434' title='bbox 2292 3833 2417 3891; x_wconf 90' lang='lat' dir='ltr'>Dei.</span> <span class='ocrx_word' id='word_1_435' title='bbox 2483 3831 2675 3900; x_wconf 83' lang='lat' dir='ltr'>Quare</span> <span class='ocrx_word' id='word_1_436' title='bbox 2722 3832 2849 3907; x_wconf 89' lang='lat' dir='ltr'>ipsa</span> <span class='ocrx_word' id='word_1_437' title='bbox 2894 3831 3031 3907; x_wconf 83' lang='lat' dir='ltr'>ejus</span> 
     </span>
     <span class='ocr_line' id='line_1_40' title="bbox 400 3919 3030 3998; baseline -0.001 -18"><span class='ocrx_word' id='word_1_438' title='bbox 400 3921 767 3998; x_wconf 88' lang='lat' dir='ltr'>praestantia</span> <span class='ocrx_word' id='word_1_439' title='bbox 796 3923 1007 3997; x_wconf 85' lang='lat' dir='ltr'>poscit,</span> <span class='ocrx_word' id='word_1_440' title='bbox 1043 3925 1111 3980; x_wconf 91' lang='lat' dir='ltr'>ut</span> <span class='ocrx_word' id='word_1_441' title='bbox 1142 3926 1528 3981; x_wconf 88' lang='lat' dir='ltr'>conservetur</span> <span class='ocrx_word' id='word_1_442' title='bbox 1559 3924 1620 3979; x_wconf 88' lang='lat' dir='ltr'>et</span> <span class='ocrx_word' id='word_1_443' title='bbox 1651 3925 2111 3992; x_wconf 87' lang='lat' dir='ltr'>consummetur,</span> <span class='ocrx_word' id='word_1_444' title='bbox 2163 3925 2233 3980; x_wconf 93' lang='lat' dir='ltr'>ut</span> <span class='ocrx_word' id='word_1_445' title='bbox 2266 3920 2626 3997; x_wconf 89' lang='lat' dir='ltr'>condignum</span> <span class='ocrx_word' id='word_1_446' title='bbox 2659 3921 2740 3978; x_wconf 90' lang='lat' dir='ltr'>sit</span> <span class='ocrx_word' id='word_1_447' title='bbox 2771 3919 3030 3995; x_wconf 83' lang='lat' dir='ltr'>comple·</span> 
     </span>
     <span class='ocr_line' id='line_1_41' title="bbox 400 4009 3027 4088; baseline -0.002 -19"><span class='ocrx_word' id='word_1_448' title='bbox 400 4014 669 4069; x_wconf 90' lang='lat' dir='ltr'>mentum</span> <span class='ocrx_word' id='word_1_449' title='bbox 701 4010 871 4068; x_wconf 90' lang='lat' dir='ltr'>illius</span> <span class='ocrx_word' id='word_1_450' title='bbox 903 4011 1073 4087; x_wconf 89' lang='lat' dir='ltr'>regni</span> <span class='ocrx_word' id='word_1_451' title='bbox 1104 4012 1230 4080; x_wconf 92' lang='lat' dir='ltr'>Dei,</span> <span class='ocrx_word' id='word_1_452' title='bbox 1264 4010 1424 4088; x_wconf 90' lang='lat' dir='ltr'>quod</span> <span class='ocrx_word' id='word_1_453' title='bbox 1450 4011 1674 4085; x_wconf 87' lang='lat' dir='ltr'>judicio</span> <span class='ocrx_word' id='word_1_454' title='bbox 1706 4011 2032 4069; x_wconf 90' lang='lat' dir='ltr'>universali</span> <span class='ocrx_word' id='word_1_455' title='bbox 2063 4010 2545 4087; x_wconf 86' lang='lat' dir='ltr'>inaugurabitur.</span> <span class='ocrx_word' id='word_1_456' title='bbox 2604 4010 2686 4073; x_wconf 88' lang='lat' dir='ltr'>Cf.</span> <span class='ocrx_word' id='word_1_457' title='bbox 2719 4009 2929 4068; x_wconf 86' lang='lat' dir='ltr'>Mack</span> <span class='ocrx_word' id='word_1_458' title='bbox 2961 4010 3027 4066; x_wconf 88' lang='lat' dir='ltr'>in</span> 
     </span>
     <span class='ocr_line' id='line_1_42' title="bbox 399 4098 3025 4177; baseline 0 -20"><span class='ocrx_word' id='word_1_459' title='bbox 399 4100 538 4160; x_wconf 88' lang='lat' dir='ltr'>fasc.</span> <span class='ocrx_word' id='word_1_460' title='bbox 569 4099 660 4156; x_wconf 84' lang='lat' dir='ltr'>lit.</span> <span class='ocrx_word' id='word_1_461' title='bbox 691 4099 922 4177; x_wconf 72' lang='lat' dir='ltr'>tubing.</span> <span class='ocrx_word' id='word_1_462' title='bbox 954 4108 1116 4162; x_wconf 79' lang='lat'>1833</span> <span class='ocrx_word' id='word_1_463' title='bbox 1151 4120 1282 4177; x_wconf 90' lang='lat' dir='ltr'>pag.</span> <span class='ocrx_word' id='word_1_464' title='bbox 1320 4108 1666 4162; x_wconf 87' lang='grc'><strong>601-639</strong></span> <span class='ocrx_word' id='word_1_465' title='bbox 1703 4103 1764 4157; x_wconf 88' lang='lat' dir='ltr'>et</span> <span class='ocrx_word' id='word_1_466' title='bbox 1796 4099 1852 4157; x_wconf 86' lang='lat' dir='ltr'>J.</span> <span class='ocrx_word' id='word_1_467' title='bbox 1885 4101 1950 4158; x_wconf 92' lang='lat' dir='ltr'>B.</span> <span class='ocrx_word' id='word_1_468' title='bbox 1984 4101 2231 4158; x_wconf 90' lang='lat' dir='ltr'>Kraus</span> <span class='ocrx_word' id='word_1_469' title='bbox 2263 4100 2324 4156; x_wconf 90' lang='lat' dir='ltr'>in</span> <span class='ocrx_word' id='word_1_470' title='bbox 2358 4099 2528 4157; x_wconf 90' lang='lat' dir='ltr'>docta</span> <span class='ocrx_word' id='word_1_471' title='bbox 2560 4099 2697 4157; x_wconf 90' lang='lat' dir='ltr'>diss.</span> <span class='ocrx_word' id='word_1_472' title='bbox 2731 4098 2827 4157; x_wconf 91' lang='lat' dir='ltr'>die</span> <span class='ocrx_word' id='word_1_473' title='bbox 2862 4099 3025 4174; x_wconf 86' lang='lat' dir='ltr'>Apo-</span> 
     </span>
     <span class='ocr_line' id='line_1_43' title="bbox 400 4188 3023 4264; baseline 0.002 -18"><span class='ocrx_word' id='word_1_474' title='bbox 400 4189 722 4246; x_wconf 84' lang='lat' dir='ltr'>katastasis</span> <span class='ocrx_word' id='word_1_475' title='bbox 773 4189 877 4246; x_wconf 89' lang='lat' dir='ltr'>der</span> <span class='ocrx_word' id='word_1_476' title='bbox 923 4188 1197 4246; x_wconf 88' lang='lat' dir='ltr'>unfreien</span> <span class='ocrx_word' id='word_1_477' title='bbox 1249 4190 1494 4247; x_wconf 87' lang='lat' dir='ltr'>Creatur</span> <span class='ocrx_word' id='word_1_478' title='bbox 1542 4189 1650 4247; x_wconf 81' lang='lat' dir='ltr'>auf</span> <span class='ocrx_word' id='word_1_479' title='bbox 1691 4189 1853 4248; x_wconf 86' lang='lat' dir='ltr'>kath.</span> <span class='ocrx_word' id='word_1_480' title='bbox 1912 4189 2346 4264; x_wconf 87' lang='lat' dir='ltr'>Standpunkte,</span> <span class='ocrx_word' id='word_1_481' title='bbox 2397 4188 2785 4264; x_wconf 85' lang='lat' dir='ltr'>Regensburg</span> <span class='ocrx_word' id='word_1_482' title='bbox 2826 4196 3023 4255; x_wconf 79' lang='lat'>1850;</span> 
     </span>
     <span class='ocr_line' id='line_1_44' title="bbox 401 4275 1350 4353; baseline 0.001 -18"><span class='ocrx_word' id='word_1_483' title='bbox 401 4278 787 4336; x_wconf 88' lang='lat' dir='ltr'>Scheeben</span> <span class='ocrx_word' id='word_1_484' title='bbox 820 4277 1150 4353; x_wconf 81' lang='lat' dir='ltr'>Mysterien</span> <span class='ocrx_word' id='word_1_485' title='bbox 1181 4275 1214 4344; x_wconf 67' lang='grc' dir='ltr'>ἕ</span> <span class='ocrx_word' id='word_1_486' title='bbox 1250 4288 1350 4340; x_wconf 88' lang='grc'>96.</span> 
     </span>
    </p>

    <p class='ocr_par' dir='ltr' id='par_1_7' title="bbox 399 4363 3031 4888">
     <span class='ocr_line' id='line_1_45' title="bbox 577 4363 3022 4442; baseline -0.002 -15"><span class='ocrx_word' id='word_1_487' title='bbox 577 4363 645 4430; x_wconf 79' lang='grc'>4.</span> <span class='ocrx_word' id='word_1_488' title='bbox 690 4366 1033 4442; x_wconf 88' lang='lat' dir='ltr'>Cujusmodi</span> <span class='ocrx_word' id='word_1_489' title='bbox 1079 4386 1216 4425; x_wconf 87' lang='lat' dir='ltr'>vero</span> <span class='ocrx_word' id='word_1_490' title='bbox 1265 4367 1347 4424; x_wconf 89' lang='lat' dir='ltr'>sit</span> <span class='ocrx_word' id='word_1_491' title='bbox 1390 4366 1595 4424; x_wconf 85' lang='lat' dir='ltr'>futura</span> <span class='ocrx_word' id='word_1_492' title='bbox 1639 4367 1848 4424; x_wconf 91' lang='lat' dir='ltr'>mundi</span> <span class='ocrx_word' id='word_1_493' title='bbox 1895 4366 2175 4437; x_wconf 85' lang='lat' dir='ltr'>conditio,</span> <span class='ocrx_word' id='word_1_494' title='bbox 2227 4385 2302 4424; x_wconf 90' lang='lat' dir='ltr'>ne</span> <span class='ocrx_word' id='word_1_495' title='bbox 2355 4365 2737 4441; x_wconf 86' lang='lat' dir='ltr'>conjectando</span> <span class='ocrx_word' id='word_1_496' title='bbox 2783 4365 3022 4441; x_wconf 90' lang='lat' dir='ltr'>quidem</span> 
     </span>
     <span class='ocr_line' id='line_1_46' title="bbox 400 4454 3031 4530; baseline -0 -16"><span class='ocrx_word' id='word_1_497' title='bbox 400 4455 748 4530; x_wconf 86' lang='lat' dir='ltr'>assequeris.</span> <span class='ocrx_word' id='word_1_498' title='bbox 821 4456 979 4513; x_wconf 89' lang='lat' dir='ltr'>Num</span> <span class='ocrx_word' id='word_1_499' title='bbox 1029 4456 1093 4513; x_wconf 92' lang='lat' dir='ltr'>in</span> <span class='ocrx_word' id='word_1_500' title='bbox 1142 4456 1364 4514; x_wconf 90' lang='lat' dir='ltr'>mundo</span> <span class='ocrx_word' id='word_1_501' title='bbox 1412 4458 1694 4515; x_wconf 83' lang='lat' dir='ltr'>renovato</span> <span class='ocrx_word' id='word_1_502' title='bbox 1742 4455 1949 4514; x_wconf 91' lang='lat' dir='ltr'>futura</span> <span class='ocrx_word' id='word_1_503' title='bbox 1998 4456 2122 4514; x_wconf 89' lang='lat' dir='ltr'>sint</span> <span class='ocrx_word' id='word_1_504' title='bbox 2174 4455 2453 4514; x_wconf 88' lang='lat' dir='ltr'>animalia</span> <span class='ocrx_word' id='word_1_505' title='bbox 2501 4459 2564 4513; x_wconf 90' lang='lat' dir='ltr'>et</span> <span class='ocrx_word' id='word_1_506' title='bbox 2612 4454 2865 4529; x_wconf 85' lang='lat' dir='ltr'>plantae,</span> <span class='ocrx_word' id='word_1_507' title='bbox 2919 4473 3031 4513; x_wconf 81' lang='lat' dir='ltr'>seu</span> 
     </span>
     <span class='ocr_line' id='line_1_47' title="bbox 400 4535 3022 4626; baseline 0 -24"><span class='ocrx_word' id='word_1_508' title='bbox 400 4563 548 4602; x_wconf 92' lang='lat' dir='ltr'>num</span> <span class='ocrx_word' id='word_1_509' title='bbox 580 4545 720 4602; x_wconf 88' lang='lat' dir='ltr'>haec</span> <span class='ocrx_word' id='word_1_510' title='bbox 750 4544 1053 4603; x_wconf 86' lang='lat' dir='ltr'>renovatio</span> <span class='ocrx_word' id='word_1_511' title='bbox 1085 4545 1513 4620; x_wconf 89' lang='lat' dir='ltr'>complectatur</span> <span class='ocrx_word' id='word_1_512' title='bbox 1543 4563 1795 4620; x_wconf 77' lang='lat' dir='ltr'>regnum</span> <span class='ocrx_word' id='word_1_513' title='bbox 1827 4545 2191 4621; x_wconf 86' lang='lat' dir='ltr'>organicum,</span> <span class='ocrx_word' id='word_1_514' title='bbox 2226 4544 2480 4602; x_wconf 89' lang='lat' dir='ltr'>animale</span> <span class='ocrx_word' id='word_1_515' title='bbox 2511 4544 2634 4602; x_wconf 89' lang='lat' dir='ltr'>scil.</span> <span class='ocrx_word' id='word_1_516' title='bbox 2679 4547 2741 4602; x_wconf 87' lang='lat' dir='ltr'>et</span> <span class='ocrx_word' id='word_1_517' title='bbox 2783 4535 3022 4626; x_wconf 85' lang='lat' dir='ltr'>vegeta-</span> 
     </span>
     <span class='ocr_line' id='line_1_48' title="bbox 399 4633 3031 4710; baseline -0 -20"><span class='ocrx_word' id='word_1_518' title='bbox 399 4634 611 4703; x_wconf 86' lang='lat' dir='ltr'>tivum,</span> <span class='ocrx_word' id='word_1_519' title='bbox 645 4633 801 4691; x_wconf 87' lang='lat' dir='ltr'>haud</span> <span class='ocrx_word' id='word_1_520' title='bbox 834 4633 980 4692; x_wconf 91' lang='lat' dir='ltr'>levis</span> <span class='ocrx_word' id='word_1_521' title='bbox 1012 4637 1106 4692; x_wconf 88' lang='lat' dir='ltr'>est</span> <span class='ocrx_word' id='word_1_522' title='bbox 1137 4633 1424 4709; x_wconf 82' lang='lat' dir='ltr'>quaestio,</span> <span class='ocrx_word' id='word_1_523' title='bbox 1460 4633 1743 4710; x_wconf 88' lang='lat' dir='ltr'>Theologi</span> <span class='ocrx_word' id='word_1_524' title='bbox 1763 4633 1997 4692; x_wconf 88' lang='lat' dir='ltr'>scholae</span> <span class='ocrx_word' id='word_1_525' title='bbox 2018 4637 2248 4710; x_wconf 89' lang='lat' dir='ltr'>negant</span> <span class='ocrx_word' id='word_1_526' title='bbox 2280 4653 2412 4692; x_wconf 88' lang='lat' dir='ltr'>cum</span> <span class='ocrx_word' id='word_1_527' title='bbox 2446 4651 2491 4695; x_wconf 88' lang='lat' dir='ltr'>s.</span> <span class='ocrx_word' id='word_1_528' title='bbox 2523 4633 2747 4691; x_wconf 86' lang='lat' dir='ltr'>Thom</span> <span class='ocrx_word' id='word_1_529' title='bbox 2766 4653 2799 4691; x_wconf 88' lang='lat' dir='ltr'>a</span> <span class='ocrx_word' id='word_1_530' title='bbox 2830 4634 3031 4708; x_wconf 78' lang='lat' dir='ltr'>suppl.</span> 
     </span>
     <span class='ocr_line' id='line_1_49' title="bbox 399 4722 3029 4799; baseline -0.002 -16"><span class='ocrx_word' id='word_1_531' title='bbox 399 4741 457 4797; x_wconf 84' lang='lat' dir='ltr'>q.</span> <span class='ocrx_word' id='word_1_532' title='bbox 509 4733 580 4785; x_wconf 88' lang='lat'>91</span> <span class='ocrx_word' id='word_1_533' title='bbox 637 4743 686 4783; x_wconf 88' lang='lat' dir='ltr'>a.</span> <span class='ocrx_word' id='word_1_534' title='bbox 735 4733 805 4793; x_wconf 84' lang='lat'>53</span> <span class='ocrx_word' id='word_1_535' title='bbox 857 4741 903 4781; x_wconf 90' lang='lat' dir='ltr'>c.</span> <span class='ocrx_word' id='word_1_536' title='bbox 947 4726 1154 4799; x_wconf 86' lang='lat' dir='ltr'>gentes</span> <span class='ocrx_word' id='word_1_537' title='bbox 1200 4722 1298 4792; x_wconf 88' lang='lat' dir='ltr'>IV,</span> <span class='ocrx_word' id='word_1_538' title='bbox 1348 4733 1445 4784; x_wconf 79' lang='lat'>97.</span> <span class='ocrx_word' id='word_1_539' title='bbox 1495 4756 1578 4764; x_wconf 92' lang='lat'>—-</span> <span class='ocrx_word' id='word_1_540' title='bbox 1625 4722 1865 4781; x_wconf 87' lang='lat' dir='ltr'>Bautz</span> <span class='ocrx_word' id='word_1_541' title='bbox 1913 4723 1975 4781; x_wconf 93' lang='lat' dir='ltr'>in</span> <span class='ocrx_word' id='word_1_542' title='bbox 2025 4722 2162 4785; x_wconf 86' lang='lat' dir='ltr'>fasc.</span> <span class='ocrx_word' id='word_1_543' title='bbox 2210 4723 2365 4785; x_wconf 83' lang='lat' dir='ltr'>liter,</span> <span class='ocrx_word' id='word_1_544' title='bbox 2412 4722 2697 4781; x_wconf 85' lang='lat' dir='ltr'>Katholik</span> <span class='ocrx_word' id='word_1_545' title='bbox 2744 4731 2907 4785; x_wconf 70' lang='lat'>1877</span> <span class='ocrx_word' id='word_1_546' title='bbox 2946 4723 3029 4790; x_wconf 82' lang='grc' dir='ltr'>Π,</span> 
     </span>
     <span class='ocr_line' id='line_1_50' title="bbox 409 4808 3027 4888; baseline -0.001 -19"><span class='ocrx_word' id='word_1_547' title='bbox 409 4820 775 4887; x_wconf 83' lang='lat'>135—158‚</span> <span class='ocrx_word' id='word_1_548' title='bbox 811 4812 875 4870; x_wconf 92' lang='lat' dir='ltr'>in</span> <span class='ocrx_word' id='word_1_549' title='bbox 905 4812 968 4869; x_wconf 91' lang='lat' dir='ltr'>ll.</span> <span class='ocrx_word' id='word_1_550' title='bbox 1000 4813 1105 4870; x_wconf 92' lang='lat' dir='ltr'>der</span> <span class='ocrx_word' id='word_1_551' title='bbox 1135 4812 1395 4870; x_wconf 90' lang='lat' dir='ltr'>Himmel</span> <span class='ocrx_word' id='word_1_552' title='bbox 1429 4831 1486 4887; x_wconf 93' lang='lat' dir='ltr'>p.</span> <span class='ocrx_word' id='word_1_553' title='bbox 1518 4821 1637 4874; x_wconf 84' lang='lat'>180</span> <span class='ocrx_word' id='word_1_554' title='bbox 1676 4830 1749 4873; x_wconf 88' lang='lat' dir='ltr'>ss.</span> <span class='ocrx_word' id='word_1_555' title='bbox 1783 4816 1844 4870; x_wconf 91' lang='lat' dir='ltr'>et</span> <span class='ocrx_word' id='word_1_556' title='bbox 1876 4812 1979 4869; x_wconf 90' lang='lat' dir='ltr'>das</span> <span class='ocrx_word' id='word_1_557' title='bbox 2020 4811 2407 4888; x_wconf 83' lang='lat' dir='ltr'>Weltgericht</span> <span class='ocrx_word' id='word_1_558' title='bbox 2438 4808 2470 4878; x_wconf 75' lang='grc' dir='ltr'>ἓ</span> <span class='ocrx_word' id='word_1_559' title='bbox 2510 4820 2586 4874; x_wconf 83' lang='grc'>20</span> <span class='ocrx_word' id='word_1_560' title='bbox 2624 4814 2825 4869; x_wconf 83' lang='lat' dir='ltr'>censet</span> <span class='ocrx_word' id='word_1_561' title='bbox 2853 4829 3027 4886; x_wconf 89' lang='lat' dir='ltr'>prae-</span> 
     </span>
    </p>
   </div>
  </div>
 </body>
</html>
