<?xml version="1.0" encoding="UTF-8"?>
<!DOCTYPE html PUBLIC "-//W3C//DTD XHTML 1.0 Transitional//EN"
    "http://www.w3.org/TR/xhtml1/DTD/xhtml1-transitional.dtd">
<html xmlns="http://www.w3.org/1999/xhtml" xml:lang="en" lang="en">
 <head>
  <title>
</title>
<meta http-equiv="Content-Type" content="text/html;charset=utf-8" />
  <meta name='ocr-system' content='tesseract 3.04.00' />
  <meta name='ocr-capabilities' content='ocr_page ocr_carea ocr_par ocr_line ocrx_word'/>
</head>
<body>
  <div class='ocr_page' id='page_1' title='image "./theologiaedogma00hurtgoog_0359.png"; bbox 0 0 3538 5364; ppageno 0'>
   <div class='ocr_carea' id='block_1_1' title="bbox 1179 295 3043 366">
    <p class='ocr_par' dir='ltr' id='par_1_1' title="bbox 1179 295 3043 366">
     <span class='ocr_line' id='line_1_1' title="bbox 1179 295 3043 366; baseline 0.004 -19"><span class='ocrx_word' id='word_1_1' title='bbox 1179 296 1249 351; x_wconf 87' lang='lat' dir='ltr'><strong>de</strong></span> <span class='ocrx_word' id='word_1_2' title='bbox 1278 295 1911 350; x_wconf 72' lang='lat' dir='ltr'><strong>transsubstantiatione</strong></span> <span class='ocrx_word' id='word_1_3' title='bbox 1940 295 2273 349; x_wconf 84' lang='lat' dir='ltr'><strong>sententiae.</strong></span> <span class='ocrx_word' id='word_1_4' title='bbox 2913 303 3043 366; x_wconf 81' lang='grc'><strong>347</strong></span> 
     </span>
    </p>
   </div>
   <div class='ocr_carea' id='block_1_2' title="bbox 418 481 3054 4842">
    <p class='ocr_par' dir='ltr' id='par_1_2' title="bbox 418 481 3050 2613">
     <span class='ocr_line' id='line_1_2' title="bbox 418 481 3042 559; baseline -0 -18"><span class='ocrx_word' id='word_1_5' title='bbox 418 483 638 541; x_wconf 90' lang='lat' dir='ltr'><strong>Christi</strong></span> <span class='ocrx_word' id='word_1_6' title='bbox 668 502 774 559; x_wconf 90' lang='lat' dir='ltr'><strong>per</strong></span> <span class='ocrx_word' id='word_1_7' title='bbox 804 483 1130 542; x_wconf 89' lang='lat' dir='ltr'><strong>accidentia</strong></span> <span class='ocrx_word' id='word_1_8' title='bbox 1160 482 1239 542; x_wconf 91' lang='lat' dir='ltr'><strong>sit</strong></span> <span class='ocrx_word' id='word_1_9' title='bbox 1270 481 1733 542; x_wconf 77' lang='lat' dir='ltr'><strong>demonstrabile</strong></span> <span class='ocrx_word' id='word_1_10' title='bbox 1766 481 1921 540; x_wconf 88' lang='lat' dir='ltr'><strong>sicut</strong></span> <span class='ocrx_word' id='word_1_11' title='bbox 1951 483 2125 540; x_wconf 87' lang='lat' dir='ltr'><strong>antea</strong></span> <span class='ocrx_word' id='word_1_12' title='bbox 2154 482 2327 558; x_wconf 89' lang='lat' dir='ltr'><strong>panis</strong></span> <span class='ocrx_word' id='word_1_13' title='bbox 2349 482 2705 541; x_wconf 89' lang='lat' dir='ltr'><strong>substantia.</strong></span> <span class='ocrx_word' id='word_1_14' title='bbox 2755 482 3042 541; x_wconf 89' lang='lat' dir='ltr'><strong>Unionem</strong></span> 
     </span>
     <span class='ocr_line' id='line_1_3' title="bbox 420 570 3042 649; baseline 0.001 -18"><span class='ocrx_word' id='word_1_15' title='bbox 420 590 562 631; x_wconf 87' lang='lat' dir='ltr'><strong>vero</strong></span> <span class='ocrx_word' id='word_1_16' title='bbox 593 572 752 630; x_wconf 82' lang='lat' dir='ltr'><strong>inter</strong></span> <span class='ocrx_word' id='word_1_17' title='bbox 781 590 995 649; x_wconf 87' lang='lat' dir='ltr'><strong>corpus</strong></span> <span class='ocrx_word' id='word_1_18' title='bbox 1027 572 1245 632; x_wconf 86' lang='lat' dir='ltr'><strong>Christi</strong></span> <span class='ocrx_word' id='word_1_19' title='bbox 1277 576 1337 631; x_wconf 91' lang='lat' dir='ltr'><strong>et</strong></span> <span class='ocrx_word' id='word_1_20' title='bbox 1370 572 1592 648; x_wconf 88' lang='lat' dir='ltr'><strong>species</strong></span> <span class='ocrx_word' id='word_1_21' title='bbox 1624 570 2081 629; x_wconf 75' lang='lat' dir='ltr'><strong>sacramentales</strong></span> <span class='ocrx_word' id='word_1_22' title='bbox 2129 571 2221 630; x_wconf 88' lang='lat' dir='ltr'><strong>ita</strong></span> <span class='ocrx_word' id='word_1_23' title='bbox 2250 571 2558 631; x_wconf 75' lang='lat' dir='ltr'><strong>subtiliter</strong></span> <span class='ocrx_word' id='word_1_24' title='bbox 2590 571 2858 631; x_wconf 88' lang='lat' dir='ltr'><strong>illustrat</strong></span> <span class='ocrx_word' id='word_1_25' title='bbox 2889 571 3042 648; x_wconf 86' lang='lat' dir='ltr'><strong>disp.</strong></span> 
     </span>
     <span class='ocr_line' id='line_1_4' title="bbox 424 660 3043 737; baseline -0.003 -11"><span class='ocrx_word' id='word_1_26' title='bbox 424 673 459 726; x_wconf 88' lang='grc'><strong>6</strong></span> <span class='ocrx_word' id='word_1_27' title='bbox 495 679 556 723; x_wconf 88' lang='lat' dir='ltr'><strong>n.</strong></span> <span class='ocrx_word' id='word_1_28' title='bbox 599 672 707 724; x_wconf 87' lang='lat'><strong>19:</strong></span> <span class='ocrx_word' id='word_1_29' title='bbox 760 661 1089 730; x_wconf 82' lang='lat' dir='ltr'><strong>,Existimo</strong></span> <span class='ocrx_word' id='word_1_30' title='bbox 1133 663 1282 721; x_wconf 89' lang='lat' dir='ltr'><strong>hanc</strong></span> <span class='ocrx_word' id='word_1_31' title='bbox 1325 660 1758 721; x_wconf 74' lang='lat' dir='ltr'><strong>continentiam</strong></span> <span class='ocrx_word' id='word_1_32' title='bbox 1807 660 2068 737; x_wconf 89' lang='lat' dir='ltr'><strong>corporis</strong></span> <span class='ocrx_word' id='word_1_33' title='bbox 2117 660 2339 720; x_wconf 87' lang='lat' dir='ltr'><strong>Christi</strong></span> <span class='ocrx_word' id='word_1_34' title='bbox 2386 662 2497 720; x_wconf 89' lang='lat' dir='ltr'><strong>sub</strong></span> <span class='ocrx_word' id='word_1_35' title='bbox 2546 661 2858 737; x_wconf 83' lang='lat' dir='ltr'><strong>speciebus</strong></span> <span class='ocrx_word' id='word_1_36' title='bbox 2904 680 3043 720; x_wconf 90' lang='lat' dir='ltr'><strong>con-</strong></span> 
     </span>
     <span class='ocr_line' id='line_1_5' title="bbox 420 749 3044 827; baseline -0.001 -17"><span class='ocrx_word' id='word_1_37' title='bbox 420 751 635 810; x_wconf 79' lang='lat' dir='ltr'><strong>sistere</strong></span> <span class='ocrx_word' id='word_1_38' title='bbox 664 751 729 809; x_wconf 90' lang='lat' dir='ltr'><strong>in</strong></span> <span class='ocrx_word' id='word_1_39' title='bbox 758 751 965 827; x_wconf 89' lang='lat' dir='ltr'><strong>primis</strong></span> <span class='ocrx_word' id='word_1_40' title='bbox 995 751 1060 810; x_wconf 91' lang='lat' dir='ltr'><strong>in</strong></span> <span class='ocrx_word' id='word_1_41' title='bbox 1091 752 1321 811; x_wconf 86' lang='lat' dir='ltr'><strong>actione</strong></span> <span class='ocrx_word' id='word_1_42' title='bbox 1352 750 1623 827; x_wconf 86' lang='lat' dir='ltr'><strong>quadam,</strong></span> <span class='ocrx_word' id='word_1_43' title='bbox 1657 767 1778 824; x_wconf 89' lang='lat' dir='ltr'><strong>qua</strong></span> <span class='ocrx_word' id='word_1_44' title='bbox 1795 766 2012 824; x_wconf 86' lang='lat' dir='ltr'><strong>corpus</strong></span> <span class='ocrx_word' id='word_1_45' title='bbox 2032 749 2251 809; x_wconf 76' lang='lat' dir='ltr'><strong>Christi</strong></span> <span class='ocrx_word' id='word_1_46' title='bbox 2281 769 2387 826; x_wconf 93' lang='lat' dir='ltr'><strong>per</strong></span> <span class='ocrx_word' id='word_1_47' title='bbox 2414 751 2744 826; x_wconf 88' lang='lat' dir='ltr'><strong>potentiam</strong></span> <span class='ocrx_word' id='word_1_48' title='bbox 2763 750 3044 809; x_wconf 90' lang='lat' dir='ltr'><strong>obedien-</strong></span> 
     </span>
     <span class='ocr_line' id='line_1_6' title="bbox 419 839 3048 917; baseline 0 -20"><span class='ocrx_word' id='word_1_49' title='bbox 419 840 626 898; x_wconf 87' lang='lat' dir='ltr'><strong>tialem</strong></span> <span class='ocrx_word' id='word_1_50' title='bbox 655 840 908 899; x_wconf 75' lang='lat' dir='ltr'><strong>activam</strong></span> <span class='ocrx_word' id='word_1_51' title='bbox 940 843 1011 899; x_wconf 88' lang='lat' dir='ltr'><strong>ut</strong></span> <span class='ocrx_word' id='word_1_52' title='bbox 1041 842 1512 900; x_wconf 87' lang='lat' dir='ltr'><strong>instrumentum</strong></span> <span class='ocrx_word' id='word_1_53' title='bbox 1530 840 1828 899; x_wconf 89' lang='lat' dir='ltr'><strong>elevatum</strong></span> <span class='ocrx_word' id='word_1_54' title='bbox 1850 843 2161 899; x_wconf 86' lang='lat' dir='ltr'><strong>conservat</strong></span> <span class='ocrx_word' id='word_1_55' title='bbox 2179 839 2504 898; x_wconf 89' lang='lat' dir='ltr'><strong>accidentia</strong></span> <span class='ocrx_word' id='word_1_56' title='bbox 2519 840 2692 915; x_wconf 88' lang='lat' dir='ltr'><strong>panis</strong></span> <span class='ocrx_word' id='word_1_57' title='bbox 2713 839 3048 917; x_wconf 89' lang='lat' dir='ltr'><strong>supplendo</strong></span> 
     </span>
     <span class='ocr_line' id='line_1_7' title="bbox 420 926 3047 1006; baseline 0 -18"><span class='ocrx_word' id='word_1_58' title='bbox 420 947 775 988; x_wconf 89' lang='lat' dir='ltr'><strong>concursum</strong></span> <span class='ocrx_word' id='word_1_59' title='bbox 806 932 868 988; x_wconf 88' lang='lat' dir='ltr'><strong>et</strong></span> <span class='ocrx_word' id='word_1_60' title='bbox 897 930 1392 989; x_wconf 79' lang='lat' dir='ltr'><strong>sustentationem</strong></span> <span class='ocrx_word' id='word_1_61' title='bbox 1412 929 1602 1006; x_wconf 87' lang='lat' dir='ltr'><strong>panis,</strong></span> <span class='ocrx_word' id='word_1_62' title='bbox 1633 946 1756 987; x_wconf 91' lang='lat' dir='ltr'><strong>non</strong></span> <span class='ocrx_word' id='word_1_63' title='bbox 1785 928 1852 986; x_wconf 91' lang='lat' dir='ltr'><strong>in</strong></span> <span class='ocrx_word' id='word_1_64' title='bbox 1880 926 2087 987; x_wconf 90' lang='lat' dir='ltr'><strong>eodem</strong></span> <span class='ocrx_word' id='word_1_65' title='bbox 2104 947 2322 1006; x_wconf 80' lang='lat' dir='ltr'><strong>genere</strong></span> <span class='ocrx_word' id='word_1_66' title='bbox 2343 947 2567 1001; x_wconf 88' lang='lat' dir='ltr'><strong>causae,</strong></span> <span class='ocrx_word' id='word_1_67' title='bbox 2603 929 2706 987; x_wconf 86' lang='lat' dir='ltr'><strong>sed</strong></span> <span class='ocrx_word' id='word_1_68' title='bbox 2737 929 2800 988; x_wconf 90' lang='lat' dir='ltr'><strong>in</strong></span> <span class='ocrx_word' id='word_1_69' title='bbox 2833 948 3047 1006; x_wconf 84' lang='lat' dir='ltr'><strong>genere</strong></span> 
     </span>
     <span class='ocr_line' id='line_1_8' title="bbox 419 1016 3049 1096; baseline -0 -19"><span class='ocrx_word' id='word_1_70' title='bbox 419 1036 635 1077; x_wconf 88' lang='lat' dir='ltr'><strong>causae</strong></span> <span class='ocrx_word' id='word_1_71' title='bbox 665 1017 1008 1078; x_wconf 83' lang='lat' dir='ltr'><strong>efficientis:</strong></span> <span class='ocrx_word' id='word_1_72' title='bbox 1055 1038 1162 1096; x_wconf 89' lang='lat' dir='ltr'><strong>per</strong></span> <span class='ocrx_word' id='word_1_73' title='bbox 1201 1019 1350 1078; x_wconf 88' lang='lat' dir='ltr'><strong>hanc</strong></span> <span class='ocrx_word' id='word_1_74' title='bbox 1381 1020 1539 1078; x_wconf 88' lang='lat' dir='ltr'><strong>enim</strong></span> <span class='ocrx_word' id='word_1_75' title='bbox 1572 1016 1985 1077; x_wconf 73' lang='lat' dir='ltr'><strong>causalitatem</strong></span> <span class='ocrx_word' id='word_1_76' title='bbox 2018 1016 2241 1077; x_wconf 91' lang='lat' dir='ltr'><strong>dicitur</strong></span> <span class='ocrx_word' id='word_1_77' title='bbox 2273 1037 2488 1094; x_wconf 87' lang='lat' dir='ltr'><strong>corpus</strong></span> <span class='ocrx_word' id='word_1_78' title='bbox 2521 1018 2741 1079; x_wconf 89' lang='lat' dir='ltr'><strong>Christi</strong></span> <span class='ocrx_word' id='word_1_79' title='bbox 2774 1018 3049 1078; x_wconf 88' lang='lat' dir='ltr'><strong>substare</strong></span> 
     </span>
     <span class='ocr_line' id='line_1_9' title="bbox 419 1107 3045 1185; baseline -0.001 -18"><span class='ocrx_word' id='word_1_80' title='bbox 419 1108 545 1167; x_wconf 90' lang='lat' dir='ltr'><strong>illis</strong></span> <span class='ocrx_word' id='word_1_81' title='bbox 577 1107 1011 1180; x_wconf 87' lang='lat' dir='ltr'><strong>accidentibus;</strong></span> <span class='ocrx_word' id='word_1_82' title='bbox 1043 1108 1341 1184; x_wconf 71' lang='lat' dir='ltr'><strong>substare,</strong></span> <span class='ocrx_word' id='word_1_83' title='bbox 1368 1108 1634 1184; x_wconf 88' lang='lat' dir='ltr'><strong>inquam,</strong></span> <span class='ocrx_word' id='word_1_84' title='bbox 1665 1109 1778 1166; x_wconf 86' lang='lat' dir='ltr'><strong>hcc</strong></span> <span class='ocrx_word' id='word_1_85' title='bbox 1807 1110 1920 1178; x_wconf 88' lang='lat' dir='ltr'><strong>est,</strong></span> <span class='ocrx_word' id='word_1_86' title='bbox 1953 1124 2219 1167; x_wconf 87' lang='lat' dir='ltr'><strong>exercere</strong></span> <span class='ocrx_word' id='word_1_87' title='bbox 2251 1108 2405 1168; x_wconf 86' lang='lat' dir='ltr'><strong>circa</strong></span> <span class='ocrx_word' id='word_1_88' title='bbox 2434 1108 2541 1166; x_wconf 88' lang='lat' dir='ltr'><strong>illa</strong></span> <span class='ocrx_word' id='word_1_89' title='bbox 2558 1126 2779 1167; x_wconf 90' lang='lat' dir='ltr'><strong>munus</strong></span> <span class='ocrx_word' id='word_1_90' title='bbox 2798 1107 3045 1185; x_wconf 83' lang='lat' dir='ltr'><strong>potissi-</strong></span> 
     </span>
     <span class='ocr_line' id='line_1_10' title="bbox 420 1196 3046 1274; baseline 0 -19"><span class='ocrx_word' id='word_1_91' title='bbox 420 1216 587 1256; x_wconf 90' lang='lat' dir='ltr'><strong>mum</strong></span> <span class='ocrx_word' id='word_1_92' title='bbox 618 1198 1004 1267; x_wconf 87' lang='lat' dir='ltr'><strong>substantiae,</strong></span> <span class='ocrx_word' id='word_1_93' title='bbox 1046 1198 1189 1274; x_wconf 89' lang='lat' dir='ltr'><strong>quia</strong></span> <span class='ocrx_word' id='word_1_94' title='bbox 1219 1216 1355 1257; x_wconf 89' lang='lat' dir='ltr'><strong>cum</strong></span> <span class='ocrx_word' id='word_1_95' title='bbox 1385 1196 1776 1273; x_wconf 89' lang='lat' dir='ltr'><strong>praecipuum</strong></span> <span class='ocrx_word' id='word_1_96' title='bbox 1808 1213 2032 1256; x_wconf 90' lang='lat' dir='ltr'><strong>munus</strong></span> <span class='ocrx_word' id='word_1_97' title='bbox 2064 1196 2438 1256; x_wconf 88' lang='lat' dir='ltr'><strong>substantiae</strong></span> <span class='ocrx_word' id='word_1_98' title='bbox 2467 1199 2747 1273; x_wconf 85' lang='lat' dir='ltr'><strong>respectu</strong></span> <span class='ocrx_word' id='word_1_99' title='bbox 2778 1196 3046 1256; x_wconf 90' lang='lat' dir='ltr'><strong>acciden-</strong></span> 
     </span>
     <span class='ocr_line' id='line_1_11' title="bbox 420 1286 3048 1362; baseline 0 -18"><span class='ocrx_word' id='word_1_100' title='bbox 420 1286 576 1344; x_wconf 87' lang='lat' dir='ltr'><strong>tium</strong></span> <span class='ocrx_word' id='word_1_101' title='bbox 609 1286 688 1344; x_wconf 88' lang='lat' dir='ltr'><strong>sit</strong></span> <span class='ocrx_word' id='word_1_102' title='bbox 718 1286 825 1345; x_wconf 91' lang='lat' dir='ltr'><strong>illa</strong></span> <span class='ocrx_word' id='word_1_103' title='bbox 855 1290 1207 1359; x_wconf 88' lang='lat' dir='ltr'><strong>sustentare,</strong></span> <span class='ocrx_word' id='word_1_104' title='bbox 1258 1287 1471 1347; x_wconf 89' lang='lat' dir='ltr'><strong>merito</strong></span> <span class='ocrx_word' id='word_1_105' title='bbox 1503 1286 1728 1346; x_wconf 89' lang='lat' dir='ltr'><strong>dicitur</strong></span> <span class='ocrx_word' id='word_1_106' title='bbox 1759 1303 1974 1362; x_wconf 85' lang='lat' dir='ltr'><strong>corpus</strong></span> <span class='ocrx_word' id='word_1_107' title='bbox 2006 1286 2227 1345; x_wconf 87' lang='lat' dir='ltr'><strong>Christi</strong></span> <span class='ocrx_word' id='word_1_108' title='bbox 2260 1287 2539 1346; x_wconf 89' lang='lat' dir='ltr'><strong>substare</strong></span> <span class='ocrx_word' id='word_1_109' title='bbox 2571 1286 2694 1345; x_wconf 90' lang='lat' dir='ltr'><strong>illis</strong></span> <span class='ocrx_word' id='word_1_110' title='bbox 2727 1286 3048 1345; x_wconf 90' lang='lat' dir='ltr'><strong>accidenti-</strong></span> 
     </span>
     <span class='ocr_line' id='line_1_12' title="bbox 422 1374 3046 1454; baseline 0.002 -22"><span class='ocrx_word' id='word_1_111' title='bbox 422 1374 555 1445; x_wconf 89' lang='lat' dir='ltr'><strong>bus,</strong></span> <span class='ocrx_word' id='word_1_112' title='bbox 588 1393 742 1450; x_wconf 88' lang='lat' dir='ltr'><strong>quae</strong></span> <span class='ocrx_word' id='word_1_113' title='bbox 774 1375 902 1435; x_wconf 90' lang='lat' dir='ltr'><strong>loco</strong></span> <span class='ocrx_word' id='word_1_114' title='bbox 930 1376 1103 1452; x_wconf 89' lang='lat' dir='ltr'><strong>panis</strong></span> <span class='ocrx_word' id='word_1_115' title='bbox 1136 1380 1436 1437; x_wconf 90' lang='lat' dir='ltr'><strong>sustentat</strong></span> <span class='ocrx_word' id='word_1_116' title='bbox 1466 1377 1530 1434; x_wconf 91' lang='lat' dir='ltr'><strong>in</strong></span> <span class='ocrx_word' id='word_1_117' title='bbox 1561 1392 1779 1454; x_wconf 81' lang='lat' dir='ltr'><strong>genere</strong></span> <span class='ocrx_word' id='word_1_118' title='bbox 1809 1393 2019 1434; x_wconf 85' lang='lat' dir='ltr'><strong>causae</strong></span> <span class='ocrx_word' id='word_1_119' title='bbox 2040 1375 2412 1435; x_wconf 67' lang='lat' dir='ltr'><strong>efficientis.¹</strong></span> <span class='ocrx_word' id='word_1_120' title='bbox 2467 1375 2549 1436; x_wconf 82' lang='lat' dir='ltr'><strong>of.</strong></span> <span class='ocrx_word' id='word_1_121' title='bbox 2584 1376 2864 1435; x_wconf 86' lang='lat' dir='ltr'><strong>Suarez</strong></span> <span class='ocrx_word' id='word_1_122' title='bbox 2895 1374 3046 1451; x_wconf 84' lang='lat' dir='ltr'><strong>disp.</strong></span> 
     </span>
     <span class='ocr_line' id='line_1_13' title="bbox 430 1464 3049 1542; baseline -0.001 -17"><span class='ocrx_word' id='word_1_123' title='bbox 430 1474 505 1525; x_wconf 84' lang='lat'><strong>17</strong></span> <span class='ocrx_word' id='word_1_124' title='bbox 543 1482 588 1523; x_wconf 88' lang='lat' dir='ltr'><strong>s.</strong></span> <span class='ocrx_word' id='word_1_125' title='bbox 626 1474 695 1533; x_wconf 81' lang='lat'><strong>3:</strong></span> <span class='ocrx_word' id='word_1_126' title='bbox 742 1465 1090 1525; x_wconf 87' lang='lat' dir='ltr'><strong>Becanus</strong></span> <span class='ocrx_word' id='word_1_127' title='bbox 1141 1478 1216 1530; x_wconf 90' lang='lat'><strong>17</strong></span> <span class='ocrx_word' id='word_1_128' title='bbox 1262 1486 1321 1542; x_wconf 88' lang='lat' dir='ltr'><strong>p.</strong></span> <span class='ocrx_word' id='word_1_129' title='bbox 1360 1474 1436 1529; x_wconf 85' lang='lat'><strong>12</strong></span> <span class='ocrx_word' id='word_1_130' title='bbox 1473 1465 1655 1526; x_wconf 88' lang='lat' dir='ltr'><strong>concl.</strong></span> <span class='ocrx_word' id='word_1_131' title='bbox 1691 1474 1746 1526; x_wconf 89' lang='grc'><strong>6.</strong></span> <span class='ocrx_word' id='word_1_132' title='bbox 1811 1464 1999 1523; x_wconf 84' lang='lat' dir='ltr'><strong>Notat</strong></span> <span class='ocrx_word' id='word_1_133' title='bbox 2030 1468 2230 1524; x_wconf 88' lang='lat' dir='ltr'><strong>autem</strong></span> <span class='ocrx_word' id='word_1_134' title='bbox 2262 1466 2422 1541; x_wconf 91' lang='lat' dir='ltr'><strong>quod</strong></span> <span class='ocrx_word' id='word_1_135' title='bbox 2454 1466 2725 1541; x_wconf 82' lang='lat' dir='ltr'><strong>quumvis</strong></span> <span class='ocrx_word' id='word_1_136' title='bbox 2756 1465 3049 1524; x_wconf 88' lang='lat' dir='ltr'><strong>habeatur</strong></span> 
     </span>
     <span class='ocr_line' id='line_1_14' title="bbox 421 1553 3047 1625; baseline 0 -14"><span class='ocrx_word' id='word_1_137' title='bbox 421 1553 490 1611; x_wconf 90' lang='lat' dir='ltr'><strong>in</strong></span> <span class='ocrx_word' id='word_1_138' title='bbox 518 1553 876 1612; x_wconf 84' lang='lat' dir='ltr'><strong>eucharistia</strong></span> <span class='ocrx_word' id='word_1_139' title='bbox 904 1556 1208 1615; x_wconf 83' lang='lat' dir='ltr'><strong>conversio</strong></span> <span class='ocrx_word' id='word_1_140' title='bbox 1240 1555 1610 1616; x_wconf 86' lang='lat' dir='ltr'><strong>substantiae</strong></span> <span class='ocrx_word' id='word_1_141' title='bbox 1640 1557 1707 1614; x_wconf 88' lang='lat' dir='ltr'><strong>in</strong></span> <span class='ocrx_word' id='word_1_142' title='bbox 1737 1555 2156 1625; x_wconf 87' lang='lat' dir='ltr'><strong>substantiam,</strong></span> <span class='ocrx_word' id='word_1_143' title='bbox 2205 1554 2362 1614; x_wconf 90' lang='lat' dir='ltr'><strong>unde</strong></span> <span class='ocrx_word' id='word_1_144' title='bbox 2393 1555 2621 1614; x_wconf 90' lang='lat' dir='ltr'><strong>ratione</strong></span> <span class='ocrx_word' id='word_1_145' title='bbox 2652 1554 3047 1613; x_wconf 89' lang='lat' dir='ltr'><strong>terminorum</strong></span> 
     </span>
     <span class='ocr_line' id='line_1_15' title="bbox 422 1641 3047 1719; baseline -0 -18"><span class='ocrx_word' id='word_1_146' title='bbox 422 1661 493 1701; x_wconf 88' lang='lat' dir='ltr'><strong>ea</strong></span> <span class='ocrx_word' id='word_1_147' title='bbox 537 1641 655 1700; x_wconf 90' lang='lat' dir='ltr'><strong>dici</strong></span> <span class='ocrx_word' id='word_1_148' title='bbox 699 1644 891 1719; x_wconf 87' lang='lat' dir='ltr'><strong>possit</strong></span> <span class='ocrx_word' id='word_1_149' title='bbox 920 1647 1225 1704; x_wconf 82' lang='lat' dir='ltr'><strong>conversio</strong></span> <span class='ocrx_word' id='word_1_150' title='bbox 1259 1642 1711 1705; x_wconf 88' lang='lat' dir='ltr'><strong>substantialis:</strong></span> <span class='ocrx_word' id='word_1_151' title='bbox 1764 1642 2080 1703; x_wconf 86' lang='lat' dir='ltr'><strong>definitum</strong></span> <span class='ocrx_word' id='word_1_152' title='bbox 2129 1647 2328 1703; x_wconf 81' lang='lat' dir='ltr'><strong>tamen</strong></span> <span class='ocrx_word' id='word_1_153' title='bbox 2377 1664 2499 1703; x_wconf 90' lang='lat' dir='ltr'><strong>non</strong></span> <span class='ocrx_word' id='word_1_154' title='bbox 2547 1663 2694 1713; x_wconf 90' lang='lat' dir='ltr'><strong>esse,</strong></span> <span class='ocrx_word' id='word_1_155' title='bbox 2746 1662 2873 1703; x_wconf 89' lang='lat' dir='ltr'><strong>eam</strong></span> <span class='ocrx_word' id='word_1_156' title='bbox 2923 1643 3047 1701; x_wconf 88' lang='lat' dir='ltr'><strong>fieri</strong></span> 
     </span>
     <span class='ocr_line' id='line_1_16' title="bbox 422 1730 3046 1810; baseline 0 -22"><span class='ocrx_word' id='word_1_157' title='bbox 422 1730 655 1789; x_wconf 86' lang='lat' dir='ltr'><strong>actione</strong></span> <span class='ocrx_word' id='word_1_158' title='bbox 688 1732 828 1790; x_wconf 90' lang='lat' dir='ltr'><strong>sub</strong></span> <span class='ocrx_word' id='word_1_159' title='bbox 847 1734 1253 1805; x_wconf 84' lang='lat' dir='ltr'><strong>stantiali,</strong></span> <span class='ocrx_word' id='word_1_160' title='bbox 1286 1753 1480 1810; x_wconf 89' lang='lat' dir='ltr'><strong>neque</strong></span> <span class='ocrx_word' id='word_1_161' title='bbox 1513 1734 1591 1793; x_wconf 90' lang='lat' dir='ltr'><strong>ad</strong></span> <span class='ocrx_word' id='word_1_162' title='bbox 1622 1751 1752 1793; x_wconf 85' lang='lat' dir='ltr'><strong>eam</strong></span> <span class='ocrx_word' id='word_1_163' title='bbox 1781 1732 2030 1807; x_wconf 85' lang='lat' dir='ltr'><strong>requiri,</strong></span> <span class='ocrx_word' id='word_1_164' title='bbox 2064 1736 2137 1791; x_wconf 88' lang='lat' dir='ltr'><strong>ut</strong></span> <span class='ocrx_word' id='word_1_165' title='bbox 2166 1734 2461 1793; x_wconf 90' lang='lat' dir='ltr'><strong>terminus</strong></span> <span class='ocrx_word' id='word_1_166' title='bbox 2480 1733 2747 1792; x_wconf 85' lang='lat' dir='ltr'><strong>formalis</strong></span> <span class='ocrx_word' id='word_1_167' title='bbox 2767 1733 2840 1792; x_wconf 88' lang='lat' dir='ltr'><strong>ad</strong></span> <span class='ocrx_word' id='word_1_168' title='bbox 2871 1751 3046 1808; x_wconf 90' lang='lat' dir='ltr'><strong>quem</strong></span> 
     </span>
     <span class='ocr_line' id='line_1_17' title="bbox 424 1820 3046 1898; baseline 0.001 -21"><span class='ocrx_word' id='word_1_169' title='bbox 424 1820 498 1878; x_wconf 91' lang='lat' dir='ltr'><strong>de</strong></span> <span class='ocrx_word' id='word_1_170' title='bbox 530 1838 682 1879; x_wconf 92' lang='lat' dir='ltr'><strong>novo</strong></span> <span class='ocrx_word' id='word_1_171' title='bbox 712 1821 1092 1897; x_wconf 85' lang='lat' dir='ltr'><strong>producatur.</strong></span> <span class='ocrx_word' id='word_1_172' title='bbox 1155 1822 1325 1893; x_wconf 83' lang='lat' dir='ltr'><strong>Quod</strong></span> <span class='ocrx_word' id='word_1_173' title='bbox 1356 1828 1554 1885; x_wconf 90' lang='lat' dir='ltr'><strong>autem</strong></span> <span class='ocrx_word' id='word_1_174' title='bbox 1589 1823 1809 1881; x_wconf 80' lang='lat' dir='ltr'><strong>attinet</strong></span> <span class='ocrx_word' id='word_1_175' title='bbox 1840 1822 2012 1898; x_wconf 89' lang='lat' dir='ltr'><strong>panis</strong></span> <span class='ocrx_word' id='word_1_176' title='bbox 2044 1821 2461 1893; x_wconf 83' lang='lat' dir='ltr'><strong>substantiam,</strong></span> <span class='ocrx_word' id='word_1_177' title='bbox 2508 1823 2651 1881; x_wconf 90' lang='lat' dir='ltr'><strong>licet</strong></span> <span class='ocrx_word' id='word_1_178' title='bbox 2696 1842 2763 1881; x_wconf 86' lang='lat' dir='ltr'><strong>ea</strong></span> <span class='ocrx_word' id='word_1_179' title='bbox 2802 1821 3046 1898; x_wconf 78' lang='lat' dir='ltr'><strong>penitus</strong></span> 
     </span>
     <span class='ocr_line' id='line_1_18' title="bbox 425 1910 3048 1988; baseline 0 -21"><span class='ocrx_word' id='word_1_180' title='bbox 425 1911 633 1978; x_wconf 87' lang='lat' dir='ltr'><strong>cesset,</strong></span> <span class='ocrx_word' id='word_1_181' title='bbox 685 1910 802 1968; x_wconf 91' lang='lat' dir='ltr'><strong>dici</strong></span> <span class='ocrx_word' id='word_1_182' title='bbox 848 1912 1048 1970; x_wconf 89' lang='lat' dir='ltr'><strong>tamen</strong></span> <span class='ocrx_word' id='word_1_183' title='bbox 1099 1913 1313 1988; x_wconf 89' lang='lat' dir='ltr'><strong>nequit</strong></span> <span class='ocrx_word' id='word_1_184' title='bbox 1359 1910 1820 1971; x_wconf 88' lang='lat' dir='ltr'><strong>annihilari.</strong></span> <span class='ocrx_word' id='word_1_185' title='bbox 1899 1910 2329 1983; x_wconf 81' lang='lat' dir='ltr'><strong>,AnnihilatiO‚</strong></span> <span class='ocrx_word' id='word_1_186' title='bbox 2379 1912 2582 1988; x_wconf 89' lang='lat' dir='ltr'><strong>inquit</strong></span> <span class='ocrx_word' id='word_1_187' title='bbox 2632 1929 2678 1970; x_wconf 88' lang='lat' dir='ltr'><strong>s.</strong></span> <span class='ocrx_word' id='word_1_188' title='bbox 2728 1911 3048 1970; x_wconf 86' lang='lat' dir='ltr'><strong>Thomas</strong></span> 
     </span>
     <span class='ocr_line' id='line_1_19' title="bbox 424 1997 3049 2077; baseline 0 -20"><span class='ocrx_word' id='word_1_189' title='bbox 424 1997 629 2074; x_wconf 89' lang='lat' dir='ltr'><strong>quodl.</strong></span> <span class='ocrx_word' id='word_1_190' title='bbox 661 2008 695 2062; x_wconf 90' lang='lat'>5</span> <span class='ocrx_word' id='word_1_191' title='bbox 731 2018 786 2075; x_wconf 91' lang='lat' dir='ltr'><strong>q.</strong></span> <span class='ocrx_word' id='word_1_192' title='bbox 823 2012 858 2063; x_wconf 84' lang='lat'>6</span> <span class='ocrx_word' id='word_1_193' title='bbox 893 2020 942 2058; x_wconf 90' lang='lat' dir='ltr'><strong>a.</strong></span> <span class='ocrx_word' id='word_1_194' title='bbox 986 2013 1036 2069; x_wconf 85' lang='lat' dir='ltr'><strong>l,</strong></span> <span class='ocrx_word' id='word_1_195' title='bbox 1085 2001 1381 2077; x_wconf 86' lang='lat' dir='ltr'><strong>quendam</strong></span> <span class='ocrx_word' id='word_1_196' title='bbox 1413 2006 1644 2061; x_wconf 89' lang='lat' dir='ltr'><strong>motum</strong></span> <span class='ocrx_word' id='word_1_197' title='bbox 1677 2001 1979 2076; x_wconf 85' lang='lat' dir='ltr'><strong>importat.</strong></span> <span class='ocrx_word' id='word_1_198' title='bbox 2041 2000 2244 2059; x_wconf 86' lang='lat' dir='ltr'><strong>Omnis</strong></span> <span class='ocrx_word' id='word_1_199' title='bbox 2292 2004 2492 2061; x_wconf 87' lang='lat' dir='ltr'><strong>autem</strong></span> <span class='ocrx_word' id='word_1_200' title='bbox 2540 2004 2737 2060; x_wconf 89' lang='lat' dir='ltr'><strong>motus</strong></span> <span class='ocrx_word' id='word_1_201' title='bbox 2779 2000 3049 2060; x_wconf 90' lang='lat' dir='ltr'><strong>denomi-</strong></span> 
     </span>
     <span class='ocr_line' id='line_1_20' title="bbox 423 2089 3048 2167; baseline 0.001 -22"><span class='ocrx_word' id='word_1_202' title='bbox 423 2090 607 2146; x_wconf 84' lang='lat' dir='ltr'><strong>natur</strong></span> <span class='ocrx_word' id='word_1_203' title='bbox 636 2108 671 2148; x_wconf 86' lang='lat' dir='ltr'><strong>a</strong></span> <span class='ocrx_word' id='word_1_204' title='bbox 700 2089 954 2148; x_wconf 90' lang='lat' dir='ltr'><strong>termino</strong></span> <span class='ocrx_word' id='word_1_205' title='bbox 987 2090 1061 2148; x_wconf 86' lang='lat' dir='ltr'><strong>ad</strong></span> <span class='ocrx_word' id='word_1_206' title='bbox 1094 2110 1303 2167; x_wconf 86' lang='lat' dir='ltr'><strong>quem;</strong></span> <span class='ocrx_word' id='word_1_207' title='bbox 1337 2092 1495 2152; x_wconf 91' lang='lat' dir='ltr'><strong>unde</strong></span> <span class='ocrx_word' id='word_1_208' title='bbox 1526 2091 1822 2151; x_wconf 87' lang='lat' dir='ltr'><strong>terminus</strong></span> <span class='ocrx_word' id='word_1_209' title='bbox 1854 2089 2302 2149; x_wconf 89' lang='lat' dir='ltr'><strong>annihilationis</strong></span> <span class='ocrx_word' id='word_1_210' title='bbox 2336 2094 2430 2150; x_wconf 89' lang='lat' dir='ltr'><strong>est</strong></span> <span class='ocrx_word' id='word_1_211' title='bbox 2461 2091 2632 2153; x_wconf 86' lang='lat' dir='ltr'><strong>nihil.</strong></span> <span class='ocrx_word' id='word_1_212' title='bbox 2678 2089 3048 2149; x_wconf 88' lang='lat' dir='ltr'><strong>Consecratio</strong></span> 
     </span>
     <span class='ocr_line' id='line_1_21' title="bbox 425 2177 3047 2254; baseline 0.001 -20"><span class='ocrx_word' id='word_1_213' title='bbox 425 2180 627 2235; x_wconf 88' lang='lat' dir='ltr'><strong>autem</strong></span> <span class='ocrx_word' id='word_1_214' title='bbox 658 2177 829 2253; x_wconf 88' lang='lat' dir='ltr'><strong>panis</strong></span> <span class='ocrx_word' id='word_1_215' title='bbox 861 2179 927 2237; x_wconf 88' lang='lat' dir='ltr'><strong>in</strong></span> <span class='ocrx_word' id='word_1_216' title='bbox 958 2185 1324 2241; x_wconf 85' lang='lat' dir='ltr'><strong>sacramento</strong></span> <span class='ocrx_word' id='word_1_217' title='bbox 1343 2180 1733 2241; x_wconf 88' lang='lat' dir='ltr'><strong>eucharistiae</strong></span> <span class='ocrx_word' id='word_1_218' title='bbox 1750 2196 1873 2237; x_wconf 89' lang='lat' dir='ltr'><strong>non</strong></span> <span class='ocrx_word' id='word_1_219' title='bbox 1893 2178 2254 2238; x_wconf 87' lang='lat' dir='ltr'><strong>terminatur</strong></span> <span class='ocrx_word' id='word_1_220' title='bbox 2284 2179 2357 2237; x_wconf 91' lang='lat' dir='ltr'><strong>ad</strong></span> <span class='ocrx_word' id='word_1_221' title='bbox 2389 2180 2558 2249; x_wconf 88' lang='lat' dir='ltr'><strong>nihil,</strong></span> <span class='ocrx_word' id='word_1_222' title='bbox 2594 2179 2697 2238; x_wconf 88' lang='lat' dir='ltr'><strong>sed</strong></span> <span class='ocrx_word' id='word_1_223' title='bbox 2730 2179 2803 2237; x_wconf 88' lang='lat' dir='ltr'><strong>ad</strong></span> <span class='ocrx_word' id='word_1_224' title='bbox 2833 2197 3047 2254; x_wconf 88' lang='lat' dir='ltr'><strong>corpus</strong></span> 
     </span>
     <span class='ocr_line' id='line_1_22' title="bbox 427 2265 3048 2346; baseline 0.001 -23"><span class='ocrx_word' id='word_1_225' title='bbox 427 2265 667 2336; x_wconf 87' lang='lat' dir='ltr'><strong>Christi,</strong></span> <span class='ocrx_word' id='word_1_226' title='bbox 719 2266 985 2343; x_wconf 89' lang='lat' dir='ltr'><strong>alioquin</strong></span> <span class='ocrx_word' id='word_1_227' title='bbox 1036 2288 1156 2328; x_wconf 90' lang='lat' dir='ltr'><strong>non</strong></span> <span class='ocrx_word' id='word_1_228' title='bbox 1200 2272 1359 2329; x_wconf 88' lang='lat' dir='ltr'><strong>esset</strong></span> <span class='ocrx_word' id='word_1_229' title='bbox 1403 2270 1561 2340; x_wconf 90' lang='lat' dir='ltr'><strong>dare,</strong></span> <span class='ocrx_word' id='word_1_230' title='bbox 1612 2267 1906 2346; x_wconf 89' lang='lat' dir='ltr'><strong>quomodo</strong></span> <span class='ocrx_word' id='word_1_231' title='bbox 1955 2285 2169 2344; x_wconf 87' lang='lat' dir='ltr'><strong>corpus</strong></span> <span class='ocrx_word' id='word_1_232' title='bbox 2203 2269 2421 2327; x_wconf 89' lang='lat' dir='ltr'><strong>Christi</strong></span> <span class='ocrx_word' id='word_1_233' title='bbox 2466 2268 2714 2344; x_wconf 85' lang='lat' dir='ltr'><strong>incipiat</strong></span> <span class='ocrx_word' id='word_1_234' title='bbox 2758 2287 2887 2327; x_wconf 85' lang='lat' dir='ltr'><strong>esse</strong></span> <span class='ocrx_word' id='word_1_235' title='bbox 2934 2268 3048 2326; x_wconf 90' lang='lat' dir='ltr'><strong>sub</strong></span> 
     </span>
     <span class='ocr_line' id='line_1_23' title="bbox 427 2357 3050 2435; baseline 0 -22"><span class='ocrx_word' id='word_1_236' title='bbox 427 2359 822 2425; x_wconf 88' lang='lat' dir='ltr'><strong>sacramento;</strong></span> <span class='ocrx_word' id='word_1_237' title='bbox 867 2375 987 2416; x_wconf 93' lang='lat' dir='ltr'><strong>non</strong></span> <span class='ocrx_word' id='word_1_238' title='bbox 1032 2358 1190 2417; x_wconf 89' lang='lat' dir='ltr'><strong>enim</strong></span> <span class='ocrx_word' id='word_1_239' title='bbox 1236 2358 1445 2435; x_wconf 89' lang='lat' dir='ltr'><strong>incipit</strong></span> <span class='ocrx_word' id='word_1_240' title='bbox 1483 2358 1569 2418; x_wconf 92' lang='lat' dir='ltr'><strong>ibi</strong></span> <span class='ocrx_word' id='word_1_241' title='bbox 1599 2377 1730 2418; x_wconf 89' lang='lat' dir='ltr'><strong>esse</strong></span> <span class='ocrx_word' id='word_1_242' title='bbox 1759 2376 1868 2435; x_wconf 87' lang='lat' dir='ltr'><strong>per</strong></span> <span class='ocrx_word' id='word_1_243' title='bbox 1898 2360 2129 2416; x_wconf 90' lang='lat' dir='ltr'><strong>motum</strong></span> <span class='ocrx_word' id='word_1_244' title='bbox 2158 2358 2423 2428; x_wconf 88' lang='lat' dir='ltr'><strong>localem,</strong></span> <span class='ocrx_word' id='word_1_245' title='bbox 2456 2357 2722 2433; x_wconf 89' lang='lat' dir='ltr'><strong>alioquin</strong></span> <span class='ocrx_word' id='word_1_246' title='bbox 2755 2357 3050 2417; x_wconf 85' lang='lat' dir='ltr'><strong>desineret</strong></span> 
     </span>
     <span class='ocr_line' id='line_1_24' title="bbox 426 2445 3049 2525; baseline 0 -22"><span class='ocrx_word' id='word_1_247' title='bbox 426 2462 551 2503; x_wconf 85' lang='lat' dir='ltr'><strong>esse</strong></span> <span class='ocrx_word' id='word_1_248' title='bbox 593 2445 661 2503; x_wconf 90' lang='lat' dir='ltr'><strong>in</strong></span> <span class='ocrx_word' id='word_1_249' title='bbox 707 2446 883 2508; x_wconf 82' lang='lat' dir='ltr'><strong>coelo,</strong></span> <span class='ocrx_word' id='word_1_250' title='bbox 947 2446 1329 2522; x_wconf 83' lang='lat' dir='ltr'><strong>Relinquitur</strong></span> <span class='ocrx_word' id='word_1_251' title='bbox 1371 2467 1510 2525; x_wconf 85' lang='lat' dir='ltr'><strong>ergo</strong></span> <span class='ocrx_word' id='word_1_252' title='bbox 1555 2448 1717 2523; x_wconf 91' lang='lat' dir='ltr'><strong>quod</strong></span> <span class='ocrx_word' id='word_1_253' title='bbox 1763 2448 1832 2507; x_wconf 89' lang='lat' dir='ltr'><strong>in</strong></span> <span class='ocrx_word' id='word_1_254' title='bbox 1880 2447 2314 2506; x_wconf 87' lang='lat' dir='ltr'><strong>consecratione</strong></span> <span class='ocrx_word' id='word_1_255' title='bbox 2344 2448 2513 2522; x_wconf 86' lang='lat' dir='ltr'><strong>panis</strong></span> <span class='ocrx_word' id='word_1_256' title='bbox 2544 2463 2666 2505; x_wconf 92' lang='lat' dir='ltr'><strong>non</strong></span> <span class='ocrx_word' id='word_1_257' title='bbox 2709 2450 2803 2505; x_wconf 88' lang='lat' dir='ltr'><strong>est</strong></span> <span class='ocrx_word' id='word_1_258' title='bbox 2847 2447 3049 2521; x_wconf 88' lang='lat' dir='ltr'><strong>aliqua</strong></span> 
     </span>
     <span class='ocr_line' id='line_1_25' title="bbox 425 2533 2384 2613; baseline 0.003 -22"><span class='ocrx_word' id='word_1_259' title='bbox 425 2533 794 2604; x_wconf 87' lang='lat' dir='ltr'><strong>annihilatio,</strong></span> <span class='ocrx_word' id='word_1_260' title='bbox 828 2535 932 2594; x_wconf 90' lang='lat' dir='ltr'><strong>sed</strong></span> <span class='ocrx_word' id='word_1_261' title='bbox 962 2537 1526 2597; x_wconf 87' lang='lat' dir='ltr'><strong>transubstantiatio</strong></span> <span class='ocrx_word' id='word_1_262' title='bbox 1556 2537 1730 2613; x_wconf 88' lang='lat' dir='ltr'><strong>panis</strong></span> <span class='ocrx_word' id='word_1_263' title='bbox 1761 2537 1827 2596; x_wconf 90' lang='lat' dir='ltr'><strong>in</strong></span> <span class='ocrx_word' id='word_1_264' title='bbox 1858 2554 2071 2612; x_wconf 90' lang='lat' dir='ltr'><strong>corpus</strong></span> <span class='ocrx_word' id='word_1_265' title='bbox 2105 2536 2384 2598; x_wconf 77' lang='lat' dir='ltr'><strong>Christi.‘</strong></span> 
     </span>
    </p>

    <p class='ocr_par' dir='ltr' id='par_1_3' title="bbox 426 2622 3054 4842">
     <span class='ocr_line' id='line_1_26' title="bbox 605 2622 3048 2702; baseline 0 -22"><span class='ocrx_word' id='word_1_266' title='bbox 605 2622 934 2684; x_wconf 81' lang='lat' dir='ltr'><strong>Fatendum</strong></span> <span class='ocrx_word' id='word_1_267' title='bbox 966 2627 1165 2686; x_wconf 88' lang='lat' dir='ltr'><strong>tamen</strong></span> <span class='ocrx_word' id='word_1_268' title='bbox 1198 2628 1290 2686; x_wconf 89' lang='lat' dir='ltr'><strong>est</strong></span> <span class='ocrx_word' id='word_1_269' title='bbox 1322 2644 1524 2688; x_wconf 90' lang='lat' dir='ltr'><strong>omnes</strong></span> <span class='ocrx_word' id='word_1_270' title='bbox 1555 2627 1661 2687; x_wconf 88' lang='lat' dir='ltr'><strong>has</strong></span> <span class='ocrx_word' id='word_1_271' title='bbox 1695 2625 2023 2690; x_wconf 87' lang='lat' dir='ltr'><strong>sententias</strong></span> <span class='ocrx_word' id='word_1_272' title='bbox 2057 2628 2119 2686; x_wconf 93' lang='lat' dir='ltr'><strong>et</strong></span> <span class='ocrx_word' id='word_1_273' title='bbox 2147 2626 2572 2702; x_wconf 85' lang='lat' dir='ltr'><strong>explicationes</strong></span> <span class='ocrx_word' id='word_1_274' title='bbox 2593 2625 2790 2684; x_wconf 91' lang='lat' dir='ltr'><strong>minus</strong></span> <span class='ocrx_word' id='word_1_275' title='bbox 2821 2625 3048 2701; x_wconf 86' lang='lat' dir='ltr'><strong>placere</strong></span> 
     </span>
     <span class='ocr_line' id='line_1_27' title="bbox 426 2712 3046 2795; baseline 0 -25"><span class='ocrx_word' id='word_1_276' title='bbox 426 2712 586 2771; x_wconf 91' lang='lat' dir='ltr'><strong>Bill</strong></span> <span class='ocrx_word' id='word_1_277' title='bbox 605 2716 682 2771; x_wconf 91' lang='lat' dir='ltr'><strong>ot</strong></span> <span class='ocrx_word' id='word_1_278' title='bbox 710 2714 987 2792; x_wconf 88' lang='lat' dir='ltr'><strong>theologo</strong></span> <span class='ocrx_word' id='word_1_279' title='bbox 1018 2716 1283 2791; x_wconf 90' lang='lat' dir='ltr'><strong>alioquin</strong></span> <span class='ocrx_word' id='word_1_280' title='bbox 1315 2718 1530 2795; x_wconf 87' lang='lat' dir='ltr'><strong>sagaci,</strong></span> <span class='ocrx_word' id='word_1_281' title='bbox 1564 2720 1696 2776; x_wconf 90' lang='lat' dir='ltr'><strong>tum</strong></span> <span class='ocrx_word' id='word_1_282' title='bbox 1729 2716 1871 2792; x_wconf 90' lang='lat' dir='ltr'><strong>quia</strong></span> <span class='ocrx_word' id='word_1_283' title='bbox 1901 2731 1964 2780; x_wconf 81' lang='lat' dir='ltr'><strong>a.</strong></span> <span class='ocrx_word' id='word_1_284' title='bbox 1995 2734 2096 2774; x_wconf 87' lang='lat' dir='ltr'><strong>eae</strong></span> <span class='ocrx_word' id='word_1_285' title='bbox 2127 2716 2265 2792; x_wconf 89' lang='lat' dir='ltr'><strong>plus</strong></span> <span class='ocrx_word' id='word_1_286' title='bbox 2297 2714 2495 2775; x_wconf 90' lang='lat' dir='ltr'><strong>minus</strong></span> <span class='ocrx_word' id='word_1_287' title='bbox 2514 2714 2844 2775; x_wconf 91' lang='lat' dir='ltr'><strong>concedunt</strong></span> <span class='ocrx_word' id='word_1_288' title='bbox 2874 2713 3046 2773; x_wconf 89' lang='lat' dir='ltr'><strong>anni-</strong></span> 
     </span>
     <span class='ocr_line' id='line_1_28' title="bbox 429 2801 3047 2881; baseline 0 -21"><span class='ocrx_word' id='word_1_289' title='bbox 429 2801 605 2860; x_wconf 86' lang='lat' dir='ltr'><strong>hilari</strong></span> <span class='ocrx_word' id='word_1_290' title='bbox 637 2803 809 2878; x_wconf 89' lang='lat' dir='ltr'><strong>panis</strong></span> <span class='ocrx_word' id='word_1_291' title='bbox 841 2804 1083 2881; x_wconf 88' lang='lat' dir='ltr'><strong>vinique</strong></span> <span class='ocrx_word' id='word_1_292' title='bbox 1115 2805 1543 2866; x_wconf 87' lang='lat' dir='ltr'><strong>substantiam:</strong></span> <span class='ocrx_word' id='word_1_293' title='bbox 1591 2805 1764 2881; x_wconf 87' lang='lat' dir='ltr'><strong>atqui</strong></span> <span class='ocrx_word' id='word_1_294' title='bbox 1795 2805 2121 2864; x_wconf 89' lang='lat' dir='ltr'><strong>tenendum</strong></span> <span class='ocrx_word' id='word_1_295' title='bbox 2169 2807 2261 2863; x_wconf 86' lang='lat' dir='ltr'><strong>est</strong></span> <span class='ocrx_word' id='word_1_296' title='bbox 2303 2805 2629 2864; x_wconf 90' lang='lat' dir='ltr'><strong>secundum</strong></span> <span class='ocrx_word' id='word_1_297' title='bbox 2662 2804 3047 2862; x_wconf 89' lang='lat' dir='ltr'><strong>conciliorum</strong></span> 
     </span>
     <span class='ocr_line' id='line_1_29' title="bbox 436 2889 3049 2969; baseline 0 -22"><span class='ocrx_word' id='word_1_298' title='bbox 436 2889 856 2951; x_wconf 85' lang='lat' dir='ltr'><strong>declarationes</strong></span> <span class='ocrx_word' id='word_1_299' title='bbox 884 2893 1058 2968; x_wconf 90' lang='lat' dir='ltr'><strong>panis</strong></span> <span class='ocrx_word' id='word_1_300' title='bbox 1090 2894 1488 2954; x_wconf 88' lang='lat' dir='ltr'><strong>substantiam</strong></span> <span class='ocrx_word' id='word_1_301' title='bbox 1519 2895 1785 2955; x_wconf 88' lang='lat' dir='ltr'><strong>converti</strong></span> <span class='ocrx_word' id='word_1_302' title='bbox 1817 2895 1880 2953; x_wconf 90' lang='lat' dir='ltr'><strong>in</strong></span> <span class='ocrx_word' id='word_1_303' title='bbox 1911 2912 2129 2969; x_wconf 88' lang='lat' dir='ltr'><strong>corpus</strong></span> <span class='ocrx_word' id='word_1_304' title='bbox 2163 2894 2412 2965; x_wconf 90' lang='lat' dir='ltr'><strong>Christi;</strong></span> <span class='ocrx_word' id='word_1_305' title='bbox 2447 2895 2752 2954; x_wconf 89' lang='lat' dir='ltr'><strong>conversio</strong></span> <span class='ocrx_word' id='word_1_306' title='bbox 2784 2892 3049 2952; x_wconf 87' lang='lat' dir='ltr'><strong>excludit</strong></span> 
     </span>
     <span class='ocr_line' id='line_1_30' title="bbox 438 2980 3049 3058; baseline 0.002 -23"><span class='ocrx_word' id='word_1_307' title='bbox 438 2980 939 3052; x_wconf 81' lang='lat' dir='ltr'><strong>annihilationem,</strong></span> <span class='ocrx_word' id='word_1_308' title='bbox 990 2984 1340 3044; x_wconf 86' lang='lat' dir='ltr'><strong>annihilatio</strong></span> <span class='ocrx_word' id='word_1_309' title='bbox 1371 2985 1834 3045; x_wconf 84' lang='lat' dir='ltr'><strong>conversionem.</strong></span> <span class='ocrx_word' id='word_1_310' title='bbox 1896 2984 1988 3042; x_wconf 84' lang='lat' dir='ltr'><strong>Ad</strong></span> <span class='ocrx_word' id='word_1_311' title='bbox 2020 2984 2162 3044; x_wconf 87' lang='lat' dir='ltr'><strong>haec</strong></span> <span class='ocrx_word' id='word_1_312' title='bbox 2192 2981 2266 3046; x_wconf 82' lang='lat' dir='ltr'><strong>b.</strong></span> <span class='ocrx_word' id='word_1_313' title='bbox 2299 2984 2364 3041; x_wconf 88' lang='lat' dir='ltr'><strong>in</strong></span> <span class='ocrx_word' id='word_1_314' title='bbox 2396 2984 2520 3043; x_wconf 88' lang='lat' dir='ltr'><strong>illis</strong></span> <span class='ocrx_word' id='word_1_315' title='bbox 2553 2981 3049 3058; x_wconf 86' lang='lat' dir='ltr'><strong>explicationibus</strong></span> 
     </span>
     <span class='ocr_line' id='line_1_31' title="bbox 437 3066 3051 3147; baseline 0.002 -23"><span class='ocrx_word' id='word_1_316' title='bbox 437 3066 688 3127; x_wconf 85' lang='lat' dir='ltr'><strong>habetur</strong></span> <span class='ocrx_word' id='word_1_317' title='bbox 718 3073 956 3130; x_wconf 87' lang='lat' dir='ltr'><strong>tantum</strong></span> <span class='ocrx_word' id='word_1_318' title='bbox 987 3073 1274 3147; x_wconf 87' lang='lat' dir='ltr'><strong>quaedam</strong></span> <span class='ocrx_word' id='word_1_319' title='bbox 1294 3074 1772 3133; x_wconf 87' lang='lat' dir='ltr'><strong>substantiarum</strong></span> <span class='ocrx_word' id='word_1_320' title='bbox 1791 3073 2086 3132; x_wconf 89' lang='lat' dir='ltr'><strong>successio</strong></span> <span class='ocrx_word' id='word_1_321' title='bbox 2122 3073 2214 3131; x_wconf 89' lang='lat' dir='ltr'><strong>vel</strong></span> <span class='ocrx_word' id='word_1_322' title='bbox 2247 3073 2622 3142; x_wconf 79' lang='lat' dir='ltr'><strong>substitutio,</strong></span> <span class='ocrx_word' id='word_1_323' title='bbox 2655 3090 2850 3146; x_wconf 90' lang='lat' dir='ltr'><strong>neque</strong></span> <span class='ocrx_word' id='word_1_324' title='bbox 2880 3071 3051 3130; x_wconf 89' lang='lat' dir='ltr'><strong>adest</strong></span> 
     </span>
     <span class='ocr_line' id='line_1_32' title="bbox 436 3157 3050 3222; baseline 0.002 -8"><span class='ocrx_word' id='word_1_325' title='bbox 436 3174 625 3215; x_wconf 82' lang='lat' dir='ltr'><strong>nexus</strong></span> <span class='ocrx_word' id='word_1_326' title='bbox 653 3157 925 3219; x_wconf 72' lang='lat' dir='ltr'><strong>internus</strong></span> <span class='ocrx_word' id='word_1_327' title='bbox 958 3161 1060 3219; x_wconf 91' lang='lat' dir='ltr'><strong>sed</strong></span> <span class='ocrx_word' id='word_1_328' title='bbox 1094 3166 1327 3222; x_wconf 90' lang='lat' dir='ltr'><strong>tantum</strong></span> <span class='ocrx_word' id='word_1_329' title='bbox 1359 3166 1637 3221; x_wconf 83' lang='lat' dir='ltr'><strong>externus</strong></span> <span class='ocrx_word' id='word_1_330' title='bbox 1683 3165 1746 3221; x_wconf 91' lang='lat' dir='ltr'><strong>et</strong></span> <span class='ocrx_word' id='word_1_331' title='bbox 1787 3162 2163 3222; x_wconf 88' lang='lat' dir='ltr'><strong>accidentalis</strong></span> <span class='ocrx_word' id='word_1_332' title='bbox 2197 3162 2354 3221; x_wconf 87' lang='lat' dir='ltr'><strong>inter</strong></span> <span class='ocrx_word' id='word_1_333' title='bbox 2386 3162 2740 3221; x_wconf 84' lang='lat' dir='ltr'><strong>desitionem</strong></span> <span class='ocrx_word' id='word_1_334' title='bbox 2772 3160 3050 3220; x_wconf 89' lang='lat' dir='ltr'><strong>substan-</strong></span> 
     </span>
     <span class='ocr_line' id='line_1_33' title="bbox 433 3245 3051 3334; baseline 0.002 -31"><span class='ocrx_word' id='word_1_335' title='bbox 433 3245 556 3304; x_wconf 89' lang='lat' dir='ltr'><strong>tiae</strong></span> <span class='ocrx_word' id='word_1_336' title='bbox 587 3248 750 3322; x_wconf 85' lang='lat' dir='ltr'><strong>panis</strong></span> <span class='ocrx_word' id='word_1_337' title='bbox 782 3253 845 3308; x_wconf 88' lang='lat' dir='ltr'><strong>et</strong></span> <span class='ocrx_word' id='word_1_338' title='bbox 873 3250 1235 3324; x_wconf 89' lang='lat' dir='ltr'><strong>positionem</strong></span> <span class='ocrx_word' id='word_1_339' title='bbox 1266 3252 1529 3329; x_wconf 77' lang='lat' dir='ltr'><strong>corporis</strong></span> <span class='ocrx_word' id='word_1_340' title='bbox 1551 3251 1789 3334; x_wconf 80' lang='lat' dir='ltr'><strong>Christi.</strong></span> <span class='ocrx_word' id='word_1_341' title='bbox 1825 3251 2013 3327; x_wconf 86' lang='lat' dir='ltr'><strong>Atqui</strong></span> <span class='ocrx_word' id='word_1_342' title='bbox 2046 3252 2185 3310; x_wconf 87' lang='lat' dir='ltr'><strong>haec</strong></span> <span class='ocrx_word' id='word_1_343' title='bbox 2215 3270 2336 3310; x_wconf 89' lang='lat' dir='ltr'><strong>non</strong></span> <span class='ocrx_word' id='word_1_344' title='bbox 2368 3251 2680 3310; x_wconf 89' lang='lat' dir='ltr'><strong>sufficiunt</strong></span> <span class='ocrx_word' id='word_1_345' title='bbox 2709 3251 2784 3309; x_wconf 89' lang='lat' dir='ltr'><strong>ad</strong></span> <span class='ocrx_word' id='word_1_346' title='bbox 2815 3251 3051 3326; x_wconf 88' lang='lat' dir='ltr'><strong>plenam</strong></span> 
     </span>
     <span class='ocr_line' id='line_1_34' title="bbox 431 3335 3049 3400; baseline 0.002 -6"><span class='ocrx_word' id='word_1_347' title='bbox 431 3335 735 3395; x_wconf 89' lang='lat' dir='ltr'><strong>notionem</strong></span> <span class='ocrx_word' id='word_1_348' title='bbox 766 3338 1059 3397; x_wconf 87' lang='lat' dir='ltr'><strong>mirabilis</strong></span> <span class='ocrx_word' id='word_1_349' title='bbox 1091 3340 1488 3400; x_wconf 88' lang='lat' dir='ltr'><strong>conversionis</strong></span> <span class='ocrx_word' id='word_1_350' title='bbox 1521 3341 1892 3400; x_wconf 85' lang='lat' dir='ltr'><strong>substantiae</strong></span> <span class='ocrx_word' id='word_1_351' title='bbox 1936 3340 2002 3400; x_wconf 90' lang='lat' dir='ltr'><strong>in</strong></span> <span class='ocrx_word' id='word_1_352' title='bbox 2049 3341 2448 3400; x_wconf 83' lang='lat' dir='ltr'><strong>substantiam</strong></span> <span class='ocrx_word' id='word_1_353' title='bbox 2492 3359 2600 3400; x_wconf 91' lang='lat' dir='ltr'><strong>seu</strong></span> <span class='ocrx_word' id='word_1_354' title='bbox 2630 3341 3049 3399; x_wconf 88' lang='lat' dir='ltr'><strong>transubstan-</strong></span> 
     </span>
     <span class='ocr_line' id='line_1_35' title="bbox 429 3425 3052 3507; baseline 0.002 -25"><span class='ocrx_word' id='word_1_355' title='bbox 429 3425 719 3486; x_wconf 88' lang='lat' dir='ltr'><strong>tiationis.</strong></span> <span class='ocrx_word' id='word_1_356' title='bbox 781 3427 988 3503; x_wconf 84' lang='lat' dir='ltr'><strong>Neque</strong></span> <span class='ocrx_word' id='word_1_357' title='bbox 1032 3443 1093 3491; x_wconf 83' lang='lat' dir='ltr'><strong>c.</strong></span> <span class='ocrx_word' id='word_1_358' title='bbox 1142 3430 1289 3488; x_wconf 88' lang='lat' dir='ltr'><strong>satis</strong></span> <span class='ocrx_word' id='word_1_359' title='bbox 1321 3431 1715 3506; x_wconf 87' lang='lat' dir='ltr'><strong>assequimur,</strong></span> <span class='ocrx_word' id='word_1_360' title='bbox 1761 3430 1957 3507; x_wconf 86' lang='lat' dir='ltr'><strong>qualis</strong></span> <span class='ocrx_word' id='word_1_361' title='bbox 1991 3430 2072 3488; x_wconf 90' lang='lat' dir='ltr'><strong>sit</strong></span> <span class='ocrx_word' id='word_1_362' title='bbox 2104 3430 2275 3498; x_wconf 87' lang='lat' dir='ltr'><strong>acti0‚</strong></span> <span class='ocrx_word' id='word_1_363' title='bbox 2328 3448 2447 3505; x_wconf 90' lang='lat' dir='ltr'><strong>qua</strong></span> <span class='ocrx_word' id='word_1_364' title='bbox 2495 3448 2772 3506; x_wconf 87' lang='lat' dir='ltr'><strong>praesens</strong></span> <span class='ocrx_word' id='word_1_365' title='bbox 2807 3430 3052 3505; x_wconf 87' lang='lat' dir='ltr'><strong>ponitur</strong></span> 
     </span>
     <span class='ocr_line' id='line_1_36' title="bbox 428 3516 3051 3595; baseline 0.001 -23"><span class='ocrx_word' id='word_1_366' title='bbox 428 3531 648 3590; x_wconf 89' lang='lat' dir='ltr'><strong>corpus</strong></span> <span class='ocrx_word' id='word_1_367' title='bbox 682 3516 924 3576; x_wconf 86' lang='lat' dir='ltr'><strong>Christi:</strong></span> <span class='ocrx_word' id='word_1_368' title='bbox 967 3536 1036 3576; x_wconf 87' lang='lat' dir='ltr'><strong>ea</strong></span> <span class='ocrx_word' id='word_1_369' title='bbox 1065 3518 1223 3577; x_wconf 87' lang='lat' dir='ltr'><strong>enim</strong></span> <span class='ocrx_word' id='word_1_370' title='bbox 1255 3519 1350 3578; x_wconf 90' lang='lat' dir='ltr'><strong>vel</strong></span> <span class='ocrx_word' id='word_1_371' title='bbox 1382 3519 1733 3595; x_wconf 87' lang='lat' dir='ltr'><strong>producitur</strong></span> <span class='ocrx_word' id='word_1_372' title='bbox 1764 3519 1860 3578; x_wconf 90' lang='lat' dir='ltr'><strong>vel</strong></span> <span class='ocrx_word' id='word_1_373' title='bbox 1893 3519 2213 3578; x_wconf 85' lang='lat' dir='ltr'><strong>adducitur</strong></span> <span class='ocrx_word' id='word_1_374' title='bbox 2243 3536 2457 3595; x_wconf 90' lang='lat' dir='ltr'><strong>corpus</strong></span> <span class='ocrx_word' id='word_1_375' title='bbox 2490 3519 2741 3579; x_wconf 88' lang='lat' dir='ltr'><strong>Christi:</strong></span> <span class='ocrx_word' id='word_1_376' title='bbox 2787 3518 3051 3577; x_wconf 89' lang='lat' dir='ltr'><strong>medium</strong></span> 
     </span>
     <span class='ocr_line' id='line_1_37' title="bbox 429 3604 3049 3685; baseline 0.001 -23"><span class='ocrx_word' id='word_1_377' title='bbox 429 3622 552 3662; x_wconf 89' lang='lat' dir='ltr'><strong>non</strong></span> <span class='ocrx_word' id='word_1_378' title='bbox 582 3604 777 3674; x_wconf 88' lang='lat' dir='ltr'><strong>datur,</strong></span> <span class='ocrx_word' id='word_1_379' title='bbox 826 3606 930 3666; x_wconf 91' lang='lat' dir='ltr'><strong>sed</strong></span> <span class='ocrx_word' id='word_1_380' title='bbox 960 3611 1245 3666; x_wconf 87' lang='lat' dir='ltr'><strong>neutrum</strong></span> <span class='ocrx_word' id='word_1_381' title='bbox 1277 3607 1515 3667; x_wconf 83' lang='lat' dir='ltr'><strong>defendi</strong></span> <span class='ocrx_word' id='word_1_382' title='bbox 1546 3612 1774 3684; x_wconf 88' lang='lat' dir='ltr'><strong>potest:</strong></span> <span class='ocrx_word' id='word_1_383' title='bbox 1821 3627 2016 3684; x_wconf 91' lang='lat' dir='ltr'><strong>neque</strong></span> <span class='ocrx_word' id='word_1_384' title='bbox 2049 3608 2400 3685; x_wconf 83' lang='lat' dir='ltr'><strong>mysterium</strong></span> <span class='ocrx_word' id='word_1_385' title='bbox 2434 3608 2786 3667; x_wconf 87' lang='lat' dir='ltr'><strong>consisteret</strong></span> <span class='ocrx_word' id='word_1_386' title='bbox 2816 3608 2880 3665; x_wconf 91' lang='lat' dir='ltr'><strong>in</strong></span> <span class='ocrx_word' id='word_1_387' title='bbox 2911 3622 3049 3664; x_wconf 91' lang='lat' dir='ltr'><strong>con-</strong></span> 
     </span>
     <span class='ocr_line' id='line_1_38' title="bbox 432 3692 3052 3757; baseline 0 -5"><span class='ocrx_word' id='word_1_388' title='bbox 432 3692 730 3753; x_wconf 86' lang='lat' dir='ltr'><strong>versione:</strong></span> <span class='ocrx_word' id='word_1_389' title='bbox 777 3713 916 3754; x_wconf 88' lang='lat' dir='ltr'><strong>nam</strong></span> <span class='ocrx_word' id='word_1_390' title='bbox 961 3696 1259 3756; x_wconf 88' lang='lat' dir='ltr'><strong>successio</strong></span> <span class='ocrx_word' id='word_1_391' title='bbox 1304 3697 1399 3756; x_wconf 91' lang='lat' dir='ltr'><strong>vel</strong></span> <span class='ocrx_word' id='word_1_392' title='bbox 1444 3698 1804 3757; x_wconf 90' lang='lat' dir='ltr'><strong>substitutio</strong></span> <span class='ocrx_word' id='word_1_393' title='bbox 1850 3697 2034 3756; x_wconf 87' lang='lat' dir='ltr'><strong>nnius</strong></span> <span class='ocrx_word' id='word_1_394' title='bbox 2079 3697 2448 3756; x_wconf 88' lang='lat' dir='ltr'><strong>substantiae</strong></span> <span class='ocrx_word' id='word_1_395' title='bbox 2490 3698 2619 3756; x_wconf 91' lang='lat' dir='ltr'><strong>loco</strong></span> <span class='ocrx_word' id='word_1_396' title='bbox 2651 3695 2900 3755; x_wconf 83' lang='lat' dir='ltr'><strong>alterius</strong></span> <span class='ocrx_word' id='word_1_397' title='bbox 2932 3714 3052 3754; x_wconf 91' lang='lat' dir='ltr'><strong>non</strong></span> 
     </span>
     <span class='ocr_line' id='line_1_39' title="bbox 433 3782 3050 3864; baseline 0.001 -25"><span class='ocrx_word' id='word_1_398' title='bbox 433 3782 577 3840; x_wconf 88' lang='lat' dir='ltr'><strong>adeo</strong></span> <span class='ocrx_word' id='word_1_399' title='bbox 610 3782 929 3844; x_wconf 86' lang='lat' dir='ltr'><strong>difficulter</strong></span> <span class='ocrx_word' id='word_1_400' title='bbox 967 3784 1349 3862; x_wconf 70' lang='lat' dir='ltr'><strong>intelligitur,</strong></span> <span class='ocrx_word' id='word_1_401' title='bbox 1397 3786 1501 3846; x_wconf 89' lang='lat' dir='ltr'><strong>sed</strong></span> <span class='ocrx_word' id='word_1_402' title='bbox 1545 3787 1899 3864; x_wconf 84' lang='lat' dir='ltr'><strong>mysterium</strong></span> <span class='ocrx_word' id='word_1_403' title='bbox 1945 3787 2158 3845; x_wconf 89' lang='lat' dir='ltr'><strong>lateret</strong></span> <span class='ocrx_word' id='word_1_404' title='bbox 2201 3787 2266 3845; x_wconf 89' lang='lat' dir='ltr'><strong>in</strong></span> <span class='ocrx_word' id='word_1_405' title='bbox 2310 3786 2415 3844; x_wconf 87' lang='lat' dir='ltr'><strong>illa</strong></span> <span class='ocrx_word' id='word_1_406' title='bbox 2458 3785 2753 3862; x_wconf 90' lang='lat' dir='ltr'><strong>positione</strong></span> <span class='ocrx_word' id='word_1_407' title='bbox 2784 3784 3050 3860; x_wconf 89' lang='lat' dir='ltr'><strong>corporis</strong></span> 
     </span>
     <span class='ocr_line' id='line_1_40' title="bbox 433 3870 3054 3952; baseline 0.001 -23"><span class='ocrx_word' id='word_1_408' title='bbox 433 3870 653 3930; x_wconf 86' lang='lat' dir='ltr'><strong>Christi</strong></span> <span class='ocrx_word' id='word_1_409' title='bbox 684 3873 796 3932; x_wconf 92' lang='lat' dir='ltr'><strong>sub</strong></span> <span class='ocrx_word' id='word_1_410' title='bbox 828 3873 1137 3949; x_wconf 88' lang='lat' dir='ltr'><strong>speciebus</strong></span> <span class='ocrx_word' id='word_1_411' title='bbox 1165 3875 1352 3950; x_wconf 77' lang='lat' dir='ltr'><strong>panis,</strong></span> <span class='ocrx_word' id='word_1_412' title='bbox 1417 3876 1830 3935; x_wconf 87' lang='lat' dir='ltr'><strong>Adversantur</strong></span> <span class='ocrx_word' id='word_1_413' title='bbox 1860 3879 2165 3952; x_wconf 89' lang='lat' dir='ltr'><strong>praeterea</strong></span> <span class='ocrx_word' id='word_1_414' title='bbox 2194 3871 2263 3941; x_wconf 81' lang='lat' dir='ltr'><strong>d.</strong></span> <span class='ocrx_word' id='word_1_415' title='bbox 2295 3875 2388 3934; x_wconf 91' lang='lat' dir='ltr'><strong>illi</strong></span> <span class='ocrx_word' id='word_1_416' title='bbox 2419 3876 2750 3935; x_wconf 88' lang='lat' dir='ltr'><strong>sententiae</strong></span> <span class='ocrx_word' id='word_1_417' title='bbox 2782 3873 3054 3932; x_wconf 89' lang='lat' dir='ltr'><strong>doctrina</strong></span> 
     </span>
     <span class='ocr_line' id='line_1_41' title="bbox 433 3962 3051 4042; baseline 0 -24"><span class='ocrx_word' id='word_1_418' title='bbox 433 3963 703 4020; x_wconf 85' lang='lat' dir='ltr'><strong>veterum</strong></span> <span class='ocrx_word' id='word_1_419' title='bbox 735 3962 970 4021; x_wconf 82' lang='lat' dir='ltr'><strong>scholae</strong></span> <span class='ocrx_word' id='word_1_420' title='bbox 1000 3963 1353 4039; x_wconf 82' lang='lat' dir='ltr'><strong>principum,</strong></span> <span class='ocrx_word' id='word_1_421' title='bbox 1400 3965 1507 4041; x_wconf 90' lang='lat' dir='ltr'><strong>qui</strong></span> <span class='ocrx_word' id='word_1_422' title='bbox 1554 3966 1919 4024; x_wconf 89' lang='lat' dir='ltr'><strong>unanimiter</strong></span> <span class='ocrx_word' id='word_1_423' title='bbox 1956 3968 2179 4042; x_wconf 82' lang='lat' dir='ltr'><strong>negant</strong></span> <span class='ocrx_word' id='word_1_424' title='bbox 2210 3984 2442 4024; x_wconf 89' lang='lat' dir='ltr'><strong>omnem</strong></span> <span class='ocrx_word' id='word_1_425' title='bbox 2476 3963 2848 4023; x_wconf 80' lang='lat' dir='ltr'><strong>substantiae</strong></span> <span class='ocrx_word' id='word_1_426' title='bbox 2878 3962 3051 4038; x_wconf 89' lang='lat' dir='ltr'><strong>panis</strong></span> 
     </span>
     <span class='ocr_line' id='line_1_42' title="bbox 435 4049 3051 4130; baseline 0.001 -22"><span class='ocrx_word' id='word_1_427' title='bbox 435 4049 944 4122; x_wconf 84' lang='lat' dir='ltr'><strong>annihilationem,</strong></span> <span class='ocrx_word' id='word_1_428' title='bbox 977 4055 1200 4128; x_wconf 86' lang='lat' dir='ltr'><strong>negant</strong></span> <span class='ocrx_word' id='word_1_429' title='bbox 1229 4071 1464 4112; x_wconf 88' lang='lat' dir='ltr'><strong>omnem</strong></span> <span class='ocrx_word' id='word_1_430' title='bbox 1487 4053 1778 4113; x_wconf 87' lang='lat' dir='ltr'><strong>actionem</strong></span> <span class='ocrx_word' id='word_1_431' title='bbox 1801 4054 1954 4113; x_wconf 90' lang='lat' dir='ltr'><strong>circa</strong></span> <span class='ocrx_word' id='word_1_432' title='bbox 1973 4072 2185 4130; x_wconf 90' lang='lat' dir='ltr'><strong>corpus</strong></span> <span class='ocrx_word' id='word_1_433' title='bbox 2206 4054 2424 4113; x_wconf 88' lang='lat' dir='ltr'><strong>Christi</strong></span> <span class='ocrx_word' id='word_1_434' title='bbox 2442 4055 2632 4130; x_wconf 89' lang='lat' dir='ltr'><strong>primo</strong></span> <span class='ocrx_word' id='word_1_435' title='bbox 2653 4053 3051 4122; x_wconf 83' lang='lat' dir='ltr'><strong>terminatam,</strong></span> 
     </span>
     <span class='ocr_line' id='line_1_43' title="bbox 437 4138 3050 4219; baseline 0.003 -23"><span class='ocrx_word' id='word_1_436' title='bbox 437 4138 576 4196; x_wconf 90' lang='lat' dir='ltr'><strong>hinc</strong></span> <span class='ocrx_word' id='word_1_437' title='bbox 606 4157 841 4200; x_wconf 90' lang='lat' dir='ltr'><strong>omnem</strong></span> <span class='ocrx_word' id='word_1_438' title='bbox 859 4140 1278 4201; x_wconf 86' lang='lat' dir='ltr'><strong>adductionem</strong></span> <span class='ocrx_word' id='word_1_439' title='bbox 1308 4143 1403 4201; x_wconf 93' lang='lat' dir='ltr'><strong>vel</strong></span> <span class='ocrx_word' id='word_1_440' title='bbox 1435 4142 1890 4219; x_wconf 88' lang='lat' dir='ltr'><strong>productionem</strong></span> <span class='ocrx_word' id='word_1_441' title='bbox 1923 4144 2019 4202; x_wconf 90' lang='lat' dir='ltr'><strong>vel</strong></span> <span class='ocrx_word' id='word_1_442' title='bbox 2047 4144 2442 4202; x_wconf 87' lang='lat' dir='ltr'><strong>mutationem</strong></span> <span class='ocrx_word' id='word_1_443' title='bbox 2473 4145 2538 4201; x_wconf 92' lang='lat' dir='ltr'><strong>in</strong></span> <span class='ocrx_word' id='word_1_444' title='bbox 2569 4143 2697 4219; x_wconf 88' lang='lat' dir='ltr'><strong>ipso</strong></span> <span class='ocrx_word' id='word_1_445' title='bbox 2730 4142 3050 4203; x_wconf 88' lang='lat' dir='ltr'><strong>inductam.</strong></span> 
     </span>
     <span class='ocr_line' id='line_1_44' title="bbox 441 4227 3052 4303; baseline 0.001 -17"><span class='ocrx_word' id='word_1_446' title='bbox 441 4227 693 4303; x_wconf 83' lang='lat' dir='ltr'><strong>,Itaque</strong></span> <span class='ocrx_word' id='word_1_447' title='bbox 736 4229 800 4287; x_wconf 91' lang='lat' dir='ltr'><strong>in</strong></span> <span class='ocrx_word' id='word_1_448' title='bbox 831 4230 1098 4288; x_wconf 89' lang='lat' dir='ltr'><strong>doctrina</strong></span> <span class='ocrx_word' id='word_1_449' title='bbox 1126 4232 1395 4290; x_wconf 89' lang='lat' dir='ltr'><strong>veterum</strong></span> <span class='ocrx_word' id='word_1_450' title='bbox 1427 4232 2022 4292; x_wconf 86' lang='lat' dir='ltr'><strong>transsubstantiatio</strong></span> <span class='ocrx_word' id='word_1_451' title='bbox 2055 4250 2174 4291; x_wconf 92' lang='lat' dir='ltr'><strong>non</strong></span> <span class='ocrx_word' id='word_1_452' title='bbox 2205 4236 2298 4290; x_wconf 88' lang='lat' dir='ltr'><strong>est</strong></span> <span class='ocrx_word' id='word_1_453' title='bbox 2327 4232 2512 4291; x_wconf 89' lang='lat' dir='ltr'><strong>unius</strong></span> <span class='ocrx_word' id='word_1_454' title='bbox 2546 4232 2916 4291; x_wconf 88' lang='lat' dir='ltr'><strong>substantiae</strong></span> <span class='ocrx_word' id='word_1_455' title='bbox 2950 4230 3052 4289; x_wconf 90' lang='lat' dir='ltr'><strong>de-</strong></span> 
     </span>
     <span class='ocr_line' id='line_1_45' title="bbox 442 4317 3054 4397; baseline 0.001 -23"><span class='ocrx_word' id='word_1_456' title='bbox 442 4317 692 4376; x_wconf 86' lang='lat' dir='ltr'><strong>structio</strong></span> <span class='ocrx_word' id='word_1_457' title='bbox 723 4320 785 4377; x_wconf 88' lang='lat' dir='ltr'><strong>et</strong></span> <span class='ocrx_word' id='word_1_458' title='bbox 813 4318 1059 4377; x_wconf 90' lang='lat' dir='ltr'><strong>alterius</strong></span> <span class='ocrx_word' id='word_1_459' title='bbox 1092 4320 1438 4397; x_wconf 89' lang='lat' dir='ltr'><strong>subrogatio</strong></span> <span class='ocrx_word' id='word_1_460' title='bbox 1471 4340 1579 4396; x_wconf 90' lang='lat' dir='ltr'><strong>per</strong></span> <span class='ocrx_word' id='word_1_461' title='bbox 1606 4321 2020 4397; x_wconf 88' lang='lat' dir='ltr'><strong>productionis</strong></span> <span class='ocrx_word' id='word_1_462' title='bbox 2051 4321 2147 4380; x_wconf 90' lang='lat' dir='ltr'><strong>vel</strong></span> <span class='ocrx_word' id='word_1_463' title='bbox 2179 4321 2553 4380; x_wconf 90' lang='lat' dir='ltr'><strong>adductionis</strong></span> <span class='ocrx_word' id='word_1_464' title='bbox 2586 4321 2771 4389; x_wconf 77' lang='lat' dir='ltr'><strong>viam3</strong></span> <span class='ocrx_word' id='word_1_465' title='bbox 2822 4320 2926 4379; x_wconf 90' lang='lat' dir='ltr'><strong>sed</strong></span> <span class='ocrx_word' id='word_1_466' title='bbox 2959 4323 3054 4378; x_wconf 89' lang='lat' dir='ltr'><strong>est</strong></span> 
     </span>
     <span class='ocr_line' id='line_1_46' title="bbox 440 4406 3053 4485; baseline 0.001 -21"><span class='ocrx_word' id='word_1_467' title='bbox 440 4424 561 4464; x_wconf 89' lang='lat' dir='ltr'><strong>una</strong></span> <span class='ocrx_word' id='word_1_468' title='bbox 591 4406 842 4483; x_wconf 82' lang='lat' dir='ltr'><strong>simplex</strong></span> <span class='ocrx_word' id='word_1_469' title='bbox 871 4407 1041 4479; x_wconf 90' lang='lat' dir='ltr'><strong>actio,</strong></span> <span class='ocrx_word' id='word_1_470' title='bbox 1089 4428 1209 4485; x_wconf 91' lang='lat' dir='ltr'><strong>qua</strong></span> <span class='ocrx_word' id='word_1_471' title='bbox 1239 4410 1413 4480; x_wconf 90' lang='lat' dir='ltr'><strong>Deus,</strong></span> <span class='ocrx_word' id='word_1_472' title='bbox 1460 4410 1566 4485; x_wconf 90' lang='lat' dir='ltr'><strong>qui</strong></span> <span class='ocrx_word' id='word_1_473' title='bbox 1598 4413 1670 4469; x_wconf 91' lang='lat' dir='ltr'><strong>ut</strong></span> <span class='ocrx_word' id='word_1_474' title='bbox 1699 4413 1907 4469; x_wconf 90' lang='lat' dir='ltr'><strong>auctor</strong></span> <span class='ocrx_word' id='word_1_475' title='bbox 1936 4409 2091 4468; x_wconf 90' lang='lat' dir='ltr'><strong>entis</strong></span> <span class='ocrx_word' id='word_1_476' title='bbox 2120 4412 2320 4485; x_wconf 89' lang='lat' dir='ltr'><strong>potest</strong></span> <span class='ocrx_word' id='word_1_477' title='bbox 2350 4409 2415 4469; x_wconf 89' lang='lat' dir='ltr'><strong>in</strong></span> <span class='ocrx_word' id='word_1_478' title='bbox 2445 4413 2642 4469; x_wconf 90' lang='lat' dir='ltr'><strong>totum</strong></span> <span class='ocrx_word' id='word_1_479' title='bbox 2674 4428 2799 4479; x_wconf 90' lang='lat' dir='ltr'><strong>ens,</strong></span> <span class='ocrx_word' id='word_1_480' title='bbox 2847 4410 3053 4467; x_wconf 89' lang='lat' dir='ltr'><strong>imme-</strong></span> 
     </span>
     <span class='ocr_line' id='line_1_47' title="bbox 437 4495 3051 4575; baseline 0.001 -22"><span class='ocrx_word' id='word_1_481' title='bbox 437 4495 594 4555; x_wconf 85' lang='lat' dir='ltr'><strong>diate</strong></span> <span class='ocrx_word' id='word_1_482' title='bbox 638 4498 835 4555; x_wconf 89' lang='lat' dir='ltr'><strong>mutat</strong></span> <span class='ocrx_word' id='word_1_483' title='bbox 880 4496 945 4554; x_wconf 89' lang='lat' dir='ltr'><strong>in</strong></span> <span class='ocrx_word' id='word_1_484' title='bbox 987 4496 1050 4555; x_wconf 90' lang='lat' dir='ltr'><strong>id</strong></span> <span class='ocrx_word' id='word_1_485' title='bbox 1094 4498 1256 4574; x_wconf 91' lang='lat' dir='ltr'><strong>quod</strong></span> <span class='ocrx_word' id='word_1_486' title='bbox 1300 4501 1396 4558; x_wconf 86' lang='lat' dir='ltr'><strong>est</strong></span> <span class='ocrx_word' id='word_1_487' title='bbox 1422 4500 1692 4558; x_wconf 88' lang='lat' dir='ltr'><strong>entitatis</strong></span> <span class='ocrx_word' id='word_1_488' title='bbox 1723 4500 1790 4558; x_wconf 92' lang='lat' dir='ltr'><strong>in</strong></span> <span class='ocrx_word' id='word_1_489' title='bbox 1821 4499 2160 4558; x_wconf 87' lang='lat' dir='ltr'><strong>substantia</strong></span> <span class='ocrx_word' id='word_1_490' title='bbox 2191 4499 2452 4575; x_wconf 89' lang='lat' dir='ltr'><strong>corporis</strong></span> <span class='ocrx_word' id='word_1_491' title='bbox 2484 4499 2722 4568; x_wconf 90' lang='lat' dir='ltr'><strong>Christi,</strong></span> <span class='ocrx_word' id='word_1_492' title='bbox 2756 4497 3051 4574; x_wconf 91' lang='lat' dir='ltr'><strong>quidquid</strong></span> 
     </span>
     <span class='ocr_line' id='line_1_48' title="bbox 438 4585 3052 4664; baseline 0.001 -22"><span class='ocrx_word' id='word_1_493' title='bbox 438 4585 710 4644; x_wconf 89' lang='lat' dir='ltr'><strong>entitatis</strong></span> <span class='ocrx_word' id='word_1_494' title='bbox 741 4589 835 4645; x_wconf 89' lang='lat' dir='ltr'><strong>est</strong></span> <span class='ocrx_word' id='word_1_495' title='bbox 864 4586 928 4645; x_wconf 91' lang='lat' dir='ltr'><strong>in</strong></span> <span class='ocrx_word' id='word_1_496' title='bbox 960 4587 1298 4646; x_wconf 86' lang='lat' dir='ltr'><strong>substantia</strong></span> <span class='ocrx_word' id='word_1_497' title='bbox 1334 4588 1523 4664; x_wconf 89' lang='lat' dir='ltr'><strong>panis,</strong></span> <span class='ocrx_word' id='word_1_498' title='bbox 1570 4588 1656 4647; x_wconf 87' lang='lat' dir='ltr'><strong>ita</strong></span> <span class='ocrx_word' id='word_1_499' title='bbox 1699 4591 1772 4646; x_wconf 92' lang='lat' dir='ltr'><strong>ut</strong></span> <span class='ocrx_word' id='word_1_500' title='bbox 1816 4589 2152 4664; x_wconf 88' lang='lat' dir='ltr'><strong>subjectum</strong></span> <span class='ocrx_word' id='word_1_501' title='bbox 2187 4588 2418 4663; x_wconf 88' lang='lat' dir='ltr'><strong>patiens</strong></span> <span class='ocrx_word' id='word_1_502' title='bbox 2450 4605 2569 4646; x_wconf 91' lang='lat' dir='ltr'><strong>non</strong></span> <span class='ocrx_word' id='word_1_503' title='bbox 2605 4588 2687 4645; x_wconf 89' lang='lat' dir='ltr'><strong>sit</strong></span> <span class='ocrx_word' id='word_1_504' title='bbox 2719 4587 2846 4645; x_wconf 90' lang='lat' dir='ltr'><strong>ullo</strong></span> <span class='ocrx_word' id='word_1_505' title='bbox 2879 4586 3052 4645; x_wconf 90' lang='lat' dir='ltr'><strong>modo</strong></span> 
     </span>
     <span class='ocr_line' id='line_1_49' title="bbox 439 4673 3051 4752; baseline 0.002 -20"><span class='ocrx_word' id='word_1_506' title='bbox 439 4673 726 4745; x_wconf 80' lang='lat' dir='ltr'><strong>Christus,</strong></span> <span class='ocrx_word' id='word_1_507' title='bbox 774 4675 877 4734; x_wconf 91' lang='lat' dir='ltr'><strong>sed</strong></span> <span class='ocrx_word' id='word_1_508' title='bbox 922 4675 1084 4734; x_wconf 88' lang='lat' dir='ltr'><strong>solus</strong></span> <span class='ocrx_word' id='word_1_509' title='bbox 1115 4676 1301 4751; x_wconf 90' lang='lat' dir='ltr'><strong>panis,</strong></span> <span class='ocrx_word' id='word_1_510' title='bbox 1336 4677 1511 4752; x_wconf 88' lang='lat' dir='ltr'><strong>cujus</strong></span> <span class='ocrx_word' id='word_1_511' title='bbox 1542 4678 1761 4736; x_wconf 89' lang='lat' dir='ltr'><strong>transit</strong></span> <span class='ocrx_word' id='word_1_512' title='bbox 1792 4677 2134 4736; x_wconf 89' lang='lat' dir='ltr'><strong>substantia</strong></span> <span class='ocrx_word' id='word_1_513' title='bbox 2163 4680 2226 4736; x_wconf 88' lang='lat' dir='ltr'><strong>et</strong></span> <span class='ocrx_word' id='word_1_514' title='bbox 2255 4680 2565 4736; x_wconf 88' lang='lat' dir='ltr'><strong>remanent</strong></span> <span class='ocrx_word' id='word_1_515' title='bbox 2596 4676 3051 4737; x_wconf 72' lang='lat' dir='ltr'><strong>dimensiones.⁴¹</strong></span> 
     </span>
     <span class='ocr_line' id='line_1_50' title="bbox 435 4762 3051 4842; baseline 0 -21"><span class='ocrx_word' id='word_1_516' title='bbox 435 4762 631 4830; x_wconf 82' lang='lat' dir='ltr'><strong>Quare</strong></span> <span class='ocrx_word' id='word_1_517' title='bbox 663 4765 1012 4839; x_wconf 83' lang='lat' dir='ltr'><strong>mysterium</strong></span> <span class='ocrx_word' id='word_1_518' title='bbox 1043 4765 1736 4825; x_wconf 81' lang='lat' dir='ltr'><strong>transsubstantiationis</strong></span> <span class='ocrx_word' id='word_1_519' title='bbox 1767 4767 1832 4825; x_wconf 90' lang='lat' dir='ltr'><strong>in</strong></span> <span class='ocrx_word' id='word_1_520' title='bbox 1864 4785 1932 4825; x_wconf 92' lang='lat' dir='ltr'><strong>eo</strong></span> <span class='ocrx_word' id='word_1_521' title='bbox 1964 4767 2150 4825; x_wconf 91' lang='lat' dir='ltr'><strong>situm</strong></span> <span class='ocrx_word' id='word_1_522' title='bbox 2183 4769 2291 4838; x_wconf 86' lang='lat' dir='ltr'><strong>est,</strong></span> <span class='ocrx_word' id='word_1_523' title='bbox 2330 4765 2532 4842; x_wconf 86' lang='lat' dir='ltr'><strong>,quod</strong></span> <span class='ocrx_word' id='word_1_524' title='bbox 2563 4764 3051 4841; x_wconf 87' lang='lat' dir='ltr'><strong>permanentibus</strong></span> 
     </span>
    </p>
   </div>
  </div>
 </body>
</html>
