3538 5364
1153 237 1428 306 probatur
1457 236 1642 289 verbis
1670 233 2065 304 promissionis
2090 233 2254 289 Joan.
2288 233 2378 285 Vl.
2943 241 3070 305 301

458 434 685 500 Petrus
718 433 930 499 verbis
965 455 1020 497 v.
1054 440 1173 502 69:
1208 435 1474 498 Domine
1506 435 1593 498 ad
1623 454 1800 518 quem
1832 435 2107 498 ibimus?
2146 433 2325 497 verba
2356 435 2519 497 vitae
2550 440 2840 496 aeternae
2871 432 3076 496 habes.

459 541 542 605 Et
569 562 685 605 nos
715 542 1092 607 credidimus
1122 550 1177 604 et
1209 543 1621 624 coqnovimuS,
1653 544 1805 626 quia
1837 548 1904 605 tu
1937 562 2000 604 es
2033 539 2319 604 Christus
2352 540 2560 603 Filius
2591 538 2728 604 Dei.

636 649 701 717 4.
733 648 1147 713 confirmatur
1195 648 1392 713 illatio
1444 655 1669 712 nostra
1716 648 1990 712 solemni
2037 654 2295 729 patrum
2345 646 2664 728 suffragiO,
2715 647 2880 711 inter
2912 665 3073 728 quos

458 757 739 821 eminent
784 753 1150 839 Cyrillus
1197 754 1377 831 alex„
1425 753 2075 837 Chrysostomus
2123 755 2185 817 in
2218 753 2699 819 commentariis
2733 753 2814 816 ad
2846 754 2905 815 h.
2941 754 2975 816 l.
3011 761 3073 816 et

455 862 822 927 Hilarius
853 863 1017 943 pict,
1050 863 1157 946 qui
1189 863 1279 927 ita
1311 863 1390 926 de
1421 863 1637 927 Trinit.
1672 862 1823 939 VIII,
1866 867 1947 932 14
1978 862 2264 928 disserit:

638 991 839 1061 ,Quae
871 996 1015 1052 sunt
1045 993 1265 1069 scripta
1294 993 1580 1071 legamus,
1613 996 1674 1052 et
1705 1011 1857 1069 quae
1875 993 2195 1071 legerimus
2212 993 2650 1070 intelligamus:
2684 996 2742 1050 et
2773 997 2905 1050 tum
2937 1010 3072 1066 per-

456 1083 641 1141 fectae
670 1081 810 1141 fidei
851 1082 1040 1141 officio
1083 1082 1420 1160 fungemur.
1484 1084 1567 1141 De
1616 1083 1879 1141 naturali
1930 1082 2154 1142 etenim
2203 1082 2268 1141 in
2315 1081 2489 1141 nobis
2535 1080 2756 1140 Christi
2804 1081 3075 1149 veritate,

456 1189 610 1248 quae
641 1170 915 1242 dicimus,
947 1171 1067 1230 nisi
1099 1171 1171 1229 ab
1204 1190 1272 1231 eo
1302 1171 1703 1243 didicerimus,
1737 1172 1926 1231 stulte
1958 1191 2025 1231 ac
2055 1171 2238 1247 impie
2270 1171 2537 1235 dicimus.
2600 1171 2732 1246 Ipse
2764 1170 2923 1229 enim
2955 1171 3073 1229 ait:

461 1260 614 1319 Caro
646 1279 773 1319 mea
803 1280 928 1319 vere
958 1268 1038 1319 est
1069 1280 1193 1320 esca
1226 1268 1322 1319 etc.
1359 1270 1415 1330 6,
1455 1271 1555 1324 56.
1611 1262 1695 1320 De
1729 1262 1982 1321 veritate
2015 1261 2206 1321 carnis
2238 1265 2300 1320 et
2330 1260 2640 1338 sanguinis
2672 1278 2794 1318 non
2826 1259 3071 1319 relictus

457 1352 548 1407 est
577 1349 917 1427 ambigendi
947 1350 1131 1409 locus.
1197 1351 1372 1408 Nunc
1416 1351 1574 1409 enim
1617 1354 1679 1409 et
1723 1351 1912 1427 ipsius
1945 1352 2181 1411 Domini
2212 1350 2580 1427 professione
2625 1351 2687 1407 et
2722 1347 2837 1407 fide
2868 1352 3073 1408 nostra

457 1457 594 1498 vere
625 1457 757 1497 caro
789 1443 878 1497 est
909 1442 971 1498 et
1000 1458 1135 1500 vere
1166 1439 1409 1516 sanguis
1441 1442 1548 1501 est.
1593 1439 1671 1498 Et
1702 1441 1843 1499 haec
1873 1443 2114 1517 accepta
2139 1444 2319 1517 atque
2348 1440 2564 1499 hausta
2593 1438 2656 1496 id
2685 1437 2966 1509 efficiunt,
3000 1442 3073 1496 ut

456 1530 518 1586 et
545 1545 655 1587 nos
688 1527 751 1586 in
771 1527 1002 1587 Christo
1033 1531 1094 1586 et
1114 1528 1383 1588 Christus
1415 1529 1479 1588 in
1511 1528 1681 1588 nobis
1713 1530 1811 1592 sit.
1859 1532 2031 1589 Anne
2050 1530 2157 1589 hoc
2176 1530 2398 1589 veritas
2429 1548 2548 1588 non
2580 1530 2710 1586 est?
2756 1527 3073 1603 Contingat

456 1617 633 1692 plane
662 1616 758 1676 his
798 1636 1007 1676 verum
1052 1636 1172 1677 non
1218 1635 1364 1688 esse,
1410 1618 1515 1693 qui
1548 1619 1849 1678 Christum
1879 1619 1934 1681 J.
1966 1638 2174 1679 verum
2208 1620 2393 1678 Deum
2428 1636 2553 1677 esse
2585 1617 2899 1693 denegant.
2964 1616 3073 1675 Est

456 1723 597 1783 ergo
628 1706 691 1764 in
722 1706 895 1766 nobis
930 1707 1055 1782 ipse
1084 1726 1192 1782 per
1223 1725 1459 1766 carnem
1487 1711 1549 1767 et
1581 1726 1788 1767 sumus
1820 1708 1884 1767 in
1916 1727 2000 1779 e0,
2050 1709 2194 1767 dum
2227 1725 2428 1767 secum
2460 1708 2588 1782 hoc,
2635 1706 2794 1783 quod
2828 1724 2936 1765 nos
2971 1724 3070 1764 su-

457 1813 608 1865 mus,
653 1795 719 1854 in
752 1796 871 1855 Deo
902 1800 1055 1855 est.‘
1123 1796 1200 1854 Et
1243 1816 1301 1859 n.
1327 1807 1416 1867 ,16
1465 1797 1768 1856 occasione
1802 1798 2120 1856 verborum
2151 1798 2323 1860 Joan.
2359 1807 2415 1866 6,
2456 1806 2533 1859 58
2570 1794 2809 1854 scribit:
2863 1794 3073 1863 ,Vivit

457 1902 598 1961 ergo
627 1902 733 1960 per
763 1884 1014 1956 Patrem,
1062 1889 1125 1943 et
1170 1884 1466 1961 quomodo
1498 1904 1603 1962 per
1635 1887 1872 1945 Patrem
1904 1887 2072 1958 vivit,
2118 1886 2325 1946 eodem
2357 1886 2532 1945 modo
2564 1902 2669 1944 nos
2701 1903 2806 1960 per
2839 1902 3073 1943 carnem

457 1973 586 2048 ejus
611 1973 873 2033 vivimus
905 2017 919 2032 .
953 2018 968 2032 .
1001 2019 1013 2033 .
1059 1974 1217 2033 Haec
1246 1993 1387 2051 ergo
1418 1975 1577 2033 vitae
1609 1979 1848 2034 nostrae
1882 1994 2055 2035 causa
2084 1980 2193 2047 est,
2240 1976 2400 2051 quod
2434 1976 2498 2034 in
2529 1974 2701 2033 nobis
2733 1974 3074 2033 carnalibus

456 2065 791 2122 manentem
822 2081 928 2139 per
973 2082 1206 2122 carnem
1237 2063 1536 2122 Christum
1568 2064 1868 2135 habemus,
1916 2065 2164 2124 victuris
2208 2064 2381 2123 nobis
2426 2083 2533 2140 per
2574 2082 2713 2122 eum
2756 2081 2824 2122 ea
2869 2063 3067 2121 condi·

456 2151 635 2223 tione,
656 2171 775 2227 qua
793 2152 946 2211 vivit
964 2153 1066 2212 ille
1085 2172 1193 2228 per
1206 2154 1459 2213 Patrem.
1480 2152 1541 2211 Si
1560 2171 1701 2229 ergo
1721 2172 1832 2212 nos
1851 2154 2208 2215 naturaliter
2221 2153 2548 2212 secundum
2565 2171 2796 2211 carnem
2816 2171 2922 2228 per
2934 2171 3072 2211 eum

455 2240 712 2300 vivimus
745 2241 783 2300 i.
815 2260 865 2303 e.
895 2245 1173 2300 naturam
1205 2260 1345 2301 suae
1378 2242 1570 2301 carnis
1612 2242 1830 2319 adepti,
1878 2243 2172 2318 quomodo
2203 2261 2323 2301 non
2353 2242 2711 2302 naturaliter
2741 2240 3070 2301 secundum

457 2329 748 2405 Spiritum
777 2330 842 2389 in
873 2349 937 2389 se
966 2331 1202 2390 Patrem
1233 2330 1462 2400 habeat,
1496 2349 1617 2406 quo
1648 2332 1815 2390 vivat
1842 2332 1973 2407 ipse
2001 2352 2109 2409 per
2141 2332 2460 2390 Patrem?‘
2509 2331 2705 2405 Hujus
2736 2329 3071 2389 testimonii

458 2419 579 2477 vim
608 2419 886 2496 pluribus
931 2420 1199 2479 illustrat
1237 2421 1761 2480 Guitmundus
1793 2421 1899 2492 III,
1954 2431 2029 2485 13
2064 2440 2142 2482 ss.
2174 2415 2403 2503 (opusc.
2435 2418 2748 2489 XXXVIII,
2792 2429 2910 2483 132
2948 2414 3071 2500 ss).

634 2528 842 2603 Neque
872 2530 1208 2604 opponatur
1239 2530 1612 2604 quorundam
1647 2531 1887 2605 patrum
1933 2529 2058 2587 sive
2104 2530 2503 2604 interpretum
2540 2531 2807 2585 veterum
2842 2526 3070 2584 dissen-

458 2635 578 2688 sus,
608 2636 746 2676 nam
778 2632 841 2680 a.
872 2636 943 2676 ex
974 2616 1274 2695 prioribus
1307 2636 1405 2677 sex
1439 2618 1656 2677 seculis
1674 2618 1883 2677 nullus
1905 2617 2121 2676 adduci
2142 2619 2340 2694 potest
2358 2620 2543 2694 pater,
2579 2616 2686 2692 qui
2719 2616 2858 2673 haec
2889 2615 3077 2673 verba

459 2704 539 2786 (v.
576 2707 859 2784 52—59)
891 2726 1014 2767 non
1045 2707 1404 2767 intellexerit
1435 2709 1508 2766 de
1549 2707 2070 2774 eucharistia3
2113 2709 2209 2766 vel
2242 2708 2293 2765 si
2325 2726 2394 2766 ea
2426 2707 2850 2782 interpretatus
2884 2704 2966 2762 sit
2997 2704 3069 2762 de

458 2796 690 2856 Christo
719 2815 873 2872 pane
892 2816 999 2873 per
1017 2796 1209 2868 fidem,
1243 2815 1364 2856 non
1383 2797 1745 2855 intellexerit
1764 2815 2004 2873 quoque
2025 2796 2096 2855 de
2116 2796 2487 2858 eucharistia.
2521 2796 2776 2870 Insuper
2803 2790 2877 2857 l).
2913 2811 3074 2852 conc.

458 2885 912 2962 ephesinum
945 2889 1006 2945 et
1035 2886 1438 2945 nicaenum
1471 2886 1545 2946 11.
1578 2883 1830 2968 (Hard.
1864 2887 1907 2956 Ι,
1951 2895 2149 2956 1290;
2184 2885 2282 2956 IV,
2320 2881 2475 2968 370)
2507 2903 2575 2943 ea
2604 2884 2675 2942 de
2710 2882 3069 2943 eucharistia

457 2979 825 3051 acceperunt.
873 2975 1127 3034 Nonnisi
1160 2990 1226 3038 (3.
1259 2975 1560 3034 occasione
1590 2974 1853 3034 haeresis
1887 2976 2301 3045 calixtinorum
2332 2975 2468 3052 (sec.
2490 2970 2655 3055 XV.),
2690 2973 2793 3048 qui
2826 2977 3067 3031 conten·

458 3063 676 3122 derunt
705 3064 1106 3140 sumptionem
1137 3064 1526 3123 eucharistiae
1570 3065 1681 3123 sub
1727 3069 1985 3138 utraque
2025 3064 2220 3141 specie
2252 3063 2638 3123 necessariam
2683 3080 2809 3121 esse
2854 3061 2927 3120 ad
2975 3079 3072 3119 sa·

457 3153 662 3225 lutem,
695 3153 954 3230 theologi
987 3153 1263 3212 nonnulli
1294 3154 1475 3212 verba
1506 3153 1723 3212 Christi
1754 3153 2134 3229 interpretati
2167 3158 2311 3212 sunt
2341 3170 2520 3212 sensu
2550 3151 2967 3227 metaphorico,
3002 3155 3069 3209 ut

457 3240 807 3301 adversariis
837 3242 1223 3319 praecipuum
1256 3260 1360 3319 pro
1392 3261 1501 3302 suo
1531 3260 1727 3301 errore
1759 3242 2062 3317 eriperent
2079 3245 2499 3319 argumentum
2533 3241 2618 3320 (6,
2657 3243 2791 3315 54):
2826 3239 3072 3315 proinde

457 3348 576 3389 non
607 3333 728 3389 tam
759 3335 1002 3407 propter
1031 3331 1288 3391 rationes
1333 3332 1641 3408 exegeti
1660 3350 1781 3390 cas
1801 3376 1815 3401 ,
1867 3350 2045 3406 quam
2078 3334 2319 3408 propter
2349 3330 2734 3408 dogmaticas,
2800 3330 3070 3388 Ceterum

458 3416 527 3484 d.
572 3420 749 3486 multi
793 3419 1072 3495 doctique
1116 3421 1578 3497 protestantium
1621 3422 1978 3496 interpretes
2024 3423 2094 3479 ut
2144 3420 2190 3478 Ο
2209 3420 2615 3489 lshausen,
2668 3418 3071 3484 Koestlin,

457 3508 887 3581 Delitzsch,
921 3510 1088 3568 Keil
1126 3514 1236 3570 etc.
1270 3510 1580 3569 nobiscum
1612 3510 1792 3569 verba
1810 3509 2027 3568 Christi
2060 3509 2132 3568 de
2164 3508 2518 3567 eucharistia
2548 3509 2930 3585 intelligunt3
2966 3508 3072 3582 qui

456 3616 595 3656 vero
628 3598 1008 3670 dissentiunt,
1042 3599 1172 3658 ideo
1204 3600 1421 3658 nolunt
1452 3619 1519 3658 ea
1548 3598 1886 3675 intelligere
1918 3598 1990 3657 de
2022 3598 2395 3668 eucharistia,
2442 3616 2516 3655 ne
2563 3597 2774 3674 dogma
2822 3596 3069 3654 catholi-

458 3705 591 3744 cum
620 3688 936 3747 admittere
964 3690 1301 3747 teneantur.

639 3823 783 3876 336.
817 3808 1185 3878 Scholion.
1223 3813 1671 3888 Exceptionibus
1701 3813 1927 3885 satisfit.
1961 3846 2047 3855 --
2080 3811 2299 3869 Contra
2328 3811 2482 3869 hanc
2512 3811 2828 3869 verborum
2848 3810 3070 3868 Christi

457 3902 906 3977 explicationem
951 3902 1103 3960 nihil
1147 3902 1399 3979 alicujus
1445 3902 1725 3960 momenti
1772 3919 2071 3977 opponere
2104 3903 2358 3976 possunt
2387 3901 2801 3975 protestantes.
2870 3899 3073 3957 Potior

457 3991 725 4067 exceptio
742 3991 975 4066 petitur
992 4009 1061 4049 ex
1087 4010 1138 4053 v,
1162 4001 1275 4053 64:
1311 3993 1570 4067 Spiritus
1601 3998 1698 4066 est,
1734 3994 1836 4068 qui
1854 3992 2117 4067 vivificat,
2151 4008 2289 4048 earo
2322 4007 2434 4047 non
2455 3989 2695 4062 prodest
2714 3989 3032 4064 quidquam
3050 4009 3072 4044 .·

456 4080 646 4155 verba,
690 4099 834 4157 quae
863 4099 958 4157 eqo
991 4082 1208 4139 locutus
1238 4099 1366 4140 sum
1401 4081 1570 4155 vobis,
1619 4082 1866 4154 spiritus
1907 4088 1957 4137 et
1987 4082 2106 4137 vita
2138 4087 2290 4138 sunt.
2322 4111 2407 4119 —
2441 4077 2660 4138 Verum
2692 4075 2929 4151 probari
2963 4095 3068 4134 ne-

457 4170 610 4245 quit,
656 4170 896 4229 nomine
926 4172 1125 4229 carnis
1155 4170 1454 4247 designari
1502 4187 1746 4228 sensum
1788 4169 2221 4245 proprium,
2274 4168 2513 4227 nomine
2561 4168 2807 4242 spiritua
2853 4165 3068 4242 figu-

457 4261 708 4318 ratum
753 4262 815 4317 et
856 4259 1261 4335 improprium.
1327 4259 1478 4317 Nam
1519 4257 1891 4327 ,certissima
1922 4258 2132 4334 regula
2161 4260 2271 4328 est,
2304 4257 2506 4332 inquit
2535 4256 2734 4313 Mald
2753 4258 3034 4313 onatus
3054 4298 3068 4322 ,

457 4349 687 4407 nullam
716 4348 940 4406 habens
963 4348 1384 4424 exceptionem,
1418 4347 1891 4422 quotiescunque
1920 4346 1984 4404 in
2016 4364 2091 4405 ss.
2123 4346 2317 4404 literis
2350 4364 2563 4404 nomen
2593 4346 2792 4403 carnis
2822 4345 3066 4419 opponi-

458 4440 561 4495 tur
589 4436 815 4495 nomini
844 4438 1092 4510 spiritus
1123 4439 1229 4496 aut
1259 4437 1428 4495 alteri
1462 4436 1618 4495 idem
1648 4436 1891 4504 valenti,
1923 4435 2078 4493 illud
2108 4452 2229 4492 non
2259 4434 2442 4509 accipi
2473 4452 2581 4510 pro
2612 4437 2827 4492 natura
2859 4432 3067 4501 carnia,

457 4525 561 4583 sed
591 4544 700 4602 pro
730 4525 1083 4585 infirmitate
1114 4530 1175 4585 et
1206 4527 1396 4601 culpa,
1429 4545 1583 4601 quae
1599 4525 1869 4584 nascitur
1900 4543 1970 4583 ex
2002 4524 2258 4582 humana
2288 4531 2516 4583 carne.‘
2559 4523 2638 4582 Of.
2662 4523 2823 4581 Rom.
2848 4532 2902 4591 8,
2936 4534 2957 4584 1
2989 4539 3066 4583 ss.

459 4612 652 4682 Quare
681 4614 863 4690 hujus
907 4615 1022 4674 loci
1068 4633 1279 4676 sensus
1325 4624 1443 4674 est:
1489 4615 1682 4674 Verba
1712 4615 1854 4673 haec
1885 4630 2005 4671 non
2037 4612 2352 4671 carnaliter
2383 4612 2422 4670 i.
2453 4631 2502 4674 e.
2535 4611 2861 4671 secundum
2893 4614 3068 4668 natu-

458 4704 659 4774 ralem,
702 4704 995 4763 infirmam
1027 4702 1420 4780 sensibusque
1452 4703 1742 4763 addictam
1775 4701 2234 4778 intelligentiam
2266 4720 2388 4760 esse
2419 4699 2797 4774 explicanda3
2845 4699 3070 4757 anima-
