3538 5364
604 300 630 361 1
656 298 730 359 10
1063 286 1248 342 Tract.
1282 287 1424 341 VIII.
1453 288 1522 341 de
1548 288 1760 359 gratia.
1789 290 1987 344 Thesis
2012 288 2247 345 CXCIV.
2277 287 2570 353 Quomodo
2598 287 2750 341 Deus

596 470 776 534 dium
808 470 930 534 dici
961 478 1190 553 potest,
1223 489 1371 536 eum
1422 471 1540 537 effe
1552 471 1720 535 cisse
1751 478 1826 535 ut
1858 468 2022 535 alter
2051 470 2463 534 homicidium
2494 474 2795 550 patraret.
2857 469 2953 534 Ita
2983 469 3218 535 Demo-

597 577 862 641 sthenes
894 577 1115 640 omnia
1145 578 1287 658 egit,
1338 583 1410 641 ut
1442 576 1857 643 athenienses
1907 577 2144 642 bellum
2175 577 2489 642 adversus
2521 576 2882 658 Philippum
2914 577 3219 642 macedo-

598 701 755 747 num
786 701 1001 764 regem
1035 690 1345 765 gererent.
1414 683 1600 764 Quod
1632 685 1688 748 si
1711 685 1849 766 jam
1881 684 2078 748 homo
2129 684 2486 766 prudentia,
2520 684 3034 761 mansuetudine,
3067 702 3219 749 sua-

595 788 779 853 sione
828 790 930 854 vel
980 790 1359 854 durissimos
1406 808 1556 855 cera
1606 791 1933 856 molliores
1984 797 2051 856 et
2098 791 2183 855 ad
2233 809 2425 855 omne
2474 791 2650 873 quod
2697 791 2833 854 vult
2861 809 3220 873 propensos

596 895 785 959 nullis
818 896 1119 961 adhibitis
1150 897 1376 961 mediis
1409 916 1490 962 ex
1513 916 1584 962 se
1604 896 2037 962 infallibilibus
2067 915 2383 980 persaepe
2415 897 2664 964 efficere
2696 904 2944 979 potest:
2977 905 3221 981 quanto

597 1002 802 1083 magis
834 1001 1004 1067 Deus
1034 1003 1313 1069 hominis
1344 1005 1446 1069 vel
1483 1004 1974 1070 obstinatissimi
2021 1005 2445 1087 pertinaciam
2495 1005 2787 1086 frangere
2838 1012 2902 1070 et
2950 1005 3222 1070 rebelles

596 1115 855 1173 nostras
887 1111 1256 1177 voluntates
1288 1112 1371 1175 ad
1410 1131 1602 1176 omne
1635 1112 2111 1194 beneplacitum
2158 1130 2349 1176 suum
2395 1112 2722 1178 inflectere
2771 1113 3026 1193 poterit,
3074 1131 3222 1176 cum

596 1216 734 1298 ipse
766 1216 1160 1297 penitissime
1193 1226 1548 1299 cognoscat
1581 1237 1810 1283 omnes
1828 1218 2106 1282 hominis
2125 1218 2588 1301 propensiones
2609 1223 2674 1283 et
2693 1218 2908 1283 studia
2925 1225 3221 1283 scrutans

596 1341 788 1388 renes
821 1330 886 1389 et
917 1325 1122 1389 corda
1155 1326 1505 1390 hominum.
1569 1325 1785 1406 Quare
1817 1344 1950 1389 non
1983 1333 2081 1389 est
2111 1325 2483 1403 timendum,
2515 1344 2613 1401 ne,
2646 1326 2701 1388 si
2733 1326 2943 1406 gratia
2975 1344 3108 1389 non
3141 1325 3224 1390 sit
3316 1392 3320 1395 ,

597 1446 680 1493 ex
713 1448 784 1494 se
818 1430 1064 1507 efficaX,
1098 1431 1391 1497 homines
1422 1433 1681 1514 possint
1700 1432 1957 1498 eludere
1979 1432 2094 1496 Dei
2125 1432 2393 1495 consilia
2423 1439 2489 1497 et
2518 1432 2844 1513 impedire,
2878 1433 3223 1514 quominus

598 1555 715 1600 eos
747 1539 970 1615 salvet,
1003 1557 1168 1621 quos
1205 1539 1462 1604 salvare
1496 1540 1864 1604 decreverit.
1898 1536 2069 1604 Sane
2101 1537 2290 1620 longe
2323 1538 2759 1602 admirabilior
2790 1545 2890 1603 est
2920 1538 3038 1603 Dei
3070 1557 3220 1620 pro-

600 1642 899 1721 videntia,
932 1645 1267 1727 magisque
1301 1644 1693 1728 splendescit
1741 1646 1881 1727 ejus
1930 1646 1996 1709 in
2044 1652 2302 1710 nostras
2351 1646 2716 1710 voluntates
2760 1645 3136 1723 dominium,
3170 1646 3224 1709 si

600 1749 889 1812 visorum
938 1752 1352 1817 suasionibus
1402 1754 1548 1834 agit,
1598 1760 1670 1818 ut
1719 1754 2075 1829 credamus,
2138 1771 2334 1835 quam
2396 1752 2451 1816 si
2498 1770 2834 1818 recurrere
2897 1752 3091 1818 debet
3141 1751 3222 1815 ad

597 1857 1143 1937 omnipotentiam
1175 1877 1379 1936 suam,
1419 1860 1501 1923 ad
1533 1861 1807 1941 gratiam
1841 1878 1922 1925 ex
1953 1878 2023 1924 se
2056 1858 2382 1924 efficacem
2414 1866 2480 1923 et
2510 1859 3223 1941 praedeterminantem,

602 1970 672 2028 ut
702 1970 879 2028 certo
914 1973 1299 2047 assequatur
1331 1967 1410 2043 id,
1449 1968 1625 2050 quod
1658 1968 1832 2051 apud
1863 1986 1933 2033 se
1967 1968 2276 2033 statuerit.
2320 1967 2446 2033 Sed
2472 1968 2609 2050 jam
2642 1967 2982 2030 audiamus
3014 1967 3223 2047 ipsum

598 2090 647 2133 s.
683 2070 1036 2136 doctorem.

783 2221 1104 2289 ,Visorum
1156 2224 1552 2293 suasionibuS,
1603 2223 1805 2299 inquit
1854 2224 1925 2282 de
1957 2224 2090 2298 spir.
2128 2227 2190 2282 et
2220 2223 2309 2286 lit.
2343 2243 2391 2284 c.
2428 2232 2508 2286 34
2541 2243 2598 2282 n.
2635 2233 2736 2293 60,
2784 2223 2912 2299 agit
2944 2223 3120 2293 Deus,
3154 2230 3226 2281 ut

598 2309 852 2368 velimus
885 2317 946 2368 et
975 2321 1047 2370 ut
1077 2312 1384 2371 credamus
1418 2314 1542 2372 sive
1573 2314 1943 2371 extrinsecus
1978 2331 2083 2389 per
2115 2313 2485 2389 evangelicas
2517 2312 2957 2371 exhortationes
2978 2356 2992 2370 .
3015 2356 3029 2370 .
3052 2354 3066 2369 .
3100 2312 3223 2370 sive

599 2399 983 2470 intrinsecus,
1019 2401 1125 2459 ubi
1158 2420 1331 2461 nemo
1365 2403 1542 2460 habet
1571 2403 1635 2460 in
1668 2405 1981 2476 potestate,
2016 2402 2162 2477 quid
2194 2402 2249 2461 ei
2283 2402 2483 2461 veniat
2514 2402 2576 2459 in
2609 2406 2897 2469 mentem;
2947 2399 3051 2459 sed
3084 2418 3221 2459 con-

601 2489 824 2548 sentire
856 2490 952 2548 vel
983 2490 1303 2549 dissentire
1350 2491 1621 2566 propriae
1667 2491 1998 2549 voluntatis
2029 2495 2134 2550 est.
2197 2492 2307 2551 His
2357 2509 2497 2567 ergo
2547 2490 2739 2548 modis
2791 2490 3028 2565 quando
3062 2491 3222 2548 Deus

597 2578 727 2654 agit
759 2596 896 2638 cum
926 2580 1124 2638 anima
1154 2580 1448 2649 rationali,
1500 2583 1571 2637 ut
1619 2580 1673 2638 ei
1719 2580 1920 2638 credat
1967 2577 2189 2659 (neque
2220 2581 2379 2639 enim
2410 2579 2648 2639 credere
2679 2581 2882 2654 potest
2910 2578 3226 2653 quodlibet

603 2667 792 2727 libero
825 2668 1092 2740 arbitri0,
1128 2669 1179 2727 si
1212 2670 1379 2728 nulla
1410 2669 1492 2727 sit
1524 2668 1721 2727 suasio
1754 2668 1850 2727 vel
1881 2669 2129 2742 vocatio,
2178 2671 2275 2729 cui
2306 2663 2552 2751 credat),
2605 2669 2865 2744 profecto
2915 2671 2977 2727 et
3023 2667 3222 2744 ipsum

602 2758 754 2815 velle
786 2758 1021 2817 credere
1057 2760 1212 2817 Deus
1245 2763 1526 2833 operatur
1555 2758 1619 2816 in
1652 2759 1907 2828 homine,
1941 2764 2003 2816 et
2034 2759 2098 2816 in
2130 2760 2408 2819 omnibus
2440 2758 2843 2817 misericordia
2892 2758 3021 2833 ejus
3052 2777 3221 2832 prae·

599 2847 767 2905 venit
798 2866 939 2916 nos;
992 2847 1328 2906 consentire
1361 2850 1559 2905 autem
1592 2846 1885 2905 vocationi
1918 2848 2025 2905 Dei
2057 2849 2154 2906 vel
2185 2850 2258 2907 ab
2291 2868 2360 2907 ea
2390 2849 2724 2919 dissentire,
2777 2850 2846 2905 ut
2896 2846 3035 2918 dixi,
3087 2865 3223 2922 pro-

600 2935 765 3010 priae
798 2936 1125 2994 voluntatis
1158 2941 1309 3000 est.‘
1343 2936 1421 2994 Et
1449 2935 1513 2993 in
1546 2937 1586 2994 l.
1621 2945 1700 2998 93
1736 2955 1833 3011 qq.
1868 2956 1923 3011 q.
1963 2947 2041 3001 68
2078 2956 2134 2995 n.
2173 2949 2238 2998 5:
2278 2938 2396 3006 ,Et
2425 2936 2714 3013 quoniam
2743 2954 2852 2994 nec
2882 2937 3038 2994 velle
3058 2936 3223 3010 quis·

596 3043 776 3098 quam
812 3027 1013 3098 potest
1043 3024 1163 3082 nisi
1195 3025 1534 3083 admonitus
1566 3029 1628 3083 et
1658 3030 1920 3096 vocatus,
1958 3026 2081 3084 sive
2112 3026 2493 3096 intrinsecuS,
2540 3027 2646 3085 ubi
2677 3025 2884 3083 nullus
2917 3025 3222 3084 hominum

602 3112 783 3185 videt,
816 3114 942 3172 sive
973 3114 1345 3172 extrinsecus
1378 3133 1485 3188 per
1514 3133 1845 3173 sermonem
1876 3118 2186 3174 sonantem
2218 3120 2326 3175 aut
2355 3136 2461 3192 per
2493 3117 2692 3191 aliqua
2724 3115 2895 3191 signa
2924 3113 3221 3173 visibilia:

595 3200 876 3270 efficitur,
925 3205 997 3259 ut
1040 3203 1219 3260 etiam
1266 3203 1467 3277 ipsum
1512 3204 1667 3262 velle
1698 3203 1856 3261 Deus
1892 3207 2172 3279 operetur
2216 3206 2279 3263 in
2330 3206 2522 3263 nobiS.
2583 3205 2676 3262 Ad
2707 3203 2869 3262 illam
2900 3204 3058 3263 enim
3091 3221 3223 3262 coe-

599 3308 753 3356 nam,
804 3309 983 3364 quam
1032 3291 1320 3349 Dominus
1366 3292 1511 3351 dicit
1556 3293 1620 3350 in
1651 3292 1973 3369 Evangelio
2019 3288 2185 3375 (Luc.
2226 3304 2322 3365 14,
2367 3305 2440 3357 16
2478 3289 2584 3375 ss.)
2634 3296 3067 3369 praeparatam,
3114 3309 3224 3351 nec

600 3396 821 3449 omneS,
874 3379 981 3454 qui
1029 3380 1221 3438 vocati
1274 3385 1433 3451 sunt,
1487 3381 1692 3439 venire
1743 3382 2096 3441 voluerunt:
2148 3402 2343 3458 neque
2376 3383 2485 3453 illi,
2538 3382 2643 3457 qui
2674 3385 2987 3453 venerunt,
3020 3382 3225 3440 venire

598 3473 858 3542 possent,
890 3469 1011 3526 nisi
1040 3475 1411 3533 vocarentur.
1472 3471 1682 3545 Itaque
1728 3489 1837 3529 nec
1887 3471 1978 3528 illi
2023 3472 2244 3531 debent
2289 3472 2406 3530 sibi
2437 3473 2721 3542 tribuere,
2768 3473 2873 3546 qui
2907 3475 3222 3541 venerunt,

594 3557 739 3630 quia
769 3557 962 3615 vocati
997 3562 1318 3626 venerunt;
1365 3576 1474 3617 nec
1508 3558 1615 3630 illi,
1662 3559 1768 3635 qui
1800 3561 2143 3631 noluerunt,
2177 3560 2399 3620 debent
2429 3561 2602 3620 alteri
2633 3561 2916 3629 tribuere,
2952 3560 3057 3619 sed
3087 3565 3218 3618 tan·

598 3648 731 3703 tum
763 3646 898 3717 sibi,
935 3647 1217 3720 quoniam
1251 3652 1322 3707 ut
1351 3648 1627 3707 venirent
1656 3649 1868 3720 vocati,
1915 3651 2042 3707 erat
2086 3650 2150 3708 in
2195 3650 2385 3709 libera
2414 3651 2740 3709 voluntate.
2802 3649 3047 3709 Vocatio
3081 3666 3223 3726 ergo

592 3739 734 3791 ante
767 3735 1048 3793 meritum
1083 3736 1409 3795 voluntatis
1428 3742 1727 3813 operatur.
1762 3739 2083 3813 Propterea
2114 3740 2175 3796 et
2206 3740 2256 3797 si
2290 3739 2608 3815 quisquam
2641 3739 2759 3797 sibi
2793 3738 3025 3809 tribuit,
3063 3738 3226 3813 quod

598 3823 765 3881 venit
800 3828 1062 3897 vocatus,
1098 3844 1220 3884 non
1251 3827 1363 3884 sibi
1395 3829 1592 3901 potest
1640 3827 1922 3898 tribuere,
1975 3828 2133 3902 quod
2182 3832 2430 3887 vocatus
2462 3830 2553 3886 est
2582 3831 2733 3890 etc.‘
2798 3829 2950 3904 Lege
2983 3827 3225 3887 Confes-

596 3912 833 3970 sionum
868 3913 935 3984 V,
975 3925 1005 3976 7
1045 3933 1110 3985 8.,
1145 3915 1251 3973 ubi
1282 3916 1563 3992 graphice
1594 3917 1896 3984 describit,
1931 3917 2225 3991 quomodo
2256 3919 2416 3976 Deus
2465 3917 2633 3975 miris
2679 3917 2871 3976 modis
2917 3936 3054 3975 cum
3099 3917 3228 3992 ipso

595 4001 808 4076 egerit,
842 4005 914 4060 ut
942 4003 1010 4061 in
1042 4004 1137 4061 via
1168 4004 1379 4063 salutis
1413 4005 1740 4080 proficeret.
1803 4006 2007 4081 quue
2040 4006 2229 4083 magis
2277 4006 2394 4065 dici
2439 4010 2638 4082 potest
2668 4008 2829 4065 Deus
2877 4007 3108 4082 operari
3161 4006 3224 4063 in

596 4090 770 4148 nobis
804 4091 1005 4165 ipsum
1036 4092 1207 4163 velle,
1241 4111 1378 4151 cum
1408 4113 1529 4153 non
1563 4094 1758 4152 solum
1806 4094 2098 4169 objective
2148 4097 2398 4165 moveat,
2449 4098 2521 4154 ut
2570 4096 2743 4155 homo
2794 4095 3069 4170 quilibet,
3121 4095 3226 4153 sed

601 4177 732 4253 ipsa
763 4180 955 4253 prima
985 4181 1321 4240 voluntatis
1355 4182 1531 4241 initia
1564 4182 1793 4241 inserat
1823 4186 1886 4241 et
1916 4183 1978 4240 in
2000 4184 2174 4241 nobis
2196 4189 2492 4260 operetur,
2527 4185 2652 4245 scil.
2671 4187 2841 4243 actus
2863 4184 3223 4243 indelibera-

594 4271 693 4324 tos
727 4267 959 4336 amoriS,
995 4268 1291 4340 desiderii,
1329 4272 1433 4345 qui
1466 4275 1668 4329 actum
1700 4270 2094 4330 deliberatum
2128 4275 2517 4347 praevertunt
2547 4274 2722 4349 eique
2741 4273 2899 4332 viam
2924 4274 3224 4332 sternunt.

775 4411 843 4475 2.
885 4406 1062 4472 Facit
1087 4405 1276 4483 DeuS,
1309 4413 1382 4473 ut
1412 4406 1740 4483 faciamuS,
1774 4424 1864 4471 co
1882 4406 1967 4471 nf
1977 4426 2166 4473 eren
2190 4407 2503 4498 dkoireS,
2524 4410 3073 4476 subministrando
3094 4414 3222 4476 vir-

596 4518 817 4578 tutem.
852 4512 995 4593 Qua
1013 4514 1609 4579 subministratione
1629 4515 1878 4579 virtutis
1898 4514 2223 4596 perficitur
2243 4515 2420 4597 prior
2434 4518 2683 4595 moduS,
2703 4517 2977 4601 ideoque
2995 4518 3222 4599 ingens

596 4619 847 4684 exsistit
880 4620 1220 4684 discrimen
1252 4621 1417 4684 inter
1447 4620 1669 4696 Deum,
1703 4621 1814 4702 qui
1845 4620 1996 4686 facit
2026 4628 2097 4686 ut
2116 4620 2447 4699 faciamuS,
2470 4629 2534 4689 et
2554 4624 2882 4690 hominem
2902 4626 3004 4692 vel
3024 4626 3222 4691 etiam

595 4726 914 4807 angelum,
948 4728 1055 4809 qui
1095 4726 1447 4803 suadend0,
1481 4726 1818 4791 alliciendo
1853 4734 1971 4792 etc.
2017 4726 2185 4805 facit,
2217 4735 2288 4792 ut
2318 4728 2484 4793 alius
2517 4729 2758 4813 aliquid
2791 4730 2999 4796 faciat.
3047 4731 3221 4798 Deus
