3538 5364
1175 332 1454 402 probatur
1480 335 1826 401 argumento
1850 330 2340 401 praescriptionis,
2939 338 3065 401 293·

449 523 555 579 aut
597 518 937 597 imaginem,
985 536 1177 593 neque
1221 518 1401 575 etiam
1439 516 1765 575 secundum
1799 516 2113 592 quandam,
2160 518 2251 575 uti
2297 516 2514 576 ceteris
2559 518 2621 575 in
2669 517 3067 585 sacramentis,

448 608 674 686 gratiae
705 608 1128 678 excellentiam,
1161 625 1353 682 neque
1384 605 1710 665 secundum
1741 605 2091 681 simplicem,
2138 622 2315 681 quam
2349 610 2411 664 et
2444 605 2506 664 in
2538 606 2835 682 baptismo
2868 611 3069 682 patres

449 697 724 757 nonnulli
757 714 1305 767 commemoravere,
1340 695 1766 771 praesentiam3
1813 713 2007 769 neque
2039 713 2218 770 penes
2252 695 2751 770 conjunctionem,
2784 714 2905 772 qua
2935 715 3071 772 pro-

449 787 644 862 posito
676 785 1063 845 eucharistiae
1083 785 1222 861 pani
1245 783 1422 843 Verbi
1455 784 1736 843 divinitas
1759 783 2243 843 substantialiter
2274 785 2539 855 uniatur,
2574 784 3071 859 quemadmodum

449 876 657 935 inscite
681 877 856 951 juxta
899 892 965 933 ac
1010 875 1225 933 misere
1266 873 1566 933 lutherani
1599 872 1998 932 arbitrantur:
2049 873 2149 932 sed
2194 891 2331 932 vere
2364 872 2738 950 realiterque,
2772 876 3068 950 quatenus

449 966 618 1040 panis
637 967 696 1023 et
715 964 842 1023 vini
862 963 1015 1023 facta
1033 962 1492 1033 consecratione,
1519 965 1974 1032 transmutetur,
2008 962 2632 1031 transsubstantietur,
2667 966 3069 1032 convertatur,

449 1060 710 1113 transeat
743 1053 914 1129 panis
945 1052 1188 1129 quidem
1220 1052 1285 1110 in
1316 1052 1513 1126 ipsum
1539 1044 1757 1127 'corpus
1791 1051 2030 1110 Domini
2059 1070 2285 1122 verum,
2332 1051 2492 1127 quod
2524 1054 2735 1111 natum
2767 1056 2860 1112 est
2892 1052 3072 1111 Beth·

450 1143 641 1202 lehem
687 1161 756 1201 ex
802 1159 1034 1218 semper
1080 1141 1339 1218 Virgine,
1386 1140 1753 1217 baptizatum
1801 1140 1862 1198 in
1907 1139 2185 1212 Jordane,
2233 1158 2492 1216 passum,
2542 1141 2865 1217 sepultum,
2913 1141 3071 1217 quod

449 1232 787 1301 resurrexit,
835 1230 1116 1300 ascendit,
1164 1229 1328 1289 sedet
1368 1249 1402 1288 a
1432 1229 1659 1288 dextris
1692 1230 1800 1288 Dei
1832 1230 2045 1301 Patria,
2094 1229 2157 1288 in
2203 1230 2350 1289 coeli
2381 1230 2639 1306 denique
2672 1230 2937 1290 nubibus
2969 1231 3072 1287 ad-

451 1324 803 1387 venturum;
850 1320 1056 1379 vinum
1087 1337 1225 1378 vero
1257 1319 1319 1377 in
1358 1319 1554 1394 ipsum
1589 1318 1825 1377 DomIni
1856 1319 2207 1396 sanguinem
2240 1338 2446 1378 verum
2480 1319 2745 1378 converti
2780 1336 2845 1378 ac
2876 1322 3071 1377 trans-

454 1409 860 1481 substantiari,
905 1409 1009 1484 qui
1053 1428 1120 1467 ex
1155 1408 1260 1466 illo
1295 1408 1358 1465 in
1390 1425 1561 1466 cruce
1594 1407 1891 1484 pendente
1922 1426 2027 1483 pro
2061 1407 2268 1467 mundi
2301 1407 2427 1466 vita
2457 1408 2764 1471 defluxit}
2831 1407 3069 1467 Accedit

454 1505 515 1557 et
543 1516 865 1558 consensus
898 1497 1263 1572 reliquarum
1297 1500 1593 1555 sectarum
1624 1497 1894 1566 orientis,
1929 1516 2079 1573 quae
2113 1515 2314 1555 omues
2348 1515 2482 1556 cum
2502 1497 2765 1556 Ecclesia
2789 1496 3074 1557 catholica

452 1588 604 1647 circa
648 1588 755 1647 hoc
799 1587 1140 1663 conspirant
1172 1585 1402 1663 dogma,
1453 1587 1625 1662 cujus
1672 1592 1796 1644 tam
1843 1586 1978 1644 miri
2024 1604 2345 1645 consensus
2396 1586 2512 1644 alia
2555 1606 2587 1644 a
2638 1586 3073 1662 praedicatione

452 1677 773 1753 apostolica
802 1675 1098 1753 assignari
1132 1676 1345 1751 nequit-
1374 1675 1558 1752 orig0.

628 1803 695 1866 4.
730 1797 986 1861 Veritas
1019 1796 1337 1877 dogmatis
1370 1796 1672 1859 catholici
1705 1795 2021 1875 colligitur
2052 1815 2129 1859 ex
2151 1815 2249 1872 ec,
2271 1797 2440 1878 quod
2464 1796 2778 1876 assignari
2798 1802 3076 1877 nequeat

454 1905 649 1985 ipsius
694 1905 873 1984 origo
919 1904 1237 1969 recentior
1279 1904 1419 1983 ipsa
1451 1903 1775 1982 Evangelii
1821 1903 2351 1984 promulgatione.
2417 1903 2580 1967 Nam
2613 1903 2666 1965 si
2698 1901 2932 1983 dogma
2964 1917 3074 1965 ca-

456 2009 759 2076 tholicum
792 2029 924 2075 non
955 2017 1128 2076 esset
1159 2008 1536 2085 revelatum,
1583 2010 1699 2074 sed
1747 2010 2082 2073 innovatio
2129 2009 2415 2074 humana
2461 2017 2526 2074 et
2572 2009 2899 2090 corruptio
2930 2008 3073 2073 fidei

457 2118 867 2199 apostolicae,
901 2118 1215 2198 assignari
1234 2126 1453 2200 posset
1473 2116 1613 2199 ejus
1649 2119 1852 2197 orig0,
1887 2124 2130 2193 auctor,
2160 2117 2340 2180 locus
2360 2123 2477 2182 etc.
2501 2115 2667 2180 sicut
2682 2115 2894 2180 omnis
2913 2113 3074 2179 alius

457 2224 916 2299 innovationis;
950 2243 1154 2307 eoque
1186 2224 1409 2304 magis,
1443 2223 1616 2307 quod
1648 2224 2078 2287 eucharistiae
2110 2222 2543 2287 celebratione
2563 2224 2925 2288 continetur
2939 2222 3075 2286 cul-

458 2337 558 2394 tus
591 2331 927 2397 Ecclesiae.
989 2332 1182 2413 Atqui
1215 2332 1647 2396 innovationis
1697 2330 1885 2412 hujus
1917 2330 2236 2394 recentior
2267 2330 2446 2410 origo
2479 2347 2811 2411 nunquam
2843 2329 2927 2393 ab
2960 2330 3077 2393 ad-

459 2438 753 2502 versariis
785 2439 1100 2517 assignari
1131 2437 1356 2518 potuit.
1421 2437 1583 2517 Ergo
1637 2437 1876 2518 dogma
1919 2436 2308 2501 catholicum
2360 2434 2753 2516 apostolicae
2800 2442 2899 2500 est
2948 2436 3076 2500 ori-

461 2545 650 2624 ginis:
682 2544 824 2624 Qua
855 2545 935 2609 de
966 2564 1035 2609 re
1066 2545 1271 2626 repeti
1302 2552 1574 2626 possunt
1605 2561 1774 2627 quae
1810 2544 2084 2607 diximus
2119 2563 2176 2606 n.
2212 2547 2358 2612 298.
2423 2541 2709 2624 Denique

635 2654 701 2720 ὅ.
734 2652 1223 2717 sacramentarii
1236 2660 1462 2717 carent
1473 2651 1778 2717 missione
1796 2651 1863 2738 (t.
1881 2650 1903 2714 1
1924 2669 1982 2715 n.
2000 2655 2127 2720 317
2142 2652 2222 2738 ²):
2255 2649 2554 2715 audiendi
2580 2667 2733 2730 ergo
2761 2666 2893 2713 non
2909 2656 3076 2712 sunt.

634 2782 825 2852 Quare
857 2783 1161 2843 absolvere
1195 2801 1512 2858 possumus
1547 2781 1760 2853 verbis,
1811 2782 2032 2857 quibus
2080 2782 2565 2841 Lanfrancus
2608 2776 2669 2858 (†
2708 2777 2900 2856 1089)
2934 2778 3076 2836 allo·

458 2872 669 2948 quitur
700 2873 1124 2949 Berengarium
1171 2873 1206 2934 l.
1253 2871 1327 2931 de
1372 2890 1612 2948 corpore
1657 2876 1720 2930 et
1752 2872 2044 2948 sanguine
2074 2870 2363 2929 Dominio.
2401 2879 2512 2932 22:
2563 2869 2666 2938 ,Si
2712 2886 2921 2927 verum
2964 2861 3079 2934 est,

458 2960 614 3037 quod
658 2965 729 3020 tu
774 2960 846 3020 de
890 2979 1135 3037 corpore
1168 2961 1388 3020 Christi
1419 2961 1610 3020 credis
1643 2963 1704 3019 et
1734 2959 2030 3019 adstruis:
2078 2958 2296 3019 falsum
2341 2964 2448 3028 est,
2496 2957 2656 3033 quod
2702 2957 2776 3017 ab
2822 2956 3081 3016 Ecclesia

459 3050 679 3126 ubique
699 3050 972 3126 gentium
1003 3050 1075 3109 de
1105 3049 1308 3108 eadem
1340 3067 1402 3108 re
1433 3049 1696 3108 creditur
1725 3055 1787 3108 et
1818 3049 2174 3107 adstruitur.
2222 3048 2437 3108 Omnes
2458 3048 2637 3120 enim,
2670 3046 2775 3123 qui
2807 3045 3079 3105 christia-

459 3158 567 3199 nos
600 3157 663 3197 se
694 3142 756 3197 et
788 3157 916 3197 esse
949 3143 1009 3198 et
1039 3139 1158 3198 dici
1205 3139 1521 3207 laetantur,
1569 3157 1767 3196 veram
1802 3137 2019 3197 Christi
2050 3156 2285 3196 carnem
2319 3155 2647 3212 verumque
2680 3136 2808 3211 ejus
2840 3135 3081 3211 sangui-

460 3248 612 3297 nem,
647 3230 901 3304 utraque
933 3231 1172 3304 sumpta
1203 3227 1276 3286 de
1311 3227 1571 3302 Virgine,
1619 3226 1681 3284 in
1730 3226 1839 3285 huc
1888 3230 2251 3285 sacramento
2298 3245 2360 3286 se
2392 3227 2696 3303 percipere
2727 3223 3080 3301 gloriantur.

461 3318 767 3394 Interroga
796 3317 1127 3382 universos,
1177 3316 1282 3391 qui
1329 3316 1547 3374 latinae
1579 3314 1823 3392 linguae
1857 3319 2267 3374 nostrarumve
2299 3316 2608 3374 literarum
2640 3312 2916 3372 notitiam
2946 3331 3081 3389 per-

461 3410 767 3481 ceperunt.
845 3406 1152 3481 Interroga
1206 3423 1464 3482 graec08‚
1517 3422 1805 3474 armen03,
1857 3422 1963 3463 seu
2012 3404 2339 3480 cujuslibet
2388 3404 2647 3463 nationis
2695 3420 3081 3478 quoscunque

465 3495 816 3556 christianos
849 3495 1148 3564 homines;
1195 3513 1317 3554 uno
1362 3513 1461 3553 ore
1507 3493 1655 3552 hanc
1686 3492 1863 3552 fidem
1896 3511 1959 3551 se
1990 3497 2293 3553 testantur
2323 3493 2555 3552 habere.
2620 3493 2801 3551 Porro
2847 3491 2899 3549 si
2945 3491 3083 3548 uni-

463 3584 710 3643 versalis
741 3584 1032 3643 Ecclesiae
1063 3583 1208 3643 fides
1240 3583 1390 3641 falsa
1419 3582 1675 3652 exsistit,
1709 3588 1817 3641 aut
1847 3601 2155 3657 nunquam
2188 3582 2307 3642 fuit
2339 3582 2623 3642 catholica
2654 3581 2930 3649 Ecclesia,
2978 3584 3084 3637 aut

465 3674 658 3749 periit.
721 3674 888 3731 Nihil
919 3692 1174 3748 namque
1195 3672 1490 3731 efficacius
1520 3671 1594 3731 ad
1628 3671 1944 3730 interitum
1964 3671 2297 3730 animarum
2317 3691 2494 3748 quam
2516 3669 2883 3746 perniciosus
2904 3687 3083 3727 error.

464 3762 574 3822 Sed
606 3781 726 3821 non
758 3762 943 3821 fuisse
976 3766 1084 3821 aut
1115 3762 1361 3838 periisse
1393 3761 1710 3820 Ecclesiam
1741 3761 2070 3819 catholicus
2102 3779 2273 3819 nemo
2314 3758 2738 3820 consenserit.‘
2803 3758 2926 3816 Nec
2970 3757 3081 3813 mi-

465 3869 580 3910 nus
611 3851 907 3928 praeclara
935 3855 1079 3910 sunt
1109 3869 1260 3927 quae
1292 3849 1473 3909 habet
1505 3850 1550 3908 G
1568 3850 1932 3909 uitmund
1950 3868 2035 3908 us
2067 3849 2172 3920 111,
2210 3859 2310 3912 26.
2342 3849 2434 3908 Ad
2464 3868 2590 3907 rem
2611 3865 2851 3923 quoque
2868 3847 3083 3904 fratres

467 3940 620 3999 Wal
637 3959 743 3999 em
759 3941 799 3999 b
815 3940 1078 4017 urgici
1111 3941 1172 3999 in
1207 3939 1483 3998 methodo
1507 3943 1745 4016 august.
1768 3958 1823 4015 p.
1849 3949 1882 4001 2
1906 3957 1956 4002 c.
1984 3950 2007 4001 1
2051 3939 2568 3998 animadvertunt:
2607 3936 2857 4004 ,Audax
2878 3934 3084 4011 procul

464 4029 646 4089 dubio
677 4030 908 4089 facinus
939 4032 1001 4088 et
1044 4028 1410 4105 imprudenti
1443 4030 1687 4104 plenum
1719 4028 2087 4100 temeritate3
2136 4028 2402 4087 homines
2434 4026 2699 4102 reperiri,
2747 4023 2854 4100 qui
2885 4023 3084 4083 Eccle-

465 4119 610 4177 siam
642 4119 861 4178 Christi
901 4118 1221 4178 adstruant
1264 4118 1390 4177 sine
1434 4118 1701 4184 unitate;
1754 4117 2068 4177 veritatem
2114 4118 2243 4177 sine
2289 4116 2710 4178 miraculorum
2743 4112 3080 4182 sanctitate,

463 4207 771 4285 Evangelii
823 4207 1320 4284 praedicationem
1370 4206 1500 4265 sine
1551 4206 1911 4278 extensione,
1972 4207 2317 4265 missionem
2376 4205 2501 4264 sine
2553 4202 2954 4263 successione:
3018 4219 3083 4259 ac

464 4296 711 4372 proinde
742 4296 1062 4372 repellendi
1095 4299 1296 4356 essent
1341 4296 1559 4371 potina,
1607 4315 1787 4371 quam
1833 4295 2135 4369 audiendi,
2184 4295 2303 4354 nisi
2350 4293 2809 4370 promissionum
2854 4291 3085 4368 magni-

465 4385 675 4444 tudine
703 4387 976 4445 incautos
997 4385 1303 4444 allicerent
1333 4386 1394 4443 et
1424 4384 1737 4443 instabiles
1756 4388 2227 4460 perverterent.‘
2280 4385 2651 4461 Argumenta
2679 4381 2821 4440 haec
2852 4380 3086 4458 egregie

464 4475 691 4534 evolvit
723 4474 954 4534 Schef
961 4475 991 4533 f
999 4474 1301 4533 macher
1330 4474 1561 4532 Lettres
1594 4473 1649 4532 d’
1668 4492 1751 4532 un
1784 4473 2030 4533 docteur
2059 4474 2353 4532 allemand
2386 4481 2419 4531 a
2450 4492 2534 4532 un
2564 4471 2991 4550 gentilhomme
3024 4473 3086 4526 et

468 4571 500 4620 a
533 4584 616 4622 un
650 4565 964 4641 magistrat
994 4565 1357 4640 protestants
1389 4582 1479 4639 ep.
1516 4571 1572 4624 8.

645 4687 790 4752 333.
822 4683 997 4748 Haec
1031 4683 1286 4747 abunde
1332 4680 1700 4747 sufficerent
1743 4682 1827 4745 ad
1860 4701 2118 4746 omnem
2166 4682 2509 4748 finiendam
2559 4678 3085 4744 controversiam.

470 4789 552 4853 ad
584 4790 1017 4856 excludendos
1050 4790 1458 4856 adversarios
1492 4808 1533 4854 a
1564 4791 1789 4872 quavis
1837 4791 2092 4855 actione
2124 4799 2351 4856 contra
2385 4791 2616 4870 dogma
2650 4795 2958 4860 nostrum,
3006 4787 3087 4850 ad
