3538 5364
595 297 726 360 544
1355 285 1538 339 Tract.
1569 285 1660 337 lx.
1688 285 1757 337 de
1787 284 2005 339 oedine.
2037 283 2117 338 De
2144 280 2453 339 coelibatu.

593 475 894 544 debemuS,
927 473 1056 531 siue
1087 471 1374 531 uxoribus
1407 489 1504 530 eos
1537 470 1741 540 fuisse,
1775 471 1847 529 de
1879 470 2100 547 quibus
2119 471 2270 530 nihil
2288 471 2409 528 tale
2429 470 2734 545 Scriptura
2752 469 3099 546 significet!
3125 502 3212 511 —

594 566 803 639 Inepte
833 581 973 621 vero
1006 560 1282 620 nonnulli
1306 564 1629 636 provocant
1659 561 1733 618 ad
1760 571 1814 624 1.
1835 561 1960 623 Cor.
1984 571 2041 633 9,
2079 570 2111 623 5
2136 584 2148 620 :
2187 560 2489 636 Numquid
2518 577 2632 617 non
2661 558 2934 617 habemus
2956 564 3212 631 potesta·

594 662 705 712 tem
734 653 1029 711 mulierem
1059 668 1316 709 sororem
1347 645 1646 733 (ἀδελφὴν
1677 649 1954 728 γυναῖκα)
1987 649 2478 722 circumducendi,
2517 650 2664 706 sicut
2694 654 2745 705 et
2774 650 2943 705 ceteri
2972 647 3218 720 apostoli

594 750 643 799 et
670 743 893 814 fratres
914 741 1151 798 Domini
1182 746 1232 797 et
1255 738 1523 814 cephas?
1568 739 1721 797 Nam
1751 756 1873 796 non
1904 738 1976 796 de
2008 738 2421 814 apostolorum
2441 736 2732 796 uxoribus
2763 736 2849 795 ibi
2881 739 2975 794 est
3006 753 3214 805 sermo,

594 831 711 900 sed,
746 833 817 888 ut
844 830 962 888 rite
993 831 1162 887 notat
1194 829 1227 885 l.
1262 849 1306 886 c.
1341 847 1386 890 s,
1419 828 1712 886 Hieron
1724 845 1974 904 ymuS,
2024 828 2140 896 ,de
2186 826 2406 886 sanctis
2448 825 2817 895 mulieribuS,
2867 844 3018 899 quae
3041 825 3220 899 juxta

592 938 815 978 morem
847 918 1200 993 iudaeorum
1218 917 1519 994 magistris
1552 916 1624 975 de
1655 936 1761 975 sua
1794 916 2131 975 substantia
2147 914 2591 985 ministrabant,
2626 914 2784 973 sicut
2813 914 3068 991 legimus
3100 912 3215 989 ipsi

593 1026 830 1084 quoque
862 1008 1111 1066 Domino
1143 1006 1543 1066 factitatum.‘
1577 1005 1658 1064 Cf.
1689 1005 2253 1065 Theodoretum
2273 1051 2287 1077 ,
2321 1005 3009 1073 Ambrosiastrum,
3044 1001 3220 1060 Pri-

593 1097 907 1156 masium
942 1099 1004 1154 et
1033 1095 1548 1153 Lanfrancum
1581 1094 1644 1152 in
1676 1095 1732 1157 h.
1765 1095 1824 1164 1.‚
1872 1095 2458 1154 Tertullianum
2490 1093 2562 1152 de
2594 1111 2828 1170 monog.
2861 1111 2908 1150 c.
2945 1100 3015 1160 8:
3062 1092 3217 1149 Au·

593 1187 996 1264 gustinum
1030 1185 1101 1242 de
1132 1203 1306 1260 opere
1337 1183 1701 1242 monacb.cc.
1725 1191 1782 1243 4.
1810 1193 1876 1252 53
1911 1183 2069 1242 Isid
2090 1202 2303 1242 orum
2336 1184 2701 1242 Pelusiotam
2733 1182 2907 1258 epist.
2926 1181 3032 1249 111,
3077 1191 3219 1242 176.

593 1275 844 1333 Etiamsi
876 1277 1076 1332 autem
1108 1273 1204 1331 hic
1234 1273 1402 1331 locus
1433 1271 1817 1348 intelligatur
1864 1271 1936 1330 de
1982 1274 2385 1349 apostolorum
2418 1273 2831 1342 uxoribuS,
2882 1287 3033 1345 quas
3079 1273 3219 1327 ante

595 1382 762 1422 suam
794 1364 869 1422 ad
901 1362 1293 1438 apostolatum
1326 1361 1690 1420 vocationem
1723 1360 2033 1434 duxerant,
2065 1365 2361 1421 assertum
2395 1365 2666 1421 nostrum
2699 1361 3033 1420 confirmat:
3084 1376 3218 1416 cum

593 1453 750 1511 enim
783 1452 1006 1510 Paulus
1038 1451 1173 1509 illas
1208 1449 1390 1508 simul
1421 1453 1591 1508 vocet
1620 1468 1865 1527 sorores,
1914 1469 1983 1509 eo
2028 1451 2156 1528 ipso
2202 1450 2514 1527 significat,
2562 1451 2863 1527 apostolos
2906 1466 3045 1507 suas
3078 1465 3217 1506 con-

585 1543 763 1619 juges
796 1560 912 1600 non
946 1560 1065 1616 qua
1094 1558 1322 1614 uxorati,
1370 1539 1474 1597 sed
1519 1557 1638 1614 qua
1683 1557 1915 1598 sorores
1948 1540 2245 1609 habuisse,
2294 1541 2433 1598 hinc
2471 1558 2735 1600 servasse
2768 1537 3219 1600 continentiam.

598 1631 775 1698 ,Non
806 1634 879 1688 ut
909 1647 1138 1698 uxoreS‚
1173 1629 1376 1704 inquit
1406 1628 1751 1687 Clemens
1786 1627 1930 1687 alex.
1964 1631 2175 1693 Strom,
2212 1629 2312 1700 111,
2364 1640 2422 1699 6,
2470 1630 2575 1689 sed
2604 1633 2676 1688 ut
2707 1648 2929 1689 sorores
2963 1627 3218 1686 circum-

594 1718 890 1777 ducebant
920 1718 1218 1788 mulieres‚
1251 1736 1406 1793 quae
1437 1736 1558 1775 una
1588 1717 2038 1776 ministraturae
2071 1722 2274 1777 essent
2303 1720 2464 1794 apud
2493 1719 2795 1790 mulieres,
2824 1736 2977 1794 quae
3011 1716 3220 1774 domos

594 1807 1036 1867 custodiebant:
1070 1826 1176 1883 per
1207 1825 1354 1881 quas
1387 1806 1567 1864 etiam
1601 1807 1661 1864 in
1693 1825 2057 1883 gynaeceum
2091 1807 2314 1882 absque
2345 1809 2471 1867 ulla
2502 1808 2957 1885 reprehensione
2990 1804 3220 1864 malave

595 1897 927 1972 suspicione
957 1895 1191 1973 ingredi
1220 1899 1423 1971 posset
1453 1895 1721 1954 doctrina
1751 1894 2048 1955 Domini.‘

772 2022 1046 2098 Ineptius
1078 2021 1258 2080 etiam
1290 2024 1612 2096 provocant
1631 2020 1908 2078 nonnulli
1939 2020 2012 2078 ad
2045 2021 2198 2079 illud
2221 2022 2391 2082 Pauli
2411 2024 2629 2100 Philip.
2655 2035 2712 2092 4,
2740 2033 2809 2086 3:
2845 2024 3046 2082 Etiam
3078 2041 3224 2098 royo

595 2120 645 2169 et
692 2119 763 2185 te,
804 2130 1074 2188 yermane
1119 2129 1373 2186 compar,
1420 2113 1621 2194 γνήσιε
1654 2104 1865 2188 otico-{e
1897 2113 2008 2167 etc.
2077 2110 2229 2168 Nam
2261 2114 2375 2172 etsi
2409 2110 2661 2193 σύζυγος
2696 2115 3011 2190 conjugem
3044 2130 3222 2188 saepe

595 2200 907 2277 significat,
941 2199 1036 2257 hic
1056 2218 1174 2258 non
1193 2198 1524 2275 significare
1544 2217 1807 2268 uxorem,
1842 2198 1943 2257 sed
1976 2199 2378 2277 collegam,
2409 2204 2626 2279 probat
2656 2219 2722 2266 a.
2756 2206 2817 2262 et
2847 2220 3040 2279 genus
3058 2220 3220 2260 mas-

595 2289 861 2348 culinum
893 2288 1151 2364 appositi
1183 2293 1402 2370 γνήσιε,
1449 2290 1509 2345 et
1540 2284 1610 2352 b.
1641 2287 1773 2361 ipsa
1802 2288 1891 2346 vis
1922 2288 2198 2363 appositi,
2247 2294 2408 2367 quod
2441 2293 2513 2353 de
2545 2311 2724 2352 uxore
2757 2293 2985 2352 dictum
3016 2290 3224 2367 legiti-

594 2398 750 2437 mam
783 2377 1080 2456 significat
1110 2376 1470 2435 concubinae
1503 2375 1863 2453 oppositam:
1904 2395 2087 2451 quare
2118 2378 2560 2457 adsignificaret
2590 2382 2845 2441 Paulum
2875 2381 3084 2458 plures
3115 2380 3222 2437 ha-

594 2467 798 2526 buisse
830 2485 1072 2537 uxores:
1120 2466 1361 2524 obstant
1404 2479 1470 2529 (3.
1517 2483 1669 2540 quae
1701 2465 1923 2524 Paulus
1955 2468 2077 2523 tam
2110 2467 2452 2530 solemniter
2482 2472 2556 2530 de
2600 2490 2660 2530 se
2704 2474 2961 2530 testatur
3003 2480 3056 2532 l.
3092 2469 3221 2528 Cor.

602 2569 654 2629 7,
694 2568 724 2619 7
747 2577 760 2615 :
810 2555 940 2615 Volo
971 2574 1163 2615 omnes
1193 2573 1287 2614 vos
1317 2573 1434 2613 esse
1463 2557 1612 2612 sicut
1641 2556 1959 2629 meipsum:
1992 2559 2160 2613 totus
2180 2562 2379 2618 autem
2414 2561 2499 2618 ibi
2531 2563 2625 2619 est
2654 2561 2718 2619 in
2750 2558 3115 2618 exhortando
3146 2558 3223 2616 ad

594 2645 1002 2723 virginitatem
1032 2646 1129 2704 vel
1160 2645 1370 2703 saltem
1402 2644 1473 2702 ad
1506 2643 1932 2703 continentiam
1966 2648 2344 2720 servandam:
2377 2654 2680 2727 praeterea
2710 2646 2776 2715 d.
2808 2650 2903 2709 vix
2936 2646 3224 2707 credibile

595 2738 703 2806 est,
746 2735 885 2794 dum
921 2735 1144 2793 Paulus
1178 2734 1394 2792 Romae
1426 2737 1598 2805 esset,
1631 2752 1873 2792 uxorem
1907 2734 2097 2810 ipsius
2131 2735 2428 2815 Philippis
2459 2739 2718 2816 degisse:
2769 2738 3012 2798 dedecet
3041 2738 3221 2795 etiam

596 2841 657 2887 e.
691 2824 861 2883 Pauli
894 2824 1148 2900 apostoli
1167 2824 1522 2900 gravitatem
1542 2840 1740 2881 coram
1759 2822 1923 2881 omni
1944 2823 2191 2885 ecclesia
2207 2828 2343 2886 talis
2366 2829 2571 2888 uxoris
2592 2827 3002 2904 compellatio:
3036 2845 3225 2902 quare

596 2910 652 2976 f.
687 2916 888 2990 patres
919 2914 1069 2971 hanc
1101 2912 1440 2988 opinionem
1473 2912 1800 2970 excludunt
1832 2931 1966 2970 cum
1999 2911 2488 2976 Theodoreto
2519 2918 2583 2976 in
2616 2918 2673 2975 h.
2704 2919 2775 2982 L:
2830 2916 3222 2991 ‚Comparem

595 3005 794 3061 autem
827 3001 1105 3061 nonnulli
1138 3002 1325 3060 stulte
1355 3001 1778 3059 existimarunt
1808 3019 1937 3059 esse
1968 3020 2210 3064 uxorem
2242 3008 2515 3082 apostoli,
2564 3026 2686 3065 non
2724 3005 3103 3065 attendentes
3132 3022 3221 3071 ea,

594 3110 748 3167 quae
781 3090 1003 3165 scripta
1034 3094 1202 3148 erant
1232 3090 1296 3147 in
1328 3084 1424 3173 (1)
1456 3108 1544 3163 ep.
1578 3089 1652 3147 ad
1684 3090 2017 3148 Corinthios
2050 3086 2136 3170 (7,
2174 3091 2298 3172 7).‘
2364 3096 2521 3173 Ergo
2568 3115 2700 3155 cum
2748 3095 3225 3170 Hieronymo

594 3198 684 3253 ep.
720 3190 799 3241 48
834 3198 891 3242 n.
929 3189 999 3241 21
1045 3179 1483 3237 concludimus:
1533 3178 1840 3245 ,Christus
1886 3180 2071 3257 virg0,
2119 3183 2290 3259 virgo
2322 3185 2507 3243 Maria
2536 3185 2853 3259 utriusque
2886 3200 3062 3241 sexus
3096 3182 3221 3239 vir-

595 3268 867 3345 ginitatis
899 3268 1238 3355 dedicavere
1268 3267 1593 3343 principia:
1633 3266 1885 3342 apostoli
1918 3268 2014 3325 vel
2046 3272 2308 3348 virgines
2338 3274 2434 3332 vel
2466 3276 2605 3349 post
2635 3274 2877 3349 nuptias
2908 3271 3221 3331 continen-

594 3361 747 3417 te8.‘
810 3356 891 3416 cf.
924 3375 1013 3432 ep.
1052 3365 1130 3419 22
1165 3376 1220 3416 n.
1261 3366 1373 3427 20:
1420 3356 1972 3415 Tertullianus
2021 3360 2095 3419 ad
2127 3380 2290 3423 uxor.
2322 3362 2367 3432 Ι,
2407 3373 2460 3425 3.
2528 3362 2896 3439 Origines
2928 3362 2989 3420 in
3021 3379 3114 3435 ep.
3145 3359 3223 3417 ad

595 3448 758 3505 Rom.
804 3447 842 3508 l.
895 3457 919 3508 1
974 3465 1020 3505 c.
1075 3457 1097 3508 l
1154 3446 1450 3521 opinionis
1482 3445 1857 3521 quorundam
1889 3444 2030 3508 facit
2061 3451 2441 3520 mentionem,
2495 3452 2599 3526 qui
2645 3449 2913 3520 tradunt,
2966 3449 3221 3508 Paulum

595 3535 970 3595 matrimonio
1001 3537 1139 3594 ante
1172 3553 1340 3593 suam
1373 3534 1819 3594 conversionem
1849 3534 2030 3596 fuisse
2055 3541 2353 3615 junctum,
2404 3540 2505 3599 sed
2553 3559 2662 3616 per
2705 3538 3074 3599 vocationem
3109 3556 3219 3606 ,ex

596 3643 888 3684 consensu
920 3625 994 3682 ab
1025 3644 1208 3683 uxore
1239 3625 1497 3682 liberum
1529 3624 1807 3681 effectum
1839 3637 2026 3689 esse,‹

774 3765 922 3831 578.
973 3764 1039 3831 2.
1087 3761 1156 3825 In
1188 3761 1472 3827 Ecclesia
1517 3762 1902 3827 occidentali
1946 3765 2047 3829 vel
2093 3784 2133 3828 a
2165 3772 2416 3830 remota
2449 3763 2832 3846 antiquitate
2865 3764 3222 3829 coelibatus

597 3869 809 3949 viguit.
901 3867 1026 3931 Vix
1076 3874 1294 3933 autem
1346 3867 1648 3933 credibile
1699 3875 1801 3934 est
1850 3889 1997 3935 eum
2044 3872 2332 3953 coepisse
2383 3890 2424 3935 a
2474 3888 2653 3935 conc.
2707 3870 3221 3935 eliberitano

598 3977 681 4061 (a.
715 3979 846 4044 300
877 3976 978 4041 vel
1009 3976 1185 4061 306),
1219 3975 1392 4057 quod
1426 3976 1650 4039 statuit
1682 3994 1821 4040 can.
1859 3982 1975 4047 33:
2036 3978 2319 4052 ,Placuit
2364 3979 2430 4041 in
2470 3983 2678 4041 toturn
2712 3976 3053 4058 prohibere
3087 3977 3220 4060 epi-

596 4083 828 4163 scopiS‚
877 4081 1267 4164 presbyteris
1314 4087 1378 4146 et
1420 4081 1709 4146 diaconis
1754 4084 1857 4147 vel
1891 4084 2187 4148 omnibus
2220 4085 2468 4149 clericis
2508 4082 2734 4165 positis
2766 4082 2830 4145 in
2864 4082 3220 4147 ministerio

597 4188 922 4253 abstinere
953 4207 1024 4252 se
1056 4206 1096 4251 a
1128 4188 1503 4270 conjugibus
1536 4190 1667 4253 suis
1701 4196 1766 4253 et
1796 4209 1930 4253 non
1960 4210 2268 4272 generare
2300 4191 2493 4257 filios:
2543 4190 2906 4271 quicunque
2938 4207 3096 4253 vero
3131 4187 3217 4251 fe-

599 4296 776 4371 cerit,
809 4295 891 4358 ab
925 4296 1170 4359 honore
1203 4296 1541 4360 clericatus
1576 4298 2086 4361 exterminetur.‘
2160 4298 2296 4362 Hie
2317 4316 2708 4379 ronymus
2743 4296 2913 4359 enim
2947 4301 3221 4360 testatur

599 4421 694 4482 ep.
729 4401 815 4469 48
848 4422 906 4464 n.
940 4408 1057 4477 21,
1109 4422 1242 4466 non
1274 4405 1445 4486 quod
1479 4410 1650 4469 esset
1682 4406 1901 4485 praxis
1933 4423 2104 4469 nova
2144 4405 2492 4486 ‚Episcopi,
2527 4401 2909 4486 presbyteri,
2962 4400 3216 4465 diaconi

600 4515 712 4572 aut
743 4508 1019 4588 virgines
1053 4509 1385 4590 eliguntur,
1420 4517 1532 4575 aut
1561 4511 1751 4587 vidui,
1786 4518 1900 4576 aut
1932 4518 2105 4577 certe
2136 4519 2284 4594 post
2316 4511 2750 4576 sacerdotium
2786 4509 2849 4571 in
2882 4515 3215 4572 aeternum

598 4614 878 4697 pudici;‘
921 4623 984 4680 et
1014 4616 1323 4681 adversus
1342 4619 1751 4684 Jovinianum
1784 4618 1826 4695 Ι,
1847 4624 1933 4688 34
1967 4619 2215 4683 scribit:
2259 4618 2482 4693 „Certe
2514 4614 2841 4681 confiteris
2873 4632 3005 4678 non
3027 4631 3212 4696 posse

600 4742 745 4787 esse
779 4723 1169 4806 episcopum,
1217 4727 1322 4807 qui
1368 4727 1433 4789 in
1466 4728 1843 4808 episcopatu
1882 4727 2043 4792 filios
2090 4726 2298 4790 faciat..
2375 4724 2633 4807 Alioqui
2678 4723 2732 4786 si
2777 4722 3209 4804 deprehensus
