3538 5364
554 261 686 325 280
919 251 1100 305 Tract.
1131 249 1221 303 lx.
1251 250 1318 302 de
1347 247 1648 319 baptismO.
1677 247 1876 302 Thesis
1904 246 2167 303 CCXVII.
2196 246 2478 318 Baptismi
2508 246 2832 301 necessitas.

737 436 799 501 2.
834 429 1165 512 Colligitur
1183 431 1348 494 haec
1366 429 1605 494 veritas
1627 446 1708 493 ex
1742 434 1813 492 tr
1828 446 1867 492 a
1883 428 2092 493 ditio
2109 448 2152 492 n
2171 447 2224 505 e,
2259 427 2641 509 praesertim
2657 446 2739 491 ex
2753 427 3190 511 disputatione

559 561 706 606 cum
737 539 1107 623 pelagianiS,
1141 538 1250 621 qui
1281 556 1428 601 cum
1461 536 1945 612 contenderent,
1976 535 2279 619 parvulos
2315 536 2453 599 sine
2473 534 2795 616 baptismo
2815 554 3008 617 posse
3027 552 3188 600 con-

560 649 740 731 sequi
771 646 1001 714 saltem
1031 645 1232 709 vitam
1265 651 1617 723 aeternam,
1650 644 1938 708 damnati
1974 650 2123 709 sunt
2142 651 2336 726 atque
2368 644 2626 725 saepius
2660 650 2890 709 contra
2924 662 3039 709 eos
3072 646 3189 709 de-

562 757 876 819 claratum
910 753 1040 831 fuit,
1073 754 1375 836 parvulos
1407 753 1545 817 sine
1577 752 1901 834 baptismo
1933 752 2156 834 perire.

733 886 827 944 Ita
876 887 1074 960 patres
1125 901 1283 946 conc.
1335 882 1978 959 carthaginensis
2029 881 2301 940 scribunt
2347 900 2404 942 n.
2454 890 2490 944 6
2542 881 2617 939 acl
2662 879 3080 940 Innocentium
3128 882 3189 939 I:

561 974 958 1050 ,Quicunque
988 976 1169 1050 negat
1199 972 1482 1048 parvulos
1512 990 1618 1047 per
1646 971 2014 1046 baptismum
2047 969 2268 1029 Christi
2300 990 2333 1028 a
2363 969 2699 1045 perditione
2731 970 2975 1029 liberari
3001 974 3066 1029 et
3095 989 3193 1029 sa-

557 1065 745 1122 lutem
776 1063 1079 1139 percipere
1101 1061 1542 1137 sempiternam,
1577 1061 1646 1119 A.
1672 1060 1799 1129 S.;‘
1838 1063 1899 1118 et
1928 1059 2011 1117 In
2029 1059 2449 1118 nocentius
2480 1059 2755 1134 patribus
2788 1076 2946 1123 conc,
2978 1059 3192 1118 mile-

559 1152 815 1211 vitani
848 1151 1169 1227 respondet
1198 1169 1257 1214 n.
1295 1160 1361 1213 5:
1414 1148 1615 1219 „Illud
1647 1167 1805 1219 vero,
1840 1149 2001 1225 quod
2034 1166 2134 1208 eos
2166 1151 2366 1206 vestra
2386 1147 2745 1207 'fraternitas
2776 1148 2990 1208 asserit
3019 1168 3192 1225 prae·

557 1241 770 1311 dicare,
816 1241 1096 1317 parvulos
1142 1243 1415 1298 aeternae
1461 1239 1616 1297 vitae
1662 1238 1941 1314 praemiis
1972 1238 2151 1297 etiam
2197 1237 2325 1296 sine
2373 1237 2753 1312 baptismatis
2784 1238 2980 1315 gratia
3009 1256 3192 1313 posse

558 1330 784 1400 donari,
819 1329 1158 1406 perfatuum
1189 1332 1342 1390 est.‘
1376 1360 1464 1370 —-
1497 1326 1783 1396 Quocirca
1810 1326 2316 1404 Augustinus
2361 1326 2433 1385 ad
2466 1327 2757 1386 Renatum
2795 1326 2868 1385 de
2900 1327 3101 1385 anima
3131 1332 3195 1385 et

559 1421 690 1495 ejus
722 1420 869 1496 orig.
901 1419 1006 1490 ΙΙΙ,
1052 1429 1121 1482 9;
1176 1418 1355 1486 „Noli
1406 1416 1657 1488 credere,
1708 1433 1817 1475 nec
1862 1416 2075 1486 dicere,
2124 1434 2233 1474 nec
2281 1415 2507 1486 docere,
2557 1414 2815 1474 infantes
2865 1418 3192 1492 antequam

558 1509 952 1583 baptizentur,
1005 1509 1196 1566 morte
1241 1510 1594 1582 praeventos
1640 1506 1954 1581 pervenire
2001 1522 2176 1581 posse
2226 1504 2299 1563 ad
2352 1504 2705 1582 originalem
2749 1504 3194 1592 indulgentiam

559 1600 957 1673 peccatorum,
1010 1596 1063 1655 si
1111 1595 1201 1654 vis
1248 1612 1378 1654 esse
1423 1595 1813 1655 catholicu8.‘
1880 1594 1961 1653 cf.
2006 1597 2051 1656 t.
2095 1594 2154 1651 Π
2198 1613 2256 1652 n.
2306 1583 2704 1657 :ivd-Tanta
2735 1597 2829 1652 est
2859 1594 3192 1653 secundum

560 1686 878 1745 Hermae
910 1686 1066 1744 Past.
1100 1685 1138 1743 l.
1176 1694 1210 1746 2
1245 1683 1474 1743 similit.
1511 1694 1545 1746 9
1582 1701 1629 1742 c.
1667 1694 1744 1747 16
1792 1683 2077 1759 baptismi
2110 1682 2447 1754 necessitas,
2494 1687 2567 1742 ut
2614 1684 2708 1742 vel
2738 1683 2895 1758 justi
2927 1684 2998 1747 V.
3028 1683 3093 1742 Τ.
3126 1685 3193 1742 in

561 1774 747 1833 limbo
779 1775 1061 1852 degentes
1093 1773 1411 1832 debuerint
1438 1772 1746 1849 baptizari,
1780 1776 2105 1848 antequam
2134 1773 2309 1847 plene
2341 1775 2541 1831 essent
2572 1772 2737 1830 salvi.
2805 1773 3191 1847 ,Antequam

559 1863 719 1922 enim
751 1864 1004 1939 accipiat
1034 1863 1209 1922 homo
1239 1880 1455 1921 nomen
1485 1860 1625 1920 Filii
1656 1860 1785 1933 Dei,
1818 1861 2000 1920 morti
2031 1860 2368 1919 destinatus
2400 1863 2521 1921 est:
2554 1864 2617 1919 at
2648 1860 2756 1919 ubi
2787 1861 3003 1937 accipit
3033 1861 3191 1920 illud

562 1952 847 2028 sigillum,
894 1952 1186 2010 liberatur
1215 1970 1250 2009 a
1279 1954 1469 2009 morte
1500 1953 1561 2010 et
1591 1950 1856 2010 traditur
1885 1951 2060 2013 vitae.
2125 1950 2285 2008 Illud
2316 1953 2516 2009 autem
2549 1950 2815 2027 sigillum
2846 1969 3003 2026 aqna
3033 1953 3189 2009 εει(

740 2073 806 2138 3.
840 2070 1107 2135 Accedit
1136 2089 1434 2136 sensus
1464 2069 1764 2147 fidelium,
1799 2069 1907 2152 qui
1938 2086 2009 2133 se
2040 2069 2255 2151 prodit
2300 2068 2724 2133 sollicitudine
2776 2069 2855 2135 de
2886 2071 3189 2153 parvulo-

562 2197 704 2241 rum
736 2177 1124 2258 baptismate
1157 2182 1222 2242 et
1253 2177 1513 2241 tristitia
1544 2177 1623 2241 de
1660 2177 1895 2241 horum
1931 2181 2142 2241 morte
2175 2175 2314 2239 sine
2345 2175 2685 2257 baptismo.

739 2302 807 2370 4.
841 2300 1063 2384 Neque
1111 2302 1343 2366 desunt
1388 2302 1719 2384 principia,
1767 2301 1999 2383 quibus
2047 2299 2465 2375 confirmatur
2510 2300 2743 2381 dogma
2783 2300 3189 2368 catholicum.

563 2407 771 2472 Nemo
805 2409 976 2474 enim
1007 2427 1069 2477 a.
1102 2414 1316 2489 potest
1345 2407 1598 2485 salvari,
1632 2407 1755 2470 nisi
1786 2406 2159 2482 vivificetur,
2207 2425 2354 2470 cum
2402 2424 2626 2470 omnes
2658 2406 2891 2470 Adami
2920 2413 3191 2487 peccato

563 2515 800 2578 mortui
830 2520 1010 2579 sunt:
1043 2514 1397 2579 secundum
1427 2514 1580 2578 illud
1620 2520 1671 2581 1.
1699 2511 1847 2577 Cor.
1875 2518 1976 2590 15,
1998 2516 2117 2582 22:
2155 2515 2330 2577 Sicut
2362 2516 2426 2575 in
2449 2514 2664 2577 Adam
2683 2533 2892 2577 omnes
2911 2516 3191 2576 moriun-

564 2628 703 2689 tur:
753 2622 846 2687 ita
898 2632 954 2686 et
1001 2624 1070 2686 in
1118 2620 1363 2686 Christo
1414 2640 1623 2684 omnes
1652 2619 2150 2703 vivificabuntur,
2211 2638 2377 2704 quae
2428 2627 2493 2685 et
2539 2620 2618 2685 de
2665 2621 2885 2685 anima
2929 2621 3193 2703 intelligi

564 2728 816 2794 debent.
878 2729 1073 2811 Atqui
1103 2727 1378 2793 iniantes
1412 2726 1718 2791 vivificari
1751 2733 2005 2792 tantum
2023 2735 2297 2811 possunt
2317 2729 2925 2808 viregenerationiS,
2963 2747 3093 2811 qua
3124 2730 3191 2792 in

564 2836 656 2900 eis
706 2842 970 2900 sanetur
1019 2833 1449 2914 generationis
1499 2834 1754 2898 vitium:
1807 2835 2209 2914 regeneratio
2278 2842 2497 2899 autem
2547 2822 2824 2900 efficitur*
2869 2835 3191 2917 baptismo

561 2943 743 3007 Joan.
780 2948 838 3018 3,
872 2947 930 3010 5.
993 2942 1155 3022 Ergo
1189 2940 1538 3005 infantibus
1571 2941 1933 3022 baptismus
1978 2940 2275 3007 absolute
2321 2949 2422 3005 est
2467 2942 2870 3008 necessarius
2903 2942 2986 3006 ad
3015 2943 3191 3007 salu-

566 3056 717 3116 tem.
780 3047 966 3128 Quod
999 3050 1071 3117 b.
1106 3049 1197 3112 ita
1229 3046 1676 3112 confirmatur:
1721 3049 2000 3114 Infantes
2047 3049 2352 3114 vivificari
2399 3056 2648 3115 tantum
2678 3057 2950 3132 possunt
2979 3051 3080 3116 vel
3113 3070 3194 3116 ex

565 3173 760 3237 opere
794 3154 1138 3236 operantis
1174 3154 1274 3218 vel
1307 3173 1386 3219 ex
1418 3173 1613 3238 opere
1662 3164 1948 3237 operato.
2013 3157 2209 3239 Atqui
2261 3156 2473 3239 operis
2525 3157 2854 3238 operantis
2899 3164 3049 3222 sunt
3092 3158 3193 3221 in-

563 3279 869 3342 capaces;
904 3279 1056 3341 ergo
1089 3280 1169 3325 ex
1202 3280 1399 3343 opere
1435 3269 1722 3344 operato,
1756 3262 1907 3326 hinc
1925 3282 2041 3344 per
2060 3270 2559 3328 sacramentum.
2592 3263 2786 3346 Atqui
2818 3282 3193 3328 sacramen-

565 3378 702 3434 tum
736 3370 817 3433 ad
850 3368 1299 3436 vivificandum
1331 3370 1636 3452 primario
1688 3371 2050 3435 institutum
2100 3379 2199 3435 est
2249 3371 2623 3453 baptismuS,
2669 3371 2778 3454 qui
2828 3378 2927 3436 est
2972 3389 3193 3435 sacra-

565 3481 930 3541 mentorum
963 3475 1233 3541 aliorum
1259 3477 1477 3559 janua.
1542 3477 1706 3558 Ergo
1754 3477 1893 3541 sine
1940 3478 2262 3559 baptismo
2296 3478 2572 3543 salutem
2601 3484 2932 3561 nequeunt
2962 3496 3195 3543 conse-

565 3584 688 3666 qui.
721 3583 881 3646 Hinc
921 3584 1245 3666 ,quisquis
1280 3584 1528 3660 dixerit,
1560 3583 1784 3649 scribit
1814 3584 2319 3666 Augustinus
2355 3584 2438 3648 ad
2458 3584 2921 3666 Hieronymum
2943 3603 3040 3668 ep.
3065 3591 3194 3656 166

565 3711 624 3753 n.
659 3696 764 3765 21,
797 3690 970 3772 quod
1003 3691 1066 3753 in
1100 3689 1353 3756 Christo
1386 3690 1881 3755 vivificabuntur
1928 3691 2124 3756 etiam
2166 3692 2435 3773 parvuli,
2483 3692 2591 3774 qui
2623 3692 2761 3756 sine
2796 3694 3195 3756 sacramenti

565 3797 700 3876 ejus
736 3796 1090 3884 (baptismi)
1125 3797 1615 3878 participatione
1648 3796 1727 3861 de
1759 3796 1895 3860 vita
1927 3803 2178 3872 exeunt,
2210 3797 2315 3859 hic
2345 3796 2635 3878 profecto
2671 3806 2732 3864 et
2768 3806 2998 3864 contra
3030 3818 3191 3880 apo-

566 3903 860 3966 stolicam
891 3904 1440 3985 praedicationem
1487 3904 1660 3969 venit
1708 3909 1773 3968 et
1819 3910 2026 3968 totam
2074 3903 2466 3970 condemnat
2496 3902 2867 3981 Ecclesiam,
2898 3906 3010 3970 ubi
3039 3925 3194 3989 pro-

566 4017 789 4092 pterea
819 4030 967 4075 cum
999 4010 1401 4093 baptizandis
1452 4009 1737 4092 parvulis
1786 4008 2124 4075 festinatur
2174 4017 2241 4076 et
2290 4011 2583 4087 curritur,
2630 4011 2783 4093 quia
2828 4013 2965 4078 sine
2996 4012 3194 4076 dubio

566 4117 866 4194 creditur,
901 4118 1084 4182 aliter
1116 4137 1229 4182 eos
1264 4119 1328 4180 in
1363 4117 1614 4182 Christo
1647 4116 1951 4181 vivificari
1985 4117 2247 4182 omnino
2282 4136 2414 4181 non
2446 4131 2693 4199 posse.<¹

1639 4333 1952 4415 Sectio
2012 4339 2113 4414 11.

1278 4482 1379 4536 De
1427 4482 1971 4538 confirmationis
2021 4486 2475 4538 sacramento.

750 4602 897 4666 319.
931 4597 1329 4679 Baptismum
1361 4599 1424 4661 in
1473 4597 1695 4662 ordine
1745 4607 2303 4663 sacramentorum
2357 4599 2593 4680 excipit
2638 4598 3195 4674 confirmatiO,

572 4721 736 4784 quae
771 4722 809 4766 a
841 4704 1111 4767 materia
1146 4711 1401 4769 remota
1432 4704 1661 4769 dicitur
1693 4705 2085 4782 chrisma;
2136 4723 2176 4769 a
2208 4706 2505 4787 proxima
2537 4707 2671 4769 sive
2703 4706 2827 4769 ritu
2860 4705 3195 4786 imposi-
