3538 5364
1042 346 1479 403 Sacramentalis
1505 346 1757 417 corporis
1787 346 1997 401 Christi
2024 346 2363 418 praesentia.
2446 348 2449 351 ’
2877 356 3003 420 357

389 554 439 594 s.
473 535 823 603 Thomas,
874 533 979 607 qui
1024 532 1209 605 docet,
1258 534 1792 608 quantitatem
1823 534 2162 593 immediate
2194 552 2324 593 esse
2357 534 2485 592 sine
2518 534 2816 609 subjecto:
2857 534 3006 592 acci-

390 623 594 684 dentia
626 640 765 682 vero
796 622 1252 697 reliqua-inesse
1293 640 1360 681 ac
1399 622 1637 681 fundari
1668 623 1733 681 in
1765 624 2103 698 quantitate
2135 624 2386 699 ideoque
2416 640 2547 681 esse
2579 623 2707 681 sine
2740 623 3008 698 subjecto

392 713 609 773 ultimo
640 708 737 792 (cf.
771 712 832 768 in
869 721 924 773 4.
958 710 1096 769 dist.
1138 720 1212 774 12
1249 731 1305 787 q.
1345 722 1370 773 1
1411 731 1461 769 a.
1498 721 1523 773 1
1567 712 1678 787 qol.
1715 722 1781 780 3:
1829 712 1892 770 in
1934 722 1993 775 3.
2022 732 2079 788 p.
2111 731 2167 787 q.
2206 722 2280 774 77
2317 733 2368 773 a.
2407 726 2463 773 2.
2500 708 2595 793 3):
2644 730 2829 787 eaque
2875 731 3007 771 sen-

389 802 586 862 tentia
615 801 810 878 placet
840 799 913 857 de
945 800 1152 877 Lugo
1185 800 1335 876 disp.
1373 810 1408 863 9
1445 803 1584 859 sect.
1628 812 1676 870 1,
1726 801 2003 860 Suario
2036 801 2192 877 disp.
2229 811 2328 871 56,
2377 801 2549 876 cujus
2597 801 2880 877 synopsin
2912 820 3008 859 ex-

394 891 563 950 hibet
591 891 945 948 Becanus
977 906 1024 952 c.
1051 898 1129 952 20
1152 908 1209 964 q.
1240 900 1260 950 1
1286 910 1299 960 ;
1338 882 1483 972 (non
1517 906 1653 948 vero
1684 890 1906 949 arridet
1936 890 2201 949 Lessio
2234 890 2306 948 de
2326 890 2445 948 div.
2464 890 2705 966 perfect.
2727 889 2857 959 XII,
2888 886 3011 971 16).

391 980 563 1050 Quod
594 979 755 1037 enim
789 997 833 1036 s.
867 977 1120 1037 Thomas
1150 981 1244 1037 est
1273 979 1595 1055 quantitas,
1642 985 1735 1037 est
1780 980 1922 1038 haec
1968 979 2261 1038 divinitus
2294 983 2639 1039 conservata
2670 978 3014 1038 resistentia

393 1090 427 1127 a
461 1068 800 1127 substantia
829 1067 999 1142 panis
1032 1066 1333 1129 distincta.
1366 1101 1450 1111 —
1485 1067 1788 1136 Quomodo
1809 1086 1946 1127 vero
1966 1067 2294 1128 accidentia
2310 1068 2700 1127 eucharistica
2718 1067 3008 1137 nutriant,

390 1159 571 1216 aliter
600 1157 855 1233 explicat
885 1174 930 1214 s,
962 1156 1279 1214 Thomas
1313 1156 1349 1213 l.
1387 1166 1423 1218 4
1456 1156 1520 1215 in
1560 1167 1610 1218 1.
1645 1157 1767 1216 Cor.
1811 1169 1877 1219 11
1917 1161 1979 1215 et
2008 1176 2056 1220 c.
2086 1160 2296 1235 gentes
2326 1158 2424 1228 IV,
2463 1167 2578 1221 66:
2630 1157 2885 1225 ,Melius
2918 1156 3009 1214 di·

392 1247 650 1307 cendum
681 1246 939 1315 videtur,
987 1245 1144 1321 quod
1177 1245 1241 1303 in
1282 1245 1408 1320 ipsa
1438 1246 1895 1317 consecratione,
1941 1247 2099 1306 sicut
2129 1246 2469 1307 substantia
2496 1247 2670 1322 panis
2700 1247 2765 1305 in
2797 1263 3012 1322 corpus

390 1335 618 1395 Christi
664 1335 1016 1393 miraculose
1062 1335 1450 1409 convertitur,
1503 1335 1587 1393 ita
1635 1335 1989 1395 miraculose
2033 1336 2436 1395 accidentibus
2486 1337 2801 1403 confertur,
2854 1334 3014 1410 quod

398 1424 751 1494 subsistant,
785 1424 941 1499 quod
975 1427 1070 1482 est
1099 1424 1405 1499 proprium
1437 1423 1838 1483 substantiae:
1873 1429 1935 1482 et
1964 1445 2070 1501 per
2086 1443 2452 1501 consequens
2472 1426 2628 1501 quod
2650 1424 2847 1483 omnia
2876 1443 3012 1503 pos-

395 1514 522 1572 sint
552 1514 740 1572 sacere
771 1517 832 1571 et
861 1513 1003 1588 pati,
1040 1531 1190 1587 quae
1210 1513 1551 1571 substantia
1578 1517 1785 1588 posset
1813 1513 2000 1573 facere
2031 1518 2093 1573 et
2122 1515 2267 1591 pati,
2301 1514 2352 1572 si
2384 1514 2722 1573 substantia
2750 1514 3014 1572 adesset:

397 1603 557 1661 unde
604 1602 733 1661 sine
781 1619 934 1660 novo
982 1601 1265 1660 miraculo
1309 1606 1370 1660 et
1416 1601 1712 1661 inebriare
1756 1606 1817 1661 et
1861 1604 2095 1662 nutrire
2141 1607 2204 1661 et
2246 1603 2562 1662 incinerari
2608 1605 2669 1661 et
2711 1601 3015 1678 putrefieri

396 1694 671 1769 possunt,
691 1690 910 1763 ⁴eodem
943 1690 1116 1749 modo
1148 1694 1209 1749 et
1240 1689 1466 1761 ordine,
1514 1709 1581 1750 ac
1613 1692 1665 1749 si
1696 1692 2036 1751 substantia
2065 1693 2236 1768 panis
2270 1696 2333 1751 et
2366 1692 2490 1751 vini
2521 1692 2781 1750 adesset:
2801 1699 2829 1729 ‘
2877 1691 3019 1767 quia

398 1781 524 1840 scil.
557 1782 823 1840 retinent
841 1780 1128 1838 virtutem
1158 1799 1193 1837 a
1224 1779 1562 1838 substantia
1576 1780 1745 1855 panis
1767 1781 1911 1856 ipsis
1932 1781 2300 1857 impressam,
2336 1782 2493 1840 sicut
2511 1799 2708 1840 semen
2728 1781 3018 1839 virtutem

395 1870 622 1929 retinet
652 1873 920 1937 naturae,
954 1868 1126 1943 cujus
1157 1870 1265 1929 est.
1328 1868 1409 1927 Cf.
1442 1872 1504 1927 et
1540 1879 1573 1932 3
1609 1888 1664 1944 p.
1696 1889 1751 1945 q.
1790 1879 1867 1933 7¹7
1901 1890 1951 1929 a.
1987 1881 2046 1934 6.

581 1968 727 2021 376.
773 1953 1293 2021 corollarium.
1361 1957 1819 2017 Sacramentalis
1862 1962 2124 2039 corporis
2169 1960 2385 2018 Christi
2426 1961 2774 2042 praesentia.
2806 1992 2893 2001 --
2929 1958 3013 2015 Ex

398 2048 576 2107 dictis
619 2047 828 2122 liquet,
877 2046 1206 2104 exsistendi
1237 2046 1530 2105 rationem
1562 2048 1825 2122 corporis
1857 2048 2073 2107 Christi
2121 2047 2185 2106 in
2230 2049 2582 2107 eucharistia
2613 2066 2743 2106 esse
2773 2065 3017 2123 prorsus

406 2156 434 2193 s
449 2156 546 2212 up
562 2157 593 2196 e
607 2157 639 2195 r
652 2155 694 2194 n
709 2156 744 2194 a
757 2141 786 2193 t
799 2156 841 2194 u
855 2155 887 2193 r
901 2136 970 2193 al
986 2154 1018 2194 e
1033 2155 1091 2194 m
1124 2138 1186 2193 et
1203 2135 1474 2194 accedere
1492 2135 1566 2193 ad
1586 2136 1910 2196 exsistendi
1929 2137 2216 2195 rationem
2236 2138 2591 2213 spirituum:
2613 2136 2770 2195 unde
2788 2137 3018 2195 ratione

409 2226 593 2300 hujus
623 2225 942 2301 singularis
974 2224 1293 2284 exsistendi
1323 2223 1485 2282 modi
1518 2225 1738 2283 dicitur
1768 2243 1983 2301 corpus
2014 2225 2233 2284 Christi
2280 2228 2341 2284 in
2385 2226 2747 2285 eucharistia
2777 2245 2804 2285 s
2823 2226 3018 2301 piri·

409 2313 645 2372 tuale.
705 2313 914 2374 Differt
958 2316 1160 2373 autem
1206 2315 1805 2373 sacramentalis
1850 2314 2173 2374 exsistendi
2219 2316 2371 2375 ratio
2403 2316 2666 2391 corporis
2698 2314 2916 2373 Christi
2946 2314 3021 2372 ab

407 2402 729 2462 exsistendi
771 2403 1001 2462 ratione
1046 2401 1430 2460 naturali:
1474 2421 1611 2461 nam
1658 2404 1918 2479 corporis
1940 2404 2277 2479 praesentia
2306 2404 2597 2463 naturalis
2629 2406 2724 2462 est
2767 2402 3016 2462 circum-

407 2491 693 2568 scriptiva
725 2487 822 2572 (cf.
856 2496 898 2551 t.
918 2491 976 2550 11
995 2510 1052 2549 n.
1077 2501 1109 2554 5
1123 2487 1204 2572 3),
1239 2509 1358 2549 non
1378 2509 1519 2550 vero
1538 2492 1877 2567 praesentia
1896 2493 2369 2551 sacramentalis:
2404 2494 2598 2551 totum
2619 2492 2779 2551 enim
2798 2491 3019 2550 Christi

399 2599 617 2656 corpus
649 2585 741 2640 est
771 2581 836 2639 in
866 2579 1133 2657 qualibet
1151 2579 1366 2655 speciei
1388 2583 1585 2655 parte:
1620 2581 1723 2639 illa
1750 2581 1998 2658 insuper
2028 2585 2122 2641 est
2151 2582 2464 2657 conjuncta
2494 2599 2631 2640 cum
2662 2581 2886 2656 duplici
2918 2599 3015 2639 ex·

399 2670 692 2741 tensione,
726 2690 846 2730 una
876 2690 943 2731 ex
975 2673 1144 2746 parte
1176 2669 1447 2745 subjecti,
1494 2671 1556 2729 et
1598 2670 1715 2729 alia
1744 2671 1808 2729 in
1841 2670 2047 2731 ordine
2078 2672 2151 2730 ad
2185 2670 2444 2748 spatium
2478 2666 2577 2754 (cf.
2612 2668 2832 2750 380⁸):
2878 2670 3019 2728 haec

404 2761 677 2836 quamvis
698 2761 1015 2836 conjuncta
1047 2759 1126 2817 sit
1158 2777 1291 2817 cum
1313 2759 1656 2818 extensione
1688 2778 1798 2820 seu
1827 2761 1975 2820 reali
1994 2761 2418 2836 compositione
2450 2780 2519 2820 ex
2550 2763 2718 2836 parte
2748 2758 3019 2835 subjecti,

405 2849 564 2924 quod
596 2852 799 2907 manet
830 2868 935 2924 per
963 2867 1024 2908 se
1055 2852 1263 2923 utpote
1293 2865 1362 2906 ex
1392 2848 1667 2924 partibus
1697 2851 2094 2926 compositum
2113 2849 2432 2925 divisibile,
2467 2851 2803 2924 comparate
2821 2852 3021 2907 tamen

408 2938 479 2995 ad
511 2939 774 3013 spatium
804 2956 926 2997 non
957 2940 1050 2995 est
1079 2936 1417 2997 divisibilis.
1449 2938 1742 3015 Analogia
1773 2957 1912 2998 vero
1943 2958 2079 2997 cum
2104 2939 2428 2998 exsistendi
2448 2938 2677 2997 ratione
2698 2937 3021 3013 spirituum

409 3027 470 3084 in
502 3045 569 3085 eo
600 3030 712 3097 est,
761 3026 918 3103 quod
951 3045 1163 3102 corpus
1196 3026 1413 3084 Christi
1445 3030 1538 3084 est
1567 3026 1632 3085 in
1663 3030 1791 3086 toto
1825 3028 2094 3104 symbolo
2128 3032 2190 3086 et
2220 3029 2284 3086 in
2317 3027 2571 3105 singulis
2603 3026 2853 3102 symboli
2884 3045 3019 3102 par-

407 3116 604 3186 tibus;
637 3116 838 3174 differt
868 3120 1065 3174 tamen
1097 3115 1159 3173 in
1191 3133 1280 3186 en,
1323 3115 1480 3189 quod
1513 3116 1911 3191 compositum
1942 3120 2004 3175 et
2035 3117 2334 3176 divisibile
2364 3117 2426 3174 in
2459 3135 2522 3175 se
2554 3119 2768 3184 manet.
2832 3113 3023 3184 Quare

404 3223 624 3279 corpus
645 3205 864 3263 Christi
896 3223 1016 3263 non
1047 3208 1139 3263 est
1168 3204 1230 3263 in
1263 3204 1620 3263 eucharistia
1651 3207 1809 3264 sicut
1843 3205 1905 3264 in
1941 3207 2082 3275 loco,
2119 3206 2170 3264 si
2203 3206 2311 3264 hac
2342 3206 2638 3264 locutione
2657 3204 3024 3281 intelligitur

409 3294 749 3369 praesentia
791 3294 1517 3369 circumscriptiva‚
1565 3293 1629 3351 in
1674 3313 1794 3369 qua
1835 3298 2035 3370 partes
2081 3295 2347 3370 corporis
2380 3294 2694 3353 distinctae
2724 3293 3025 3352 distinctis

408 3383 768 3458 respondent
799 3383 978 3458 spatii
1009 3383 1314 3459 partibus3
1361 3385 1450 3441 est
1495 3385 1690 3441 tamen
1737 3384 1803 3441 in
1847 3384 1993 3455 loco,
2039 3386 2338 3459 quatenus
2371 3383 2613 3442 realiter
2644 3386 2705 3442 et
2745 3383 3025 3441 substan-

406 3472 635 3530 tialiter
660 3472 756 3530 hic
787 3475 896 3533 est.
960 3472 1110 3530 Item
1142 3490 1263 3530 non
1295 3476 1387 3531 est
1417 3472 1480 3529 in
1519 3471 1877 3531 eucharistia
1907 3471 2367 3542 definitive,
2416 3472 2465 3530 si
2512 3472 2620 3531 hoc
2664 3470 2901 3531 nomine
2933 3471 3026 3529 in-

408 3561 712 3638 telligitur
732 3561 1000 3620 definitio
1034 3560 1108 3618 ad
1139 3579 1330 3619 unum
1347 3560 1563 3631 locum,
1598 3561 1684 3619 ita
1712 3564 1786 3619 ut
1815 3580 1934 3620 non
1967 3561 2046 3619 sit
2076 3561 2257 3619 etiam
2278 3560 2439 3619 alibi.
2472 3561 2556 3619 Ex
2576 3561 2684 3619 hac
2704 3559 3024 3618 exsistendi

407 3650 640 3709 ratione
672 3650 934 3726 corporis
968 3649 1188 3708 Christi
1223 3650 1499 3725 sequitur
1529 3649 1726 3719 etiam,
1767 3669 1962 3725 neque
1993 3651 2192 3725 ipsum
2224 3649 2580 3708 naturaliter
2612 3668 2785 3726 agere
2816 3650 2879 3706 in
2911 3648 3029 3706 alia

409 3757 672 3814 corpora,
720 3757 916 3813 neque
949 3739 1210 3797 vicissim
1244 3738 1384 3797 haec
1415 3739 1478 3796 in
1517 3739 1714 3814 ipsum
1745 3758 1918 3816 agere
1948 3757 2122 3815 posse
2166 3741 2347 3815 prout
2389 3741 2483 3797 est
2527 3739 2590 3796 in
2635 3736 3024 3797 eucharistia:

414 3828 759 3904 nulliusque
792 3828 1066 3886 sensibus
1110 3828 1309 3903 ipsum
1353 3845 1485 3886 esse
1529 3828 1863 3898 obnoxium,
1909 3847 2104 3904 neque
2134 3828 2556 3905 imaginatione
2584 3845 2761 3903 posse
2791 3844 3028 3902 reprae-

415 3917 666 3976 sentari:
700 3917 840 3976 haec
872 3917 1031 3975 enim
1062 3921 1416 3992 supponunt
1434 3918 1765 3976 naturalem
1804 3917 2129 3976 exsistendi
2160 3920 2450 3976 rationem
2485 3935 2591 3991 per
2622 3916 3030 3973 extensionem

409 4006 629 4065 realem
662 4006 725 4064 in
758 4006 968 4082 spatio.
1033 4004 1160 4073 Qua
1190 4006 1261 4063 de
1294 4025 1356 4063 re
1388 4007 1557 4065 docte
1589 4006 1861 4082 disputat
1892 4026 2002 4067 em.
2035 4005 2187 4064 card.
2220 4005 2635 4063 Franzelin
2665 4005 2751 4061 th.
2792 4015 2886 4074 ll,
2921 4004 3024 4079 qui

414 4095 572 4152 inter
602 4095 718 4153 alia
749 4095 983 4164 statuit,
1023 4094 1318 4153 Christum
1350 4095 1670 4153 Dominum
1706 4114 1868 4163 ,non
1900 4113 2072 4172 posse
2103 4095 2362 4152 naturali
2393 4095 2618 4151 virtute
2650 4112 2787 4152 suae
2820 4094 3025 4151 huma·

416 4183 627 4241 nitatis
659 4202 925 4243 exercere
957 4186 1125 4241 actus
1158 4187 1538 4242 transeuntes
1569 4184 1633 4242 in
1666 4184 1783 4242 alia
1814 4202 2085 4260 corpora:
2132 4201 2239 4242 nec
2284 4199 2472 4258 posse,
2521 4185 2786 4258 spectata
2832 4182 3026 4240 solum

417 4273 678 4331 naturali
708 4273 951 4342 virtute,
984 4273 1243 4331 animam
1262 4273 1477 4331 Christi
1496 4291 1669 4349 agere
1700 4274 1765 4331 in
1795 4273 2107 4349 proprium
2138 4290 2350 4347 corpus
2382 4272 2507 4330 sive
2537 4271 2606 4330 ad
2643 4274 2872 4330 motum
2903 4270 3029 4329 sive

418 4359 493 4417 ad
542 4361 889 4420 exercitium
935 4379 1221 4419 sensuum
1267 4366 1661 4421 externorum.
1723 4361 1851 4420 Hoc
1897 4362 2201 4420 theorema
2244 4361 2486 4419 omnino
2525 4361 2908 4435 consequitur
2958 4378 3029 4417 ex

418 4449 589 4508 modo
635 4449 959 4508 exsistendi
1004 4451 1414 4509 sacramentali
1461 4452 1773 4509 inextenso
1817 4451 2076 4526 corporis
2122 4449 2387 4512 Christi.
2420 4498 2434 4511 .
2469 4497 2484 4512 .
2532 4448 2784 4507 Videtur
2830 4452 3030 4507 tamen

418 4538 676 4616 dignitas
709 4557 786 4597 ss.
818 4539 1205 4598 humanitatis
1238 4539 1469 4616 exigere
1501 4540 1596 4599 vel
1628 4543 1786 4598 certe
1818 4540 1945 4614 ejus
1978 4538 2335 4615 dignitatem
2382 4538 2602 4608 decere,
2652 4541 2722 4596 ut
2767 4538 3031 4596 Verbum

417 4628 859 4702 supernaturali
890 4628 1062 4686 modo
1107 4628 1336 4686 tribuat
1381 4648 1521 4687 suae
1566 4629 1925 4686 humanitati
1972 4629 2150 4686 etiam
2200 4628 2265 4684 in
2313 4628 2423 4685 hoc
2473 4629 2635 4684 statu
2686 4626 3028 4685 exercitium

412 4734 702 4775 sensuum
747 4717 1024 4792 corporis,
1084 4721 1375 4792 quantum
1421 4718 1481 4775 id
1526 4717 1815 4794 mysterio
1861 4717 1998 4775 fidei
2043 4721 2104 4775 et
2148 4715 2252 4774 fini
2296 4717 2648 4774 sacramenti
2692 4715 3025 4792 congruit.‘

419 4803 649 4874 Quibus
682 4805 1016 4881 explicatur
1047 4806 1364 4865 Thomas
1401 4815 1456 4869 3.
1490 4826 1550 4881 p.
1581 4826 1634 4881 q.
1672 4817 1749 4869 76
1784 4826 1834 4864 a.
1872 4817 1904 4869 5
1940 4810 2001 4865 et
2031 4807 2103 4864 ad
2145 4817 2209 4875 13
2255 4825 2289 4863 a
2326 4816 2381 4869 7.
2442 4804 2524 4864 Cf.
2566 4804 2773 4881 Lugo
2807 4804 2959 4880 disp.
2992 4813 3026 4866 5
