3538 5364
755 302 1079 357 Satisfictio
1105 320 1222 357 non
1251 305 1335 356 est
1362 302 1677 362 necessario
1703 302 2127 373 praemittenda
2154 300 2525 357 absolutioni.
2825 307 2955 371 483

335 504 509 549 mere
540 502 817 566 poenam
867 484 1307 564 temporalem.
1372 483 1597 549 Merito
1631 502 1783 564 ergo
1819 483 2132 547 damnata
2164 482 2279 546 fuit
2308 500 2486 564 prop.
2526 487 2603 551 77
2639 482 2807 546 inter
2836 481 2955 545 ba-

332 593 553 674 janas:
624 589 1148 665 ,Satisfactiones
1192 589 1560 654 laboriosae
1599 588 2096 671 justificatorum
2143 607 2272 652 non
2318 589 2538 652 valent
2584 587 2845 670 expiare
2875 587 2956 653 de

337 699 655 779 condigno
687 717 964 781 poenam
998 698 1418 781 temporalem
1466 704 1819 761 restantem
1864 703 2012 778 post
2061 696 2316 777 culpam
2348 695 2852 770 condonatam3‘
2891 700 2956 759 et

338 826 520 872 error
553 807 1049 886 protestantium
1083 804 1149 868 in
1180 822 1357 868 conc.
1392 804 1860 869 tridentino
1893 822 2052 868 sess.
2088 807 2171 871 14
2203 820 2341 866 can.
2380 807 2493 870 13:
2548 799 2652 876 ,Si
2687 802 2827 883 quis
2859 801 2955 864 di-

338 912 517 988 xerit,
551 931 667 994 pro
702 913 982 993 peccatis
1030 911 1243 994 quoad
1292 928 1569 992 poenam
1620 910 2051 993 temporalem
2096 909 2356 975 minime
2388 908 2522 974 Deo
2574 927 2691 991 per
2722 907 2956 972 Christi

339 1021 566 1085 merita
598 1020 894 1085 satisfieri
941 1021 1165 1102 poenis
1213 1020 1295 1083 ab
1345 1037 1423 1083 eo
1472 1019 1722 1083 inflictis
1755 1026 1820 1084 et
1854 1018 2174 1101 patienter
2215 1018 2503 1082 toleratis
2535 1015 2636 1082 vel
2668 1034 2709 1079 a
2740 1033 2955 1081 sacer-

340 1128 488 1194 dote
519 1128 817 1210 injunctis
838 1128 951 1192 sed
972 1147 1180 1210 neque
1202 1135 1430 1209 sponte
1465 1127 1797 1208 susceptiS,
1832 1132 1901 1190 ut
1928 1126 2202 1208 jejuniis,
2237 1124 2655 1202 orationibuS,
2676 1124 2956 1190 eleemo-

343 1236 515 1316 synis
547 1234 647 1300 vel
680 1234 819 1298 aliis
853 1235 1048 1298 etiam
1080 1234 1333 1316 pietatis
1365 1233 1683 1316 operibus,
1732 1241 1927 1316 atque
1962 1233 2104 1298 ideo
2140 1233 2451 1314 optimam
2497 1232 2956 1314 poenitentiam

343 1360 482 1406 esse
518 1348 768 1405 tantum
799 1360 1035 1405 novam
1067 1343 1284 1418 vitam,
1319 1341 1390 1404 A.
1425 1339 1524 1405 S.‹

519 1481 664 1533 499.
699 1467 1120 1552 Propositio
1153 1467 1297 1534 Ill.
1362 1472 1627 1531 Ministaei
1646 1473 1953 1545 potestatis
1984 1474 2230 1530 clavium
2262 1476 2313 1530 ct
2347 1473 2453 1545 jus
2484 1478 2533 1529 et
2566 1471 2821 1543 officium
2850 1470 2955 1528 ha-

343 1562 467 1618 bent
499 1557 828 1633 imponendi
860 1569 1216 1636 opportunas
1246 1562 1665 1635 satisfactiones
1696 1561 2104 1637 peccatoribus
2138 1560 2254 1619 sibi
2288 1559 2724 1619 confitentibus.
2790 1558 2957 1628 Quod

340 1650 496 1708 sicut
524 1667 643 1707 non
666 1650 910 1708 obscure
933 1650 1237 1726 colligitur
1268 1669 1335 1708 ex
1368 1649 1496 1726 ipsa
1525 1653 1821 1726 potestate
1854 1649 2156 1727 ligandi
2192 1646 2288 1731 (cf.
2309 1669 2368 1712 n.
2390 1644 2565 1732 440),
2598 1648 2684 1707 ita
2714 1667 2782 1707 ex
2817 1666 2953 1707 con-

341 1738 526 1796 stanti
569 1738 948 1814 persuasione
993 1739 1248 1814 practica
1292 1738 1580 1797 Ecclesiae
1625 1739 1807 1797 etiam
1858 1759 1893 1798 a
1941 1739 2320 1797 montanistis
2368 1743 2429 1797 et
2477 1736 2808 1798 novatianis
2852 1737 2955 1795 ad-

343 1828 525 1885 missa
555 1826 1001 1902 comprobatur:
1042 1827 1426 1902 imponebant
1456 1827 1614 1886 enim
1645 1828 1708 1885 hi
1740 1828 2139 1904 poenitentias
2170 1827 2347 1886 etiam
2380 1827 2474 1896 iis,
2520 1846 2774 1903 quorum
2820 1844 2953 1902 pec-

342 1919 473 1975 cata
503 1933 621 1974 non
654 1916 1055 1975 remittebant.
1088 1917 1241 1974 Hinc
1274 1917 1491 1975 statuit
1510 1916 1826 1975 concilium
1858 1916 2390 1976 tridentinum
2421 1934 2562 1975 sess.
2592 1925 2667 1978 14
2692 1935 2816 1978 can.
2845 1926 2952 1979 15:

344 2006 445 2074 ,Si
477 2005 614 2081 quis
646 2005 878 2076 dixerit,
910 2006 1103 2064 claves
1135 2004 1428 2064 Ecclesiae
1461 2009 1591 2064 esse
1622 2005 1790 2063 datas
1822 2008 2058 2064 tantum
2090 2006 2162 2064 ad
2196 2005 2563 2076 solvendum,
2607 2022 2730 2063 non
2775 2005 2953 2063 etiam

343 2094 414 2152 ad
464 2094 792 2171 ligandum,
844 2098 905 2152 et
953 2097 1264 2169 propterea
1313 2095 1659 2165 sacerdotes,
1710 2095 1853 2153 dum
1899 2095 2219 2171 imponunt
2262 2113 2481 2170 poenas
2514 2094 2952 2164 confitentibus,

347 2201 514 2260 agere
546 2187 750 2241 contra
781 2182 958 2241 finem
992 2183 1246 2241 clavium
1293 2187 1353 2242 et
1398 2186 1601 2242 contra
1643 2183 2090 2243 institutionem
2122 2183 2341 2243 Christi
2386 2186 2448 2242 et
2485 2183 2781 2242 fictionem
2812 2202 2953 2253 esse,

350 2272 500 2348 quod
535 2272 762 2330 virtute
793 2272 1050 2331 clavium
1085 2272 1319 2330 sublata
1348 2291 1536 2348 poena
1566 2276 1823 2344 aeterna,
1870 2291 2059 2350 poena
2089 2272 2431 2349 temporalis
2463 2272 2811 2348 plerumque
2857 2291 2954 2330 ex-

345 2362 624 2421 solvenda
653 2365 971 2430 remaneat,
1003 2363 1072 2419 A.
1106 2361 1204 2419 S.‹

521 2495 664 2549 500.
698 2481 1116 2565 Propositio
1148 2481 1274 2548 IV.
1341 2485 1473 2544 Non
1503 2489 1846 2563 requiritur,
1885 2494 1947 2545 ut
1977 2488 2299 2560 satisfactio
2328 2505 2496 2559 opere
2519 2489 2815 2560 praestita
2846 2506 2950 2545 an-

339 2576 552 2632 tecedat
585 2575 992 2633 absolutionem
1021 2594 1130 2651 per
1160 2576 1405 2633 clavium
1436 2583 1791 2649 potestatem.
1857 2576 2191 2652 Propositio
2238 2576 2526 2635 statuitur
2569 2579 2773 2635 contra
2818 2577 2953 2634 Pe-

338 2669 543 2723 trum
590 2682 983 2733 oxumensem,
1031 2665 1202 2740 cujus
1236 2684 1469 2741 propos,
1504 2675 1537 2728 5
1575 2665 1853 2725 damnata
1883 2669 2006 2724 est:
2057 2667 2232 2735 ,Non
2264 2668 2408 2725 sunt
2437 2665 2782 2725 absolvendi
2813 2685 2952 2742 poe·

342 2755 606 2812 nitentes
638 2754 756 2812 nisi
786 2759 1023 2829 peracta
1053 2755 1219 2829 prius
1250 2756 1617 2829 poenitentia
1647 2757 1732 2814 eis
1764 2756 2109 2831 injuncta;‘
2162 2759 2366 2814 contra
2394 2755 2683 2814 Arnald
2702 2774 2850 2826 um,
2882 2774 2952 2814 ex

342 2844 513 2917 cujus
560 2861 735 2917 opere
781 2843 852 2900 de
899 2842 1193 2918 frequenti
1242 2844 1652 2903 communione
1685 2844 2033 2919 desumptae
2068 2847 2213 2903 sunt
2243 2863 2478 2920 propos.
2511 2845 2585 2903 ab
2616 2845 2953 2903 Alexan-

343 2932 474 2989 dro
508 2931 665 2994 VIII.
697 2932 1006 2990 damnatae
1049 2942 1142 2994 16.
1184 2943 1292 2995 17:
1343 2933 1496 3000 ,Per
1540 2933 1704 2991 illam
1747 2934 1974 3010 praxim
2020 2952 2154 2992 mox
2198 2933 2543 2992 absolvendi
2575 2932 2719 2991 ordo
2749 2933 2956 3009 poeni-

341 3021 564 3079 tentiae
596 3024 687 3079 est
729 3020 1079 3087 inversu83‘
1140 3033 1249 3091 183
1301 3024 1507 3080 contra
1551 3022 1961 3090 Quesnelli
2006 3040 2238 3099 propos.
2273 3032 2384 3085 87:
2439 3022 2689 3090 ‚Modus
2739 3023 2954 3107 plenus

344 3109 653 3201 Q
688 3109 912 3168 lumine
943 3112 1005 3168 et
1036 3110 1281 3168 caritate
1314 3115 1421 3180 est,
1457 3111 1596 3170 dare
1627 3112 1940 3170 animabus
1971 3115 2208 3187 tempus
2239 3112 2514 3189 portandi
2546 3130 2680 3170 cum
2712 3111 2955 3170 humili·

341 3203 465 3256 tate
497 3204 559 3256 et
589 3198 884 3257 sentiendi
918 3202 1140 3257 statum
1173 3200 1417 3274 peccati,
1450 3201 1691 3275 petendi
1721 3201 2003 3277 spiritum
2036 3201 2436 3276 poenitentiae
2468 3205 2530 3259 et
2560 3201 2954 3272 contritionis,

342 3293 403 3345 et
434 3287 758 3375 incipiendi
788 3287 860 3345 ad
896 3288 1093 3346 minus
1126 3288 1462 3347 satisfacere
1484 3288 1762 3365 justitiae
1781 3289 1906 3360 Dei,
1939 3293 2256 3365 antequam
2289 3290 2819 3360 reconcilientur3‘
2856 3299 2955 3354 88.

349 3385 462 3445 85³3
496 3380 703 3435 contra
734 3396 863 3452 syn.
896 3377 1102 3451 pistor.
1136 3378 1307 3451 cujus
1339 3377 1656 3436 damnatur
1686 3397 1850 3454 prop.
1887 3388 1986 3447 35,
2024 3382 2362 3453 ,quatenus
2395 3380 2613 3450 innuit,
2646 3380 2955 3455 poeniten·

341 3466 477 3534 tia3‚
511 3484 662 3539 quae
694 3466 1087 3541 imponuntur
1115 3466 1526 3543 adimplendae
1556 3470 1692 3543 post
1721 3468 2173 3539 absolutionem,
2215 3469 2562 3543 spectandas
2595 3468 2797 3543 potius
2830 3487 2958 3527 esse

343 3555 513 3612 velut
546 3556 1027 3630 supplementum
1061 3574 1166 3630 pro
1197 3555 1528 3614 defectibus
1562 3556 1836 3614 admissis
1874 3557 1938 3615 in
1968 3575 2143 3633 opere
2172 3561 2409 3616 nostrae
2441 3558 2955 3629 reconciliationis,

346 3663 526 3717 quam
557 3648 629 3701 ut
659 3644 1057 3718 poenitentias
1079 3664 1211 3703 vere
1232 3647 1685 3705 sacramentales
1712 3649 1777 3703 et
1795 3645 2218 3705 satisfactorias
2240 3664 2346 3722 pro
2366 3647 2620 3722 peccatis
2640 3647 2957 3715 confessis;

347 3732 520 3807 quasi
553 3735 623 3789 ut
654 3751 793 3791 vera
822 3733 973 3790 ratio
1006 3734 1374 3802 sacramenti,
1419 3752 1538 3792 non
1583 3735 1814 3792 nudum
1847 3754 2064 3794 nomen
2096 3739 2384 3804 servetur,
2432 3738 2704 3811 oporteat
2748 3736 2819 3793 de
2863 3735 2959 3795 via

348 3822 664 3892 ordinaria,
699 3824 769 3879 ut
798 3826 965 3879 actus
998 3822 1429 3881 humiliationis
1461 3829 1523 3881 et
1553 3824 1967 3899 poenitentiae,
2016 3825 2119 3899 qui
2160 3825 2553 3900 imponuntur
2583 3842 2688 3899 per
2717 3824 2957 3881 modum

347 3910 765 3968 satisfactionis
800 3911 1253 3979 sacramentalis,
1287 3912 1629 3986 praecedere
1659 3912 1911 3970 debeant
1929 3913 2399 3982 absolutionem3
2432 3913 2596 3978 falsa,
2629 3913 2956 3981 temeraria,

346 3999 646 4057 communi
678 4000 841 4073 praxi
875 4000 1167 4057 Ecclesiae
1213 4000 1518 4075 injuriosa,
1571 4002 1858 4060 inducens
1908 4002 1971 4060 in
2022 4021 2279 4061 errorem
2332 4002 2664 4061 haereticali
2710 4005 2852 4060 nota
2895 4003 2956 4059 in

348 4088 525 4146 Petro
558 4088 629 4146 de
662 4088 836 4146 Osma
867 4088 1218 4147 confixum.‘

528 4209 674 4275 501.
712 4206 774 4274 1.
810 4206 1271 4288 propositionis
1303 4211 1540 4272 veritas
1572 4209 1886 4288 colligitur
1919 4227 1997 4273 ex
2019 4209 2342 4274 Ecclesiae
2364 4210 2741 4274 universalis
2761 4210 2960 4290 praxi,

356 4331 522 4394 quae
548 4313 682 4393 jam
717 4333 829 4393 per
859 4313 1042 4395 plura
1075 4314 1292 4378 secula
1323 4316 1505 4395 viget.
1537 4316 1747 4397 Atqui,
1782 4316 1985 4398 inquit
2017 4315 2487 4396 Augustinus
2521 4335 2617 4397 ep.
2659 4323 2782 4386 118
2813 4336 2864 4380 e.
2900 4321 2959 4392 5,

357 4419 446 4492 „si
481 4419 630 4501 quid
663 4427 868 4483 totum
900 4440 1016 4502 per
1050 4420 1275 4485 orbem
1306 4420 1665 4507 frequentat
1696 4422 1981 4486 Ecclesia
2016 4473 2027 4484 .
2065 4474 2076 4484 .
2112 4473 2125 4485 .
2177 4424 2331 4505 quin
2365 4425 2456 4486 ita
2489 4421 2847 4488 faciendum
2879 4423 2961 4487 sit

350 4526 693 4607 disputare,
727 4526 1266 4592 insolentissimae
1300 4529 1587 4592 insaniae
1620 4535 1775 4592 est.‘
1845 4527 2173 4609 Colligitur

527 4652 595 4718 2.
630 4651 730 4714 vel
763 4670 840 4715 ex
874 4653 1055 4734 praxi
1090 4653 1571 4735 antiquissimae
1592 4652 1933 4727 Ecclesiae,
1970 4653 2052 4716 ad
2085 4671 2277 4736 quam
2311 4655 2474 4719 adeo
2507 4654 2777 4722 libenter
2808 4674 2960 4737 pro-

350 4763 587 4821 vocant
619 4757 983 4822 adversarii.
1049 4758 1306 4824 Certum
1340 4760 1509 4823 enim
1543 4765 1659 4835 est,
1694 4759 1978 4840 pluribus
2011 4760 2239 4826 saltem
2281 4763 2345 4825 in
2377 4762 2634 4826 casibus
2668 4758 2818 4828 ante
2852 4780 2962 4826 ex-

2533 4868 2628 4923 31·
