3538 5364
549 212 689 280 654
865 203 1050 258 Tract.
1079 205 1145 259 X.
1172 204 1244 258 de
1269 203 1386 259 Deo
1414 206 1889 259 consummatore.
1915 202 2112 257 Resur.
2137 201 2544 257 universalitas
2570 206 2628 257 et
2653 201 2863 257 unitas.

738 391 886 455 700.
916 385 1469 455 Demonstratlo
1497 403 1568 470 p.
1602 384 1703 454 11.
1735 390 1803 449 et
1833 385 1975 455 III.
2006 384 2071 455 1.
2120 383 2446 449 Probatur
2475 382 2692 448 verbis
2727 381 2962 448 Christi
2992 383 3089 449 Jo.
3118 386 3193 461 5,

562 498 649 564 28
681 512 764 556 s:
815 490 1022 556 Nolite
1051 493 1283 556 mirari
1314 492 1630 577 1100,un
1661 492 1828 555 venit
1858 490 2037 575 hora,
2069 492 2138 554 in
2169 511 2295 577 qua
2326 509 2555 574 omnes,
2586 491 2697 576 qui
2724 491 2795 555 in
2822 509 3195 554 monumen-

555 602 640 664 tis
668 599 834 684 sunt,
866 600 1126 664 audient
1154 618 1353 663 vocem
1382 597 1504 681 filii
1525 597 1668 682 Dei,
1699 604 1756 662 et
1780 598 2116 697 procedent
2144 599 2253 683 qui
2283 597 2448 661 bona
2478 603 2734 680 efferunt
2764 598 2829 660 in
2860 617 3192 660 resurree-

554 710 783 771 tionem
813 708 996 790 vitae,
1040 709 1147 790 qui
1191 725 1332 770 vero
1382 707 1556 769 mala
1586 711 1849 805 eyerunt
1878 706 1948 769 in
1982 705 2492 769 resurrectionem
2505 704 2761 805 judicii.
2821 703 2939 767 Hic
2968 722 3195 769 sermo

562 819 663 879 est
693 815 774 894 de
804 814 1273 878 resurrectione
1321 812 1619 890 carniS,
1664 829 1839 889 nam,
1889 817 1962 876 ut
1992 810 2199 894 inquit
2227 810 2737 891 Augustinus
2765 816 2840 875 tr.
2877 816 2960 883 19
2991 811 3060 876 in
3087 811 3197 877 Jo.

558 941 618 986 ιι.
659 928 757 998 17,
797 925 900 996 ,et
929 919 1547 985 commemoratione
1578 924 2148 985 monumentorum
2192 908 2259 983 et
2307 917 2726 1001 expressione
2755 918 3200 1000 processionis

560 1028 641 1095 de
672 1027 1107 1093 monumentis
1139 1031 1359 1109 aperte
1391 1024 1802 1106 intelligimus
1825 1042 2172 1107 corporum
2189 1025 2725 1091 resurrectionem
2740 1037 2795 1102 ς(
2834 1042 3044 1108 eaque
3073 1043 3197 1090 ex-

560 1133 820 1200 hibetur
867 1132 1251 1198 universalis
1302 1132 1625 1198 bonorum
1673 1138 1741 1198 et
1792 1130 2113 1197 malorum
2156 1138 2223 1199 et
2271 1131 2528 1215 quidem
2560 1150 2622 1203 c.
2653 1150 2822 1215 quae
2851 1131 2966 1197 fiat
2996 1132 3201 1197 simul

567 1241 797 1307 eadem
828 1241 1010 1318 hora,
1044 1240 1273 1307 eodem
1306 1246 1612 1322 tempore.
1647 1240 1753 1305 Sic
1783 1240 2074 1319 deservio,
2108 1239 2199 1304 ait
2227 1237 2466 1304 Paulus
2485 1239 2625 1303 Act.
2644 1244 2749 1316 24,
2787 1244 2870 1308 14
2900 1259 2970 1316 s.,
3002 1237 3201 1304 Patri

559 1355 618 1412 et
650 1348 785 1413 Deo
816 1368 949 1411 meo
978 1349 1233 1412 eredens
1263 1346 1578 1431 omnibus,
1598 1367 1758 1432 quae
1801 1349 1870 1410 in
1915 1346 2043 1431 leye
2080 1353 2138 1410 et
2155 1346 2479 1432 prophetis
2522 1348 2764 1430 scripta
2792 1353 2977 1410 sunt:
3020 1367 3197 1432 spem

561 1455 792 1520 habens
810 1457 880 1519 in
900 1454 1122 1536 Deum,
1160 1473 1351 1540 quam
1383 1460 1439 1517 et
1469 1453 1546 1516 1ιίἸ
1563 1454 1688 1537 ipsi
1721 1460 2096 1540 exspectant,
2129 1455 2643 1518 resurrectionem
2671 1453 2967 1536 futuram
2991 1456 3198 1537 justo-

564 1582 710 1625 rum
744 1568 800 1625 et
831 1563 1207 1647 iniquorum.

742 1670 811 1737 2.
845 1666 1280 1732 Confirmatur‘
1320 1666 1699 1731 traditione:
1758 1685 1972 1749 neque
2037 1665 2214 1731 enim
2271 1680 2565 1749 unquam*
2600 1673 2818 1749 patres
2863 1667 2944 1757 de
2975 1685 3200 1732 resur-

562 1776 850 1841 rectione
899 1774 1300 1855 disputantes
1351 1774 1600 1855 aliquos
1652 1773 1735 1838 ab
1769 1791 1849 1839 ea
1903 1772 2241 1856 excipiunt„
2312 1773 2880 1848 ,Resurrecturam
2928 1791 3198 1839 carnem

566 1882 940 1958 omnium,
990 1880 1270 1945 inculcat
1312 1879 1840 1962 Augustinus
1871 1880 2065 1944 Ench.
2098 1900 2157 1944 ιι.
2191 1885 2296 1957 84,
2328 1881 2690 1963 quicunque
2719 1880 2859 1945 nati
2889 1887 3043 1946 sunt
3072 1880 3198 1945 ho-

564 1989 809 2052 minum
843 1993 1038 2070 atque
1070 1993 1421 2052 nascentur
1452 1993 1517 2050 et
1548 1986 1789 2051 mortui
1821 1993 1971 2050 sunt
2002 1992 2200 2069 atque
2234 1987 2603 2064 morientur,
2632 1986 3041 2059 nullomodo
3075 1986 3198 2052 du-

565 2094 773 2162 bitare
805 2095 999 2160 debet
1029 2094 1471 2158 christianus«
1541 2092 1620 2159 Et
1651 2111 1883 2159 revera
1928 2092 2060 2159 fere
2105 2092 2343 2171 omnia,
2389 2093 2621 2177 quibus
2651 2080 3198 2176 resurrectionem

566 2203 635 2266 ιιι
665 2220 899 2284 genere
930 2201 1535 2277 demonstravimuS,
1569 2200 1708 2282 ejus
1738 2200 2292 2266 universalitatem
2322 2199 2763 2281 comprobant„

752 2314 816 2379 3.
849 2307 1197 2391 Speciatim
1216 2307 1714 2374 resurrectionis
1749 2309 2029 2372 unitas
2061 2308 2154 2371 ita
2184 2306 2523 2390 probatur:
2553 2306 2624 2370 In
2653 2307 2942 2372 secundo
2961 2305 3198 2371 Christi

439 2450 446 2455 ·
570 2416 851 2481 adventu
882 2434 1108 2484 omnes
1139 2416 1242 2497 pie
1275 2415 1557 2480 defuncti
1588 2420 1928 2497 resurgent
1953 2414 2142 2496 juxta
2174 2421 2231 2484 1.
2263 2414 2482 2480 Thess,
2515 2421 2579 2492 4,
2614 2419 2730 2483 15:
2791 2412 2940 2498 Ipse
2968 2413 3196 2479 Domi—

569 2543 691 2587 nus
711 2573 724 2585 .
747 2572 795 2587 ..
830 2523 1150 2587 descendet
1180 2523 1260 2586 de
1289 2521 1472 2603 coele,
1505 2528 1562 2584 et
1593 2523 1851 2606 mortui,
1884 2524 1991 2606 qui
2022 2524 2089 2585 in
2125 2521 2367 2587 Christo
2400 2529 2567 2606 sunt,
2608 2528 2936 2607 resurqent
2954 2522 3200 2605 primi,·

568 2636 635 2700 et
651 2629 746 2696 Jo.
767 2635 828 2707 6,
851 2633 935 2699 39
958 2648 1065 2707 ss.,
1095 2627 1207 2693 ubi
1239 2627 1527 2693 Christus
1562 2634 1794 2712 quater
1824 2633 2117 2707 testatur,
2168 2646 2239 2694 se
2272 2646 2501 2694 omnes
2533 2629 2676 2711 pios
2706 2629 3065 2694 novissimo
3095 2628 3195 2693 die

569 2755 713 2802 esse
745 2735 1297 2802 resuscitaturum.
1334 2734 1496 2800 Cum
1525 2734 1998 2800 resurrectione
2029 2734 2287 2817 piorum
2319 2741 2540 2801 autem
2572 2735 2691 2801 erit
2722 2735 3074 2817 conjuncta
3093 2753 3195 2801 re-

568 2843 881 2912 surrectio
912 2842 1273 2924 impiorum,
1307 2848 1380 2906 ut
1412 2848 1590 2924 patet
1624 2860 1703 2907 ex
1735 2842 1949 2906 verbis
1980 2859 2180 2924 supra
2212 2842 2442 2919 allatiS,
2476 2847 2540 2908 et
2574 2860 2653 2907 ex
2688 2849 2745 2911 1.
2779 2842 2921 2907 Cor.
2950 2847 3050 2919 15,
3081 2847 3196 2912 52:

569 2954 648 3014 In
665 2955 992 3028 momente,
1024 2951 1092 3012 in
1125 2950 1251 3013 ictu
1287 2949 1471 3031 oculi,
1504 2950 1573 3013 in
1593 2950 1929 3014 novissima
1950 2951 2101 3014 tuba
2121 2999 2169 3013 ..
2197 2999 2233 3032 .,
2254 2956 2309 3014 et
2329 2950 2562 3013 mortui
2593 2948 2757 3035 (sine
2792 2949 3194 3039 exceptione)

567 3064 888 3142 resurqent
935 3064 993 3120 et
1041 3077 1154 3120 nos
1201 3057 1692 3123 immutabimur.
1759 3056 1988 3122 Merito
2038 3075 2191 3138 ergo
2237 3056 2559 3122 concludit
2608 3053 3087 3146 Gennadius
3118 3057 3197 3122 de

569 3165 719 3229 eccl.
754 3163 962 3244 dogm.
996 3181 1048 3226 c.
1082 3169 1153 3232 6:
1225 3162 1396 3237 ,Erit
1420 3164 1810 3228 resurrectio
1849 3171 2250 3229 mortuorum
2296 3164 2649 3229 omnium
2696 3163 3052 3240 hominum,
3083 3163 3197 3229 sed

567 3288 728 3335 una
771 3277 838 3335 et
882 3269 1219 3334 insimul
1265 3276 1330 3334 et
1374 3271 1645 3336 semel.
1709 3269 1857 3335 Non
1896 3271 2453 3352 primajustorum
2484 3278 2549 3337 et
2578 3270 2864 3336 secunda
2892 3276 3197 3352 peccato-

566 3396 732 3453 rum,
762 3382 836 3439 ut
865 3375 1083 3440 fabula
1114 3383 1213 3441 est
1248 3377 1740 3454 somniatorum,
1774 3377 1887 3441 sed
1921 3396 2052 3442 una
2082 3378 2422 3466 omnium.-

449 3467 462 3476 ’
753 3489 897 3553 701.
929 3483 1350 3553 Declaratic
1384 3505 1454 3570 p.
1488 3484 1613 3555 lv.
1662 3484 1976 3549 Homines
2005 3451 2484 3550 resurrecturos
2516 3452 2659 3550 esse
2691 3485 2971 3550 eodem
2954 3504 3023 3549 ιιι
3053 3502 3198 3550 cor-

568 3609 727 3674 pore
761 3592 853 3678 (et
885 3590 1144 3674 quidem
1174 3610 1307 3655 non
1340 3592 1550 3656 solum
1596 3598 1910 3674 quantum
1956 3591 2040 3655 ad
2085 3590 2381 3668 formam,
2427 3591 2602 3674 quod
2653 3591 2738 3656 ad
2769 3593 2983 3664 carnis
3012 3591 3199 3657 iden-

568 3699 819 3765 titatem
849 3716 984 3762 non
1013 3697 1350 3776 sufficeret,
1395 3699 1510 3764 sed
1557 3699 1756 3763 etiam
1805 3698 2020 3781 quoad
2070 3699 2459 3785 materiam),
2507 3697 2682 3780 quod
2721 3698 2879 3762 dum
2908 3698 3202 3765 viverent

565 3811 922 3886 gestarunt,
955 3822 1152 3886 saepe
1172 3804 1458 3869 Ecclesia
1478 3804 1771 3887 professa
1791 3811 1910 3882 est,
1936 3806 2092 3869 utin
2123 3805 2421 3888 symbolo
2456 3805 2929 3887 apostolico
2961 3823 3200 3871 secun-

569 3912 724 3976 dum
753 3910 1028 3975 formam
1073 3911 1384 3978 ecclesiae
1434 3912 1993 3994 aquilejensis
2041 3920 2107 3979 et
2156 3912 2746 3989 athanasiano‚
2794 3912 2860 3976 in
2910 3912 3201 3977 conciliis
3326 3940 3330 3944 ·

569 4018 952 4084 toletano
986 4036 1042 4081 a.
1076 4023 1206 4088 633
1240 4036 1380 4083 can.
1419 4025 1453 4087 1
1490 4025 1554 4085 et
1603 4017 2125 4085 lateranensi
2154 4018 2254 4097 IV.
2287 4037 2426 4102 cap.
2459 4019 2789 4098 ,Firmiter‘
2822 4020 2907 4107 (n.
2941 4020 3106 4107 699).
3135 4026 3202 4084 et

569 4123 711 4188 aliis
763 4125 1017 4189 omissis
1067 4124 1134 4187 in
1184 4125 1479 4208 symbolo
1528 4125 1679 4191 fidei
1727 4125 1942 4191 Leon
1960 4126 2027 4190 is
2072 4125 2173 4190 IX.
2234 4121 2449 4192 Petro
2476 4127 2778 4209 episcopo
2821 4128 3199 4210 proposito:

575 4230 824 4307 ,Credo
858 4232 1055 4296 etiam
1099 4249 1323 4297 veram
1367 4232 1913 4299 resurrectionem
1961 4233 2098 4316 ejus
2148 4233 2378 4311 carniS,
2410 4251 2605 4318 quam
2635 4252 2809 4299 nunc
2839 4242 3093 4317 gest03¹¹
3134 4241 3201 4301 et

565 4338 634 4402 in
663 4337 961 4421 symbolo
995 4338 1248 4403 concilii
1279 4339 1643 4403 toletani
1673 4339 1788 4425 xl..
1813 4340 1897 4426 (a.
1931 4340 2125 4427 675):
2165 4340 2508 4423 ,Exemplo
2540 4340 2771 4423 capitis
2800 4340 3004 4406 nostri
3037 4359 3198 4406 con-

568 4443 827 4509 fitemur
858 4463 1080 4510 veram
1110 4445 1254 4510 fieri
1282 4447 1821 4512 resurrectionem
1866 4448 2078 4511 carnis
2111 4447 2399 4513 omnium
2431 4454 2855 4526 mortuorum,
2885 4466 3099 4531 neque
3130 4449 3198 4512 in

563 4552 766 4622 ,aerea
797 4551 899 4615 vel
931 4550 1216 4633 qualibet
1247 4550 1377 4616 alia
1407 4570 1603 4625 carne
1637 4554 1745 4642 (ut
1761 4554 2024 4637 quidam
2055 4551 2354 4642 delirant)
2387 4561 2866 4638 resurrecturos
2897 4573 3019 4619 nos
3051 4573 3195 4638 cref-

562 4656 797 4741 dimus,
827 4657 942 4723 sed
974 4658 1038 4722 in
1070 4657 1213 4736 ista,
1246 4677 1375 4742 qua
1405 4659 1698 4738 vivimus,
1730 4678 2068 4742 movemur
2094 4667 2165 4747 ⁴et
2193 4675 2472 4726 sumus.‘
2497 4659 2601 4744 Cf.
2634 4662 2830 4730 etiam
2860 4659 3194 4728 decretum
