3538 5364
1361 285 1439 339 De
1468 285 2046 356 peregrinationibus,
2426 342 2429 349 ,
2878 296 3014 361 685

574 471 719 536 735.
753 466 1247 535 Corollarlum
1279 467 1378 533 11.
1443 467 1540 530 De
1560 467 2191 553 pereqrinationibua
2224 507 2312 516 -—
2344 467 2505 532 Cum
2537 467 2706 532 Deus
2747 487 2861 550 per
2905 488 3011 534 re-

392 573 622 656 liquias
655 571 764 638 SS.
800 572 1116 636 mirabilia
1148 578 1456 654 operetur
1485 580 1681 654 atque
1713 572 2027 638 beneficia
2060 574 2419 653 elargiatur,
2465 573 2590 637 hoc
2622 574 2761 656 ipso
2792 574 3013 639 fideles

393 681 476 744 ad
496 679 869 746 veneranda
888 677 1314 760 SS.sepu101-a
1341 679 1569 743 invitat
1601 687 1666 743 et
1695 680 2169 760 propemodum
2203 678 2413 756 allicit,
2448 688 2640 763 atque
2666 681 2766 744 ita
2798 680 3017 745 fautor

394 793 491 852 est
522 787 772 869 piarum
805 786 1408 867 peregrinationum.
1461 785 1786 864 Quantum
1819 785 1944 850 hae
1976 786 2211 850 rationi
2244 787 2636 851 christianae
2669 794 2733 851 et
2762 788 3011 869 spiritui

393 913 545 959 vere
576 894 873 975 religioso
906 912 1229 974 congruae
1275 894 1418 968 sint,
1469 893 1634 958 bene
1686 893 1966 958 ostendit
2008 893 2263 958 Jonas
2315 894 2509 958 aurel.
2542 894 2578 957 l.
2613 899 2653 963 3
2705 894 2786 958 de
2836 893 3008 958 cultu

395 1001 581 1080 imag.
616 1002 755 1065 adv.
791 1000 1123 1064 Claudium
1158 1000 1383 1064 taurin.
1419 999 1653 1085 (Migne
1692 1006 1835 1075 106,
1870 1006 1995 1069 367
2033 1002 2130 1087 s.),
2180 1001 2286 1082 qui
2337 1008 2680 1083 postquam
2714 999 3017 1081 probavit

396 1107 598 1171 Deum
622 1108 758 1188 jam
791 1108 856 1169 in
887 1105 960 1169 V.
993 1105 1060 1169 T.
1094 1112 1425 1170 auctorem
1458 1104 1653 1170 fuisse
1685 1105 2287 1187 peregrinationum,
2320 1106 2763 1188 prosequitur:
2817 1105 3010 1184 ‚Qui-

393 1214 514 1278 bus
547 1213 844 1277 omnibus
877 1213 1200 1289 docemur,
1245 1231 1376 1276 non
1421 1212 1884 1294 improbandos
1916 1230 2036 1277 nec
2067 1231 2248 1278 more
2300 1221 2412 1278 tuo
2445 1213 2674 1277 stultos
2706 1213 3013 1294 insipien-

395 1328 620 1401 tesque
653 1317 1068 1401 appellandos
1102 1337 1246 1384 esse
1280 1338 1410 1396 eos,
1459 1317 1567 1401 qui
1600 1318 1962 1383 devotionis
2011 1319 2527 1399 augmentandae
2574 1319 2781 1400 gratia
2813 1319 3010 1383 inter-

395 1427 829 1507 cessionisque
861 1445 975 1507 per
1005 1424 1309 1506 suffragia
1340 1425 1749 1508 quaerendae
1798 1425 2243 1506 apostolorum
2290 1426 2532 1490 adeunt
2562 1426 2812 1489 limina:
2860 1425 3015 1506 quia

395 1533 738 1609 credimuS,
771 1533 946 1614 quod
977 1551 1092 1613 per
1123 1532 1287 1596 haec
1305 1550 1437 1595 non
1458 1532 1864 1596 solummodo
1888 1551 2113 1597 eorum
2135 1533 2456 1598 mentibus
2478 1532 2808 1598 adolescat
2827 1551 3017 1596 amor

396 1641 569 1704 circa
599 1640 791 1703 divini
823 1639 1030 1704 cultus
1062 1640 1451 1716 servitutem,
1501 1640 1615 1703 sed
1661 1640 1857 1703 etiam
1904 1638 2143 1703 laboris
2193 1641 2291 1703 sui
2324 1646 2518 1722 atque
2548 1639 2810 1717 itineriS,
2844 1657 3017 1722 quae

395 1746 610 1812 subire
642 1748 884 1822 volunt,
917 1747 1270 1811 intentione
1292 1747 1487 1810 divini
1507 1746 1764 1824 amoris,
1786 1746 2088 1810 mercede
2112 1746 2447 1810 donentur.
2482 1743 2654 1811 Sane
2686 1754 2782 1810 est
2816 1746 3011 1810 etiam

395 1854 721 1935 proprium
752 1855 1076 1918 humanae
1125 1854 1323 1917 menti
1367 1872 1498 1916 non
1544 1853 1708 1917 adeo
1756 1853 2101 1934 compungi
2148 1872 2225 1917 ex
2261 1852 2496 1916 auditis
2529 1852 2695 1916 sicut
2726 1873 2806 1918 ex
2838 1852 3013 1917 visis.

398 1958 574 2023 Sicut
619 1961 807 2035 enim,
854 1966 1016 2024 teste
1062 1959 1253 2024 beato
1301 1959 1822 2041 HieronymO,
1874 1959 2098 2024 melius
2131 1958 2496 2041 Scripturas
2543 1960 2791 2023 divinas
2824 1960 3011 2024 intel-

395 2066 545 2145 ligit,
578 2067 684 2148 qui
716 2068 981 2130 nomina
1010 2067 1300 2130 locorum
1318 2076 1513 2149 atque
1532 2067 1864 2131 civitatum
1885 2068 2305 2148 peragrando
2329 2068 2588 2131 circuit:
2620 2068 2710 2131 ita
2742 2065 3010 2131 creden-

397 2172 549 2236 dum
584 2180 681 2237 est
713 2191 826 2237 eos
859 2173 1184 2254 amplioris
1215 2191 1407 2253 posse
1427 2171 1560 2237 fieri
1590 2173 1971 2248 devotioniS,
1995 2174 2104 2255 qui
2122 2173 2268 2236 loca
2288 2172 2730 2254 apostolorum
2752 2172 3017 2246 adeunt,

399 2286 463 2343 et
493 2280 557 2343 in
591 2279 716 2343 alio
749 2281 1005 2362 quidem
1025 2280 1292 2344 audiunt
1312 2298 1835 2362 unumquemque
1868 2298 2112 2356 eorum,
2147 2280 2211 2343 in
2243 2279 2368 2343 alio
2403 2285 2620 2345 autem
2654 2284 2911 2354 tortum,
2946 2279 3011 2341 in

397 2386 523 2449 alio
557 2387 962 2463 decollatum,
994 2394 1109 2451 aut
1140 2393 1314 2451 certe
1346 2386 1737 2464 crucifixum,
1788 2385 1939 2450 alibi
1971 2405 2125 2450 vero
2158 2393 2367 2451 terrae
2399 2386 2777 2449 mandatum
2810 2384 3017 2449 oculis

397 2494 592 2556 etiam
624 2496 949 2575 corporeis
982 2495 1425 2576 perlustrant.qt

578 2640 723 2704 736-
755 2636 1010 2705 ΤῙΙΘΒῘδ
1047 2635 1581 2705 CCLXXXIH·
1614 2658 1999 2714 Sam-arum
2040 2659 2439 2724 imammcm
2467 2671 2678 2711 usum
2704 2671 2787 2711 ac
2811 2671 3015 2711 vene-

399 2748 769 2812 rationem,
805 2761 1014 2815 quam
1055 2748 1428 2813 Scriptura
1465 2750 1874 2803 nullatenus
1900 2749 2214 2802 absolute
2237 2748 2580 2814 prohibet,
2615 2749 2821 2812 piam
2860 2747 3012 2800 lici·

398 2841 677 2903 tamque
714 2851 879 2903 esse,
919 2838 1266 2892 Ecclesiae
1293 2841 1674 2893 tradittone
1700 2840 1967 2904 instant
1992 2852 2265 2893 necnon
2295 2852 2475 2891 sano
2501 2839 2802 2890 rationis
2828 2837 3017 2889 chri-

398 2929 674 2981 stianae
697 2927 972 2993 jndicio
1012 2930 1526 2994 comprobatur.

577 3049 1021 3118 Declaratlo.
1085 3054 1389 3113 Nonnulla
1419 3073 1559 3130 prae
1591 3054 1779 3112 oculis
1813 3059 1957 3112 sunt
1988 3054 2273 3124 habenda,
2320 3059 2392 3112 ut
2424 3054 2825 3124 difficultates,
2859 3073 3017 3130 quae

399 3143 679 3201 remorari
711 3143 942 3218 possint
973 3144 1551 3214 demonstrationem,
1585 3143 1649 3201 in
1682 3145 2057 3202 antecessum
2091 3144 2432 3202 solvantur:

582 3226 643 3296 1.
676 3232 858 3290 Aliud
889 3236 982 3291 est
1012 3233 1101 3290 im
1120 3251 1272 3310 ag0,
1307 3232 1469 3291 aliud
1503 3232 1796 3302 idolum
1830 3229 2109 3294 εἴδωλονε
2142 3233 2336 3310 imago
2369 3233 2441 3292 ab
2460 3233 2748 3292 imitando
2770 3233 3012 3302 dicitur,

401 3321 627 3379 idolum
676 3339 833 3391 vero,
882 3322 994 3380 etsi
1042 3322 1429 3398 etymologica
1463 3320 1792 3396 quamlibet
1822 3320 2068 3379 formam
2113 3321 2207 3379 vel
2253 3322 2503 3399 figuram
2539 3327 2724 3394 sonat,
2776 3342 2845 3381 ex
2896 3341 3017 3381 usu

401 3410 682 3484 loquendi
716 3410 960 3485 profano
992 3411 1266 3488 designat
1299 3411 1626 3470 secundum
1672 3408 1854 3467 Suid
1874 3430 1980 3467 am
2025 3410 2480 3471 similitudinem
2526 3412 2908 3470 umbratilem
2955 3419 3015 3470 et

401 3502 777 3574 apparentem
829 3499 1084 3575 corporis
1132 3500 1415 3575 speciem:
1468 3518 1534 3557 ex
1587 3518 1699 3558 usu
1752 3517 1888 3556 vero
1938 3498 2221 3574 loquendi
2255 3501 2651 3559 ecclesiastico
2688 3502 3013 3559 secundum

404 3588 585 3649 Henr.
630 3588 1096 3661 Stephanum
1145 3583 1232 3670 (in
1275 3586 1579 3670 thesauro)
1630 3588 2013 3648 simulacrum
2054 3601 2278 3647 numen
2311 3589 2551 3664 aliquod
2588 3588 2733 3669 (scil.
2766 3585 3015 3670 falsum)

402 3681 867 3753 repraesentans,
914 3677 1072 3752 quod
1107 3676 1326 3736 honore
1358 3679 1644 3752 cultuque
1675 3678 2011 3752 dignamur.
2080 3675 2269 3744 Quare
2314 3679 2424 3737 hoc
2471 3697 2651 3737 sensu
2695 3679 2877 3737 toties
2912 3680 3011 3736 ha-

403 3768 580 3825 betur
620 3764 863 3836 idolum,
910 3767 1146 3841 quoties
1192 3768 1283 3824 vel
1330 3767 1526 3842 ipsum
1574 3766 1959 3824 simulacrum
2006 3766 2261 3824 habetur
2307 3786 2415 3842 pro
2462 3768 2598 3837 De0,
2651 3768 2744 3825 vel
2792 3786 3013 3825 numen

402 3857 584 3914 refert
628 3873 746 3913 non
792 3862 1048 3925 exstanS,
1096 3858 1188 3915 vel
1235 3876 1357 3914 rem
1405 3861 1679 3927 creatam,
1730 3873 1881 3929 quae
1915 3854 2018 3912 Dei
2065 3855 2254 3914 instar
2295 3856 2564 3917 habetur.
2631 3857 2839 3914 Merito
2872 3874 3017 3931 ergo

402 3945 556 4002 dixit
586 3944 802 4003 Paulus
843 3956 891 4005 1.
924 3945 1047 4003 Cor.
1083 3955 1138 4017 8,
1177 3953 1245 4007 4:
1296 3945 1457 4004 Nihil
1488 3953 1567 4004 est
1599 3947 1815 4004 idolum
1848 3947 1907 4001 in
1942 3945 2172 4015 mundO,
2207 3946 2431 4004 idolum
2465 3946 2585 4004 scil.
2636 3946 2730 4003 vel
2763 3948 2855 4003 est
2904 3946 3014 4021 fig-

403 4036 671 4092 mentum
704 4033 796 4090 vel
826 4033 1173 4109 figmentum
1208 4039 1628 4109 repraesentat.
2302 4049 2307 4054 “

580 4119 643 4187 2.
677 4121 843 4180 Unde
875 4123 1066 4198 liquet
1109 4128 1446 4182 sanctorum
1492 4124 1782 4201 imagines
1813 4129 1875 4182 et
1906 4125 2483 4200 repraesentationes
2518 4123 2623 4182 Dei
2658 4123 3016 4197 symbolicas

402 4229 525 4269 non
557 4230 686 4271 esse
719 4211 892 4282 idola,
926 4232 1119 4287 neque
1152 4213 1256 4287 qui
1291 4213 1423 4271 illas
1456 4216 1818 4272 venerantur
1850 4214 2211 4284 idololatrae,
2260 4231 2447 4288 eoque
2481 4212 2695 4280 minue,
2732 4212 2891 4286 quod
2924 4230 3011 4269 ca·

404 4301 610 4359 thoiici
641 4321 715 4360 ne
749 4301 968 4359 sanctis
1001 4302 1259 4377 quidem,
1295 4302 1515 4361 nedum
1548 4322 1754 4362 eorum
1786 4303 2167 4380 imaginibuS,
2220 4303 2427 4361 latriae
2464 4301 2733 4360 deferant
2765 4301 3014 4362 cultum.

405 4391 694 4461 Ceterum,
744 4395 815 4447 ut
847 4390 906 4447 id
939 4391 1130 4449 obiter
1160 4392 1255 4449 hic
1284 4394 1559 4450 notemus
1607 4392 1976 4450 idololatriae
2028 4392 2324 4450 calumnia
2370 4392 2431 4449 in
2480 4390 2798 4448 catholicos
2838 4390 3013 4464 jacta,

405 4498 584 4553 quam
615 4483 946 4552 recoquunt
989 4499 1096 4555 pro
1144 4500 1302 4539 more
1353 4484 1773 4539 novatores
1828 4499 1940 4540 seo.
1973 4481 2138 4550 XVI„
2191 4481 2338 4539 bene
2370 4480 2641 4554 rejicit-ur
2672 4478 2736 4537 in
2769 4478 3015 4538 concilio

406 4568 896 4627 oecumenico
932 4569 1051 4630 VII.
1086 4573 1196 4631 act.
1233 4581 1301 4632 4:
1340 4571 1489 4638 ,Dic
1519 4570 1683 4638 mihi,
1720 4571 2014 4644 quomodo
2048 4588 2253 4628 sumus
2276 4569 2644 4637 idololatrae,
2681 4569 2784 4643 qui
2806 4567 3015 4642 etipsa

405 4676 537 4715 ossa
567 4660 628 4715 et
659 4657 911 4716 cinerem
946 4662 1006 4716 et
1038 4677 1262 4733 pannos
1293 4666 1354 4717 et
1386 4660 1736 4737 sanguinem
1771 4663 1830 4717 et
1860 4655 2164 4716 tumulum
2212 4661 2542 4734 martyrum
2578 4658 2722 4717 ‘ideo
2759 4658 3014 4716 honora-

405 4765 540 4804 mus
562 4750 622 4805 et
641 4747 967 4816 ador-amm,
1002 4748 1143 4822 quia
1162 4749 1335 4806 idolis
1354 4768 1472 4808 non
1494 4749 1971 4807 sacrificaverunt
1986 4751 2012 4804 Ῥ
2027 4756 2053 4785 ⁴¹
2091 4748 2423 4819 VeneratiO,
2449 4767 2623 4823 quam
2648 4746 3018 4824 imaginibus
