3538 5364
1500 291 1856 358 argumenta.
2852 297 2981 364 (395

546 470 615 536 2.
649 473 896 549 Signum
929 473 1118 532 crucis
1164 477 1254 532 est
1300 474 1466 549 spei
1511 492 1754 533 ancora:
1810 474 2159 550 profitemur
2204 476 2364 534 enim
2395 494 2463 535 eo
2493 492 2554 541 a.
2590 476 2653 535 in
2684 495 2855 537 cruce
2887 496 2979 536 sa·

369 563 552 621 lutem
584 566 850 622 nostram
895 562 1215 638 repositam
1248 581 1404 633 esse3
1453 582 1560 639 per
1588 563 1744 621 illud
1780 562 1848 625 b.
1883 564 2182 622 attrahere
2227 565 2473 623 nitimur
2504 566 2568 624 in
2600 584 2726 635 noe,
2775 571 2980 625 nostra

366 652 606 729 negotia
637 652 941 725 vitamque
972 652 1312 710 universam
1344 652 1596 728 gratiam
1620 654 1680 711 et
1698 652 2194 724 benedictionem,
2231 655 2404 728 cujus
2435 673 2575 713 crux
2596 655 2828 714 exstitit
2846 655 2978 714 fons

367 742 733 811 uberrimus;
764 740 864 798 illo
898 755 962 804 c.
999 759 1104 799 nos
1137 741 1440 800 munimus
1473 741 1754 800 adversus
1789 742 2088 800 daemonis
2120 741 2386 805 insidiae.

545 826 608 896 3.
641 830 891 907 Signum
925 830 1116 889 crucis
1149 830 1498 889 alimentum
1534 833 1626 888 est
1657 831 2066 901 caritatis,
2115 833 2410 905 quatenus
2443 847 2506 896 a.
2542 832 2606 891 in
2637 834 2978 893 memoriam

364 923 602 979 revocat
645 937 877 978 omnem
922 918 1090 977 illius
1135 920 1459 992 caritatem,
1513 922 1612 996 qui
1643 920 1843 978 dilexit
1876 939 1962 977 me
1992 927 2043 978 et
2074 921 2321 979 tradidit
2353 924 2723 997 semetipsum
2752 941 2863 998 pro
2894 942 2982 981 me

367 1010 490 1071 Gal.
527 1018 583 1079 2,
622 1018 734 1080 20;
786 1011 1082 1084 quatenus
1116 1005 1185 1074 b.
1216 1028 1323 1067 nos
1354 1012 1651 1084 provocat,
1703 1011 1776 1067 ut
1806 1013 1868 1067 et
1899 1008 2017 1084 ipsi
2070 1027 2299 1068 crucem
2353 1013 2623 1070 nostram
2669 1031 2738 1069 ex
2783 1030 2979 1071 amore

364 1117 508 1175 erga
550 1098 752 1173 ipsum
803 1098 1074 1167 feramuS,
1126 1117 1262 1157 nam
1294 1098 1527 1156 Christo
1571 1116 1678 1174 pro
1724 1098 1899 1156 nobis
1945 1116 2121 1172 passo
2152 1101 2212 1156 et
2242 1116 2350 1158 nos
2383 1100 2588 1158 eadem
2620 1100 2979 1178 cogitatione

364 1187 579 1244 armari
612 1189 850 1262 oportet
887 1197 940 1249 1.
961 1187 1119 1245 Petr.
1144 1198 1200 1256 4,
1242 1199 1264 1249 l
1290 1209 1303 1257 ;
1338 1190 1636 1261 quatenus
1669 1201 1735 1250 c.
1771 1187 1877 1245 illo
1909 1206 2240 1259 monemur,
2273 1191 2346 1246 ut
2376 1206 2549 1247 omne
2581 1189 2979 1265 quodcunque

363 1275 613 1334 facimus
643 1276 707 1334 in
739 1276 920 1334 verbo
952 1278 1058 1335 aut
1090 1276 1152 1334 in
1185 1295 1374 1351 opere,
1410 1276 1691 1334 omniain
1711 1276 1951 1335 nomine
1973 1277 2038 1334 D.
2060 1276 2131 1336 N.
2152 1276 2208 1336 J.
2229 1276 2448 1335 Christi
2481 1278 2704 1355 gratias
2735 1281 2978 1355 agentes

362 1365 487 1423 Deo
518 1367 579 1422 et
610 1364 773 1423 Patri
814 1383 920 1439 per
948 1365 1165 1440 ipsum,
1215 1364 1501 1423 faciamus
1535 1364 1745 1423 Coloss.
1784 1375 1839 1435 3,
1884 1375 1977 1427 17.
2041 1364 2310 1441 Denique
2354 1363 2426 1430 d.
2474 1367 2772 1444 frequenti
2818 1368 2980 1427 illius

362 1471 481 1511 usu
512 1457 805 1512 testamur
835 1454 1035 1529 ipsum
1068 1472 1198 1512 esse
1232 1454 1463 1531 insigne
1496 1448 1814 1537 (Wappen)
1860 1457 2130 1512 nostrum
2176 1458 2356 1531 atque
2389 1456 2694 1532 sequimur
2722 1453 2979 1516 Paulum

365 1542 687 1601 dicentem:
742 1543 892 1600 Mihi
921 1550 1114 1601 autem
1147 1543 1295 1602 absit
1321 1544 1591 1620 qloriari,
1630 1545 1746 1601 nisi
1776 1545 1839 1601 in
1870 1561 2034 1601 ονιισε
2063 1542 2137 1604 D.
2170 1544 2245 1601 N.
2279 1546 2339 1602 J.
2377 1545 2628 1605 Christi:
2672 1565 2784 1622 per
2814 1565 2979 1623 quem

363 1631 507 1689 mihi
538 1633 790 1690 mundus
833 1634 1150 1706 crucifixus
1193 1640 1294 1706 est,
1344 1638 1396 1691 et
1427 1650 1521 1709 eqo
1555 1633 1768 1690 mundo
1802 1631 1926 1695 Gal.
1963 1641 2020 1701 6,
2065 1643 2160 1695 14.
2225 1633 2304 1697 Cf.
2338 1653 2395 1693 n.
2433 1644 2555 1696 742
2592 1638 2653 1693 et
2683 1636 2981 1711 praeclara

363 1723 601 1796 patrum
636 1721 710 1779 ad
743 1720 883 1779 haec
912 1721 1267 1779 illustranda
1297 1721 1641 1780 testimonia
1671 1738 1873 1797 opusc.
1905 1720 2005 1792 XI,
2043 1731 2123 1784 99
2159 1740 2234 1785 ss.
2268 1742 2318 1781 a.

544 1844 688 1909 748.
731 1839 1025 1913 „Facturi
1054 1841 1245 1921 igitur
1275 1840 1465 1907 finem
1482 1842 1528 1926 ¹)
1564 1841 1957 1923 modumque
1990 1842 2204 1906 cursui
2236 1842 2640 1923 imponentes
2685 1844 2979 1908 bravium

361 1945 780 2027 postulamus,
812 1965 942 2010 non
975 1964 1204 2010 aurum
1237 1953 1654 2026 argentumve
1686 1965 1805 2011 seu
1837 1947 2029 2011 etiam
2076 1948 2382 2013 secularis
2415 1967 2613 2016 aurae
2645 1950 2980 2034 laudisque

362 2051 649 2117 favorem
671 2053 1071 2128 mundanae;
1104 2073 1326 2119 verum
1348 2054 1430 2117 ab
1453 2054 1559 2118 illo
1579 2055 1975 2119 remunerari
1997 2055 2293 2136 petimuS,
2324 2056 2431 2119 cui
2451 2057 2689 2121 servire
2709 2076 2980 2138 regnare

363 2166 476 2238 est,
510 2159 589 2224 de
622 2178 751 2243 quo
786 2166 849 2224 et
882 2179 922 2224 a
953 2180 1081 2243 quo
1114 2162 1409 2239 diximuS,
1443 2161 1754 2244 quidquid
1787 2161 1955 2226 bene
1989 2162 2285 2226 diximus,
2350 2162 2441 2228 De
2474 2170 2689 2229 cetero
2723 2164 2804 2228 ab
2839 2164 2977 2241 illis,

364 2267 472 2348 qui
500 2267 628 2331 hoc
658 2285 821 2348 opus
854 2267 1077 2332 lecturi
1108 2274 1273 2344 sunt,
1309 2267 1365 2331 si
1396 2269 1539 2351 quis
1571 2274 1792 2332 tamen
1822 2269 1949 2333 hoc
1969 2274 2196 2350 captus
2218 2287 2440 2335 amore
2460 2271 2643 2351 leget,
2679 2270 2759 2336 de
2780 2271 2977 2335 omis-

363 2374 451 2436 sis
480 2373 582 2438 vel
613 2392 743 2437 non
774 2393 933 2439 sane
964 2374 1150 2438 dictis
1182 2375 1438 2439 veniam
1470 2375 1895 2456 postulamuS,
1927 2383 2000 2441 ut
2021 2382 2086 2440 et
2118 2376 2198 2440 de
2219 2376 2587 2442 benedictis
2609 2376 2744 2443 Deo
2765 2384 2978 2458 grates

362 2480 685 2561 persolvat
715 2500 989 2563 eumque
1038 2499 1154 2563 pro
1205 2481 1391 2545 nobis
1440 2481 1752 2563 imploret,
1805 2489 2122 2565 quatenus
2171 2483 2344 2546 viam
2399 2484 2737 2548 universae
2768 2485 2979 2548 carnis

362 2585 724 2667 ingressuri,
756 2596 1018 2669 praesto
1048 2588 1406 2652 habeamus
1438 2586 1840 2653 defensorem
1861 2595 2155 2653 nostrum
2188 2589 2673 2655 misericordem
2707 2596 2772 2655 et
2801 2591 2979 2672 pium

365 2692 707 2757 Dominum
736 2694 958 2760 Jesum
990 2693 1329 2771 Christum,
1362 2695 1464 2759 cui
1497 2701 1595 2759 est
1626 2696 1837 2759 honor
1869 2703 1934 2761 et
1965 2696 2168 2777 gloria
2199 2713 2347 2761 cum
2367 2696 2559 2761 Patre
2592 2704 2658 2763 et
2677 2695 2913 2779 Spiritu
2929 2719 2977 2763 S.

363 2817 477 2880 per
509 2802 727 2865 omnia
756 2803 976 2867 secula
1008 2802 1387 2868 seculorum.
1450 2801 1711 2867 Amen.‘

586 2995 621 3064 ¹)
651 2994 836 3048 Verba
862 2997 997 3048 suut
1037 2995 1082 3047 G
1103 3013 1138 3047 u
1156 2996 1308 3050 alte
1326 2996 1389 3049 ri
1429 2996 1496 3049 de
1525 2995 1886 3060 Castelhoue,
1928 2996 2200 3061 insulani,
2228 2996 2545 3067 praepositi
2572 2997 2977 3052 canonicorum

363 3074 786 3127 tornacensium
814 3075 887 3144 (fl.
915 3075 988 3127 ab
1015 3091 1064 3127 a.
1092 3075 1222 3128 circ.
1255 3079 1605 3132 1160—1200
1645 3076 1734 3130 vel
1776 3079 1927 3132 ultra
1968 3078 2181 3148 etiam),
2224 3077 2436 3145 quibus
2478 3094 2645 3133 suum
2672 3081 2869 3133 contra
2885 3078 2977 3146 ju·

364 3152 534 3206 daeos
561 3155 723 3206 tract.
751 3155 997 3209 absolvit
1024 3155 1101 3225 (Μ
1119 3155 1137 3207 i
1154 3175 1192 3225 g
1209 3174 1245 3208 n
1263 3172 1292 3210 e
1320 3162 1440 3219 209,
1469 3161 1611 3228 458).
