3538 5364
1498 358 1577 412 De
1603 358 1872 412 divorti0.
2864 365 2993 430 583

377 559 852 642 separationem
885 558 1214 623 instituere
1247 555 1459 639 quoad
1511 573 1804 620 mensam
1854 561 1918 619 et
1967 562 2197 631 torum,
2248 571 2395 617 cum
2447 554 2655 634 agitur
2686 556 2765 621 de
2798 557 2993 620 animi

378 667 600 741 salute,
634 666 715 732 dc
746 665 1035 731 cavenda
1065 663 1479 728 damnatione
1513 664 1828 726 aeterna?
1862 661 2028 727 Vere
2061 661 2226 725 mira
2257 668 2643 726 novatorum
2675 663 2997 743 theologia

376 774 734 856 pastoralis.
798 770 1184 836 Matrimonii
1247 769 1733 835 dissolutionem
1797 769 2065 834 totalem
2128 769 2303 833 haud
2365 786 2554 849 aegre
2600 769 2994 851 permittunt,

377 879 721 945 divortium
754 878 1250 943 medicinale
1285 878 1499 960 quoad
1533 877 2078 943 cohabitationem
2113 879 2454 942 damnant!

559 1018 702 1073 625.
735 1009 991 1079 Quaeras
1025 1009 1318 1084 quomodo
1352 1008 1446 1066 hic
1480 1027 1663 1066 canon
1696 1012 1757 1065 et
1789 1008 2077 1067 Ecclesiae
2097 1008 2295 1084 praxis
2320 1008 2671 1066 concilietur
2702 1026 2836 1067 cum
2869 1028 2996 1066 ver·

377 1100 467 1158 bis
498 1099 734 1169 Christi,
783 1099 889 1174 qui
932 1104 1055 1155 tam
1102 1098 1322 1157 diserte
1360 1116 1580 1155 unam
1610 1101 1850 1155 tantum
1884 1115 2136 1168 causam,
2191 1097 2675 1156 adulterium
2709 1097 2852 1166 scil.,
2905 1115 2996 1155 as-

380 1190 583 1265 signat
623 1189 791 1264 Juste
840 1187 1183 1245 dimittendi
1234 1205 1491 1246 uxorem.
1576 1186 1956 1261 Respondent
2003 1186 2264 1262 theologi
2333 1205 2465 1245 cum
2529 1188 2864 1245 Perrone
2925 1186 2997 1245 de

380 1278 636 1336 matrim.
665 1276 756 1335 111
787 1295 834 1335 c.
870 1289 926 1346 5,
959 1296 1078 1334 non
1110 1276 1241 1334 ideo
1275 1276 1440 1333 illius
1472 1280 1710 1333 tantum
1743 1276 2008 1334 criminis
2043 1275 2340 1334 Christum
2374 1275 2583 1335 fecisse
2615 1276 2996 1347 mentionem,

381 1366 551 1442 quasi
585 1366 659 1424 ol»
692 1367 809 1424 aliu.
839 1365 1088 1423 crimina
1116 1366 1191 1423 ab
1222 1364 1511 1423 adulterio
1542 1364 1778 1423 diversa
1808 1364 1934 1423 fieri
1967 1383 2084 1423 non
2119 1365 2291 1423 liceat
2322 1364 2678 1423 divortium:
2727 1365 2829 1423 sed
2862 1365 2995 1423 ideo

383 1452 445 1518 l.
481 1455 619 1530 quia
653 1455 848 1513 solum
880 1454 1155 1513 adulterii
1187 1454 1408 1513 crimen
1454 1453 1558 1512 dat
1594 1454 1697 1529 jus
1744 1452 1817 1511 ad
1863 1456 2323 1530 perpetuam
2368 1454 2794 1529 separationem
2839 1453 2997 1530 parti

381 1544 702 1610 innocenti,
750 1545 981 1602 etiamsi
1026 1563 1159 1619 pars
1204 1543 1474 1601 adultera
1517 1561 1585 1601 ex
1632 1542 1830 1601 animo
1863 1544 2082 1618 patrati
2131 1543 2342 1620 flagitii
2378 1546 2515 1620 agat
2547 1543 2995 1618 poenitentiam,

380 1634 535 1708 quod
569 1633 633 1692 in
665 1632 908 1708 reliquis
943 1632 1332 1708 separationis
1367 1632 1561 1690 causis
1594 1633 1790 1690 locum
1821 1650 1942 1691 non
1978 1632 2168 1696 habet.
2232 1631 2295 1695 2.
2341 1631 2492 1701 Quia
2531 1636 2758 1691 ceterae
2789 1650 2999 1692 causae

378 1741 496 1781 non
529 1727 671 1780 sunt
702 1722 1065 1781 matrimonii
1099 1721 1387 1797 propriae,
1423 1721 1528 1779 sed
1560 1721 1692 1779 aliis
1727 1741 1968 1796 quoque
1989 1721 2602 1780 confoederationibus
2635 1739 2997 1790 communes,

380 1831 512 1870 nam
548 1819 791 1887 propter
827 1811 1200 1886 apostasiam,
1248 1810 1556 1869 haeresim.
1608 1809 2011 1869 inductionem
2059 1811 2130 1868 ad
2176 1815 2478 1886 peccatum
2511 1813 2618 1868 etc.
2652 1829 2771 1869 non
2805 1811 2998 1869 solum

379 1902 453 1958 ab
483 1918 681 1967 uxore,
718 1900 818 1958 sed
852 1910 912 1958 et
943 1920 978 1958 a
1010 1903 1191 1975 patre.
1227 1904 1432 1968 matre,
1467 1898 1755 1957 fratribus
1787 1904 1896 1957 etc.
1932 1899 2226 1975 separatio
2259 1899 2525 1957 facienda
2555 1904 2646 1958 est
2678 1919 2748 1957 ex
2780 1899 2999 1958 Christi

380 1989 686 2049 mandato:
734 1989 1094 2048 adulterium
1130 2007 1267 2046 vero
1300 2005 1476 2046 causa
1519 1992 1610 2045 est
1656 1989 1840 2047 solius
1872 1988 2235 2047 matrimonii
2278 1989 2615 2064 propria.
2680 1989 2790 2047 Illo
2840 1988 2999 2047 enim

380 2078 559 2153 hujus
604 2079 844 2148 bonum,
896 2078 1053 2152 quod
1105 2078 1167 2135 in
1216 2077 1501 2135 fidelitate
1551 2076 1841 2147 consistit,
1894 2077 2115 2136 directe
2166 2077 2479 2153 impetitur
2527 2084 2707 2153 atque
2758 2096 3002 2154 prorsus

383 2168 729 2230 destruitur.

558 2292 704 2356 626-
738 2288 994 2354 ThOSlS
1030 2285 1400 2353 CCLXVI·
1481 2307 1794 2362 Ecclesia
1854 2311 2079 2373 potest
2131 2311 2438 2360 statuere
2496 2308 3001 2371 impedimenta

382 2399 923 2451 matrimonium
948 2397 1362 2452 div-(mentia
1426 2401 1452 2449 ι
1476 2398 1571 2450 ad
1598 2396 1750 2461 eius
1777 2396 2096 2450 tribunal
2122 2399 2441 2462 spectant
2467 2410 2722 2450 causae
2747 2397 3000 2450 matri-

382 2486 744 2550 moniales,
782 2499 959 2553 quae
999 2487 1308 2551 respicito
1427 2486 1660 2550 ipsum
1685 2486 2135 2539 matrimonii
2170 2484 2550 2537 vinculum.

560 2591 1107 2658 Demonstratlo
1140 2610 1206 2676 p.
1241 2590 1304 2656 1.
1367 2588 1812 2665 Adversarios,
1863 2595 2091 2652 contra
2141 2607 2305 2670 quos
2357 2589 2697 2653 statuimus
2750 2588 3000 2665 thesim,

381 2697 860 2779 diligentissime
905 2705 1243 2762 recensent
1274 2698 1771 2779 Roskovany
1803 2716 1860 2778 p.
1900 2701 1932 2763 1
1969 2698 2003 2780 ξ
2047 2702 2075 2763 1
2110 2715 2194 2759 ss.
2229 2701 2290 2759 et
2324 2694 2573 2760 Perro
2597 2715 2691 2762 ne
2726 2703 2764 2759 t.
2799 2696 2846 2760 11
2879 2716 2926 2760 s.
2964 2703 2996 2765 1

382 2823 433 2867 c.
468 2810 509 2874 2
543 2822 599 2867 a.
639 2812 690 2871 1.
753 2803 844 2867 Ea
877 2811 974 2868 est
1005 2804 1084 2868 de
1117 2803 1256 2879 fide,
1310 2811 1382 2868 ut
1413 2811 1590 2885 patet
1622 2822 1699 2868 ex
1733 2822 1888 2868 sess.
1924 2809 2008 2872 24
2059 2802 2312 2866 concilii
2358 2803 2536 2867 trid.
2585 2821 2724 2866 can.
2760 2809 2799 2871 3
2834 2808 2898 2867 et
2927 2809 3001 2870 4:

394 2909 494 2984 „Si
528 2912 670 2992 quis
704 2909 949 2984 dixerit,
982 2909 1334 2975 Ecclesiam
1367 2929 1496 2973 non
1530 2910 1819 2991 potuisse
1850 2910 2247 2975 constituere
2289 2909 2746 2990 impedimenta
2776 2910 3000 2973 matri-

386 3018 672 3082 monium
707 3016 1071 3081 dirimentia
1092 3017 1190 3081 vel
1211 3017 1370 3080 iniis
1393 3017 1858 3081 constituendis
1879 3035 2147 3093 errasse,
2168 3016 2240 3079 A.
2264 3014 2363 3080 S.‹
2404 3014 2720 3095 Quocirca
2736 3015 2885 3080 Pius
2901 3016 3000 3079 IX.

385 3125 714 3190 damnavit
746 3143 924 3206 prop.
958 3129 1042 3193 68
1077 3123 1337 3205 syllabi:
1378 3123 1700 3198 ,Ecclesia
1732 3142 1864 3187 non
1894 3123 2093 3189 habet
2126 3130 2512 3206 potestatem
2547 3123 3005 3204 impedimenta

386 3231 775 3295 matrimonii
809 3230 1175 3296 dirimentia
1205 3230 1568 3307 inducendi,
1602 3231 1717 3294 sed
1749 3249 1828 3294 ea
1861 3238 2156 3311 potestas
2204 3231 2367 3294 civili
2420 3229 2789 3294 auctoritati
2821 3249 3002 3293 com-

385 3337 561 3420 petit,
596 3357 634 3402 a
668 3356 796 3420 qua
827 3337 1286 3420 impedimenta
1319 3337 1691 3401 exsistentia
1724 3337 2006 3403 tollenda
2038 3345 2240 3401 sunt‘
2309 3338 2460 3402 ,lure
2511 3345 2729 3403 autem
2777 3339 3004 3402 merito

386 3464 464 3510 ea
497 3445 799 3510 tribuitur
816 3444 1137 3509 Ecclesiae
1153 3450 1460 3526 potestaS,
1483 3461 1677 3525 quam
1715 3444 1856 3526 ipsa
1891 3444 2065 3508 nullo
2102 3445 2496 3510 reclamante
2528 3445 2593 3507 in
2626 3445 3003 3525 gravissimo

387 3558 452 3617 et
486 3553 858 3635 quotidiano
892 3552 1168 3632 negotiO,
1203 3551 1391 3634 quale
1424 3557 1523 3615 est
1542 3550 2042 3626 matrimonium,
2064 3551 2146 3614 ad
2169 3552 2502 3614 minimum
2525 3570 2638 3632 per
2657 3551 2765 3614 XII
2787 3552 3004 3617 secula

387 3660 685 3724 exercuit.
750 3660 942 3740 Atqui
975 3657 1057 3721 ab
1090 3658 1272 3723 initio
1304 3658 1501 3723 seculi
1534 3658 1760 3723 saltem
1795 3658 1892 3722 IV.
1931 3676 2134 3740 usque
2170 3659 2250 3722 ad
2283 3676 2405 3723 sec.
2439 3659 2596 3722 XVI.
2631 3659 2800 3721 hanc
2820 3665 3004 3741 pote-

385 3772 619 3831 statem
656 3764 938 3830 Ecclesia
968 3766 1567 3851 ngssstgeclamame
1601 3766 1903 3830 exercuit.
1968 3764 2195 3829 Merito
2231 3784 2381 3846 ergo
2416 3783 2495 3829 ea
2528 3765 2649 3847 ipsi
2682 3767 3004 3830 asseritur.

387 3872 747 3953 Propositio
785 3873 995 3937 minor
1025 3879 1205 3955 patet
1254 3891 1330 3937 ex
1364 3872 1650 3954 pluribus
1694 3872 2074 3949 canonibu5,
2122 3873 2352 3955 quibus
2385 3873 2668 3937 Ecclesia
2704 3873 2929 3936 saltem
2967 3890 3006 3935 a

387 3997 511 4043 sec.
534 3978 632 4042 IV.
656 3979 1112 4060 impedimenta
1132 3979 1478 4043 constituit.
1500 3979 1594 4043 Ita
1614 3997 1793 4042 conc.
1829 3999 1869 4042 n
1886 3997 1921 4042 e
1940 3997 1978 4042 o
1997 3996 2031 4041 c
2049 3998 2088 4042 a
2104 3999 2139 4043 e
2156 3999 2186 4042 s
2203 3998 2242 4042 a
2258 3980 2324 4042 ri
2342 3998 2376 4043 e
2393 3999 2435 4042 n
2452 4000 2482 4042 s
2503 3999 2538 4044 e
2573 3980 2653 4064 (a.
2670 3980 3003 4064 314—24)

386 4104 523 4149 can.
547 4087 1133 4167 2impedimentum
1155 4085 1510 4149 affinitatis:
1552 4085 1829 4162 ,Mulier,
1863 4086 1919 4149 si
1953 4085 2204 4150 duobus
2238 4087 2527 4168 nupserit
2546 4085 2865 4161 fratribuS,
2887 4084 3003 4147 ab-

379 4193 636 4273 jiciatur
668 4212 871 4276 usque
904 4194 988 4257 ad
1019 4199 1310 4257 mortem.
1375 4193 1838 4258 Verumtamen
1882 4194 1944 4256 in
1978 4194 2149 4259 exitu
2183 4201 2447 4275 propter
2477 4192 3004 4269 misericordiam,

387 4301 440 4362 si
470 4301 852 4381 promiserit,
887 4301 1058 4383 quod
1091 4298 1262 4363 facta
1293 4299 1631 4362 incolumis
1662 4300 1852 4381 hujus
1885 4300 2358 4382 conjunctionis
2392 4300 2646 4363 vincula
2678 4297 3004 4375 dissolvat,

388 4404 660 4470 fructum
684 4408 1117 4488 poenitentiae
1138 4415 1627 4490 consequatur.‘
1657 4405 1743 4470 Cf.
1762 4407 1890 4470 alia
1905 4407 2197 4489 exempla
2218 4407 2388 4488 apud
2408 4406 2614 4470 Palm
2629 4407 2648 4468 i
2662 4407 2769 4471 eri
2799 4406 2882 4469 th.
2902 4411 3004 4474 29.

390 4511 818 4579 Confirmatur
839 4515 1107 4579 assertio
1141 4533 1208 4582 a.
1244 4532 1284 4578 a
1315 4534 1356 4595 p
1376 4533 1415 4577 a
1432 4513 1531 4577 ri:
1566 4519 1781 4595 potest
1802 4514 1974 4577 enim
1994 4515 2271 4579 societas
2293 4515 2491 4578 civilis
2513 4513 2826 4596 appositis
2847 4533 3003 4577 con-

390 4618 735 4684 ditionibus
767 4621 981 4703 plures
1002 4628 1370 4685 contractus
1393 4622 1735 4698 naturaleS,
1769 4620 1824 4684 si
1857 4621 1919 4684 id
1954 4620 2166 4702 exigat
2200 4621 2442 4686 bonum
2463 4639 2824 4696 commune,
2858 4621 3004 4685 red-

390 4725 541 4791 dere
573 4727 916 4803 invalidos;
949 4728 1187 4809 poterit
1219 4746 1369 4809 ergo
1404 4735 1467 4792 et
1498 4728 1783 4794 Ecclesia
1829 4728 2260 4793 determinare
2308 4736 2371 4793 et
2417 4729 2695 4804 definire,
2747 4727 3005 4810 quando
3037 4721 3040 4722 ⁷

388 4834 636 4897 validus
670 4834 750 4898 sit
780 4835 884 4898 hic
917 4842 1306 4909 contractuS,
1339 4854 1528 4918 quem
1561 4837 1911 4915 regendum
1959 4837 2553 4918 moderandumque
2586 4836 2704 4917 ipsi
2736 4834 3004 4915 subjecit
