3538 5364
1257 250 1338 305 De
1364 250 1567 307 merito
1595 251 1957 321 quaestiones
1981 251 2256 321 reliquae.
2937 261 3058 325 197

443 433 912 509 virtualem,
975 450 1142 515 quae
1201 433 1566 497 continetur
1611 432 2014 497 ordinatione
2060 432 2355 519 divina1),
2403 433 2483 498 de
2529 452 2657 515 qua
2716 435 2807 497 ita
2866 434 3066 499 habet

445 559 495 602 s.
528 539 881 602 Thomas
921 544 973 607 1.
1009 545 1049 607 2
1083 559 1140 622 q.
1179 545 1304 607 114
1335 557 1392 603 a.
1429 543 1463 606 1
1500 539 1564 602 in
1596 556 1682 602 c.:
1753 539 2088 614 ,Meritum
2138 539 2415 603 hominis
2465 540 2636 621 apud
2668 539 2872 604 Deum
2923 559 3065 606 esse

448 665 583 710 non
614 652 827 728 potest
857 646 979 710 nisi
1011 647 1367 711 secundum
1399 647 2071 729 praesuppositionem
2094 646 2347 711 divinae
2367 646 2806 722 ordinationis»,
2827 647 2919 710 ita
2937 647 3067 711 scil.

450 762 521 818 ut
551 755 615 817 id
644 755 843 818 homo
876 758 1309 836 consequatur
1342 771 1383 817 a
1414 754 1546 818 Deo
1577 772 1695 835 per
1726 771 1915 818 suam
1964 754 2407 835 operationem
2458 754 2643 837 quasi
2688 754 3068 831 mercedem,

448 861 533 924 ad
568 861 742 943 quod
775 859 945 925 Deus
976 860 1036 924 ei
1066 861 1367 925 virtutem
1402 861 1713 943 operandi
1751 861 2114 942 deputavit:
2164 861 2329 926 sicut
2378 861 2572 925 etiam
2604 879 2710 925 res
2741 859 3071 926 naturales

448 968 575 1031 hoc
606 973 1086 1049 consequuntur
1116 985 1232 1049 per
1266 969 1563 1050 proprios
1595 977 1813 1033 motus
1846 976 1912 1034 et
1943 969 2372 1051 operationes,
2405 968 2488 1031 ad
2521 968 2692 1050 quod
2714 985 2754 1031 a
2773 967 2906 1032 Deo
2923 973 3073 1032 sunt

449 1073 844 1138 ordinatam
886 1073 1051 1138 Hinc
1079 1083 1153 1139 ut
1183 1074 1263 1139 ib.
1303 1076 1387 1139 ad
1421 1080 1477 1145 3.
1512 1082 1699 1140 notat
1717 1075 1888 1141 Deus
1918 1094 2049 1140 non
2082 1074 2348 1140 efficitur
2387 1075 2793 1157 ,simpliciter
2823 1075 3076 1139 debitor

453 1180 659 1255 nobiS,
708 1180 824 1245 sed
884 1180 1007 1244 sibi
1067 1182 1204 1264 ipsi,
1266 1182 1331 1246 in
1393 1188 1705 1265 quantum
1768 1183 2055 1247 debitum
2118 1189 2232 1259 est,
2282 1189 2354 1247 ut
2402 1201 2522 1247 sua
2582 1182 2901 1246 ordinatio
2952 1181 3073 1245 im-

451 1287 758 1368 pleatur.¹

632 1399 939 1468 Quaerunt
968 1404 1167 1459 autem
1200 1402 1522 1478 diligenter
1554 1400 1980 1476 subtiliterque
2012 1401 2291 1477 theologi,
2339 1419 2484 1460 num
2531 1401 2687 1459 Deus
2732 1418 2938 1459 revera
2982 1418 3073 1459 se-

453 1488 715 1546 cundum
740 1489 1041 1565 justitiam
1075 1490 1393 1550 distribuat
1436 1509 1546 1566 pro
1593 1490 1820 1549 meritis
1853 1490 2113 1566 praemia
2146 1487 2243 1569 (cf.
2276 1490 2587 1548 Maurus
2621 1508 2716 1565 qq.
2749 1489 2927 1548 theol.
2962 1490 3001 1553 l,
3038 1498 3072 1551 2

456 1598 512 1652 q.
551 1588 629 1639 66
666 1596 724 1637 n.
769 1587 838 1640 17
877 1575 998 1659 sa).
1056 1579 1180 1638 Hoc
1212 1580 1306 1639 vix
1340 1580 1402 1638 in
1434 1579 1686 1638 dubium
1715 1599 1888 1656 posse
1921 1579 2180 1639 revocari
2213 1579 2486 1654 pluribus
2517 1578 2758 1637 videtur
2790 1577 2866 1636 ob
2899 1578 3077 1637 verba

459 1667 633 1724 Pauli
667 1675 701 1727 2
734 1667 881 1727 Tim.
916 1679 973 1737 4,
1011 1677 1081 1732 8:
1129 1666 1203 1727 In
1249 1670 1465 1745 reliquo
1509 1671 1764 1742 reposita
1812 1676 1891 1727 est
1936 1663 2082 1727 mihi
2111 1687 2325 1727 corona
2341 1669 2625 1743 justitiae,
2674 1687 2850 1744 quam
2880 1668 3077 1725 reddet

462 1752 608 1812 mihi
641 1756 923 1815 Dominus
967 1759 1029 1815 in
1074 1758 1176 1815 illa
1207 1758 1298 1815 die
1324 1758 1514 1831 justus
1540 1759 1734 1831 iudex.
1800 1758 1928 1826 Quo
1961 1762 2190 1816 statuto
2223 1764 2520 1833 quaerunt
2551 1757 2823 1828 ulteriu8‚
2871 1759 3076 1814 utrum

461 1845 617 1902 Deus
650 1846 915 1919 praemia
943 1846 1156 1905 reddat
1185 1848 1505 1906 secundum
1533 1847 1835 1922 justitiam
1869 1847 2197 1924 legalem
2229 1866 2306 1904 an
2337 1845 2949 1904 distributivam
2983 1845 3080 1903 vel

459 1935 1123 1995 commutativam:
1170 1936 1241 1994 de
1274 1955 1393 2011 qna
1422 1938 1768 2013 quaestione
1800 1936 1871 1995 cf.
1904 1937 2184 1996 Suarez
2216 1935 2344 2001 XII,
2381 1945 2460 1998 30
2498 1954 2575 1994 ss,
2608 1938 2669 1993 et
2701 1953 2902 2010 opusc.
2938 1946 2972 1994 6
3009 1934 3080 1991 de

455 2023 714 2098 justitia,
748 2043 868 2098 qua
900 2025 1056 2082 Deus
1087 2025 1286 2083 reddit
1315 2026 1574 2101 praemia
1605 2026 1868 2095 meritis;
1904 2025 2230 2102 Ripalda
2262 2025 2413 2100 disp.
2444 2036 2516 2087 16
2553 2027 2695 2088 sect.
2725 2035 2791 2088 ll
2834 2030 2894 2081 et
2925 2023 3082 2099 disp.

467 2120 564 2173 83.
633 2112 769 2170 Non
800 2112 1037 2182 desunt,
1089 2115 1194 2188 qui
1227 2118 1506 2173 censeant
1541 2115 1725 2173 Deum
1759 2114 2026 2173 tribuere
2058 2114 2287 2172 meritis
2311 2115 2616 2189 justorum
2653 2112 2979 2189 praemium
3012 2131 3081 2170 ex

454 2200 716 2274 justitia,
748 2221 898 2275 quae
929 2202 1156 2277 aliquid
1179 2207 1305 2261 tum
1330 2204 1808 2270 commutativae‚
1842 2207 1970 2262 tum
2005 2201 2427 2262 distributivae
2448 2202 2782 2277 participet.
2830 2205 2867 2262 S
2885 2201 2967 2259 ch
2984 2201 3002 2259 i
3019 2201 3082 2258 f-

465 2289 492 2344 f
502 2289 611 2348 ini
658 2308 799 2348 vero
843 2290 916 2348 de
962 2310 1048 2368 gr.
1080 2292 1164 2349 th.
1197 2291 1495 2351 XXXVIII
1526 2292 1756 2364 statuit,
1810 2293 1995 2351 Deum
2046 2310 2218 2367 porro
2268 2291 2330 2349 in
2375 2291 2771 2349 retributione
2807 2290 3085 2366 justitiae

463 2379 886 2454 aequalitatem
916 2380 1170 2455 perfecte
1202 2382 1531 2449 observare,
1579 2400 1772 2456 neque
1816 2386 2134 2458 propterea
2176 2399 2246 2438 ex
2290 2381 2529 2456 proprio
2571 2380 2844 2454 justitiae
2882 2379 3086 2437 debito

463 2471 765 2527 creaturae
798 2468 1069 2546 obligari,
1104 2469 1209 2528 sed
1241 2490 1308 2529 ex
1341 2472 1465 2529 sola
1495 2470 1800 2533 fidelitate.
1834 2490 1986 2547 quae
2017 2470 2176 2528 inter
2205 2472 2403 2543 partes
2434 2469 2791 2551 potentiales
2815 2468 3085 2544 justitiae

466 2562 828 2615 numeratur.
893 2558 973 2618 cf.
1005 2559 1321 2618 Lessius
1354 2561 1427 2618 de
1457 2559 1576 2618 div.
1610 2559 1757 2636 perf.
1793 2560 1832 2618 l.
1865 2559 2002 2618 XIII
2036 2577 2083 2619 c.
2120 2568 2175 2621 2.
2240 2557 2395 2616 Haec
2426 2576 2564 2616 vero
2597 2558 2892 2617 sententia
2920 2556 3086 2616 vide-

463 2650 565 2705 tur
593 2646 992 2723 praeferenda.

645 2781 793 2835 233.
826 2773 1067 2834 Celebre
1098 2779 1187 2834 est
1217 2775 1444 2833 axioma
1473 2775 1633 2850 apud
1667 2774 1992 2851 theologOS,
2027 2775 2214 2832 Deum
2248 2790 2429 2848 supra
2459 2772 2823 2849 condignum
2855 2772 3087 2830 meritis

467 2862 812 2936 praemium,
859 2865 919 2920 et
951 2863 1105 2922 infra
1136 2864 1498 2941 condignum
1529 2864 1833 2922 demeritis
1866 2863 2195 2922 retribuere
2227 2880 2494 2938 poenam.
2559 2862 2719 2920 Illud
2751 2861 3090 2938 significant

458 2952 582 3026 jam
615 2956 834 3027 patrea,
869 2972 1124 3028 quorum
1157 2953 1502 3011 testimonia
1535 2956 1603 3013 cf,
1635 2953 1794 3029 apud
1828 2952 1865 3010 S
1885 2971 2109 3010 uarez
2140 2951 2268 3021 XII,
2308 2961 2377 3014 31
2407 2973 2420 3018 ;
2455 2955 2677 3009 eruunt
2707 2951 2857 3009 illud
2893 2949 3090 3025 quoad

473 3040 801 3114 praemium
836 3060 905 3099 ex
939 3042 1135 3100 verbis
1167 3042 1338 3101 Pauli
1361 3043 1522 3100 Rom.
1548 3052 1603 3110 8,
1634 3052 1742 3105 18:
1780 3041 2066 3100 Existimo
2088 3043 2256 3115 enim,
2292 3041 2441 3116 quod
2471 3059 2585 3099 non
2616 3048 2749 3098 sunt
2779 3041 3091 3117 condiynae

459 3131 768 3201 passiones
785 3129 959 3204 hujus
978 3133 1252 3206 temporis
1270 3134 1351 3190 ad
1370 3133 1636 3206 ficturum
1654 3132 1923 3207 yloriam,
1955 3150 2101 3207 quae
2119 3130 2467 3188 revelabitur
2484 3133 2548 3188 in
2567 3129 2729 3188 nobis
2740 3151 2765 3204 ,·
2800 3138 2834 3191 2
2881 3129 3006 3186 Cor.
3029 3139 3086 3200 4,

474 3228 547 3281 17
583 3221 646 3276 et
676 3219 817 3277 Luc.
851 3229 908 3291 6,
949 3230 1061 3289 38;
1094 3219 1291 3296 quoad
1323 3239 1567 3296 poenam
1600 3220 1671 3278 cf.
1706 3220 2023 3278 Thomas
2057 3220 2097 3279 l.
2128 3239 2186 3294 p.
2217 3239 2273 3294 q.
2311 3227 2380 3281 21
2426 3239 2475 3277 a.
2511 3229 2547 3281 4
2582 3221 2651 3276 ad
2695 3230 2747 3281 1.
2810 3218 2891 3277 Cf.
2923 3217 3087 3275 Bel-

467 3307 851 3366 larminus
884 3308 948 3379 V,
991 3318 1084 3372 19.
1106 3343 1191 3353 —
1213 3311 1460 3368 Axioma
1476 3313 1676 3368 autem
1709 3327 1778 3367 ex
1812 3309 2223 3385 theologorum
2243 3311 2445 3366 mente
2477 3309 2562 3366 ita
2590 3308 2831 3366 videtur
2862 3306 3088 3365 intelli-

468 3395 762 3471 gendum:
811 3416 943 3456 cum
975 3398 1290 3474 multiplex
1324 3399 1408 3456 sit
1447 3397 1778 3474 praemium
1810 3398 2189 3475 condignum,
2236 3397 2525 3466 infimum,
2572 3397 2833 3456 medium
2879 3400 2940 3455 et
2985 3414 3088 3454 su-

469 3503 768 3559 premum:
818 3487 1003 3544 Deum
1037 3487 1166 3546 loco
1200 3487 1403 3557 infimi,
1452 3487 1611 3562 quod
1643 3507 1710 3546 ex
1745 3486 2059 3562 condignis
2090 3486 2334 3544 reddere
2360 3487 2528 3562 juste
2562 3492 2777 3562 posset,
2825 3486 3090 3543 tribuere

472 3591 538 3630 ex
571 3574 928 3634 liberalitate
960 3578 1292 3651 praemium
1313 3576 1745 3653 condignorum
1778 3577 2042 3635 omnium
2077 3575 2414 3637 maximum.
2462 3575 2609 3634 Nam
2644 3574 2747 3634 dat
2780 3593 2885 3651 pro
2916 3572 3088 3632 bonis

471 3663 750 3738 operibus
793 3683 1134 3724 mensuram
1179 3684 1298 3725 non
1345 3684 1779 3742 quamcunque,
1828 3666 1935 3724 sed
1981 3665 2335 3742 coagitatam
2381 3669 2443 3722 et
2486 3660 3091 3744 supereffluentem2).

694 3855 729 3924 ¹)
759 3853 841 3906 Cf.
869 3852 926 3905 M
943 3859 980 3906 u
996 3853 1016 3907 l
1033 3854 1052 3907 l
1069 3870 1098 3906 e
1116 3872 1152 3906 n
1171 3853 1208 3906 d
1225 3871 1256 3907 o
1274 3871 1301 3906 r
1317 3855 1345 3906 f
1366 3853 1631 3908 Zeitschr.
1663 3854 1755 3906 fiir
1781 3853 1839 3906 k.
1868 3852 2059 3908 Theoi.
2098 3859 2224 3909 1901
2257 3852 2430 3916 XXV,
2459 3859 2686 3908 69-84.

689 3941 731 4004 ⁵)
760 3932 1018 3987 Huncin
1063 3950 1289 3987 sensum
1332 3931 1560 3986 videtur
1599 3933 1912 3987 secundum
1955 3932 2282 4003 Ripalda
2323 3932 2468 4003 disp.
2503 3939 2566 3989 16
2592 3935 2724 3985 sect.
2753 3938 2785 3988 6
2824 3931 3094 3984 damnata

475 4028 635 4082 prop.
661 4011 760 4065 Ba
768 4012 828 4082 ji
864 4021 960 4068 14:
990 4013 1204 4083 „Opera
1234 4014 1380 4067 boni
1399 4013 1689 4082 justorum
1717 4031 1835 4067 non
1861 4013 2149 4083 accipient
2172 4013 2233 4066 in
2261 4013 2352 4066 die
2365 4012 2577 4082 judicii
2598 4011 2834 4066 extremi
2859 4010 3094 4080 amplio-

478 4108 596 4145 rem
638 4092 972 4157 mercedem,
1014 4109 1186 4160 quam
1218 4092 1378 4161 justo
1407 4091 1511 4147 Dei
1543 4092 1767 4161 judicio
1809 4096 2133 4147 mereantur
2172 4093 2477 4162 accipere.“
2534 4091 2777 4146 Videtur
2821 4091 3092 4145 nimirum

479 4169 653 4240 BaJ’us
692 4172 984 4240 justorum
1029 4171 1297 4243 operibus
1345 4171 1659 4226 vindicasse
1700 4172 2108 4241 aequalitatem
2148 4172 2610 4227 mathematicam
2653 4189 2781 4225 cum
2823 4170 3093 4241 praemio.

479 4249 687 4305 Melius
713 4254 858 4306 forte
884 4252 1165 4305 rationem
1191 4250 1578 4305 damnationis
1605 4252 1795 4322 aperit
1817 4253 1852 4306 S
1871 4270 1906 4305 u
1924 4269 1958 4304 a
1975 4271 2001 4304 r
2018 4269 2046 4305 e
2064 4272 2091 4305 z
2120 4253 2239 4316 XII,
2268 4260 2332 4309 31
2355 4274 2365 4312 ;
2398 4253 2551 4319 quod
2580 4253 2697 4307 scil.
2725 4268 2791 4304 ea
2818 4250 3095 4320 significe-

478 4333 588 4396 tur,
615 4330 884 4402 operibus
910 4331 1227 4402 praemium
1273 4331 1452 4386 tribui
1495 4349 1610 4384 non
1656 4332 1971 4387 secundum
2017 4335 2282 4397 valorem,
2329 4350 2498 4401 quern
2539 4333 2756 4387 habent
2794 4349 2859 4384 ex
2886 4329 3094 4400 spiritu

475 4411 804 4482 adoptionis
828 4415 889 4464 et
913 4412 1149 4482 gratiae,
1176 4412 1273 4465 sed
1292 4413 1462 4482 juxta
1487 4412 1774 4474 meritum,
1803 4412 1955 4479 quod
1973 4429 2033 4464 ex
2056 4429 2112 4466 se
2130 4429 2345 4480 suaque
2363 4413 2620 4466 bonitate
2638 4411 2837 4466 morali
2865 4412 2934 4464 ha
2945 4411 3095 4474 bent,

480 4493 545 4542 ut
567 4490 866 4561 colligitur
890 4508 959 4544 ex
986 4509 1147 4562 prop.
1181 4499 1243 4549 13
1270 4495 1328 4545 et
1360 4500 1421 4548 15
1447 4495 1522 4563 (n.
1551 4498 1644 4548 231
1665 4496 1720 4563 ¹).
1775 4491 1894 4544 Hoc
1920 4495 2108 4546 antem
2137 4492 2339 4546 merito
2381 4493 2703 4555 damnatur,
2748 4490 2886 4560 quia
2926 4489 3097 4543 nimis

480 4571 550 4624 ad
578 4571 788 4642 dogma
815 4572 1180 4643 pelagianum
1207 4571 1442 4628 accedit.
1497 4571 1859 4642 Quapropter
1899 4571 2183 4626 immerito
2212 4576 2555 4642 provocatur
2597 4572 2672 4625 ad
2711 4573 2855 4625 hanc
2895 4586 3098 4641 propo-

484 4650 748 4707 sitionem
775 4652 1047 4706 adversus
1086 4651 1352 4706 meritum
1393 4655 1706 4720 condiynum
1739 4652 1764 4720 j
1773 4654 2048 4705 ustorum.
2101 4651 2182 4705 Cf.
2212 4650 2259 4703 K
2276 4652 2296 4704 i
2314 4669 2342 4704 r
2358 4670 2381 4704 s
2399 4669 2427 4705 c
2443 4652 2482 4704 h
2502 4653 2538 4703 k
2554 4669 2586 4704 a
2602 4650 2937 4725 mspthade
2979 4649 3097 4702 und

487 4732 679 4788 Glorie
704 4751 760 4802 p.
788 4740 1016 4789 82-84.
