3538 5364
637 278 767 341 370
1122 267 1308 321 Tract.
1335 267 1429 320 IX.
1456 266 1525 319 de
1553 263 1919 321 eucharistia.
1947 262 2146 317 Thesis
2172 261 2428 319 CCXXX.
2456 261 2537 314 De
2567 261 2780 315 unione

636 450 824 516 betur
884 451 947 512 vi
1008 448 1430 513 eucharistiae
1495 447 1816 528 quaedam
1879 443 2340 508 incarnationis
2401 442 2796 507 continuatio
2862 449 2925 507 et
2989 441 3254 523 amplia-

633 559 823 644 tio¹):
853 556 1004 621 Inde

814 683 877 751 3.
910 682 1070 745 alius
1103 697 1360 762 quoque
1394 678 1657 743 effectus
1691 678 2123 759 consequitur,
2174 682 2355 740 arcta
2387 675 2522 739 scil.
2569 675 3057 755 conjunctio
3106 673 3258 737 fide-

635 791 789 854 lium
823 790 988 852 inter
1018 807 1103 852 se.
1167 785 1375 865 Quam
1422 784 1506 849 ob
1553 803 1691 849 rem
1738 790 2214 848 sacramentum
2261 783 2574 863 optimum
2625 780 2977 846 remedium
3013 787 3114 845 est
3146 780 3260 844 ad-

636 916 861 962 versus
893 895 1246 976 egoismum
1279 892 1362 956 ad
1395 890 1741 956 fovendum
1788 908 2075 954 amorem
2127 887 2513 976 socialem2).
2577 888 2740 952 Nam
2775 888 3038 963 amoriS,
3070 906 3260 970 quem

636 1008 1114 1067 sacramentum
1145 1006 1375 1082 sponte
1406 1017 1526 1063 sua
1557 998 1907 1065 succendit.
1942 1003 2039 1062 est
2073 997 2342 1061 transire
2390 1003 2454 1061 et
2501 997 2892 1061 transeundo
2945 993 3259 1059 transfor-

640 1129 818 1175 mare
851 1110 916 1172 in
948 1114 1269 1172 amatum:
1316 1108 1486 1171 unde
1517 1105 1736 1171 fideles
1768 1104 1891 1168 sibi
1923 1105 1988 1168 in
2020 1103 2272 1168 Christo
2306 1109 2653 1167 occurrunt
2698 1111 2763 1168 et
2793 1121 2908 1184 per
2939 1100 3260 1166 Christum

638 1220 703 1281 in
736 1235 936 1281 unum
966 1214 1392 1295 coagulantur
1424 1231 1677 1295 corpuS,
1709 1218 1781 1276 ut
1812 1212 2141 1293 praeclare
2161 1211 2399 1275 Paulus
2432 1210 2747 1290 significat
2774 1217 2827 1278 1.
2850 1209 2994 1274 Cor.
3022 1214 3127 1285 10,
3151 1214 3262 1276 17:

641 1325 954 1403 Quoniam
987 1341 1151 1387 unus
1173 1322 1391 1407 Pania,
1424 1340 1619 1383 unum
1651 1339 1879 1402 corpus
1925 1317 2105 1381 multi
2158 1337 2391 1391 sumu-5,
2441 1337 2644 1381 omnes
2695 1317 2801 1399 qui
2834 1316 2909 1379 de
2940 1336 3071 1379 uno
3093 1335 3263 1398 pane

632 1432 1099 1517 participamus
1132 1428 1230 1515 (cf.
1264 1448 1323 1491 n.
1360 1429 1571 1513 355⁷).
1634 1425 1841 1505 Quem
1887 1424 2180 1490 effectum
2213 1424 2567 1488 secundum
2598 1429 2853 1504 patrum
2887 1422 3261 1504 explicatio-

637 1557 785 1603 nem
806 1538 946 1619 ipsa
978 1536 1266 1611 materia,
1299 1552 1379 1599 ex
1412 1552 1541 1616 qua
1572 1532 1966 1597 eucharistia
1998 1531 2347 1607 conficitur,
2380 1531 2565 1612 panis
2597 1528 2727 1593 scil.
2758 1537 2824 1595 et
2843 1530 3067 1593 vinum
3086 1549 3259 1611 sym·

640 1644 849 1708 bolice
882 1642 1255 1707 adumbrat:
1291 1640 1391 1705 ille
1424 1640 1594 1704 enim
1624 1657 1756 1703 non
1790 1658 1870 1703 ex
1902 1640 2093 1702 unico
2126 1657 2347 1719 granc,
2380 1637 2506 1700 hoc
2539 1655 2691 1702 vero
2722 1655 2803 1701 ex
2823 1635 3042 1700 multis
3064 1636 3260 1699 acinis

637 1753 702 1815 in
734 1751 1042 1815 unitatem
1075 1748 1351 1813 redactis
1384 1746 1747 1822 conficitur-3
1782 1753 1849 1810 et
1878 1746 2019 1827 ipsa
2050 1745 2250 1830 praxi,
2281 1762 2410 1827 qua
2443 1743 2933 1808 administratur
2964 1743 3260 1808 euchari·

638 1859 799 1922 stiae
831 1862 1326 1930 sacramentum,
1350 1853 1630 1917 fovetur:
1660 1854 2026 1933 promiscue
2061 1852 2230 1917 enim
2270 1851 2497 1915 divites
2536 1858 2600 1915 et
2634 1868 2969 1932 paupereS,
3008 1849 3259 1914 nobiles

639 1972 704 2029 et
733 1965 926 2029 rudes
956 1979 1223 2027 mensae
1256 1961 1719 2025 eucharisticae
1754 1960 2142 2023 accumbunt
2172 1958 2347 2022 nulla
2377 1959 2628 2022 ratione
2661 1957 2882 2021 habita
2913 1956 3257 2038 dignitatis,

641 2070 1043 2146 conditioniS,
1076 2069 1283 2133 cultus
1316 2074 1436 2133 etc.

820 2209 964 2263 388.
998 2193 1369 2262 Scholion.
1402 2197 1529 2268 Qua
1559 2196 1864 2255 occasione
1898 2199 2195 2270 quaerunt
2225 2195 2533 2254 subtiliter
2565 2195 2840 2271 theologi,
2876 2195 3073 2271 qualis
3105 2194 3256 2253 oria·

639 2294 740 2347 tur
761 2289 904 2347 unio
925 2288 1083 2347 inter
1103 2305 1320 2363 corpus
1341 2286 1555 2346 Christi
1580 2288 1643 2343 et
1661 2287 1953 2355 nostrum,
1987 2288 2049 2343 et
2080 2303 2197 2359 quo
2229 2284 2467 2343 nomine
2500 2284 2581 2342 sit
2610 2283 3012 2360 exprimenda,
3048 2286 3256 2342 utrum

639 2378 887 2437 dicenda
918 2376 1191 2446 realis,
1240 2396 1315 2435 an
1359 2375 1649 2434 naturalis
1681 2375 1779 2433 vel
1810 2373 2224 2432 substantialis
2261 2374 2352 2432 vel
2383 2373 2702 2448 corporalis
2734 2376 2845 2431 etc.
2903 2374 2988 2432 De
3019 2393 3144 2449 qua
3172 2373 3254 2431 ita

638 2467 881 2526 disserit
914 2466 1192 2526 Suarez
1223 2465 1373 2541 disp.
1410 2474 1490 2527 64
1524 2465 1665 2522 sect.
1701 2474 1769 2525 3:
1821 2463 2008 2531 ,Tota
2038 2463 2178 2520 haec
2211 2461 2628 2533 controversia,
2676 2463 2945 2537 quamvis
2977 2482 3011 2520 a
3042 2461 3251 2522 multis

636 2576 849 2633 magna
880 2556 1259 2614 contentione
1292 2554 1652 2629 disputetur,
1687 2551 1928 2610 videtur
1958 2551 2148 2628 magis
2182 2551 2245 2609 in
2277 2551 2473 2610 verbis
2507 2550 2845 2622 consistere,
2879 2570 3062 2627 quam
3095 2552 3161 2609 in
3191 2568 3250 2608 re

635 2646 833 2721 aliqua
865 2644 1149 2704 versari.‘
1217 2641 1403 2712 Quam
1435 2645 1507 2700 ut
1537 2641 1798 2711 dirimat,
1831 2641 2075 2700 statuit:

818 2731 877 2797 l.
928 2735 999 2792 In
1048 2753 1167 2793 usu
1216 2733 1396 2806 hujus
1448 2731 1798 2789 sacramenti
1845 2749 1950 2788 nos
1996 2748 2115 2788 non
2161 2733 2397 2788 tantum
2447 2730 2805 2806 suscipimus
2838 2729 3145 2789 Christum
3191 2729 3250 2786 in

635 2825 822 2900 figura
841 2827 946 2882 aut
963 2841 1069 2898 per
1087 2822 1282 2890 fidem,
1317 2820 1418 2877 sed
1452 2839 1589 2878 vere
1620 2822 1682 2878 et
1711 2820 1953 2878 realiter
1984 2839 2089 2895 per
2119 2837 2183 2878 os
2214 2837 2561 2895 corporeum
2584 2864 2596 2877 .
2619 2863 2632 2876 .
2656 2865 2668 2878 .
2689 2820 2848 2895 quod
2869 2819 3250 2895 potissimum

633 2912 960 2971 intendunt
988 2911 1194 2969 docere
1226 2909 1411 2984 aliqui
1456 2928 1526 2967 ex
1573 2908 1792 2968 sanctis
1836 2909 1897 2967 in
1943 2908 2131 2984 priori
2178 2909 2477 2967 sententia
2508 2909 2706 2967 citatis
2752 2910 2812 2967 et
2856 2910 3008 2967 hanc
3039 2911 3251 2968 vocant

634 3000 1113 3077 corporalem
1147 2998 1447 3066 unionem,
1494 2998 1634 3073 quia
1670 3001 1761 3056 est
1792 3016 1927 3056 vere
1960 2998 2278 3073 corporalis
2311 2997 2606 3074 sumpti03
2655 2998 2875 3056 dicitur
2905 2998 3090 3056 etiam
3122 3016 3248 3055 na·

634 3090 957 3158 turaliS,
1005 3093 1076 3146 ut
1121 3087 1530 3162 distinguatur
1573 3090 1777 3145 contra
1807 3087 2185 3145 umbratilem
2233 3091 2340 3146 aut
2369 3106 2476 3162 per
2505 3087 2689 3145 solam
2721 3085 2972 3163 figuram
3005 3086 3104 3145 vel
3133 3086 3246 3162 sig·

633 3198 776 3236 num
812 3223 824 3235 .
859 3222 871 3234 .
906 3221 918 3234 .
966 3177 1106 3234 haec
1136 3193 1274 3234 vero
1304 3174 1451 3233 unio
1484 3179 1778 3251 quantum
1823 3176 1894 3233 ad
1942 3176 2052 3233 hoc
2095 3194 2217 3234 non
2262 3178 2357 3234 est
2387 3178 2629 3233 effectus
2663 3175 3016 3235 sacramenti
3050 3175 3242 3250 hujus,

636 3266 736 3325 sed
772 3267 969 3342 potius
1000 3283 1146 3323 usus
1177 3265 1371 3340 εῄιιε,ζ
1407 3264 1679 3339 quocirca
1710 3267 1771 3322 et
1801 3264 2204 3340 peccatoribus
2236 3265 2585 3324 communis.

811 3369 880 3434 2.
916 3371 1239 3439 ,Existimo
1264 3370 1503 3429 omnino
1535 3373 1764 3428 certum
1797 3374 2032 3446 praeter
2061 3371 2212 3430 hanc
2244 3371 2749 3446 propinquitatem
2780 3372 2875 3429 vel
2907 3374 3244 3430 contactum

633 3461 792 3519 inter
822 3479 1035 3536 corpus
1068 3462 1342 3519 nostrum
1374 3463 1436 3518 et
1468 3454 1736 3542 (corpus)
1757 3460 1976 3518 Christi
2005 3461 2214 3519 mediis
2244 3461 2552 3535 speciebus
2571 3460 3103 3519 sacramentalibus
3132 3477 3244 3518 non

634 3550 994 3608 intervenire
1026 3548 1389 3608 materialem
1422 3549 1681 3623 aliquam
1715 3549 1997 3607 unionem
2031 3550 2336 3625 physicam
2368 3566 2434 3607 ac
2465 3557 2721 3611 veram.‘
2789 3547 2881 3607 Ad
2924 3549 3086 3623 quod
3115 3566 3244 3626 pro·

632 3639 897 3697 bandum
944 3658 1014 3698 ex
1065 3638 1269 3697 ordine
1318 3637 1598 3707 ostendit,
1648 3656 1771 3696 non
1815 3640 2019 3697 adesse
2066 3638 2348 3697 unionem
2397 3638 2719 3708 formalem,
2767 3638 3242 3705 substantialem,

634 3729 1079 3805 hypostaticam,
1115 3727 1458 3785 effectivam.
1522 3726 1601 3784 Et
1645 3745 1787 3784 sane
1833 3727 2108 3802 explicari
2149 3727 2380 3801 nequit,
2427 3727 2587 3784 inter
2617 3746 2767 3802 quae
2798 3726 2904 3784 fiat
2933 3727 3077 3786 haec
3107 3726 3246 3787 unio

632 3818 892 3894 physica,
927 3818 1067 3876 dum
1102 3834 1316 3892 corpus
1351 3814 1570 3873 Christi
1602 3817 1808 3874 nostro
1840 3817 2066 3873 unitur.
2111 3817 2320 3890 Neque
2352 3816 2509 3874 enim
2545 3815 2658 3872 dici
2692 3817 2892 3890 potest
2922 3816 3084 3875 uniri
3117 3833 3244 3875 cum

632 3911 758 3965 toto
791 3925 1032 3982 corpore
1063 3908 1288 3974 nostr0,
1338 3904 1480 3978 quia
1522 3921 1739 3978 corpus
1775 3904 1991 3963 Christi
2024 3922 2143 3963 non
2176 3908 2270 3962 est
2298 3904 2414 3961 toti
2446 3904 2675 3979 corpori
2707 3904 3045 3963 immediate
3077 3923 3243 3982 prae-

632 4014 793 4064 sens;
840 4012 1033 4070 neque
1079 3994 1194 4051 dici
1238 3995 1439 4068 potest
1481 3992 1720 4067 physice
1766 3993 1927 4051 uniri
1964 4011 2100 4052 cum
2129 3993 2330 4067 aliqua
2361 3996 2545 4068 parte,
2580 3993 2721 4069 quia
2751 3993 2921 4051 nulla
2951 3996 3046 4053 est
3075 3994 3243 4060 ratic,

635 4102 815 4158 quare
847 4084 1045 4159 potius
1078 4101 1209 4140 cum
1242 4082 1350 4139 hac
1378 4081 1618 4156 physice
1650 4081 1898 4140 uniatur
1930 4101 2109 4157 quam
2141 4101 2276 4141 cum
2307 4082 2439 4140 alia.

811 4188 872 4255 3.
907 4190 1186 4258 ,Certum
1217 4191 1311 4247 est
1342 4207 1411 4246 ex
1442 4188 1550 4245 hac
1583 4188 1994 4247 sacramentali
2014 4189 2468 4248 manducatione
2501 4192 2561 4247 et
2592 4189 2879 4264 corporali
2910 4191 3245 4265 receptione

632 4279 821 4336 carnis
844 4277 1061 4336 Christi
1083 4278 1254 4353 sequi
1284 4278 1350 4336 in
1380 4277 1487 4349 his,
1518 4276 1625 4352 qui
1645 4277 1823 4354 digne
1843 4278 2010 4336 illam
2031 4278 2385 4355 suscipiunt,
2421 4297 2447 4336 s
2464 4278 2621 4353 piri
2639 4281 2720 4337 tu
2737 4279 2806 4336 al
2823 4297 2854 4335 e
2870 4299 2928 4336 m
2963 4278 3241 4338 unionem

852 4487 887 4555 1)
915 4482 995 4536 De
1036 4483 1142 4536 hac
1180 4482 1593 4538 assimilatione
1632 4486 1689 4537 et
1727 4484 2227 4539 transformatione
2266 4484 2329 4537 in
2356 4483 2646 4538 Christum
2687 4483 2973 4552 praeclare
3022 4482 3243 4538 disserit

631 4563 672 4617 C
688 4579 719 4615 a
738 4579 766 4615 e
780 4579 849 4616 sa
865 4562 922 4616 ri
936 4581 971 4616 u
986 4581 1010 4616 s
1036 4563 1232 4617 arelat.
1244 4564 1393 4618 horn.
1405 4573 1435 4620 5
1456 4563 1516 4620 in
1532 4564 1760 4633 pascha.
1791 4564 1872 4618 Cf.
1894 4564 1929 4618 S
1945 4582 1972 4618 c
1985 4565 2022 4618 h
2035 4581 2064 4618 e
2076 4581 2104 4617 e
2120 4567 2193 4619 be
2207 4584 2243 4616 n
2261 4563 2571 4633 Mysterien
2587 4563 2684 4616 des
2698 4563 3242 4633 Christenth.§71ss.

843 4646 886 4714 2)
915 4642 997 4699 Cf.
1024 4643 1297 4698 Stimmen
1325 4660 1429 4696 aus
1457 4643 1637 4697 Maria
1664 4643 1852 4697 Laach
1883 4652 2020 4700 1894
2046 4660 2176 4715 pag.
2203 4646 2309 4701 277
2336 4662 2406 4696 ss.
